3888 6284
414 344 556 402 12ίῦ

1525 343 1798 400 PATRES
1827 342 2129 402 IEGYPTII
2171 341 2446 402 SECULI
2484 342 2574 398 IV.

3581 350 3703 403 1264

416 474 542 526 vitae
564 471 1000 539 dispensatorem
1032 469 1316 525 habiturus
1339 471 1436 525 sis.
1471 469 1809 541 Quandoque
1831 472 1995 527 etiam
2030 507 2037 528 Α

2102 468 2420 540 πλήρωκας,
2461 467 2556 520 καὶ
2581 465 2656 530 ὡς
2682 467 2764 519 ὅτι
2786 466 2962 537 δήπερ
2989 467 3150 521 αὐτὸν
3174 467 3264 520 τὸν
3285 467 3420 520 Θεὸν
3441 468 3590 535 ἕξεις
3613 471 3705 541 τῆς

415 561 659 630 corporis
686 561 993 616 invaletudo
1015 562 1304 630 contingit,
1329 564 1466 618 adeo
1495 573 1556 617 ut
1582 562 1665 617 bis
1702 573 1758 618 et
1787 573 1869 618 ter
1896 579 1999 619 saec

417 654 653 723 piusque
684 653 846 707 edere
876 661 1152 722 oporteat;
1189 654 1252 706 ad
1282 651 1334 707 id
1362 667 1516 708 mens
1559 661 1649 706 tua
1691 662 1879 722 parata
1908 654 1998 709 sit.

415 743 529 800 Non
575 744 719 800 enim
772 744 1084 812 corporales
1131 744 1487 813 professiOuis
1540 752 1743 801 nostra:
1788 745 2001 801 labores

415 837 587 888 locum
623 836 672 888 in
699 835 904 890 morbis
935 834 1137 890 habere
1162 836 1383 897 debent.
1413 838 1506 891 sed
1535 836 1781 906 quazdam
1815 837 2001 892 remit-

414 926 571 980 tvnda
612 935 759 994 sunt,
792 943 900 996 quo
935 927 1097 981 citius
1129 929 1195 980 ad
1243 928 1532 983 sanitatem
1560 930 1684 998 quis
1726 944 1996 994 reversus,

415 1020 606 1072 iterum
634 1018 824 1073 iisdem
850 1029 1083 1071 austera:
1110 1019 1232 1072 vitae
1259 1033 1380 1074 sese
1403 1030 1660 1075 exerceat
1693 1021 1994 1080 laboribus.

412 1112 676 1165 tlzeterum
705 1111 770 1166 de
799 1111 1123 1165 abstinentia
1154 1128 1182 1165 a
1210 1112 1368 1176 cibis,
1394 1113 1524 1168 nihil
1552 1113 1765 1168 divinus
1792 1129 1994 1180 sermo,

415 1218 479 1255 ne
508 1203 983 1268 manducaremus,
1009 1205 1308 1272 prohibuit,
1338 1207 1432 1260 sed
1465 1207 1636 1260 dixit:
1664 1228 1682 1258 ‹
1709 1206 1850 1262 Ecce
1876 1208 1996 1260 dedi

412 1296 564 1349 vobis
594 1295 802 1361 omnia,
842 1297 995 1364 quasi
1027 1297 1172 1352 olera
1199 1298 1380 1352 herba:
1400 1298 1466 1352 ⁸¹.
1498 1298 1838 1363 Manducate,
1865 1299 1996 1354 nihil

413 1388 883 1456 interrogantes“;
912 1407 929 1440 ι
963 1399 1038 1452 et,
1062 1389 1211 1444 «Non
1250 1405 1370 1459 quae
1401 1391 1605 1444 intrant
1636 1391 1688 1443 in
1720 1406 1802 1455 os,
1840 1392 1994 1445 coin-

410 1479 638 1544 quinant.
671 1479 944 1534 hominem
959 1481 1025 1534 ⁸³.
1053 1499 1071 1532 ι
1102 1479 1367 1546 Quocirca
1401 1497 1429 1535 a
1461 1482 1598 1537 cibis
1623 1483 1915 1550 abstinere,
1941 1483 1993 1538 id

412 1579 610 1624 nostrae
640 1569 933 1624 voluntatis
955 1579 1010 1624 et
1042 1572 1236 1625 anima:
1267 1569 1417 1625 labor
1444 1579 1546 1626 est.

480 1743 568 1798 XI.
601 1745 758 1799 llumi
808 1746 1153 1801 cubationem
1198 1757 1254 1799 et
1283 1746 1493 1815 vigilias
1531 1756 1864 1816 ceterasque
1892 1762 1993 1800 au-

2116 562 2394 634 ήμετέρας
2419 559 2564 629 ζωῆς
2589 558 2895 626 οἰκονόμον.
2929 559 3088 612 Ἐστι
3114 559 3160 612 δ’
3189 559 3275 612 ὅτε
3302 561 3397 612 καὶ
3423 561 3705 631 ἀρρωστία

2106 653 2358 724 σώματος
2384 650 2696 722 συμϐαίνει,
2728 649 2824 701 καὶ
2871 649 2986 720 δέῃ,
3031 649 3172 702 ὥστε
3209 650 3300 702 καὶ
3335 650 3592 722 δεύτερον
3617 659 3704 708 καὶ

2102 749 2288 820 τρίτον
2327 747 2422 800 καὶ
2447 744 2710 808 πολλάκις
2738 746 2952 813 φαγεῖν,
2981 741 3156 808 οὕτως
3188 744 3327 797 ἔστω
3354 762 3436 797 σοι
3474 746 3705 817 λελυμέ-

2101 858 2192 904 νος
2215 841 2244 892 ό
2271 839 2550 909 λογισμός.
2599 837 2735 891 Ούδέ
2768 837 2880 908 γὰρ
2904 838 3032 900 τοὺς
3059 838 3404 908 σωματικοίις
3427 841 3529 909 τῆς
3557 838 3706 892 πολι·

2101 930 2254 993 τείας
2275 930 2496 992 πόνους,
2523 928 2618 981 καὶ
2642 929 2700 982 ἐν
2725 931 2845 991 ταῖς
2869 928 3204 1000 ἀρρωστίαις
3231 930 3552 1000 ἐπικρατεῖν
3576 932 3704 1001 χρὴ-

2101 1025 2217 1078 ἀλλ⁹
2248 1021 2589 1076 ὑπενδιδόναι
2626 1023 2792 1084 τισὶν,
2824 1022 2914 1076 ἵνα
2941 1021 3127 1092 τάχιον
3153 1022 3246 1074 ἐπὶ
3274 1022 3371 1092 τὴν
3397 1024 3707 1093 εὐρωστίαν

2101 1115 2437 1177 ἐπανελθὼν,
2461 1115 2622 1169 πάλιν
2650 1118 2762 1177 τοῖς
2789 1116 2973 1178 αὐτοῖς
3003 1115 3102 1184 τῆς
3132 1114 3404 1177 πολιτείας
3435 1115 3705 1185 ἐγγυμνά-

2101 1208 2262 1279 ζηται
2289 1208 2494 1271 πόνοις.
2515 1207 2652 1278 Περὶ
2671 1206 2728 1260 δὲ
2748 1207 2961 1276 ἀποχῆς
2984 1207 3310 1277 βρωμάτων,
3337 1208 3437 1258 οὐκ
3461 1206 3706 1260 ἐκώλυσέ

2099 1317 2150 1352 τι
2178 1300 2251 1370 μὴ
2282 1301 2474 1368 φαγεῖν
2497 1300 2525 1351 ὁ
2550 1297 2692 1360 θεῖος
2715 1298 2892 1367 λόγος,
2922 1299 3035 1351 ἀλλ’
3065 1293 3220 1352 εἶπεν
3241 1313 3253 1326 ·
3289 1317 3306 1349 t
3338 1299 3468 1351 Ἰδοὺ
3495 1298 3706 1350 δέδωκα

2104 1394 2231 1464 ὑμῖν
2258 1393 2436 1445 πάντα
2460 1393 2535 1455 ὡς
2562 1391 2768 1462 λάχανα
2787 1393 3002 1463 χόρτου.
3026 1391 3269 1444 Ἐσθίετε
3298 1391 3461 1461 μηδὲν
3481 1391 3706 1460 ἀνακρίο

2098 1500 2306 1547 νοντεςο
2341 1503 2358 1534 ι
2390 1483 2509 1545 καὶ,
2543 1502 2561 1534 ι
2601 1483 2676 1536 Ού
2719 1482 2788 1535 τὰ
2818 1483 3174 1554 είσερχόμενα
3201 1484 3278 1545 είς
3312 1481 3370 1534 τὸ
3398 1482 3571 1552 στόμα
3597 1499 3703 1534 κοιο

2097 1579 2178 1630 νοῖ
2199 1576 2288 1630 τὸν
2319 1575 2626 1647 ἄνθρωπον.
2641 1594 2659 1627 ι
2679 1575 2752 1628 Τὸ
2771 1571 2862 1628 οὖν
2885 1574 3185 1645 ἀπέχεσθαι
3207 1575 3533 1645 βρωμάτων,
3550 1573 3705 1627 τοῦτο

2100 1669 2200 1740 τῆς
2227 1668 2503 1739 ἡμετέρας
2548 1667 2925 1739 προαιρέσεως
2957 1667 3024 1720 ἀν
3049 1668 3133 1738 εἴη
3178 1667 3274 1720 καὶ
3307 1666 3486 1736 ψυχῆς
3519 1666 3702 1728 πόνος.

2168 1757 2272 1810 IA'.
2302 1757 2412 1827 Τὴν
2463 1756 2762 1827 χαμευνίαν
2809 1756 2904 1808 καὶ
2951 1755 3050 1826 τὴν
3099 1756 3407 1827 ἀγρυπνίαν
3456 1758 3551 1808 καὶ
3610 1757 3704 1817 τὰς

411 1837 686 1890 ειειτίιοιθε
733 1835 968 1891 libenter
1026 1838 1217 1904 tolera,
1271 1839 1568 1906 respiciens
1621 1839 1688 1892 ad
1745 1828 2037 1892 futuraml

2101 1849 2264 1913 ἄλλας
2287 1849 2469 1912 πάσας
2491 1848 2864 1912 κακοπαθείας
2889 1847 3059 1918 ἡδέως
3083 1849 3236 1920 φέρε,
3266 1849 3595 1901 ἀποϐλέπων
3628 1849 3701 1910 είς

411 1926 633 1995 gloriam
675 1941 794 1995 qum
825 1927 1161 1982 revelabitur
1193 1929 1287 1982 tibi
1322 1944 1444 1983 eum
1492 1929 1746 1983 omnibus
1770 1931 1993 1985 sanctis.

415 2037 432 2068 ι
465 2017 580 2072 Νοη
606 2037 624 2069 ι
655 2017 822 2083 enim,
850 2017 1046 2088 inquit,
1086 2038 1104 2070 t
1128 2028 1256 2074 sunt
1287 2020 1568 2090 condigna:
1598 2021 1874 2088 passiones
1905 2021 1998 2076 ltu-

403 2107 491 2175 jus
521 2107 779 2178 temporis
810 2107 876 2162 ad
904 2108 1140 2163 futuram
1166 2109 1393 2179 gloriam
1437 2126 1557 2179 quae
1589 2110 1918 2166 revelabitur
1942 2113 1996 2166 in

410 2198 644 2253 nobis“.
672 2217 691 2251 ι
726 2199 782 2253 Si
820 2200 1001 2254 animo
1043 2201 1253 2271 dejecto
1281 2217 1362 2268 es,
1404 2217 1524 2266 ora,
1556 2204 1697 2258 sicut
1730 2204 1995 2274 scriptum

408 2303 486 2346 est
505 2291 582 2357 ⁶⁸;
615 2307 708 2346 ora
751 2303 930 2347 autem
979 2309 1101 2348 cum
1153 2294 1370 2359 timore,
1406 2304 1662 2360 tremore,
1693 2305 1749 2351 et
1786 2295 1992 2361 labore,

411 2386 592 2440 sobrie
624 2395 679 2441 et
704 2387 1015 2456 vigilanter.
1044 2388 1118 2443 Ita
1147 2399 1364 2459 oportet
1391 2405 1577 2456 orare,
1611 2390 1845 2447 maxime
1871 2406 1991 2460 pro-

407 2490 527 2547 pter
578 2478 842 2548 malignos
885 2479 1210 2549 malititeque
1257 2491 1517 2536 vacantes
1569 2482 1993 2551 inaspectabiles

410 2569 656 2624 inimicos
686 2580 920 2635 nostros,
951 2571 1042 2640 qui
1099 2571 1152 2625 in
1187 2572 1289 2628 hoc
1331 2572 1486 2627 nobis
1521 2575 1792 2644 negotium
1831 2575 1997 2632 faces-

409 2677 528 2718 sere
563 2663 766 2716 volunt.
813 2662 852 2716 li
906 2664 1120 2733 quoties
1168 2665 1408 2720 viderint
1455 2681 1554 2720 nos
1589 2667 1657 2720 ad
1686 2669 1990 2723 orationem

408 2763 575 2815 stare,
607 2752 765 2807 toties
791 2753 979 2807 scdulo
1009 2751 1353 2818 adoriuntur,
1382 2769 1553 2824 eaque
1600 2757 1766 2810 menti
1799 2773 1991 2827 sugge-

411 2855 534 2897 runt
583 2859 702 2914 qua:
742 2860 959 2916 precum
996 2855 1236 2916 tempore
1283 2862 1628 2918 nequaquam
1675 2852 1916 2920 cogitare
1939 2860 1994 2906 ct

409 2935 752 2990 considerare
790 2937 1070 3000 debemus,
1103 2953 1210 3007 quo
1252 2939 1496 2995 animum
1539 2950 1789 2996 nostrum
1815 2943 1992 3013 capti-

408 3042 532 3081 vum
566 3027 854 3094 abducant,
890 3029 1252 3100 otiosamque,
1281 3045 1478 3086 vanam
1513 3042 1567 3089 et
1609 3034 1852 3090 inutilem
1880 3036 1995 3092 red-

2098 1943 2198 2013 τὴν
2245 1941 2546 2013 μέλλουσαν
2590 1940 3045 2010 ἀποκαλυφθῆναι
3095 1957 3178 1994 σοι
3223 1940 3379 2004 δόξαν
3428 1941 3526 1992 σὺν
3567 1943 3700 1994 πᾶσι

2098 2037 2210 2098 τοῖς
2243 2033 2440 2101 ἁγίοις.
2476 2052 2492 2084 ι
2525 2034 2599 2086 Οὺ
2624 2051 2641 2084 ι
2678 2032 2787 2104 γὰρ
2821 2053 2839 2083 t
2861 2031 2988 2098 ἀξια
3027 2029 3095 2086 τά
3146 2033 3469 2104 παθήματα,
3491 2051 3512 2084 ι
3542 2035 3698 2103 φησι,

2105 2146 2124 2179 ι
2147 2126 2242 2179 τοῦ
2289 2125 2385 2179 νῦν
2417 2125 2610 2196 καιροῦ
2647 2125 2783 2197 πρὸς
2811 2125 2910 2196 τὴν
2958 2125 3258 2196 μέλλουσαν
3287 2126 3444 2191 δόξαν
3491 2127 3702 2178 ἀποκα-

2106 2218 2382 2288 λυφθῆναι
2411 2219 2492 2281 εἰς
2517 2219 2720 2288 ἡμᾶς.»
2757 2217 2881 2270 Ἐὰν
2912 2216 3150 2288 ἀθυμῇς,
3196 2218 3524 2290 προσεύχου.
3559 2217 3702 2272 καθὸ

2097 2311 2416 2382 γέγραπται
2439 2327 2450 2339 ’
2480 2307 2784 2381 προσεύχου
2808 2309 2865 2362 δὲ
2887 2309 3164 2379 ἐμφόϐως,
3205 2310 3505 2382 ἐντρόμως,
3533 2310 3693 2380 ἐμπέο

2099 2419 2222 2464 νως,
2237 2401 2512 2471 νηφαλίως
2526 2417 2583 2453 τε
2601 2401 2694 2453 καῖ¹
2707 2401 3109 2473 ἐγρηγορότως.
3127 2401 3285 2455 Οὕτω
3301 2401 3570 2472 προσεύχε
3581 2402 3700 2455 σθαι

2096 2493 2196 2559 δεῖ,
2229 2493 2467 2563 μάλιστα
2492 2493 2580 2546 διὰ
2603 2492 2728 2556 τοὺς
2755 2493 3134 2564 κακοτρόπους
3173 2494 3268 2546 καὶ
3307 2493 3696 2562 κακοσχόλους,

2095 2585 2423 2656 ἐπηρεάζειν
2455 2586 2604 2655 ἡμᾶς
2639 2583 2896 2647 θέλοντας
2950 2586 3009 2638 ἐν
3049 2586 3224 2656 τούτῳ
3266 2587 3392 2650 τοὺς
3431 2586 3700 2656 ἀοράτως

2096 2677 2253 2746 ἡμῶν
2281 2675 2531 2748 ἐχθρούς.
2572 2677 2839 2747 Ὀπηνίκα
2865 2672 3012 2730 οὗτοι
3039 2677 3222 2730 ἴδωσιν
3250 2679 3400 2748 ἡμᾶς
3423 2681 3696 2748 προσευχῇ

2097 2771 2560 2842 παρισταμένους,
2585 2770 2708 2824 τότε
2731 2771 2795 2841 δὴ
2821 2770 2915 2824 καὶ
2939 2770 3095 2824 αὐτοὶ
3117 2771 3422 2834 σπουδαίως
3449 2773 3698 2838 ἐφίσταν-

2094 2879 2183 2915 ται
2213 2861 2367 2934 ὴμῖν,
2391 2863 2576 2914 ἐκεῖνα
2607 2863 2738 2932 ἡμῖν
2766 2862 2844 2931 τῷ
2883 2860 2959 2932 νῷ
3001 2860 3417 2922 ὑποϐάλλοντες,
3445 2859 3482 2913 ἃ
3509 2860 3585 2931 μὴ
3620 2860 3698 2910 δεῖ

2095 2956 2153 3007 ἐν
2171 2952 2347 3025 καιρῷ
2370 2953 2464 3006 τοῦ
2489 2952 2886 3024 προσεύχεσθαι
2915 2951 3266 3022 ἐνθυμεῖσθαι
3294 2952 3326 3022 ἧ
3356 2954 3583 3015 ἐννοεῖν,
3613 2952 3696 3006 ἶνα

2095 3045 2441 3116 αἰχμάλωτον
2481 3044 2638 3115 ἡμῶν
2681 3045 2773 3098 τὸν
2820 3043 2944 3098 νοῦν
2980 3044 3334 3112 ἀπαγάγωσι,
3380 3045 3479 3098 καὶ
3520 3044 3695 3114 ἀργὴν

407 3119 734 3188 dantprecis
761 3119 1177 3189 postulationem
1205 3131 1260 3178 et
1304 3123 1778 3193 supplicationem.
1811 3125 1991 3182 Inanis
2017 3177 2037 3230 (

2101 3139 2190 3191 καὶ
2223 3139 2452 3208 μάταιον
2506 3137 2600 3192 καὶ
2640 3137 2895 3208 ἀνωφελῆ
2931 3137 3030 3207 τὴν
3077 3137 3186 3190 ἀπὸ
3237 3138 3341 3207 τῆς
3385 3138 3696 3207 προσευχῆς

405 3210 553 3266 enim
580 3227 766 3268 revera
790 3223 874 3270 est
909 3229 971 3270 ac
999 3215 1204 3271 inutilis
1229 3217 1433 3282 oratio,
1464 3220 1674 3287 petitio,
1707 3221 1986 3291 supplica-

410 3301 505 3366 tio,
546 3302 763 3372 quando
805 3319 932 3370 non,
963 3304 1105 3359 sicut
1147 3319 1309 3374 supra
1347 3305 1607 3370 diximus,
1637 3320 1760 3360 cum
1797 3309 1990 3362 timore

405 3403 458 3449 et
488 3403 746 3460 tremore,
775 3396 957 3451 sobrie
989 3410 1052 3451 ac
1089 3397 1380 3466 vigilanter
1409 3407 1629 3467 peracta
1661 3398 1844 3454 fuerit.
1879 3400 1990 3454 Ad-

405 3486 524 3541 luec
575 3487 641 3541 ad
673 3488 944 3543 hominem
976 3488 1196 3557 quidem
1230 3504 1409 3561 regem
1450 3491 1714 3548 accedens
1742 3493 1988 3562 quilibet,

407 3593 528 3632 cum
565 3579 758 3634 timore
793 3589 849 3635 et
893 3589 1130 3636 tremore
1155 3590 1213 3636 et
1239 3582 1514 3652 cautione,
1549 3585 1990 3655 deprecationem

406 3684 474 3724 eo
501 3669 660 3725 modo
698 3672 1038 3740 exsequitur.
1079 3671 1272 3728 Nonne
1314 3675 1486 3730 multo
1516 3677 1690 3746 magis
1716 3675 1828 3732 Deo
1851 3692 1990 3732 cun-

407 3769 618 3814 ctorum
667 3761 916 3826 Domino,
969 3773 1025 3820 et
1072 3764 1292 3821 Christo
1334 3762 1470 3838 Regi
1520 3769 1888 3838 regnantium,
1937 3776 1993 3824 et

406 3847 642 3920 l'nincipi
689 3851 995 3920 principum
1049 3855 1411 3910 consimiliter
1461 3857 1825 3912 assistendum
1878 3868 1984 3924 est,

407 3948 569 4008 alqte
593 3939 866 3997 oll‘erenda
897 3944 1213 4000 observatio
1248 3960 1311 4002 ac
1336 3946 1691 4018 supplicatio?
1715 3948 1986 4016 Quoniam

405 4031 516 4088 Deo
544 4034 710 4105 gloria
739 4036 812 4112 _in
839 4037 1057 4093 saacula.
1082 4039 1276 4098 Amen.

477 4282 780 4350 “Getmx,
817 4286 872 4340 5.
949 4286 993 4318 ⁸³
1033 4284 1204 4341 lCor.
1251 4305 1303 4350 x,
1355 4289 1548 4352 25,27.

1625 4291 1669 4321 ⁸³
1694 4290 1878 4344 Matth.
1911 4306 2000 4356 xv,
2032 4292 2119 4348 ll.

2095 3230 2280 3300 δέησίν
2311 3246 2371 3283 τε
2405 3229 2501 3282 καὶ
2538 3229 2826 3301 ἱκετηρίαν
2867 3230 3156 3300 ποιήσωσι.
3189 3229 3439 3292 Μάταιος
3475 3229 3586 3299 γὰρ
3614 3229 3695 3280 δν.

2095 3339 2203 3385 τως
2248 3321 2344 3374 καὶ
2386 3318 2670 3390 ἀνωφελὴς
2709 3322 2742 3390 ἡ
2779 3319 3058 3392 προσευχὴ
3110 3320 3202 3373 καὶ
3243 3323 3276 3389 ἡ
3316 3320 3508 3389 δέησις
3541 3321 3694 3389 καὶή

2099 3412 2350 3484 ἱκετηρία
2388 3411 2668 3482 τυγχάνει,
2701 3412 2830 3464 ὅταν
2861 3412 2957 3483 μὴ,
2988 3411 3063 3475 ὡς
3079 3411 3421 3482 προείρηται,
3453 3414 3511 3464 ἐν
3547 3411 3697 3484 φόϐῳ

2099 3504 2193 3558 καὶ
2221 3504 2278 3556 ἐν
2303 3503 2493 3575 τρόμῳ
2515 3503 2795 3573 νηφαλίως
2821 3519 2882 3555 τε
2908 3503 3002 3555 καὶ
3033 3504 3411 3573 ἐγρηγορότως
3444 3502 3697 3572 διατελῆ-

2098 3613 2208 3650 ται.
2246 3591 2378 3658 Εἶτα
2413 3595 2687 3668 ἀνθρώπῳ
2723 3594 2822 3666 μὲν
2874 3593 3085 3665 βασιλεῖ
3120 3595 3562 3666 προσερχόμενος
3589 3612 3694 3657 τις,

2102 3688 2239 3760 μετά
2273 3687 2437 3757 φόϐου
2488 3688 2583 3741 καὶ
2611 3687 2816 3759 τρόμου
2847 3687 2943 3740 καὶ
2977 3686 3210 3757 νήψεως,
3239 3686 3412 3749 οὕτως
3450 3686 3548 3757 τὴν
3578 3688 3696 3757 δέη-

2101 3793 2184 3830 σιν
2238 3776 2529 3831 ἀποτελεῖ’
2581 3777 2643 3829 ού
2701 3774 2882 3845 πολλῷ
2925 3775 3128 3845 μᾶλλον
3157 3772 3276 3846 Θεῷ
3322 3772 3400 3842 τῷ
3449 3773 3693 3843 Δεσπότῃ

2104 3866 2212 3922 τῶν
2266 3867 2425 3932 ὅλων,
2484 3869 2581 3922 καὶ
2624 3867 2844 3938 Χριστῷ
2871 3866 3092 3920 Βασιλεῖ
3133 3864 3242 3918 τῶν
3297 3865 3696 3934 βασιλευόντων

2098 3959 2192 4012 καὶ
2230 3960 2488 4030 Ἀρχοντι
2511 3960 2620 4014 τῶν
2645 3959 2922 4031 ἀρχόντων
2957 3957 3156 4029 ὁμοίως
3190 3958 3568 4029 παρίστασθαι
3597 3958 3691 4019 δεῖ,

2098 4049 2189 4101 καὶ
2209 4049 2471 4112 ὡσαύτως
2488 4050 2588 4122 τὴν
2609 4049 2792 4122 δέησιν
2814 4049 2907 4103 καὶ
2926 4047 3203 4120 ἱκετηρίαν
3229 4048 3503 4102 ποιεῖσθαι
3527 4066 3541 4115 ;
3578 4049 3694 4102 Ὀτι

2093 4135 2175 4208 τῷ
2203 4137 2322 4209 Θεῷ
2355 4139 2388 4209 ἡ
2421 4138 2549 4203 δόξα
2604 4140 2683 4202 εἰς
2716 4140 2840 4203 τοὺς
2869 4138 3091 4202 αἰῶνας.
3137 4138 3332 4209 Ἀμήν.

2198 4293 2244 4324 ⁸⁸
2273 4293 2429 4348 Rom.
2458 4308 2576 4362 vui,
2616 4294 2700 4350 18.
2779 4295 2824 4328 "
2842 4295 2958 4350 Jac.
2989 4311 3040 4364 v,
3066 4295 3150 4350 l3.

415 4475 3675 4510 .____._______________________________________

1253 4641 1992 4758 ΕΥΑΓΡΙΟΥ
2064 4644 2849 4766 ΜΟΝΑΧΟΥ

1442 4857 1788 4909 ΚΕΦΑΛΑΙΑ
1837 4855 1939 4910 AI"
1973 4858 2130 4910 KAT‘
2165 4859 2632 4915 ΑΚΟΛΟΥθΙΑΝ.

833 5096 1318 5188 EVAGRII
1397 5097 1949 5190 MONACHI
2033 5105 2632 5196 CAPITULA
2701 5107 3213 5234 XXXIII,

1253 5291 1372 5352 Per
1400 5291 1628 5368 gradus
1659 5293 1966 5371 quosdam
1997 5295 2296 5374 disposita
2333 5300 2832 5378 conscquenlim.

470 5565 514 5625 ι.
544 5565 763 5622 Morbus
794 5573 1054 5634 arquatus
1099 5579 1194 5621 seu
1223 5565 1422 5635 regius,
1455 5574 1538 5619 est
1563 5565 1782 5622 habitus
1814 5570 1987 5638 pessi-
2017 5578 2037 5633 ι

2161 5575 2240 5627 A'.
2299 5575 2564 5646 Ἰκτερος,
2598 5574 2744 5627 ἔστιν
2789 5574 2904 5640 ’ἐξις
2929 5575 3176 5648 χειρίστη
3208 5575 3390 5648 ψυχῆς
3435 5576 3688 5646 λογικῆς,

401 5674 520 5713 mus
553 5657 746 5712 animre
791 5656 1091 5719 rationalis,
1143 5671 1239 5724 per
1289 5671 1446 5725 quem
1480 5664 1591 5710 tum
1640 5656 1826 5726 Deum,
1871 5669 1981 5716 tum

404 5773 583 5813 rerum
611 5755 875 5811 factarum
927 5753 1440 5824 contemplationem
1469 5769 1695 5812 erronee
1719 5755 1977 5814 intuetur.

2091 5666 2211 5720 καθ’
2237 5667 2304 5737 ἣν
2334 5667 2688 5739 ἐσφαλμένως
2711 5667 2844 5722 Θεόν
2887 5685 2945 5720 τε
2976 5668 3071 5722 καὶ
3097 5669 3196 5724 τὴν
3225 5669 3336 5724 τῶν
3380 5671 3692 5740 γεγονότων

2090 5758 2322 5831 θεωρίαν
2351 5760 2474 5834 ὁρᾷ.
