3888 6284
252 304 393 360 1265

1255 304 1535 381 EVAGRII
1573 306 1845 364 PONTICI
1891 310 2233 370 LAPI'I‘ULA
2274 315 2511 377 XXXIII.

3377 334 3521 396 I366

319 429 394 483 Β.
436 424 830 492 ὀπισθότονος,
854 425 969 479 ἐστι
995 425 1163 480 κακία
1188 426 1402 496 φύσεως
1427 428 1675 500 λογικῆς,
1707 429 1799 484 καε

2006 432 2072 487 II.
2097 434 2385 492 Convulsio
2438 438 2492 493 in
2541 439 2809 510 scapulas,
2860 451 2939 498 est
2978 445 3161 502 vitium
3196 459 3400 510 natura:
3427 473 3516 513 ra-

246 520 318 593 ἢν
350 518 680 591 δυσκαμπὴς
711 517 917 587 γίνεται
942 518 1080 585 πρὸς
1116 518 1318 590 ἀρετὴν
1370 520 1464 575 καὶ
1501 520 1701 590 γνῶσιν
1728 522 1799 593 τὴ

1944 526 2183 593 tmnalis,
2212 543 2307 598 per
2352 531 2495 599 quod
2557 531 2617 586 Iit
2652 532 2959 593 inﬂexibilis
2985 539 3052 597 ad
3078 540 3329 600 virtutem
3384 547 3513 605 Dei-

244 613 849 775 τ(κί’ῗὲὶεζίικελλισμὺς,
897 704 1014 757 ἔστι
1060 703 1208 768 ζέσις
1260 706 1355 758 καὶ
1405 704 1618 777 κίνησις
1651 704 1823 776 θυμοῦ

240 797 305 851 τὸ
342 797 646 867 λογιστικὸν
676 795 843 869 μέρος
880 796 980 868 τῆς
1007 796 1186 871 ψυχῆς
1217 797 1646 869 ὲκταράττουσα.

280 950 285 961 ’
316 977 390 1032 Δ’.
424 977 723 1048 Τυφλότης,
755 976 902 1032 ἐστιν
930 978 1122 1048 ἄγνοια
1160 975 1255 1030 τοῦ
1283 976 1395 1043 νοῦ,
1434 979 1553 1041 ταῖς
1593 994 1824 1049 πρακτι-

243 1072 372 1134 καῖς
404 1070 626 1141 ἀρεταῖς
651 1069 747 1123 καὶ
797 1072 863 1140 τῇ
893 1068 1000 1123 τῶν
1024 1068 1325 1139 γεγονότων
1357 1068 1561 1139 θεωρίᾳ
1597 1068 1672 1141 μὴ
1700 1070 1822 1121 ἐπι-

243 1161 537 1216 ϐάλλουσα.

317 1254 393 1309 E'.
428 1253 758 1325 ΙΙαράλυσις,
794 1250 907 1305 ἔστι
942 1251 1262 1323 δυσκινησία
1300 1248 1615 1321 λογιστικῆς
1644 1248 1821 1322 ψυχῆς

242 1344 380 1415 πρὸς
404 1344 505 1408 τάς
542 1343 850 1416 πρακτικὰς
875 1343 1094 1416 ἀρετάς.

315 1438 406 1503 ς’.
436 1436 750 1507 Γονόρῤοια,
805 1434 920 1488 ἔστι
950 1434 1193 1506 ῥᾳθυμία
1224 1435 1449 1506 λογικῆς
1473 1435 1673 1507 ψυχῆς,
1695 1438 1818 1492 καθ’

1938 630 2044 683 que
2064 620 2446 688 cognitionem.

2010 705 2097 761 III.
2153 707 2496 768 Mortificatio
2550 716 2716 783 partis
2768 717 3109 777 inﬂammatae
3158 740 3253 782 seu
3274 743 3515 801 gangrae-

1933 816 2017 856 na:
2044 803 2281 871 initium,
2310 816 2393 862 est
2442 807 2623 865 fervor
2645 820 2702 867 et
2734 826 2912 870 motus
2941 817 3252 888 iracundize,
3300 836 3512 894 pertur-

1937 893 2074 947 bans
2097 906 2302 964 partem
2330 900 2529 956 anima;
2548 903 2885 959 rationalem.

1999 982 2092 1041 IV.
2125 987 2370 1056 (Sa-citas,
2403 1000 2487 1046 est
2518 992 2818 1059 ignorantia
2867 998 3081 1065 mentis,
3129 1018 3249 1073 qua:
3278 1010 3343 1061 ad
3377 1012 3509 1063 acti-

1932 1089 2031 1130 vas
2083 1078 2310 1135 virtutes
2342 1096 2628 1153 rerumque
2667 1098 2969 1146 creatarum
3002 1096 3505 1165 contemplationem

1927 1164 2081 1233 quasi
2108 1166 2436 1224 collimando
2465 1185 2574 1226 non
2606 1176 2797 1231 tendit.
3222 1164 3229 1165 ί
3358 1186 3359 1189 “

2000 1256 2065 1312 V.
2095 1255 2368 1330 Paralysis
2389 1276 2486 1317 seu
2518 1279 2803 1322 nervorum
2838 1270 3137 1340 dissolutio,
3166 1287 3250 1331 est
3283 1278 3503 1336 diIIicul-

1928 1352 2010 1401 tas
2032 1357 2210 1404 motus
2232 1352 2424 1407 animae
2453 1355 2734 1413 rationalis
2762 1360 2828 1413 ad
2853 1360 3077 1419 virtutes
3102 1368 3309 1425 activas

1997 1436 2084 1493 VI.
2120 1438 2457 1499 Gonorrhoea
2512 1461 2604 1501 seu
2643 1446 2819 1505 ﬂuxus
2863 1456 3105 1524 seminis,
3167 1468 3250 1514 est
3295 1462 3499 1520 desidia

240 1530 311 1602 ἢν
361 1527 683 1582 ἀποόἀλλειν
738 1527 862 1590 τοὺς
906 1520 1424 1600 τῆς’πνευματικῆς
1473 1528 1799 1595 διδασκαλίας

1944 1532 2118 1589 mimae
2148 1534 2446 1601 rationalis,
2471 1552 2566 1606 per
2589 1553 2751 1607 quam
2798 1544 3037 1612 ahjicere
3068 1550 3367 1618 spiritualis
3405 1557 3500 1610 dn-

239 1622 400 1677 είωθε
428 1621 636 1690 λόγους.

311 1716 386 1768 Z'.
442 1711 808 1778 Ἀποκάθισις,
867 1711 1013 1765 ἔστιν
1065 1711 1337 1783 ἀδυναμία
1369 1713 1593 1785 λογικῆς
1612 1714 1813 1786 ψυχῆς,

1922 1623 2110 1677 ctrina:
2141 1639 2422 1681 sermones
2449 1631 2747 1685 consuevit.

2001 1711 2110 1769 VII.
2148 1714 2405 1773 Crebrius
2434 1720 2625 1776 iterata
2662 1726 2852 1789 sessio,
2880 1737 2965 1783 est
3020 1730 3328 1799 impotentia
3378 1740 3498 1791 ani-

240 1804 364 1858 καθ’
396 1804 464 1876 ἣν
488 1803 586 1867 τὰς
616 1802 972 1865 συντελούσας
998 1802 1197 1873 ἀρετὰς
1235 1802 1370 1873 πρὸς
1395 1799 1495 1874 τὴν
1536 1804 1799 1875 μόρφωσιι

1944 1819 2017 1860 nae
2047 1808 2346 1873 rationalis,
2389 1825 2485 1879 per
2532 1827 2692 1878 quam
2748 1816 2974 1874 virtutes
3001 1822 3203 1876 assolet
3249 1825 3495 1895 rejicere,

237 1895 336 1949 τοῦ
364 1894 599 1966 Χριστοῦ
633 1893 823 1948 είωθεν
857 1893 1202 1948 ἀποόἀλλειν.

314 1987 395 2042 ιιι.
424 1988 614 2059 Δέπρα
646 1987 870 2040 ἀπιστία
920 1986 1066 2039 ἐστὶν
1103 1984 1326 2055 λογικῆς
1353 1985 1552 2057 ψυχῆς,
1585 1986 1707 2040 καθ’
1747 1986 1813 2057 ἢν

239 2082 303 2133 οὐ
335 2080 755 2152 πληροφορεῖται
785 2077 1093 2149 ψηλαφῶσα
1120 2080 1247 2149 τοὺς
1268 2077 1477 2147 λόγους.

309 2260 384 2313 Θν.
417 2260 731 2322 Ἐκστασις,
778 2259 894 2313 ἐστι
943 2258 1125 2323 νεῦσις
1156 2260 1319 2316 πάλιν
1344 2264 1480 2335 πρὸς
1503 2261 1700 2319 κακίαν
1725 2263 1812 2325 λ.οέ

229 2353 399 2423 ,γικῆς
425 2352 602 2424 ψυχῆς
634 2352 773 2426 μετά
813 2353 913 2423 τὴν
968 2353 1167 2425 ἀρετὴν
1221 2356 1315 2408 καὶ
1368 2355 1569 2425 γνῶσιν
1589 2359 1689 2429 τὴν
1716 2358 1809 2413 τοῦ

234 2442 392 2502 Θεοῦ.

308 2538 364 2592 I';
409 2535 625 2601 Θλάσις,
671 2536 818 2591 ἔστιν
869 2538 985 2606 ἕξις
1029 2540 1272 2613 χειρίστη
1325 2541 1549 2612 λογικῆς
1607 2542 1807 2615 ψυχῆς,

234 2626 359 2681 καθ’
392 2628 457 2699 ἢν
490 2627 808 2700 μετέρχεται
866 2629 963 2693 τὰς
990 2630 1189 2701 ἀρετὰς
1245 2631 1307 2684 οὐ
1350 2631 1417 2684 δι’
1441 2632 1571 2686 αὐτὸ
1615 2635 1676 2687 τὸ
1711 2651 1811 2688 κα·

233 2713 346 2768 λόν.

268 2715 404 2861 ὀῖΝ.
437 2808 743 2873 Κολόὸωσις
776 2809 941 2880 ῥινὸς,
999 2810 1113 2863 ἔστι
1137 2809 1389 2881 στέρησις
1418 2810 1621 2883 ἀρετῆς
1662 2812 1811 2866 ἀντι-

232 2900 647 2975 λαμίιανομένης
676 2903 905 2967 εὐωδίας
924 2904 1022 2975 τῆς
1044 2902 1137 2956 τοῦ
1170 2903 1428 2975 Χριστοῦ.

303 2995 403 3048 IB'.
429 2994 764 3066 Ὦτότμησις.
791 2995 906 3049 ἔστι
930 2995 1165 3067 σκληρία
1193 2995 1416 3067 λογικῆς
1460 2994 1639 3068 ψυχῆς
1670 2995 1810 3068 πρὸς

229 3086 333 3158 τὴν
371 3089 744 3159 πνευματικὴν
774 3086 1117 3142 διδασκαλίαν
1144 3086 1495 3142 ἀνθέλκουσα.

303 3267 400 3320 IF'.
443 3265 678 3337 Ἐφηλὶς,
710 3265 825 3320 ἔστι
852 3264 1224 3335 πνευματικῆς
1252 3265 1481 3335 θεωρίας
1509 3264 1798 3333 ἔκπτωσις,

229 3357 265 3428 ἢ
293 3358 390 3430 τῆς
412 3358 519 3412 τῶν
551 3360 846 3428 γεγονότων
879 3360 1110 3431 θεωρίας
1164 3359 1262 3412 ούκ
1301 3357 1506 3430 ἀληθὴς
1536 3359 1801 3431 κατανόηα

231 3465 395 3595 “cI-AC
421 3541 743 3611 Μογιλαλία,
790 3541 904 3596 ἐστι
937 3540 1108 3607 πάθος
1134 3540 1228 3597 τοῦ
1262 3541 1568 3612 λογιστικοῦ
1602 3544 1798 3617 μέρους

227 3631 330 3701 τῆς
352 3633 549 3703 ψυχῆς,
597 3634 716 3686 καθ’
744 3633 772 3686 ὃ
802 3633 1283 3705 σκανδαλιζόμενος
1323 3634 1418 3688 ἐπὶ
1440 3637 1554 3700 τοῖς
1580 3634 1798 3708 γινομέ-

228 3737 339 3786 νοις
401 3723 457 3774 ὲν
492 3722 653 3775 παντὶ
677 3719 1016 3794 εὐχαριστεῖν
1038 3722 1288 3776 ἀδυνατεί
1310 3722 1387 3794 τῷ
1409 3722 1547 3794 Θεῷ.

299 3898 395 3950 IE’.
444 3897 720 3968 Χωλότης,
783 3895 927 3949 ἐστιν
978 3898 1251 3968 ἀδυναμία
1302 3893 1518 3967 φύσεως
1572 3894 1794 3967 λογικῆς

226 3989 362 4061 πρὸς
399 3988 497 4061 τὴν
524 3991 622 4060 τῆς
654 3990 855 4061 ἀρετῆς
887 3990 1167 4062 ἐργασίαν.
1278 4045 1287 4053 _

296 4081 415 4146 ις’.
449 4079 694 4152 ’ΥδρωιῙη
738 4078 884 4133 ἔστιν
921 4079 1163 4145 ἔκκλισις
1211 4079 1402 4149 ἀλογος
1444 4077 1640 4150 ψυχῆς,
1671 4077 1791 4132 καθ’

226 4170 293 4241 ἠν
348 4169 674 4226 σϐεσθεισῶν
717 4171 825 4225 τῶν
872 4172 1081 4244 ἀρετῶν
1143 4172 1431 4244 ἐπικρατεῖ
1481 4169 1648 4223 κακία
1700 4172 1793 4223 καὶ

225 4262 487 4332 ἀγνωσία.
1690 4330 1705 4345 ,

293 4353 390 4407 IZ'.
419 4352 677 4426 Μύρμηξ,
706 4354 851 4409 ἐστιν
881 4355 1163 4427 ἄνθρωπος
1188 4359 1491 4428 πρακτικὸς
1533 4359 1628 4431 τὴν
1666 4362 1790 4414 ἑαυ-

222 4444 314 4497 τοῦ
344 4446 546 4519 τροφὴν
575 4447 634 4499 ὲν
661 4447 738 4519 τῷ
769 4446 924 4503 αἰῶνι
944 4449 1117 4521 τούτῳ
1142 4450 1592 4520 παρασκευάζων.

290 4627 397 4680 IH'.
425 4626 851 4700 Χοιρογρύλλιοι,
905 4631 1040 4685 εἰσὶν
1067 4629 1192 4702 ἔθνη
1240 4630 1525 4704 ἀκάθαρτα
1579 4632 1678 4698 τὰς
1707 4634 1790 4689 ὲν-

219 4718 375 4783 τολάς
401 4718 670 4790 δεξάμενα
690 4720 783 4773 τοῦ
808 4721 1060 4793 Σωτῆρος
1092 4722 1249 4793 ήμῶν
1283 4722 1540 4795 Χριστοῦ.

289 4900 387 4954 ΙΘ’.
436 4901 804 4956 Ἀϐασίλευτοι
859 4904 1099 4975 ἀκρίδες,
1143 4905 1312 4975 ψυχαὶ
1342 4906 1555 4975 λογικαὶ
1588 4907 1662 4978 μὴ
1693 4924 1786 4961 σα-

219 4992 501 5062 λευόμεναι
554 4994 659 5046 ὑπὸ
709 4994 804 5048 τοῦ
858 4995 1088 5051 θανάτου
1139 4996 1232 5049 καὶ
1264 4996 1369 5050 ὑπὸ
1405 4997 1513 5051 τῶν
1542 4997 1787 5069 σπερμὰ-

214 5100 319 5138 των
347 5084 782 5158 διατρεφόμεναι.

284 5176 367 5231 κ’.
419 5176 835 5249 Ἀσκαλαόότης,
889 5178 1003 5232 ἐστι
1032 5179 1156 5243 νοῦς
1210 5180 1541 5251 πρακτικὸς,-
1578 5182 1787 5253 ἐπερει-

223 5265 430 5335 Ξόμενος
460 5270 679 5341 ἀρεταῖς
739 5271 833 5323 καὶ
865 5272 1133 5326 κατοικῶν
1164 5275 1220 5326 ἐν
1272 5274 1392 5336 ταῖς
1424 5271 1655 5340 γνώσεσι
1676 5272 1783 5327 τῶν

225 5355 476 5427 θύρανίων
498 5360 802 5432 δυνάμεων.

277 5537 407 5591 KA'.
467 5539 711 5612 Σκύμνος
754 5541 995 5607 λέοντος,
1044 5542 1190 5596 ἐστιν
1240 5542 1525 5612 ἄνθρωπος
1566 5543 1781 5617 ἀπαθὴς

229 5626 317 5682 πῶν
347 5631 405 5685 ἐν
437 5632 585 5705 αὐτῷ
616 5636 922 5709 γενομένων
951 5636 1272 5707 βασιλεύσας
1302 5638 1525 5711 θηρίων.

1914 1911 2035 1966 qua:
2080 1898 2367 1955 conferunt
2418 1903 2483 1955 ad
2515 1901 2894 1963 formationem
2922 1908 3123 1966 Christi
3178 1915 3254 1985 (in
3288 1919 3491 1988 corde).

1988 1986 2118 2042 VIII.
2154 1988 2351 2060 Lepra,
2396 2002 2479 2048 est
2507 1996 2793 2053 inlldelitas
2836 2001 3030 2061 anima:
3053 2006 3350 2073 rationalis,
3401 1986 3497 2079 per

1914 2093 2076 2146 quam
2112 2096 2216 2137 non
2267 2082 2423 2153 plene
2454 2100 2768 2155 persuasum
2802 2091 2982 2160 habet,
3016 2094 3141 2150 dum
3197 2109 3495 2157 contrectat

1914 2184 1979 2224 ac
2011 2181 2386 2238 perscrutatur
2412 2190 2712 2234 sermones.

1978 2259 2073 2318 IX.
2124 2260 2321 2319 Mentis
2347 2269 2568 2335 emotio,
2621 2279 2706 2326 est
2757 2274 2952 2329 animae
2993 2276 3273 2333 rationalis
3300 2279 3488 2336 iterata

1911 2353 2221 2421 proclivitas
2251 2356 2318 2411 ad
2351 2358 2609 2415 malitiam
2634 2372 2754 2431 post
2780 2364 3029 2422 virtutem
3085 2366 3287 2439 Deique
3310 2375 3493 2440 cogni-

1915 2443 2140 2501 tionem.

1980 2531 2050 2587 X.
2081 2533 2360 2604 Contnsio,
2411 2548 2496 2593 est
2536 2541 2806 2609 pessimus
2836 2544 3052 2603 habitus
3097 2551 3291 2606 anima:
3321 2555 3488 2606 ratio-

1911 2624 2072 2691 nalis,
2102 2642 2198 2696 per
2226 2643 2386 2697 quem
2420 2632 2644 2689 virtutes
2666 2645 2907 2692 sectatur
2927 2654 3032 2695 non
3073 2652 3291 2712 propter
3315 2644 3483 2713 ipsam

1909 2716 2270 2774 honestatem.

1979 2808 2068 2864 XI.
2123 2809 2416 2869 Truncatio
2454 2815 2624 2883 naris,
2672 2828 2755 2874 est
2794 2820 3027 2889 privatio
3077 2823 3314 2894 virtutis,
3362 2844 3484 2899 quae

1908 2899 2108 2959 Christi
2132 2902 2352 2963 odorem
2379 2906 2735 2976 percipiebat.

1979 2990 2092 3048 XII.
2119 2993 2344 3048 Aurinm
2382 2996 2668 3064 mutilatio,
2722 3009 2806 3057 est
2838 3001 3063 3060 durities
3085 3008 3279 3075 animae
3315 3008 3481 3063 ratio-

1832 3124 1875 3184 C
1909 3082 2068 3148 nalis,
2094 3099 2214 3154 qua:
2241 3084 2508 3154 spirituali
2558 3090 2817 3150 doctrinae
2865 3096 3020 3165 quasi
3044 3108 3232 3154 contra
3265 3101 3481 3155 trahen-

1906 3172 1978 3227 do
2035 3175 2253 3229 resistit.

1977 3262 2109 3320 XIII.
2152 3266 2353 3323 Vitium
2401 3269 2559 3327 faciei
2595 3287 2820 3343 asperae,
2868 3288 2953 3334 est
3011 3280 3262 3352 delapsus
3288 3296 3317 3337 a
3346 3297 3477 3338 con-

1900 3357 2277 3427 templalione,
2309 3372 2405 3418 aut
2431 3366 2815 3433 speculationis
2848 3386 3028 3427 rerum
3054 3383 3359 3429 creatarum
3389 3373 3476 3431 in-

1903 3446 2195 3518 telligentia
2224 3451 2448 3509 minime
2475 3472 2627 3512 vera.

1970 3538 2109 3595 XIV.
2140 3541 2361 3615 Linguae
2389 3546 2714 3616 haesitantis,
2773 3562 2856 3608 est
2885 3556 3083 3624 'passio
3116 3559 3285 3627 partis
3307 3559 3473 3616 ratio-

1898 3630 2038 3688 nalis
2075 3635 2289 3703 animae,
2325 3652 2422 3708 per
2452 3656 2614 3710 quam
2648 3644 2834 3700 eadem
2860 3648 3219 3716 rationalitas,
3248 3654 3473 3708 scanda-

1897 3723 2005 3777 lum
2029 3739 2191 3791 passa
2219 3729 2271 3781 in
2301 3731 2386 3786 his
2417 3747 2538 3802 quae
2568 3734 2719 3802 facit,
2765 3752 2872 3793 non
2902 3749 3084 3808 potest
3111 3755 3211 3811 pro
3231 3744 3378 3797 omni
3415 3759 3473 3800 re

1896 3820 2101 3887 gratias
2140 3835 2303 3890 agere
2332 3821 2464 3879 Deo.

1968 3908 2086 3966 XV.
2111 3912 2467 3985 Claudicatio,
2505 3926 2590 3974 est
2648 3918 2970 3991 impotentia
3001 3930 3210 3979 naturae
3236 3924 3471 3980 rationa-

1895 4001 1960 4067 lis
1981 4002 2047 4058 ad
2070 4006 2443 4073 operationem
2466 4009 2707 4066 virtutis.

1966 4094 2104 4152 XVI.
2140 4096 2388 4168 Hydrops
2413 4101 2525 4157 sive
2564 4116 2703 4171 aqua
2748 4103 3007 4171 intercus,
3033 4114 3116 4161 est
3146 4106 3467 4162 irrationalis

1895 4185 2181 4242 declinatio
2224 4191 2442 4255 animas,
2478 4207 2575 4261 per
2602 4209 2785 4262 quam,
2843 4195 3130 4252 exstinctis
3152 4198 3459 4264 virtutibus,

1895 4275 2095 4329 malitia
2128 4287 2183 4332 et
2211 4279 2511 4349 ignorantia
2545 4282 2908 4341 dominantur.

1965 4364 2129 4426 XVII.
2158 4365 2430 4434 Formica,
2455 4378 2540 4425 est
2576 4369 2739 4425 homo
2776 4372 3064 4441 practicus,
3095 4390 3188 4431 seu
3225 4376 3278 4434 in
3304 4394 3464 4451 agen—

1814 4457 1864 4517 D
1889 4458 1955 4513 do
1993 4458 2222 4528 positus,
2282 4462 2335 4516 in
2365 4461 2469 4518 isto
2498 4464 2696 4520 sarculo
2751 4466 2851 4523 sibi
2888 4466 3199 4523 alimentum
3256 4487 3463 4544 praepa-

1892 4564 2039 4605 rans.

1963 4636 2143 4694 XVIII.
2177 4640 2532 4715 Chterogrylii
2566 4658 2660 4699 seu
2708 4646 2855 4714 porci
2909 4650 3279 4717 grunuientes,
3326 4662 3453 4707 sunt

1889 4744 2075 4803 gentes
2095 4735 2339 4805 impurae,
2368 4752 2491 4806 qua:
2521 4751 2874 4809 susceperunt
2915 4753 3178 4811 praecepta
3215 4744 3457 4800 Salvato-

1889 4826 1966 4882 ris
2002 4827 2175 4882 nostri
2218 4828 2443 4885 Christi.

1961 4916 2371 4974 XIX.Locustaa
2400 4934 2580 4991 regem
2625 4936 2729 4976 non
2778 4922 3054 4988 habentes,
3098 4934 3225 4979 sunt
3268 4927 3457 4984 animo:

1890 5009 2203 5072 rationales,
2227 5023 2365 5079 quas
2397 5025 2543 5066 mors
2570 5026 2675 5066 non
2699 5014 2936 5068 concutit
2989 5030 3213 5084 quaeque
3244 5031 3273 5069 a
3298 5019 3454 5073 semi-

1889 5100 2047 5155 nibus
2069 5099 2289 5155 aluntur

1957 5192 2075 5247 XX.
2107 5192 2294 5249 Stellio
2343 5195 2460 5251 sive
2505 5195 2879 5251 animalculum
2908 5197 3084 5252 simile
3114 5198 3326 5253 lacerta:
3358 5210 3451 5254 ao-

1884 5299 2092 5339 morum
2119 5284 2356 5353 parietes
2384 5295 2722 5356 perreptans,
2760 5295 2842 5341 est
2886 5302 3035 5341 meus
3064 5290 3240 5343 activa
3270 5290 3449 5345 innixa

1885 5375 2200 5442 virtutibus,
2228 5376 2392 5447 inque
2429 5376 2729 5433 ctrlestium
2777 5386 3100 5448 potestatum
3134 5380 3447 5448 cognitioni-

1883 5468 1981 5521 bus
2011 5465 2338 5522 inhabitans.

1955 5555 2093 5611 XXI.
2130 5557 2351 5613 Catulus
2411 5560 2598 5625 leonis,
2651 5569 2734 5617 est
2765 5561 2922 5616 homo
2958 5564 3158 5634 absque
3182 5564 3444 5634 passioni-

1881 5650 2003 5717 hus,
2035 5650 2127 5719 qui
2156 5651 2400 5722 regnavit
2436 5666 2600 5723 super
2634 5653 2776 5710 feras
2815 5655 2867 5710 in
2896 5670 3046 5711 suam
3079 5656 3324 5714 redactas
3350 5670 3443 5727 po-

1882 5741 2151 5792 testatem.
