3888 6284
358 325 492 378 I267
1471 327 1748 385 PATRES
1785 328 2087 387 IECYPTII
2129 327 2400 386 SECULI
2438 328 2526 385 IV.
3500 329 3638 385 £268

425 437 598 496 XXII.
625 422 833 510 Gallus,
858 453 943 498 est
970 442 1135 498 homo
1162 443 1460 514 spiritualis
1485 449 1793 518 cognitione
1827 449 1941 519 ple-

2115 448 2244 502 KB'.
2305 443 2672 518 .Ἀλεκτρυὼν,
2732 444 2878 498 ἐστιν
2927 443 3210 516 ἄνθρωπος
3263 443 3641 513 πνευματικὸς

353 549 455 588 nus
499 545 664 604 atque
694 533 815 589 aliis
856 534 1139 590 animabus
1193 538 1525 594 annuntians
1564 554 1686 594 eum
1751 539 1888 609 quia

2105 541 2422 614 mpoopevog
2454 539 2711 608 γνώσεως
2754 520 2850 590 καὶ
2895 536 3109 608 ἑτέραις
3148 533 3640 604 εὐαγγελιζόμενος

356 625 703 680 intellectuali
725 625 837 681 sole
864 627 1102 696 gignitur
1125 627 1293 683 diem.

2108 636 2243 705 ιχαῖς
2279 631 2378 703 τὴν
2406 629 2558 700 παρά
2620 627 2716 682 τοῦ
2749 625 2943 698 νοητοῦ
2985 626 3138 698 ἡλίου
3168 625 3473 696 γενομένην
3509 622 3643 695 ἡμέ-

424 801 612 858 XXIII.
648 801 862 865 llircus,
893 811 978 858 est
1019 803 1101 857 vir
1127 803 1334 859 activus
1392 804 1484 874 qui
1517 812 1663 860 recte
1691 804 1826 874 regit
1860 805 1943 860 in-

2114 747 2168 781 ,V.

2114 818 2242 874 Kl".
2280 817 2514 886 Τράγος,
2547 814 2693 867 ἐστιν
2732 811 2872 882 ἀνὴρ
2905 809 3207 882 πρακτικὸς
3255 807 3364 861 τῶν
3397 807 3456 860 ὲν
3488 803 3649 874 αὐτῷ

355 897 654 959 ordinatas,
688 910 808 965 qum
833 896 885 950 in
921 910 980 951 se
1007 896 1123 964 ipso
1153 906 1302 961 sunt,
1333 896 1711 967 cegitationcs.

2050 910 2301 964 ἀτάκτων
2328 907 2606 979 λογισμῶν
2644 903 2820 978 ὀρθῶς
2845 902 3271 974 καθηγούμενος.

427 987 615 1042 XXIV.
643 987 844 1043 llirudo
880 989 994 1042 sive
1023 988 1375 1057 sanguisuga,
1409 998 1492 1043 est
1510 996 1704 1042 natura
1733 988 1940 1056 impura

2115 1000 2243 1053 KA'.
2283 998 2504 1064 Βδέλλα,
2543 995 2659 1050 ἐστι
2685 993 2847 1065 φύσις
2867 993 3171 1064 ἀκάθαρτος
3235 991 3294 1046 τὸ
3325 990 3535 1044 δίκαιον
3556 980 3645 1041 αἷ-

355 1095 650 1151 emungens
689 1080 898 1150 justum
947 1082 1264 1152 sanguinem
1298 1081 1367 1135 ab
1394 1081 1677 1135 animabus
1707 1079 1890 1135 ration:

1623 1095 1677 1135 [ιε
1707 1079 1941 1135 Γδιίοηαο
2051 1109 2128 1162 μα
2157 1092 2226 1144 ὲκ
2252 1089 2360 1144 τῶν
2386 1087 2622 1158 λογικῶν
2639 1087 2825 1160 ψυχῶν
2845 1085 3158 1158 ὲκμυζῶσα.

355 1172 519 1226 libus.

428 1263 593 1318 XXV.
657 1264 926 1328 Infernus,
973 1275 1054 1321 est
1092 1266 1392 1334 ignorantia
1449 1273 1652 1318 natura:
1705 1265 1943 1318 rationa-

2116 1270 2246 1324 KE'.
2281 1269 2471 1341 ᾍδης,
2526 1268 2671 1322 ἐστιν
2729 1266 2921 1335 ἄγνοια
2953 1265 3169 1335 φύσεως
3215 1265 3440 1337 λογικῆς
3498 1266 3643 1321 κατά

357 1358 422 1412 Iis
461 1373 554 1426 per
595 1358 948 1427 privationem
1003 1357 1469 1427 contemplationis
1532 1354 1625 1410 Dei
1683 1369 1892 1424 superw

1827 1370 1941 1410 rve-
2049 1361 2307 1433 στέρησιν
2330 1361 2426 1415 τοῦ
2453 1359 2589 1414 Θεοῦ
2616 1360 2851 1430 θεωρίας
2876 1358 3362 1430 ὲπισυμὸαίνουσα.

357 1465 532 1504 1118115.

432 1540 625 1594 XXVI.
658 1541 865 1606 Mulier,
897 1550 980 1596 est
1005 1538 1277 1596 dementia
1306 1538 1603 1594 rationales
1631 1537 1844 1592 animas
1873 1538 1940 1592 ad

2120 1542 2268 1608 KG’.
2307 1538 2470 1610 Γυνὴ,
2508 1540 2656 1593 ἐστιν
2708 1535 2989 1611 ἀφροσύνη
3042 1536 3269 1606 λογικὰς
3319 1535 3499 1608 ψυχὰς
3547 1536 3645 1591 ἐπὶ

361 1632 723 1701 impuritatem
751 1648 1068 1702 provocans.

2048 1633 2393 1705 ἀκαθαρσίαν
2428 1630 2904 1702 προσκαλουμένη.

430 1719 640 1774 XXVII.
671 1721 859 1790 Terra,
898 1731 982 1777 est
1015 1723 1232 1778 habitus
1257 1722 1523 1793 pessimus
1561 1733 1628 1774 ex
1668 1718 1946 1788 impietate

2119 1727 2245 1779 KZ'.
2269 1725 2368 1795 Γῆ,
2395 1725 2542 1776 ἔστιν
2561 1723 2674 1788 ἕξις
2709 1721 2955 1794 χειρίστη
2978 1719 3038 1786 ἐξ
3057 1719 3309 1784 ἀσεϐείας
3337 1721 3433 1775 καὶ
3459 1736 3646 1792 παρα-

362 1827 521 1885 atque
554 1815 814 1887 iiijtistitia
846 1819 1124 1874 collectus.

1976 1795 2022 1855 Β
2052 1818 2245 1888 νομίας
2273 1816 2660 1888 συλλεγομένη.

437 1907 672 1965 XXVIII.
706 1909 870 1979 Ignis,
906 1920 987 1964 est
1015 1909 1216 1965 malitia
1266 1919 1472 1965 natura:
1510 1904 1788 1962 rationalis
1834 1903 1937 1958 vir-

2123 1909 2259 1963 Kll'.
2297 1907 2436 1978 Πῦρ,
2487 1907 2603 1961 ἐστι
2637 1907 2802 1962 κακία
2839 1906 3053 1976 φύσεως
3087 1907 3310 1977 λογικῆς
3365 1904 3645 1976 φθαρτικὴ

363 2010 535 2055 tntum
564 2001 655 2056 Dei
689 2004 1022 2072 corruptrix.

2051 1998 2161 2052 τῶν
2185 1997 2282 2052 τοῦ
2312 1997 2447 2052 Θεοῦ
2485 1997 2716 2070 ἀρετῶν.
3263 2017 3281 2034 ι

432 2092 624 2146 XXIX.
679 2095 857 2164 Aqua,
893 2106 975 2150 est
1012 2095 1147 2150 falsa
1201 2093 1390 2149 notitia
1439 2091 1762 2148 exstinctiva
1812 2101 1951 2141 verae

2125 2090 2255 2144 KG'.
2294 2090 2500 2161 Ὗδωρ,
2542 2088 2658 2143 ἐστι
2689 2087 2890 2158 γνῶσις
2948 2087 3151 2158 ψευδὴς
3197 2085 3455 2158 σϐεστικὴ
3501 2084 3646 2155 γνὼ-

362 2184 709 2254 cognitionis.

2056 2197 2196 2244 σεως
2227 2180 2481 2252 ἀληθοῦς.

432 2274 603 2330 XXX.
642 2276 842 2331 Oculus
901 2274 1171 2338 deridcns,
1222 2280 1307 2327 est
1341 2281 1534 2325 natura
1585 2269 1795 2336 impura
1856 2263 1952 2318 Dei

2127 2274 2207 2327 A’.
2257 2271 2565 2343 Ὀφθαλμὸς
2614 2271 2951 2340 καταγελῶν,
2986 2271 3101 2324 ἐστι
3149 2270 3310 2341 φύσις
3333 2269 3652 2341 ἀκάθαρτος

363 2367 725 2436 cognitionem
760 2367 992 2422 irridens
1050 2366 1307 2435 nulloque
1333 2364 1538 2418 habens
1600 2361 1805 2413 honore
1851 2369 1898 2411 se

2116 2381 2150 2432 ,ς
2175 2363 2270 2418 τοῦ
2310 2363 2444 2417 Θεοῦ
2468 2363 2828 2432 καταγελῶσα
2881 2363 3134 2433 γνώσεως
3179 2363 3274 2417 καὶ
3304 2361 3651 2434 ἀτιμάζουσα

364 2475 662 2529 aspernans
699 2458 1017 2528 sapientiam
1069 2457 1122 2511 in
1170 2457 1256 2510 IIIS
1306 2469 1428 2524 qua:
1462 2452 1600 2508 facta
1631 2458 1775 2504 sunt.

1372 2469 1428 2509 Ite
1462 2452 1600 2508 facta
1631 2458 1775 2504 sunt.
2054 2452 2153 2523 τὴν
2183 2453 2241 2504 ὲν
2270 2453 2385 2515 τοῖς
2417 2451 2666 2520 γεγονόσι
2696 2451 2907 2521 σοφίαν.

435 2551 629 2607 XXXI.
687 2551 869 2616 Corvi,
927 2558 1054 2604 sunt
1111 2557 1408 2620 potestates
1430 2554 1652 2610 sanctae,
1695 2541 1947 2596 vitiorum

2124 2543 2251 2596 AA'.
2285 2543 2567 2614 Κόρακες,
2622 2544 2729 2596 εἰσὶ
2784 2543 3042 2614 δυνάμεις
3099 2544 3272 2611 ἅγιαι,
3347 2543 3653 2615 φθαρτικαὶ

365 2644 774 2716 peremptrices.

2055 2635 2166 2690 τῶν
2194 2633 2426 2689 κακιῶν.

439 2737 654 2792 XXXII.
694 2737 978 2802 Baratbra,
1021 2741 1146 2790 sunt
1175 2732 1370 2787 anima:
1399 2727 1693 2786 rationales
1716 2738 1935 2782 excava-

2127 2727 2250 2780 AB'.
2283 2726 2591 2798 Φάραγγες,
2642 2727 2749 2780 εισι
2775 2727 2946 2799 ψυχαὶ
2999 2727 3213 2797 λογικαὶ
3280 2726 3655 2782 κοιλανθείσαι

368 2844 435 2888 tae
465 2847 492 2885 a
531 2831 729 2886 malitia
754 2838 809 2886 et
837 2828 1156 2899 ignorantia.

2053 2815 2161 2870 ἀπὸ
2190 2815 2389 2878 κακίας
2416 2816 2512 2868 καὶ
2533 2816 2831 2884 ἀγνωσίας.

437 2921 679 2979 XXXIII.
705 2921 1022 2992 Aquilarum
1052 2919 1202 2990 pulli,
1238 2927 1363 2974 sunt
1394 2921 1687 2986 potestates
1749 2918 1950 2966 sancta:

2125 2908 2247 2962 AI".
2265 2907 2494 2960 Νεοσσοὶ
2521 2907 2716 2976 ἀετῶν,
2741 2909 2847 2962 εἰσι
2872 2909 3129 2980 δυνάμεις
3157 2909 3309 2979 ἅγιαι
3363 2909 3495 2972 τοὺς
3519 2909 3655 2962 ἀκε-

369 3031 490 3086 quae
521 3024 760 3086 praesunt
787 3016 852 3070 ad
879 3011 1224 3084 depellendus
1256 3010 1518 3078 impuros.

2058 2997 2291 3070 θάρτους
2319 2996 2684 3052 καταϐάλλειν
2705 2999 3155 3072 πεπιστευμέναι.

370 3187 3614 3223 W

1019 3341 1246 3429 ΤΟΥ
1300 3333 1676 3446 ΑΥΤΟΥ
1743 3325 2534 3418 ΠΝΕΥΜΑΤΙΚΑΙ
2586 3326 3015 3416 ΓΝΩΜΑΙ

1682 3518 1871 3573 ΚΑΤΑ
1900 3514 2338 3569 ΔΛΦΑΒΗΤΟΝ.

1975 3665 2047 3676 -ο

716 3786 1058 3851 EIUSDEM
1101 3766 1598 3845 SPIRITUAILES
1631 3775 2074 3838 SENTENTIIE
2113 3777 2267 3838 PER
2301 3778 2814 3840 ALPHABETUM
2855 3776 3286 3839 DISPOSITE.

446 4049 486 4103 I.
540 4043 850 4102 Absurdum
885 4051 969 4100 est
1012 4056 1133 4098 eum
1191 4042 1281 4113 qui
1333 4047 1673 4096 consectatur
1733 4037 1967 4090 honores

2143 4033 2223 4088 A'.
2255 4033 2488 4088 Ἀτοπόν
2515 4035 2630 4087 ἐστι
2657 4032 2750 4087 τὸν
2797 4032 3060 4087 διώκοντα
3101 4033 3200 4096 τὰς
3234 4032 3404 4103 τιμάς
3435 4041 3652 4100 φεύγειν

377 4141 563 4210 fugere
588 4138 826 4204 labores,
857 4134 1126 4206 per'quos
1179 4132 1341 4188 iidem
1368 4137 1754 4200 comparantur
1790 4126 1912 4179 hom

1400 4137 1754 4200 omparantur
1790 4126 1962 4180 hono-
2066 4126 2194 4189 τοὺς
2229 4123 2446 4188 πόνους,
2475 4124 2542 4178 δι’
2569 4117 2643 4178 ὧν
2671 4125 2728 4179 αἱ
2758 4123 2933 4195 τιμαί.

376 4248 488 4289 res.

451 4322 519 4378 lI.
544 4321 641 4378 Vis
662 4320 832 4378 Deum
863 4316 1130 4374 noscere?
1153 4313 1468 4383 Anticipans
1491 4323 1653 4366 nosce
1681 4318 1733 4363 te
1765 4307 1959 4378 ipsum.

2138 4301 2219 4353 B'.~
2244 4298 2433 4352 Βούλει
2459 4298 2660 4367 γνῶναι
2707 4298 2874 4365 Θεόν;
2935 4297 3228 4370 Προλαὸὼν
3272 4295 3444 4366 γνῶθι
3498 4315 3649 4352 σεαυ-

2065 4395 2175 4448 τόν.

449 4503 536 4560 III.
569 4501 649 4556 Ex
699 4499 888 4556 amicis
926 4487 1217 4568 germanus
1251 4504 1334 4554 est
1386 4496 1434 4552 is
1479 4495 1568 4565 qui
1618 4492 1961 4550 occasionum

2136 4488 2212 4542 I".
2243 4487 2469 4558 Γνήσιος
2540 4486 2708 4555 φίλων
2756 4485 2784 4537 ό
2823 4483 2924 4548 τὰς
2973 4483 3325 4554 περιστάσεις
3371 4482 3653 4552 κοινούμε-

380 4610 697 4666 prosperam
723 4593 1185 4662 opportunitatem
1214 4587 1600 4644 communicat.
1895 4638 1903 4646 ,
2065 4598 2177 4645 νος.

451 4663 538 4740 Ν.
573 4684 772 4738 Durqu
799 4691 884 4737 est
936 4693 1058 4736 eum
1088 4677 1179 4749 qui
1209 4692 1377 4748 parva
1409 4675 1542 4733 facit
1587 4690 1780 4747 magna
1808 4675 1873 4730 dc
1906 4690 1964 4729 se

2137 4675 2212 4727 A'.
2245 4671 2424 4724 Δεινόν
2457 4670 2572 4723 ἐστι
2603 4669 2748 4740 μέγα
2776 4669 2993 4739 φρονεῖν
3017 4665 3187 4737 μικρά
3217 4663 3543 4735 πράττοντα.

380 4790 592 4847 sapere.

454 4842 518 4924 Υ.
556 4871 890 4937 Arroganter
931 4866 1000 4922 de
1037 4879 1096 4920 se
1144 4862 1352 4933 opinari
1399 4862 1694 4933 unicuique
1743 4861 1962 4932 impedit

2137 4856 2210 4909 E'.
2255 4854 2343 4906 Ἑν
2397 4851 2558 4905 παντὶ
2610 4849 2671 4902 τὸ
2729 4846 2937 4902 οἴεσθαι
2970 4847 3050 4909 εἰς
3082 4844 3143 4930 τὸ
3171 4843 3370 4898 εἰδέναι
3430 4842 3653 4913 ἐμιτοεὶ-

381 4961 691 5018 scientiam.

632 4977 691 5016 n.
2065 4949 2167 5013 ζει.

458 5055 545 5109 Vl.
574 5054 711 5110 Vitas
742 5050 1072 5108 irrationalis
1105 5048 1298 5104 ductor
1322 5057 1405 5103 est
1435 5049 1666 5105 damon.

1612 5064 1666 5105 n.
2142 5043 2232 5109 ς’.
2262 5039 2417 5110 Ζωῆς
2446 5037 2644 5106 ἀλόγου
2670 5033 2880 5106 δαίμων
2906 5031 3147 5104 ἡγεμών.

455 5146 567 5204 VII.
604 5145 814 5201 Anima:
869 5144 1125 5200 nobilitas
1182 5158 1246 5196 ex
1309 5142 1589 5197 validitate
1651 5140 1963 5197 manifesta-

2139 5135 2211 5188 Z'.
2253 5132 2318 5185 Ἦ
2351 5131 2450 5201 τῆς
2491 5129 2670 5200 ψυχῆς
2718 5126 2968 5196 εὐγένεια
3000 5130 3063 5181 ὲκ
3093 5127 3191 5197 τῆς
3246 5125 3494 5188 εὐτονίας
3528 5124 3649 5176 ἀνα·

385 5253 492 5296 1111⁵.

2069 5226 2338 5296 φαίνεται.

454 5332 588 5388 VIII.
618 5332 711 5388 Ille
758 5331 888 5388 colit
926 5331 1092 5386 Deum
1135 5329 1382 5399 religiose
1450 5329 1538 5397 qui
1576 5344 1680 5384 non
1730 5329 1965 5400 loquitur

2141 5317 2224 5373 H'.
2253 5315 2526 5388 Θεοσεὸὴς
2572 5317 2779 5379 ἐκεῖνος
2831 5317 2860 5369 ὁ
2895 5313 2968 5386 μὴ
3017 5310 3138 5366 καθ’
3166 5308 3360 5363 ἑαυτοῦ
3421 5307 3651 5392 φθεγγὸ·

384 5435 573 5480 contra
611 5438 690 5480 se.

1996 5429 2033 5436 ’
2075 5429 2251 5484 μενος.

456 5515 550 5571 IX.
586 5514 868 5586 Templum
903 5515 999 5569 Dei
1050 5509 1745 5582 homoirrepreliensibilis.

2135 5505 2210 5557 Θο.
2252 5503 2415 5574 Ἱερὸν
2455 5501 2612 5564 Θεοῦ,
2642 5500 2920 5571 ἅνθρωπος
2983 5495 3368 5566 ἀνεπίληπτος.

455 5609 525 5662 Χ.
556 5609 793 5663 Pessima
821 5607 1094 5677 possessio
1123 5608 1234 5661 vita
1273 5605 1492 5661 minime
1525 5604 1716 5676 proba.

1671 5620 1716 5661 Β.
1995 5607 2004 5616 ‘
2133 5601 2187 5651 l'.
2223 5598 2496 5650 Κάκιστον
2534 5593 2741 5665 κτῆμα,
2782 5592 2894 5664 βίος
2934 5590 3206 5660 ἀδόκιμος.

461 5699 547 5752 XI.
576 5675 968 5771 Loquere—qua:
1026 5709 1258 5769 oportet,
1312 5709 1366 5755 et
1393 5675 1606 5770 quando
1636 5706 1883 5777 ‘oportet,
1909 5709 1957 5757 et

2139 5694 2243 5745 IA'.
2280 5689 2442 5745 Λάλει
2483 5689 2518 5743 ἂ
2563 5688 2663 5755 δεῖ,
2695 5687 2789 5742 καὶ
2837 5687 2926 5740 ὅτε
2951 5685 3050 5749 δεῖ,
3085 5683 3179 5739 καὶ
3209 5683 3310 5736 οὐκ
3345 5679 3602 5742 ἀκούσεις
3623 5675 3655 5733 ὁ

390 5802 499 5843 non
534 5789 717 5845 audies
743 5805 861 5860 quae
890 5805 996 5847 non
1035 5800 1269 5861 oportet.

745 5805 861 5860 quae
890 5805 996 5847 non
1035 5800 1269 5861 oportet.
2075 5785 2146 5849 αὴ
2184 5784 2280 5838 δεῖ.
