3888 6284
167 2632 181 2727 l

173 2762 185 2841 l

178 5260 191 5371 l

226 310 259 367 Ι
270 310 369 367 269

290 426 388 481 IB'.
428 422 701 494 Μέγιστον
732 422 939 496 κτῆμα,
975 424 1128 494 φίλος
1155 424 1513 491 ἀδιάπτωτος.

289 626 389 681 il".
420 623 655 697 Νόσημα
679 623 882 696 ψυχῆς,
915 623 1110 696 γνώμη
1134 623 1430 693 φιλόδοξος.

287 719 385 775 ΙΔ⁹.
421 716 582 782 Ξένος
606 718 700 772 καὶ
733 717 926 790 πένης,
946 717 1081 771 Θεοῦ
1112 717 1441 789 κολλούριον.

247 756 391 950 ζει.
435 895 493 949 '0
523 894 808 950 δυόμενος
826 894 1045 950 αὐτοὺς.
1073 891 1281 950 ταγέως
1306 889 1441 945 ἁναϐ

315 896 391 950 E'.
435 895 493 949 '0
523 894 808 965 δεχόμενος
826 894 1045 957 αὐτοὺς,
1073 891 1281 963 ταχέως
1306 889 1614 960 ἀναϐλέψει.

288 989 405 1055 ις’.
422 986 636 1050 Πάντας
659 985 757 1056 μὲν
777 985 1083 1057 εὐεργετεῖν
1109 982 1292 1048 καλὸν,
1323 983 1556 1055 μάλιστα
1588 981 1646 1035 δὲ
1669 981 1793 1044 τοὺς

211 1080 296 1153 μὴ
317 1079 646 1150 δυναμένους
671 1076 1015 1150 ἀμείϐεσθαι.

288 1280 384 1335 IZ'.
431 1279 645 1351 Ῥήτωρ
674 1279 732 1333 ὲν
778 1276 1099 1350 δικαιότητι,
1158 1276 1414 1351 ποτήριον
1437 1270 1646 1345 ψυχροῦ
1670 1270 1796 1326 ὓδα-

217 1388 328 1425 τος.

278 1389 391 1517 ξιιν.
419 1459 745 1533 Σωφροσύνη
775 1461 869 1516 καὶ
898 1459 1142 1532 πραότης
1168 1459 1367 1530 ψυχῆς,
1405 1455 1690 1529 χερου6ίμ.

283 1639 384 1694 ῐΘ¹.
412 1639 486 1693 Τὸ
514 1638 730 1711 ἔντιμον
754 1641 811 1693 ὲν
834 1640 981 1712 γήρᾳ
1014 1634 1174 1703 εἶναι,
1218 1635 1489 1703 ἀπόδειξις
1522 1634 1616 1689 τοῦ
1651 1633 1797 1704 φιλό-

215 1748 376 1786 πονον
401 1729 508 1802 πρὸ
537 1732 707 1802 γήρου
733 1728 795 1803 [Ι.
829 1728 1041 1803 γήρως]
1077 1728 1380 1799 γεγονέναι.

283 1918 333 1970 Κ
355 1958 368 1970 .
401 1916 475 1970 Τὸ
507 1914 790 1969 σπουδαῖον
836 1916 895 1968 ὲν
920 1913 1044 1985 νέῳ,
1074 1912 1335 1984 ἐχέγγυον
1358 1908 1457 1965 τοῦ
1493 1908 1710 1979 ἔντιμον
1732 1907 1793 1961 ὲν

220 2010 284 2079 γη
294 2025 374 2080 ρει
408 2007 650 2062 ἔσεσθαι

287 2102 414 2153 KA'.
460 2098 738 2169 ’Υπερᾷων
768 2096 967 2168 ψυχῆς,
999 2096 1204 2168 θεωρία
1233 2097 1459 2171 ἀληθής.

284 2281 409 2334 ΚΒ’.
441 2279 614 2333 Φιλῶν
644 2276 678 2332 ἃ
708 2277 783 2351 μὴ
821 2276 919 2345 δεῖ,
950 2281 1011 2333 οὐ
1048 2277 1294 2352 φιλήσεις
1316 2279 1353 2334 ἃ
1373 2279 1455 2335 δεῖ

286 2455 421 2509 Kl".
470 2455 685 2528 Χρυσδν
718 2453 970 2529 κίϐδηλον
1026 2456 1248 2529 ἄμεινον
1293 2458 1326 2530 ἢ
1384 2458 1536 2529 φίλον
1591 2461 1793 2532 κεκτῆ-

218 2547 359 2602 ἀθαι.
1506 2574 1517 2583 ο

283 2640 409 2695 KA'.
434 2638 593 2712 Ψυχὴ
631 2639 849 2709 καθαρὰ
884 2639 1023 2712 μετὰ
1056 2640 1211 2707 Θεὸν,
1250 2642 1403 2708 Θεός.

282 2731 413 2785 KE'.
465 2731 530 2784 Ὢ
582 2732 690 2785 ἄπο
734 2733 836 2804 τῆς
882 2732 1168 2803 φιλαυτίας
1227 2735 1328 2806 τῆς
1362 2735 1544 2791 πάντα
1600 2737 1789 2809 μισού-

216 2823 346 2893 σηςι

468 2938 609 2990 ΤΟΥ
644 2935 899 2991 ἉΥΤΟΥ
932 2942 1212 2996 ΕΤΕΡΑῙ
1243 2942 1541 3000 ΓΝΩΜΑΙ.

283 3048 335 3103 1.
386 3047 553 3121 Ἀρχὴ
580 3051 816 3126 ἀγάπης,
847 3053 1109 3126 ὑπόληψις
1141 3055 1319 3128 δόξης.
1347 3056 1402 3113 2.
1428 3058 1608 3113 Καλὸν
1635 3060 1787 3115 πλου-

1043 306 1330 364 EVAGRII
1365 306 1640 366 PONTICI
1684 304 2157 365 SPIRI'I'UALES
2198 298 2634 362 SENTENTIE.

1829 434 1874 491 Α
1975 425 2065 483 XII
2151 422 2381 480 Maxima
2436 414 2731 491 possessio,
2783 412 2988 468 amIcus
3037 409 3092 464 in
3148 423 3256 481 quo
3301 409 3478 473 nullus

3341 294 3489 353 ιετε

1895 532 2052 573 error
2078 514 2401 571 admittitur.

1980 607 2118 669 XIII.
2148 604 2371 661 Morbus
2399 600 2616 667 animm,
2652 612 2807 653 mens
2831 594 3013 668 gloria!
3038 591 3248 664 cupida.

1968 698 2110 753 XIV.
2149 696 2358 765 Hospes
2385 704 2440 747 et
2467 704 2669 763 pauper
2713 698 2840 745 sunt
2865 687 3167 759 collyrium,
3195 698 3288 741 seu
3314 686 3481 743 medi-

1895 801 2202 846 camentum
2244 788 2338 844 Dei
2365 788 2644 859 (tanquam
2676 782 2914 855 medici).

1967 882 2081 939 XV.
2116 882 2218 950 Qui
2245 880 2474 950 suscipit
2510 880 2684 949 ipsos,
2711 878 2820 933 cito
2847 877 3185 948 recuperabit
3213 879 3406 933 visum.

1882 969 1895 973 ’
1930 970 1939 977 “
1968 973 2106 1031 XVI.
2138 974 2402 1030 Omnibus
2430 972 2645 1042 quidem
2692 969 2948 1028 beneﬁcia
2980 969 3227 1025 conferre
3255 970 3479 1040 praecla-

1898 1083 2017 1123 rum
2047 1079 2154 1130 est,
2182 1067 2419 1122 maxime
2452 1080 2579 1120 vero
2640 1064 2722 1119 his
2772 1064 2861 1132 qui
2895 1078 2997 1117 non
3033 1073 3257 1133 possunt
3290 1078 3480 1118 reocn-

1895 1182 2137 1328 delira.
2175 1272 2371 1327 Orator
2401 1268 2455 1323 in
2503 1266 2734 1335 justitia,
2769 1266 3019 1337 poculum
3050 1281 3205 1337 aquae
3249 1265 3475 1338 frigidae.

1912 1435 1916 1438 2
1972 1448 2159 1506 XVIII.
2194 1447 2574 1518 Temperantia
2607 1453 2662 1501 et
2720 1446 3073 1502 mansuetudo
3124 1445 3318 1500 anima:
3354 1454 3479 1500 sunt

1898 1541 2200 1598 cherubim.

1970 1632 2120 1689 XIX.
2152 1630 2531 1687 Honorabilem
2577 1646 2698 1686 esse
2732 1631 2782 1684 in
2836 1638 3113 1686 senectute
3143 1630 3480 1686 demonstra-

1901 1727 1976 1783 tio
2002 1736 2107 1789 est,
2145 1723 2288 1795 quod
2320 1723 2366 1778 is
2397 1732 2523 1778 ante
2565 1731 2899 1779 senecwtem
2933 1720 3094 1776 fuerit
3121 1735 3312 1775 amans
3332 1718 3480 1775 labo-

1830 1793 1872 1849 Β
1901 1820 1996 1874 ris.

1966 1908 2088 1965 XX.
2128 1907 2440 1963 Studiosum
2497 1921 2621 1961 esse
2675 1907 2727 1961 in
2779 1904 3088 1976 iuventute,
3121 1904 3317 1976 pignus
3368 1912 3478 1966 est,

1895 2014 2019 2055 eum
2049 1997 2165 2054 fore
2188 2002 2473 2052 senectute
2500 1994 2707 2050 honore
2740 1995 3062 2049 ornandum.

1968 2089 2113 2146 XXI.
2160 2090 2371 2144 Anhna:
2430 2085 2686 2141 domicilii
2738 2101 2863 2156 pars
2916 2086 3163 2155 superior
3214 2095 3296 2141 est
3352 2098 3479 2140 vera

1898 2179 2297 2248 contemplatio.

1968 2270 2135 2329 XXII.
2165 2273 2370 2328 Amans
2398 2287 2520 2343 qua:
2545 2284 2653 2326 non
2691 2276 2926 2338 oportet,
2957 2267 3181 2323 minime
3203 2265 3478 2322 adamahis

1896 2378 2016 2433 quae
2042 2374 2274 2433 oportet.

1971 2453 2157 2511 XXIII.
2185 2455 2379 2513 Melius
2404 2465 2489 2512 est
2515 2452 2798 2525 possidere
2818 2464 3009 2506 aurum
3042 2465 3147 2505 non
3170 2461 3477 2522 purgatum,

1896 2562 2058 2617 quam
2083 2562 2190 2602 non
2222 2549 2521 2613 sincerum,
2553 2545 2901 2613 Iucatumque
2935 2541 3191 2597 amicum.

1970 2636 2162 2693 XXIV.
2190 2638 2388 2694 Anima
2421 2652 2555 2708 pura
2580 2644 2703 2707 post
2731 2634 2926 2699 Deum,
2962 2631 3124 2689 Deus.

1968 2728 2136 2784 XXV.
2159 2728 2203 2785 Ο
2230 2744 2390 2798 quam
2414 2727 2714 2784 cavendum
2739 2738 2770 2780 a
2789 2722 2959 2779 nimio
2983 2724 3066 2780 sui
3098 2723 3268 2793 ipsius
3293 2739 3482 2782 amore

1897 2820 2079 2878 omnia
2110 2821 2234 2876 odio
2262 2819 2519 2875 habente.

2131 2930 2476 2988 EIUSDEM
2513 2927 2717 2987 ALIE
2758 2928 3247 2988 SENTENTLE.

1970 3049 2022 3105 1.
2044 3046 2379 3119 Principium
2421 3046 2723 3114 charitatis,
2752 3026 3022 3103 est-alteri
3054 3048 3275 3103 alterius
3301 3046 3483 3116 gloriae

219 3142 329 3193 csiv
360 3141 621 3213 πραότητι
649 3145 739 3197 καὶ
786 3145 996 3218 ἀγάπῃ.
1041 3147 1094 3201 5.
1137 3148 1430 3221 Λικμητὴρ
1456 3150 1678 3222 ἀρετῆς,
1709 3150 1796 3206 λο-
1823 3166 1824 3185 ‘

1914 3151 2085 3196 uulua
2122 3142 2427 3212 responsio.
2485 3142 2542 3197 2.
2572 3141 2779 3198 Bonum
2832 3152 2917 3198 est
2958 3141 3223 3196 ditescere
3250 3139 3306 3193 in
3332 3153 3484 3193 man-

220 3231 413 3301 γισμὸς
452 3231 816 3305 ὑπερήφανος.
858 3236 914 3293 ι.
937 3236 1071 3291 Λεία
1120 3238 1239 3303 ὁδὸς
1288 3241 1392 3293 ύπδ
1426 3241 1796 3314 ἐλεημοσύνης

145 3372 151 3382 ,
219 3321 443 3391 γίνεται.
505 3325 557 3379 5.
601 3325 815 3389 ’Ἄδικος
869 3326 1149 3400 δικαστὴς,
1192 3330 1578 3405 μεμολυσμένη
1614 3333 1795 3389 συνεί-

212 3413 386 3483 δησις.
421 3411 477 3469 6.
510 3415 691 3470 Δεινόν
725 3418 842 3476 ἐστι
861 3418 1067 3473 ,πάθεσι
1087 3420 1358 3476 δουλεύειν
1388 3424 1609 3495 σαρκός.
1648 3426 1703 3481 7.
1733 3427 1796 3481 Εἰ

210 3501 389 3568 θέλεις
426 3504 630 3568 ἄλυπος
669 3502 1001 3570 εἶύαιωθεῶ
1029 3510 1282 3581 ἀρέσκειν
1329 3513 1619 3584 σπούδᾳζε.
1650 3515 1701 3569 8.
1737 3516 1797 3572 '0

210 3595 397 3659 καλῶς
425 3597 726 3667 φροντίζων
749 3601 969 3656 εσίτιτδυ.
1007 3603 1349 3672 φροντίζεται
1376 3605 1481 3659 ὑπὸ
1509 3606 1600 3659 τοῦ
1635 3605 1794 3663 Θεοῦ.

210 3689 267 3742 9.
298 3686 540 3759 Σώφρων
596 3690 813 3763 καρδιὸέι
850 3694 1018 3756 λιμὴν
1068 3693 1462 3769 θεωρημάτων.
1509 3699 1593 3754 l0.
1625 3700 1796 3754 Ὅταν

210 3777 375 3851 θέλῃς
403 3781 596 3833 σαυτὸν
634 3779 850 3850 γνῶναι
910 3800 999 3849 τις
1022 3782 1093 3851 εί,
1143 3785 1220 3860 μὴ
1262 3790 1561 3864 συγκρίνῃς
1597 3792 1681 3856 τίς
1705 3787 1793 3864 ἧς,

210 3867 349 3922 ἀλλὰ
392 3870 446 3922 τί
477 3870 707 3940 γέγονας
736 3873 798 3938 ἐξ
825 3873 1021 3945 ἀρχῆς.
1060 3874 1149 3932 11.
1179 3879 1397 3941 Λάκκος
1433 3883 1678 3954 ἄνυδρος,
1704 3901 1796 3954 φι-

210 3957 422 4030 λόδοξος
473 3961 644 4032 ψυχή.
699 3963 784 4017 12.
833 3962 1209 4037 ’Υπερήφανος
1262 3969 1429 4044 ψυχὴ,
1484 3974 1797 4046 πανδοχεῖον

209 4049 449 4124 λῃστῶν,
476 4056 626 4124 μισεῖ
655 4054 711 4108 δὲ
728 4049 861 4126 ἦχον
881 4056 1156 4127 γνώσεως.
1188 4062 1272 4116 15.
1314 4063 1573 4135 Ἀληθοῦς
1606 4066 1798 4139 ἀνδρὸς

214 4143 394 4214 πλάνη
426 4144 570 4216 κακὴ
594 4145 653 4198 τὸ
681 4145 754 4218 μὴ
798 4146 997 4201 εἰδέναι
1022 4150 1122 4215 τὰς
1148 4152 1187 4204 Γ
1192 4156 1393 4224 ραφάς.
1429 4156 1516 4211 14.
1555 4158 1619 4211 El
1656 4160 1795 4232 φοϐῇ

212 4232 309 4285 τὸν
358 4233 508 4298 Θεὸν,
559 4236 622 4289 ἐκ
668 4237 775 4289 τῶν
810 4236 1059 4310 δακρύων
1108 4242 1294 4310 γνῶθι.
1369 4245 1455 4300 15.
1489 4238 1798 4320 ’Λῤῥηκτον

211 4326 381 4381 ὂπλον
406 4333 868 4405 ταπεινοφροσύνη
912 4334 1106 4406 ψυχῆς.
1162 4335 1247 4391 16.
1279 4337 1504 4410 Δένδρον
1550 4339 1801 4412 παραδεί-

214 4433 313 4470 σου
352 4419 640 4491 φιλάρετος
690 4424 848 4496 ἀνήρ.
877 4426 963 4479 17.
1004 4426 1211 4498 Ἰησοῦς
1234 4428 1467 4500 Χριστὸς
1498 4428 1652 4494 ξύλον
1680 4432 1799 4486 ἐστὶ

1898 3233 2183 3289 suetudine
2227 3243 2280 3288 et
2311 3232 2596 3289 charitate.
2639 3234 2692 3289 5.
2724 3233 3024 3289 Ventilator
3047 3231 3261 3286 virtutis
3288 3239 3371 3285 εει
3396 3245 3484 3284 su-

1897 3329 2064 3398 perba
2109 3329 2384 3398 cogitatio.
2426 3329 2482 3384 4.
2507 3328 2673 3385 Plana
2734 3330 2819 3384 ria
2875 3328 2935 3383 Iit
2990 3328 3059 3383 ab
3113 3326 3477 3392 eleemosyna.

1897 3419 1950 3476 5.
1982 3418 2222 3491 iniustus
2244 3418 2410 3492 iudex
2437 3429 2521 3477 est
2571 3419 2905 3477 conscientia
2943 3418 3244 3489 inquinata.
3281 3416 3332 3472 6.
3373 3415 3480 3469 Du.

1899 3528 2015 3568 rum
2042 3522 2127 3570 est
2170 3516 2377 3570 servire
2424 3512 2771 3584 passionibus
2800 3512 3007 3568 carnis.
3076 3510 3130 3565 7.
3162 3507 3219 3564 Si
3252 3508 3485 3562 volueris

1897 3621 2019 3663 esse
2040 3606 2246 3677 absque
2293 3605 2499 3673 dolore,
2531 3608 2687 3661 stude
2739 3605 2955 3675 placere
2991 3602 3122 3659 Deo.
3160 3602 3213 3656 8.
3244 3600 3344 3668 Qui
3388 3602 3484 3653 ho-

1898 3708 2052 3753 neste
2101 3699 2184 3754 sui
2212 3713 2397 3754 curam
2426 3698 2586 3770 gerit,
2637 3697 2807 3768 ipsius
2856 3712 2887 3750 a
2940 3695 3052 3751 Deo
3094 3709 3223 3751 cura
3255 3693 3480 3763 geritur.

1897 3788 1950 3845 9.
2013 3788 2348 3860 Temperans
2399 3803 2496 3844 cor
2548 3799 2735 3858 portus
2795 3795 2879 3844 est
2942 3785 3481 3856 contemplationum.

1900 3881 1998 3936 10.
2033 3879 2259 3949 Quando
2287 3881 2437 3936 voles
2462 3889 2513 3936 te
2566 3881 2738 3950 ipsum
2788 3893 2947 3934 nosse
2974 3878 3222 3949 quisnam
3268 3875 3363 3940 sis,
3419 3891 3491 3930 ne

1899 3988 2186 4044 compares
2219 3989 2341 4029 cum
2368 3989 2456 4042 eo,
2491 3974 2613 4044 quis
2635 3988 2781 4039 eras,
2815 3973 2907 4029 sed
2939 3986 3060 4028 cum
3092 3985 3157 4025 eo
3188 3970 3277 4041 qui
3305 3969 3373 4024 ab
3402 3970 3486 4024 in-

1899 4066 1995 4122 itio
2024 4064 2190 4121 fuisti.
2224 4066 2313 4121 11.
2343 4064 2591 4122 Cisterna
2639 4065 2760 4119 sine
2795 4078 2935 4134 aqua
2964 4071 3048 4118 est
3075 4062 3253 4117 anima
3303 4059 3488 4130 glorias

1898 4143 2112 4227 cupida.
2155 4157 2243 4211 l2.
2268 4157 2462 4212 Anima
2517 4156 2753 4225 superba
2827 4156 3055 4210 taberna
3082 4163 3165 4209 est
3193 4153 3486 4216 latronum,

1901 4249 2125 4318 oditque
2154 4248 2392 4304 sonitum
2431 4247 2693 4304 scientiae.
2732 4247 2819 4301 15.
2852 4243 2981 4302 Veri
3018 4244 3121 4299 viri
3174 4243 3345 4299 malus
3402 4252 3488 4298 est

1899 4356 2053 4396 error
2081 4338 2291 4395 nescire
2313 4337 2644 4410 Scripturas.
2673 4338 2761 4395 14.
2790 4337 2873 4393 An
2897 4339 3065 4395 Deum
3090 4336 3303 4403 timeas,
3328 4351 3491 4407 agno-

1900 4433 2038 4488 scito
2066 4447 2099 4488 e
2121 4431 2397 4503 lacrymis.
2442 4431 2526 4487 15.
2561 4432 2851 4488 Armatura
2904 4430 3134 4486 infracta
3157 4438 3241 4485 est
3267 4427 3487 4485 humili-

214 4507 383 4602 ζωῆς.
414 4512 545 4585 Χρῶ
575 4514 726 4586 αὐτῷ
757 4495 831 4582 ὡς
855 4517 955 4581 δεῖ,
1101 4520 1161 4572 οὐ
1191 4519 1264 4591 μὴ
1287 4495 1571 4594 αποθάνῃς
1604 4526 1684 4587 είς
1706 4525 1796 4578 τὸν

1914 4541 1990 4587 tas
2017 4495 2361 4587 attimmslfi.
2391 4532 2569 4586 Arbor
2618 4531 2855 4602 paradisi
2904 4542 2986 4586 est
3009 4530 3092 4584 vir
3120 4531 3347 4600 cupidus
3376 4528 3486 4583 vir-

213 4600 407 4655 αίῶνα.
442 4602 525 4657 18.
562 4604 851 4677 Εὐεργέτει
881 4609 1007 4672 τοὺς
1036 4608 1203 4674 ὅντως
1236 4611 1504 4683 πτωχοὺς,
1532 4616 1625 4666 καὶ
1657 4613 1799 4686 βρώ-

215 4708 288 4766 σῃ
311 4694 566 4765 Χριστόν.
607 4697 694 4753 19.
734 4696 920 4769 Ῥώμη
948 4700 1176 4771 ἀληθὴς.
1202 4702 1264 4755 τὸ
1288 4702 1381 4756 τοῦ
1408 4704 1646 4776 Χριστοῦ
1694 4704 1800 4759 σῶ-

218 4802 296 4855 μα
321 4784 537 4841 ἐσθίειν.
587 4788 678 4841 20.
711 4789 773 4842 Ei
817 4790 990 4859 φιλεῖς
1037 4791 1124 4845 τὸν
1173 4794 1426 4864 Χριστὸν,
1456 4795 1557 4860 τὰς
1579 4796 1800 4862 ἐντολὰς

214 4876 381 4929 αὑτοῦ
414 4881 601 4949 τηρεῖν
622 4879 722 4932 οὐκ
749 4880 1001 4955 ἐπιλάϐῃ.
1030 4883 1120 4937 2i.
1159 4884 1398 4940 Ἐκεῖθεν
1423 4885 1532 4959 γὰρ
1564 4888 1795 4958 ἀναφαί-

214 4982 364 5019 νεται
402 4966 703 5039 εὐεργέτης
726 4971 863 5040 μετὰ
889 4970 1042 5028 Θεόν.
1103 4972 1194 5027 22.
1236 4974 1293 5027 '0
1317 4976 1459 5031 κατὰ
1482 4978 1615 5032 Θεὸν
1646 4979 1797 5050 φίλος

217 5054 329 5125 ῥέει
361 5057 501 5126 γάλα
538 5060 632 5113 καὶ
681 5060 801 5131 μέλι
838 5063 952 5127 τοῖς
981 5062 1205 5136 ἀληθέσι
1240 5065 1438 5135 λόγοις.
1465 5068 1556 5123 23.
1605 5070 1669 5124 'H
1696 5071 1796 5145 ῥᾴ-

217 5148 386 5219 θυμος
418 5151 474 5205 δὲ
515 5151 683 5225 ψυχὴ.
724 5153 959 5210 τοιοῦτον
997 5158 1093 5228 οὐχ
1135 5157 1246 5223 ἕξει
1277 5159 1449 5230 φίλον.
1501 5162 1591 5219 24.
1637 5164 1798 5236 Ὠμὸς

217 5238 500 5314 δεσπότης,
550 5244 829 5317 φιλήδονος
885 5246 1162 5319 λογισμός.
1196 5249 1298 5320 ἓξ.
1336 5251 1501 5323 Σιγᾷν
1534 5253 1633 5325 τὴν
1664 5253 1798 5325 ἀλή-

100 5384 107 5395 .
178 5330 190 5371 1
220 5330 389 5399 θειαν,
416 5337 614 5406 χρυσόν
636 5339 751 5393 ἐστι
782 5338 1027 5396 θάπτειν.
1068 5342 1158 5398 '26.
1212 5343 1272 5397 '0
1330 5343 1661 5416 φοϐούμενος
1700 5347 1792 5402 τὸν

216 5420 373 5491 Θεὸν,
402 5426 542 5482 κατὰ
570 5428 702 5486 Θεὸν
732 5430 908 5486 πάντα
940 5437 1100 5490 ποιεῖ.

1906 4623 2056 4680 ιυιίε.
2094 4623 2181 4678 17.
2212 4621 2368 4679 Jesus
2394 4621 2643 4678 Christus
2678 4632 2758 4677 est
2786 4623 2989 4693 lignum
3014 4620 3157 4684 vitae,
3191 4629 3345 4675 utere
3369 4621 3485 4690 ipso

1906 4723 1965 4770 ut
1995 4722 2231 4794 oportet,
2273 4723 2463 4769 etnon
2501 4713 2748 4769 morieris
2778 4713 2832 4769 in
2870 4723 3150 4768 aeternum.
3193 4711 3279 4766 18.
3314 4711 3486 4768 Bene-

1906 4805 1991 4860 [οε
2015 4804 2102 4860 his
2134 4804 2224 4872 qui
2285 4813 2409 4859 sunt
2442 4818 2572 4859 vere
2626 4818 2916 4873 pauperes,
2948 4811 3005 4857 et
3049 4801 3301 4856 comedes
3331 4800 3489 4857 Citri-

1906 4906 2069 4954 stum.
2112 4896 2199 4953 19.
2223 4895 2409 4952 Robur
2431 4910 2618 4950 verum
2655 4904 2739 4950 est
2769 4893 2968 4951 Christi
3017 4907 3213 4963 corpus
3239 4894 3490 4949 comede-

1902 5007 1983 5048 re.
2021 4990 2113 5048 20.
2146 4990 2203 5047 Si
2237 5005 2389 5045 amas
2410 4988 2707 5055 Christum,
2731 4987 2851 5058 ejus
2875 4988 3127 5043 mandata
3180 5000 3398 5042 servare
3422 4999 3494 5040 ne

1904 5082 2267 5139 obliviscaris.
2335 5080 2428 5135 2i.
2464 5080 2592 5135 Inde
2648 5094 2885 5149 namque
2931 5077 3340 5133 demonstratur
3393 5077 3488 5145 qui

1906 5184 2027 5245 post
2053 5174 2220 5229 Deum
2260 5181 2344 5230 est
2373 5172 2706 5230 benefactor.
2746 5171 2837 5226 22.
2859 5169 2960 5238 Qui
2997 5168 3292 5225 secundum
3318 5168 3487 5222 Deum

1905 5265 2112 5320 amicus
2143 5274 2246 5329 est,
2309 5262 2418 5329 lac,
2476 5271 2531 5319 et
2586 5260 2713 5327 mel,
2765 5261 2910 5316 veris
2954 5259 3073 5314 ﬂuit
3116 5258 3483 5314 sermonibus.

1898 5356 1998 5413 25.
2022 5356 2217 5411 Anima
2251 5370 2380 5410 vero
2425 5355 2577 5426 pigra
2636 5351 2797 5408 talem
2828 5366 2935 5408 non
2983 5349 3204 5405 habebit
3228 5350 3481 5405 amicum.

1895 5450 1987 5506 24.
2048 5448 2296 5505 Crudelis
2358 5449 2541 5514 herus,
2583 5444 2839 5518 cogitatio
2906 5442 3100 5513 cupida
3165 5439 3476 5509 voluptatis.

1902 5541 1995 5599 25.
2024 5540 2227 5597 Tacere
2257 5542 2541 5596 veritatem
2584 5548 2668 5594 est
2725 5550 2917 5593 aurum
2959 5532 3207 5603 sepelire.
3245 5530 3339 5588 26.
3380 5530 3485 5599 Qui
3532 5518 3544 5607 1

1909 5634 2060 5688 timet
2090 5633 2282 5703 Deum,
2316 5632 2443 5690 facit
2469 5633 2650 5691 omnia
2682 5629 2979 5687 secundum
3008 5625 3198 5685 Deum.
3318 5648 3331 5659 -

1707 5762 2019 5785 ψ

3535 2618 3745 2719 ’.καὶ
