4000 6336
1703 399 1890 410 ,ς’-οη..-

1038 595 1189 697 ΙΝ
1359 591 1999 697 SEXTUM
2111 591 2660 698 TOMUM

1537 820 2166 1010 ῇβτθεῖᾱιὶο
2184 927 2215 959 .

1632 1083 2103 1140 «audesne»

1703 400 1728 407 ο
1753 399 1890 410 ..η-η.-

269 1237 618 1294 Exhibentur
645 1238 756 1294 hoc
784 1246 940 1294 sexto
961 1237 1228 1294 volumine
1242 1237 1507 1309 Opuscula
1538 1238 1682 1293 varia
1705 1235 2004 1306 Augustini,
2033 1247 2151 1305 qure
2169 1230 2472 1288 conducunt
2506 1230 2573 1286 ad
2596 1231 2957 1288 informandos
2977 1247 3190 1288 mores:
3221 1232 3480 1304 praeclara

222 1332 412 1403 quidem
434 1331 556 1398 illa,
587 1342 646 1387 et
669 1333 906 1402 ingentis
935 1348 1027 1402 per
1045 1346 1105 1387 se
1131 1332 1310 1402 pretii,
1333 1332 1426 1388 sed
1448 1331 1654 1386 ordinis
1680 1329 1918 1385 melioris
1935 1328 2240 1383 accessione
2254 1326 2497 1381 habitura
2519 1327 2859 1397 splendorem
2888 1327 2977 1382 hic
3000 1343 3198 1384 novum
3218 1342 3281 1382 ac
3299 1327 3498 1384 lucem.

225 1427 402 1496 Nempe
438 1427 568 1483 ista:
617 1425 1016 1482 lucubrationes
1043 1426 1093 1481 in
1123 1426 1445 1482 editionibus
1470 1435 1594 1480 ante
1620 1423 1847 1494 vulgatis
1891 1421 1968 1476 sic
1993 1420 2260 1475 distracta:
2301 1428 2472 1485 erant,
2497 1428 2555 1474 ut
2582 1420 2823 1490 quaedam
2863 1421 2914 1475 in
2962 1429 3108 1475 tomo
3159 1419 3394 1476 secundo
3423 1435 3487 1474 ac

227 1523 359 1576 tertio
397 1522 544 1577 inter
589 1522 901 1591 exegcticos
925 1521 1108 1585 libros,
1139 1519 1381 1590 quaedam
1410 1533 1537 1574 vero
1573 1519 1713 1572 inter
1760 1516 2049 1587 polemicos
2072 1524 2218 1570 tomo
2263 1522 2436 1578 sexto,
2471 1522 2615 1568 tomo
2646 1527 2786 1568 nono
2827 1513 2944 1566 aliae
2973 1522 3094 1583 post
3117 1513 3393 1568 Tractatus
3440 1512 3495 1567 in

234 1612 467 1668 Joannem
497 1613 813 1684 legerentur
842 1631 856 1668 :
881 1629 1038 1683 quam
1066 1613 1467 1683 dispositionem
1495 1609 1704 1666 Erasmi
1721 1609 1851 1664 olim
1873 1623 2000 1663 cura
2021 1608 2336 1673 institutam,
2356 1607 2567 1662 tametsi
2594 1617 2776 1677 postea
2798 1616 3008 1677 recepta
3035 1617 3117 1662 est
3144 1623 3174 1661 a
3199 1606 3497 1663 Lovanien-

233 1706 364 1762 sibus
390 1706 713 1777 Theologis,
738 1716 947 1762 mutare
971 1706 1070 1762 hac
1084 1721 1219 1760 nova
1247 1705 1478 1761 editione
1507 1704 1840 1760 decrevimus
1869 1720 1884 1769 ;
1932 1711 1988 1757 ut
2006 1718 2125 1773 qua:
2151 1702 2392 1772 ejusdem
2429 1702 2642 1771 generis
2665 1711 2754 1756 aut
2784 1702 2974 1757 similis
3002 1705 3297 1774 argumenti
3351 1711 3496 1771 sunt,

232 1817 284 1856 ea
311 1802 654 1857 continenter
681 1816 749 1857 ac
769 1799 1013 1856 ordinate
1039 1798 1272 1870 perlecta
1299 1806 1353 1853 et
1399 1796 1764 1868 intelligantur
1813 1796 2006 1850 melius
2034 1809 2064 1848 a
2109 1793 2382 1860 studiosis,
2431 1803 2486 1849 et
2505 1809 2690 1848 eorum
2726 1793 2882 1849 altius
2910 1794 3101 1850 animis
3127 1794 3500 1866 mentibusque

594 1983 784 2040 damus
810 1985 1172 2053 Quaestionum
1204 1983 1368 2038 libros
1387 1979 1666 2053 quosdam,
1700 1980 1756 2034 in
1777 1979 1967 2050 quibus
1993 1987 2116 2033 sunt
2135 1977 2446 2034 nominandi
2473 1994 2581 2048 pra:
2605 1979 2815 2034 caeteris
2836 1978 2958 2034 libri
2983 1979 3049 2034 ad
3074 1979 3498 2050 Simplicianum,

232 2077 527 2148 Augustino
551 2076 657 2146 jam
677 2076 932 2148 episcopo
975 2091 1095 2130 cum
1127 2075 1246 2130 illos
1275 2073 1462 2139 edidit,
1491 2087 1647 2144 quam
1684 2071 1998 2143 dignissimi.
2041 2070 2172 2125 Nam
2205 2071 2298 2141 qui
2328 2073 2475 2141 prius
2500 2071 2566 2126 de
2595 2071 2718 2127 ﬁdei
2745 2081 2799 2126 et
2826 2073 3010 2142 gratia:
3034 2073 3189 2130 donis
3217 2090 3323 2130 non
3354 2084 3502 2131 recte

231 2182 477 2228 senserat
505 2172 559 2226 in
590 2173 965 2243 seriptionibus
987 2173 1191 2244 aliquot
1217 2173 1351 2239 suis,
1384 2172 1485 2227 hoc
1525 2172 1578 2226 in
1599 2185 1763 2240 opere
1789 2170 1888 2224 sub
1915 2169 2193 2224 exordium
2211 2168 2548 2240 episcopatus
2568 2169 2650 2223 sui
2681 2169 2880 2239 scripto
2900 2171 3222 2241 resipiscens
3251 2171 3503 2228 emenda-

231 2266 320 2332 vit,
350 2265 648 2337 abjecitquc
675 2282 916 2322 errorem
943 2281 1118 2333 suum,
1146 2268 1420 2338 apostolico
1450 2266 1723 2339 praecipue,
1766 2266 1920 2321 sicuti
1946 2266 1997 2320 in
2028 2265 2164 2320 libro
2207 2264 2275 2322 de
2318 2265 2790 2322 Praedestinatione
2837 2275 3143 2323 sanctorum
3187 2267 3496 2339 prolitetur,

233 2358 473 2412 conrictus
503 2361 802 2424 testimonio,
831 2375 898 2416 ex
927 2359 948 2413 Ι
975 2359 1100 2416 Cor.
1127 2361 1252 2426 tv,7
1276 2379 1289 2414 :
1321 2361 1463 2431 quod
1492 2360 1838 2416 nihilominus
1865 2359 2044 2416 divino
2083 2359 2293 2416 muneri
2322 2375 2384 2416 ac
2419 2361 2727 2417 revelationi
2779 2362 3120 2418 tribuendum
3145 2361 3241 2418 Vir
3281 2373 3498 2420 sanctus
3586 2372 3590 2378 '

234 2447 416 2503 ibidem
442 2451 701 2521 agnoscit.
728 2452 1040 2521 Quanquam
1065 2466 1192 2522 ergo
1229 2452 1317 2507 illa
1345 2451 1412 2506 ad
1448 2452 1851 2522 Simplicianum
1873 2451 2233 2522 disputatione
2261 2468 2374 2508 rem
2423 2454 2615 2509 alicubi
2660 2465 2837 2511 verset
2888 2456 2939 2510 iu
2967 2467 3242 2527 utramque
3271 2466 3498 2528 partem,

236 2541 487 2597 dubitanti
531 2558 719 2614 parum
747 2544 1017 2599 dissimilis
1043 2544 1062 2616 (
1093 2542 1236 2615 quod
1277 2546 1513 2614 proiecto
1555 2543 1858 2614 disputandi
1910 2558 2076 2614 genus
2126 2542 2380 2600 lectorem
2424 2546 2662 2616 postulat
2705 2562 2947 2618 sagacem
3004 2547 3498 2621 vigilantemque);

235 2643 453 2688 attamen
479 2649 538 2689 se
549 2635 657 2704 jam
681 2644 791 2689 tum
819 2645 1086 2706 antequam
1111 2633 1392 2706 Pelagiana
1418 2635 1621 2689 haeresis
1632 2645 1916 2705 appareret,
1944 2636 2022 2691 sic
2047 2634 2364 2691 disseruisse
2379 2635 2509 2691 dicit
2536 2635 2604 2692 de
2627 2636 2769 2692 dono
2794 2641 3202 2708 perseverantia:
3225 2641 3489 2711 scribens,

235 2735 286 2777 ut
309 2742 479 2796 neque
510 2729 803 2780 remanserit
840 2728 1034 2797 aliquid
1061 2744 1160 2797 quo
1204 2736 1403 2782 vocetur
1421 2728 1474 2781 in
1503 2727 1954 2798 dubiumgratiam
1981 2728 2079 2783 Dei
2117 2746 2217 2784 non
2245 2730 2519 2784 secundum
2544 2733 2719 2786 merita
2749 2747 2920 2788 nostra
2949 2735 3082 2802 dari,
3115 2746 3160 2791 et
3199 2738 3321 2792 satis
3349 2741 3505 2810 egerit

236 2818 374 2870 etiam
395 2819 597 2871 initium
636 2821 759 2889 fidei
786 2836 890 2876 esse
918 2822 1106 2875 donum
1149 2821 1277 2887 Dei,
1303 2831 1465 2891 utque
1490 2838 1552 2876 ea:
1575 2822 1636 2876 iis
1672 2837 1787 2893 qua
1816 2822 1883 2876 ibi
1910 2823 2045 2876 dicta
2074 2833 2212 2890 sunt,
2261 2835 2616 2894 consequenter
2657 2826 2867 2894 eluceat,
2899 2831 3050 2883 etiam
3080 2847 3236 2901 usque
3271 2833 3326 2886 in
3354 2833 3507 2902 ﬁnem

233 2912 642 2976 perseverantiam
667 2914 868 2968 nonnisi
895 2913 956 2967 ab
985 2930 1042 2968 eo
1083 2915 1286 2982 donari,
1309 2915 1395 2986 qui
1412 2931 1506 2970 nos
1535 2915 1908 2985 prwdestinaoit
1934 2917 1986 2969 in
2015 2933 2162 2970 suum
2187 2934 2396 2988 regnum
2424 2927 2471 2972 et
2489 2917 2726 2989 gloriam.

293 3001 481 3057 Finitis
513 3004 939 3074 Quaestionibus,
966 3007 1133 3062 series
1161 3008 1344 3077 incipit
1371 3007 1757 3077 Opusculornm
1783 3023 1903 3078 qua:
1929 3007 1996 3060 ad
2023 3023 2202 3064 mores
2241 3011 2410 3080 magis
2454 3012 2700 3066 attinent.
2733 3012 2970 3068 Primum
3001 3028 3067 3070 ex
3087 3012 3177 3070 liis
3217 3016 3408 3073 librum
3439 3019 3508 3077 de

231 3094 350 3151 Fide
378 3113 558 3152 rerum
585 3114 704 3168 qua:
731 3115 836 3154 non
866 3099 1129 3167 videntur,
1163 3102 1465 3156 restitutum
1515 3102 1653 3156 imus
1705 3101 2024 3172 Augustino,
2077 3102 2160 3156 cui
2219 3118 2498 3173 perperam
2556 3104 2729 3158 fuerat
2780 3105 2990 3161 Erasmi
3018 3117 3072 3162 et
3096 3108 3505 3167 Lovanieusium

232 3187 615 3260 Theologorum
662 3193 925 3247 sententia
961 3203 1198 3264 ereptus.
1235 3193 1588 3264 Subsequitur
1628 3195 1946 3264 opusculum
1995 3194 2065 3251 de
2105 3195 2238 3250 Fide
2285 3205 2338 3250 et
2367 3195 2647 3267 Symbolo,
2699 3198 2840 3267 quod
2893 3199 3250 3269 Hipponensis
3297 3203 3508 3260 consilii

231 3284 486 3353 episcopis
510 3293 786 3353 acceptum
823 3285 1021 3342 referre
1041 3286 1320 3353 debemus,
1339 3302 1564 3356 quorum
1589 3286 1833 3355 jussione
1873 3288 2208 3357 Augustinus
2241 3288 2637 3358 episc0palibus
2665 3291 2898 3344 nondum
2926 3291 3106 3347 infulis
3145 3305 3434 3351 exornatus
3454 3297 3508 3351 id

230 3375 514 3444 argumenti
563 3376 810 3430 tractavit
841 3377 895 3431 in
949 3377 1039 3432 illo
1085 3377 1246 3432 totius
1276 3376 1471 3431 Africae
1511 3377 1756 3446 plenario
1799 3390 2104 3442 consessu;
2149 3392 2309 3445 quem
2341 3378 2500 3430 etiam
2547 3387 2828 3431 tractatum
2884 3381 3069 3434 amicis
3117 3383 3508 3442 studiosissime

230 3468 536 3525 instantibus
556 3472 610 3524 in
643 3470 837 3525 librum
864 3471 1108 3542 redigere
1128 3472 1436 3541 compulsus
1459 3478 1560 3526 est.
1595 3469 1845 3526 Proxime
1871 3469 2174 3538 adjungitur
2193 3469 2326 3524 liber
2352 3469 2419 3524 de
2449 3469 2580 3524 Fide
2609 3478 2664 3524 et
2684 3469 2966 3539 Operibus,
2992 3473 3043 3525 in
3067 3488 3163 3528 eos
3181 3475 3498 3547 publicatus,

229 3564 316 3632 qui
331 3564 627 3618 sentiebant
646 3573 702 3619 et
724 3579 911 3620 omnes
949 3565 1078 3619 citra
1109 3564 1397 3620 discrimen
1423 3561 1781 3617 admittendos
1810 3563 1878 3619 ad
1904 3563 2255 3630 Baptismum,
2283 3570 2338 3616 et
2367 3569 2633 3631 praecepta
2680 3577 2890 3616 morum
2922 3564 3132 3618 nonnisi
3173 3577 3294 3635 post
3322 3568 3509 3638 Bapti-

228 3670 396 3709 smum
427 3656 704 3722 tradenda,
735 3666 790 3712 et
815 3657 1033 3712 demum
1085 3657 1379 3727 baptizatos
1429 3655 1733 3710 christianae
1785 3654 1911 3710 ﬁdei
1946 3654 2139 3708 merito
2169 3653 2456 3709 salvandos
2503 3667 2644 3719 esse,
2672 3654 2882 3709 etiamsi
2913 3671 3092 3711 mores
3118 3661 3508 3727 quantumlibet

229 3747 428 3818 iniquos
457 3765 733 3819 nunquam
764 3751 1037 3803 mutarint.
1063 3751 1234 3816 Quam
1258 3749 1470 3805 tertiam
1507 3749 1815 3818 opinionem
1862 3763 1982 3802 cum
2014 3747 2518 3816 perniciosissimam
2545 3745 2811 3816 judicaret
2864 3747 2922 3804 S.
2956 3748 3180 3820 Doctor,
3200 3754 3508 3808 convellen-

227 3839 340 3894 dam
373 3842 611 3911 suscepit
638 3857 744 3896 non
780 3841 966 3907 semel,
1014 3842 1107 3896 sed
1152 3857 1311 3895 manu
1354 3841 1524 3895 amica
1574 3855 1790 3908 semper
1833 3848 1884 3893 et
1916 3838 2134 3909 paciﬁca
2170 3852 2184 3901 ;
2215 3836 2337 3906 quia
2382 3835 2673 3906 profectam
2709 3837 2777 3891 ab
2821 3840 3126 3894 auctoribus
3167 3840 3305 3897 haud
3345 3842 3508 3900 dubie

225 3934 495 3988 catholicis
519 3950 580 3988 ac
607 3935 708 4003 piis
742 3935 969 4004 :quibus
991 3935 1117 3989 dum
1148 3934 1378 3988 occurrit
1405 3934 1455 3986 iu
1485 3933 1577 3986 lib.
1609 3931 1672 3986 21
1707 3931 1773 3986 de
1815 3930 2040 3985 Civitate
2086 3929 2199 3993 Dei,
2231 3944 2350 3998 cap.
2379 3930 2466 3994 i7,
2503 3927 2656 3983 Nunc
2667 3931 2802 3999 jam,
2836 3931 2928 3996 ait,
2959 3949 3074 3986 cum
3103 3934 3506 3991 misericordibus

225 4024 401 4076 nostris
427 4025 681 4094 agendum
711 4041 817 4079 esse
845 4024 986 4078 video
1012 4033 1058 4077 et
1088 4025 1298 4094 pacifice
1321 4023 1706 4091 disputandum.
1738 4021 1874 4076 Hinc
1904 4022 2060 4090 longe
2090 4019 2279 4074 abesse
2316 4034 2422 4073 non
2448 4020 2686 4088 oportuit
2715 4020 3082 4087 Enchiridion,
3130 4039 3236 4094 quo
3263 4026 3505 4082 doctrina

226 4116 445 4170 traditur
472 4117 542 4171 de
566 4117 718 4180 Fide,
749 4117 854 4188 Spe
875 4126 928 4172 et
952 4117 1224 4172 Cltaritate
1256 4135 1270 4171 :
1317 4131 1450 4184 cpus
1470 4131 1596 4170 vere
1611 4130 1849 4180 aureum,
1879 4124 2134 4168 nocturna
2163 4122 2216 4168 et
2242 4112 2428 4166 diurna
2467 4128 2627 4168 manu
2658 4114 2998 4170 versandum.
3024 4117 3182 4172 Liber
3205 4119 3272 4174 de
3317 4123 3503 4193 Agone

225 4204 529 4262 Christiano
553 4209 745 4264 eodem
790 4208 902 4264 fere
923 4219 1146 4279 spectat,
1181 4208 1300 4263 ﬁdei
1331 4208 1588 4279 Regulam
1616 4208 1895 4261 continens
1921 4218 1974 4261 et
2003 4215 2266 4276 praecepta
2305 4205 2541 4260 vivendi.
2573 4207 2679 4260 Hos
2723 4207 2789 4262 de
2819 4207 2949 4263 Fide
2971 4209 3134 4264 libros
3154 4214 3348 4283 excipit
3367 4230 3503 4284 opus

225 4299 285 4355 de
307 4301 716 4357 Catechizandis
745 4303 984 4368 rudibus,
1013 4304 1212 4358 editum
1236 4313 1419 4373 rogatu
1454 4303 1662 4356 diaconi
1691 4300 2126 4370 Carthaginensis
2163 4300 2491 4370 Deogratias,
2519 4299 2585 4353 ad
2620 4315 2778 4370 quem
2807 4302 3000 4371 saepius
3029 4305 3214 4372 primis
3245 4307 3364 4361 fidei
3393 4309 3505 4363 ele-

225 4395 413 4448 mentis
456 4394 731 4449 imbueudi
760 4395 1160 4450 deducebantur
1207 4410 1479 4449 sacrarum
1522 4395 1820 4448 litterarum
1861 4393 2040 4448 rudes.
2069 4391 2375 4447 Succedunt
2419 4392 2575 4445 simul
2604 4409 2723 4446 cum
2772 4402 2997 4448 tractatu
3040 4396 3106 4450 de
3135 4396 3498 4470 Continentia,

223 4502 337 4556 qua:
369 4490 610 4544 materia:
631 4498 685 4544 et
725 4490 1021 4560 argumenti
1050 4491 1130 4544 sui
1155 4488 1412 4544 afﬁnitate
1436 4488 1736 4559 conjunctae
1760 4497 1885 4542 sunt
1929 4489 2068 4544 inter
2090 4503 2148 4543 se
2175 4488 2595 4550 lucubrationes,
2631 4489 2698 4542 de
2715 4488 2863 4544 Bono
2903 4490 3021 4559 conj
3034 4492 3189 4560 ugali,
3215 4492 3282 4549 de
3310 4505 3497 4552 sancta

228 4580 557 4652 Virginitate,
588 4583 657 4638 de
682 4583 828 4638 Bono
858 4583 1161 4648 Viduitatis,
1190 4582 1258 4638 de
1303 4582 1578 4652 Conjugiis
1601 4580 1937 4636 adulterinis.
1978 4580 2168 4634 Postea
2191 4579 2258 4635 de
2285 4579 2579 4646 Mendacio,
2606 4588 2660 4634 et
2700 4589 2885 4635 contra
2915 4580 3245 4638 Mendacium
3282 4603 3295 4641 :
3324 4602 3404 4652 ac,
3429 4603 3502 4644 ne

222 4670 423 4744 singula
453 4689 858 4743 persequamur,
882 4674 1066 4728 ordine
1092 4673 1270 4728 omnia
1295 4681 1445 4728 certo
1473 4673 1794 4743 pmprioque
1818 4680 1943 4726 sunt
1963 4671 2242 4725 collocata.

294 4766 516 4836 Verum,
545 4768 686 4838 quod
714 4769 790 4824 rei
814 4777 969 4838 caput
997 4768 1383 4832 existimamus,
1433 4767 1739 4821 criticorum
1771 4766 1824 4820 in
1863 4764 1976 4835 ipsa
2005 4765 2269 4837 Opuscula
2292 4765 2572 4837 judicium,
2606 4767 2650 4820 si
2681 4767 2798 4837 quis
2824 4767 2957 4823 forte
2988 4769 3166 4839 injecit
3190 4770 3255 4827 de
3276 4783 3495 4831 auctore

218 4862 546 4930 scrupulum,
581 4860 648 4915 ad
669 4876 894 4916 examen
933 4870 1152 4916 vocatur
1186 4878 1199 4914 :
1227 4859 1468 4930 quaedam
1497 4874 1614 4929 qua:
1637 4874 1737 4930 pro
1762 4859 1938 4914 nothis
1983 4859 2165 4914 haberi
2192 4858 2462 4925 volebant,
2490 4860 2714 4929 genuina
2742 4875 2862 4916 esse
2906 4873 3306 4931 monstrantur;
3338 4867 3440 4922 alia
3466 4883 3498 4924 e

220 4955 491 5010 contrario
521 4970 640 5024 qua:
659 4954 906 5011 solebant
935 4953 1179 5024 genuinis
1228 4952 1540 5022 adjungere,
1566 4952 1653 5006 vel
1703 4954 2050 5022 repudiantur
2090 4960 2148 5005 ut
2196 4951 2381 5016 notha,
2429 4951 2515 5005 vel
2557 4952 2737 5023 aliquo
2757 4953 3064 5010 discrimine
3103 4966 3416 5026 separantur
3441 4967 3503 5016 ut

218 5047 396 5104 dubia.
427 5049 597 5118 Hujus
623 5050 937 5119 posterioris
961 5048 1171 5120 generis
1215 5056 1342 5102 sunt
1387 5055 1641 5102 tractatus
1669 5047 1736 5101 de
1764 5045 2019 5116 Symbolo
2046 5045 2110 5099 ad
2135 5044 2582 5111 Catechumenos,
2625 5055 2678 5100 et
2701 5046 2790 5100 alii
2817 5048 3031 5119 quidam
3083 5065 3145 5102 ex
3181 5058 3323 5103 tomo
3352 5067 3498 5110 nono

219 5144 457 5198 translati
486 5143 766 5198 huclibelli
791 5144 905 5198 sive
923 5143 1230 5208 Sermones,
1252 5157 1386 5213 quos
1406 5142 1459 5196 in
1485 5149 1722 5196 extrema
1747 5140 2025 5194 voluminis
2045 5148 2196 5209 parte
2235 5139 2608 5195 minutioribus
2629 5142 2768 5213 typis
2788 5157 3013 5199 excusos
3027 5155 3502 5212 reprmseutamus.

283 5257 341 5314 In
360 5258 669 5314 adornanda
697 5273 909 5329 quoque
941 5256 1249 5328 Appendice
1275 5272 1374 5313 nec
1398 5260 1587 5328 exigua
1633 5271 1759 5311 cura
1788 5298 1803 5323 ,
1829 5271 1926 5311 nec
1980 5256 2154 5310 inanis
2198 5256 2352 5311 labor
2401 5257 2673 5327 impensus
2711 5269 2811 5314 est.
2844 5260 3230 5330 Opusculornm
3279 5265 3503 5322 subditi-

213 5350 409 5406 tiorum
438 5351 650 5421 quaesiti
679 5359 804 5406 sunt
841 5360 894 5406 et
919 5351 1117 5420 reperti
1144 5350 1453 5420 plerumque
1479 5356 1745 5404 auctores.
1775 5347 1979 5418 Hugoni
2009 5347 2281 5402 Victorino
2328 5348 2630 5405 vindicatur
2657 5351 2868 5406 libellus
2913 5351 2979 5406 de
3028 5351 3332 5412 Substantia
3365 5358 3499 5416 dile-

211 5443 407 5498 ctionis
439 5460 454 5508 ;
489 5443 771 5512 eidemque
798 5442 900 5513 ipsi
924 5442 1164 5497 redditur
1192 5457 1328 5512 opus
1358 5440 1424 5496 de
1445 5449 1648 5511 septem
1678 5437 1854 5504 Vitiis,
1899 5448 1953 5494 et
1977 5448 2181 5508 septem
2214 5439 2376 5494 Donis
2397 5441 2624 5511 Spiritus
2646 5441 2833 5495 sancti.
2864 5441 3022 5498 Liber
3050 5443 3118 5500 de
3145 5445 3294 5501 Scala
3337 5447 3498 5504 Para-

209 5531 309 5589 disi
335 5535 644 5589 restituitur
664 5533 891 5604 Guigoni
924 5533 1276 5588 Carthusiano
1309 5550 1323 5588 :
1354 5532 1420 5587 de
1449 5530 1763 5601 Cognitione
1788 5547 1934 5587 verte
1955 5532 2096 5597 vitae,
2127 5531 2360 5586 llonorio
2386 5533 2854 5602 Augustodunensi
2882 5551 2896 5589 :
2926 5523 2992 5591 de
3037 5537 3152 5591 Vita
3180 5539 3490 5607 christiana,

209 5623 457 5682 Fastidio
495 5624 700 5681 Britoni
729 5643 743 5678 :
776 5625 995 5680 Paulino
1033 5625 1393 5695 Aquileiensi,
1437 5623 1505 5680 de
1556 5623 1876 5679 salutaribus
1931 5623 2272 5678 Documentis
2299 5665 2314 5690 ,
2363 5624 2430 5679 de
2485 5623 2746 5679 Couﬁictu
2796 5627 3045 5682 vitiorum
3082 5637 3135 5682 et
3189 5630 3439 5686 virtutum
3473 5673 3490 5700 ,

207 5719 499 5775 Ambrosio
544 5717 929 5786 Autperto:de
985 5717 1318 5774 Rectitudine
1345 5715 1620 5773 catholicae
1653 5716 2090 5781 conversationis,
2123 5731 2186 5771 ac
2234 5715 2456 5786 proinde
2509 5717 2666 5772 etiam
2717 5717 2783 5774 de
2829 5717 3072 5774 Vanitate
3119 5719 3345 5786 saeculi,
3381 5721 3498 5778 Eli-

202 5813 292 5885 gio
317 5810 673 5872 Noviomensi
704 5827 716 5862 :
748 5810 816 5865 de
840 5809 990 5865 Bono
1013 5809 1309 5880 disciplinac
1331 5849 1350 5882 ,
1373 5808 1657 5868 Valeriano
1689 5809 1991 5886 Cymelensi
2035 5809 2285 5879 episcopo
2311 5850 2326 5877 ,
2378 5816 2480 5866 etc.
2507 5809 2741 5869 Libellus
2760 5811 2828 5869 de
2861 5812 3107 5867 Amicitia
3147 5829 3212 5869 ex
3259 5812 3494 5876 Aelredo

533 5900 763 5968 Sacr.
793 5903 1068 5968 Anaus'r.
1103 5902 1212 5967 γι.
2933 5904 3168 5983 Hine.)
