4000 6336
561 424 637 480 15
1313 415 1400 471 DE
1443 413 1756 473 DIVERSIS
1790 404 2312 481 QUESTIONIBUS
2350 407 2725 496 LXXXIII,_S.
2769 409 3131 466 AUGUSTINI
3762 423 3832 480 ιο

567 548 745 595 autem
779 548 836 590 se
884 529 1314 602 comprehendit,
1348 529 1557 583 ﬁnitum
1583 537 1666 583 est
1695 527 1814 581 sibi.
1848 526 1914 579 Et
1942 524 2146 579 intelle-

567 640 685 686 ctus
716 626 958 694 intelligit
993 639 1069 678 se.
1109 621 1249 690 Ergo
1298 620 1478 674 ﬁnittts
1498 629 1579 674 est
1617 619 1739 672 sibi.
1780 617 1885 672 Nec
1915 617 2148 670 inﬁnitus

564 737 684 778 esse
709 719 838 780 vult,
865 716 1103 786 quamvis
1130 713 1298 784 possit
1323 729 1338 779 ;
1368 712 1489 782 quia
1535 722 1689 768 notus
1722 711 1823 781 sibi
1848 724 1966 765 esse
2013 709 2143 775 vult,

564 821 708 869 amat
724 811 863 867 enim
885 824 964 865 se.

1057 895 1197 953 XVI.
1240 895 1319 950 De
1358 895 1496 949 Filio
1534 894 1652 948 Dei.

639 999 781 1052 Deus
823 994 1060 1049 omnium
1107 1007 1225 1061 quae
1270 999 1428 1050 sunt.
1461 1004 1617 1043 causa
1654 996 1754 1043 est.
1795 987 1944 1056 Quod
1973 995 2147 1042 autem

565 1089 802 1146 omnium
832 1101 1009 1141 rerum
1037 1098 1193 1138 causa
1222 1093 1322 1148 est,
1352 1081 1513 1136 etiam
1543 1082 1813 1151 sapicntim
1852 1096 1960 1136 suae
1991 1094 2148 1135 causa

566 1191 649 1237 est
675 1199 687 1235 :
716 1195 814 1235 nec
841 1191 1071 1247 unquam
1097 1175 1236 1229 Deus
1263 1173 1377 1227 sine
1404 1173 1660 1244 sapientia
1692 1187 1805 1226 sua.
1828 1171 1988 1240 Igitur
2008 1187 2148 1226 sem-

565 1271 789 1342 piterna:
809 1265 1081 1337 sapientia:
1103 1279 1212 1319 suae
1233 1277 1391 1317 causa
1417 1274 1497 1316 εει
1517 1262 1834 1331 sempiterna
1861 1278 1874 1315 :
1899 1276 1996 1316 nec
2017 1270 2149 1316 tem-

564 1377 698 1435 pore
729 1361 871 1430 prior
899 1367 979 1413 est
1007 1372 1165 1427 quam
1196 1369 1290 1408 sua
1325 1354 1600 1424 sapientia.
1629 1353 1828 1407 Deinde
1862 1354 1905 1407 si
1937 1352 2145 1406 Patrem

566 1459 948 1522 sempiternum
977 1462 1093 1502 esse
1123 1447 1262 1500 inest
1288 1445 1418 1507 Deo,
1453 1459 1549 1498 nec
1590 1442 1685 1497 fuit
1723 1442 2002 1513 aliquando
2040 1457 2146 1497 non

565 1546 744 1611 Pater,
774 1555 1041 1611 nunquam
1069 1537 1184 1593 sine
1212 1537 1348 1592 Filio
1376 1535 1492 1590 fuit.

1025 1629 1187 1686 XVII.
1230 1627 1305 1682 De
1338 1628 1544 1681 scientia
1571 1626 1685 1680 Dei.

636 1727 808 1783 Omne
859 1721 1185 1794 praeteritum
1235 1719 1342 1789 jam
1392 1733 1499 1772 non
1544 1726 1658 1781 cst;
1705 1732 1862 1772 omne
1912 1716 2144 1771 futurum

566 1817 801 1875 nondum
828 1823 909 1870 est
938 1832 950 1867 :
981 1826 1139 1866 omne
1180 1809 1336 1879 igitur
1369 1817 1423 1862 et
1455 1808 1777 1877 praeteritum
1819 1816 1871 1861 et
1912 1807 2145 1861 futurum

566 1913 737 1969 deest.
762 1907 912 1976 Apud
939 1907 1100 1959 Deum
1126 1910 1304 1957 autem
1332 1899 1464 1954 nihil
1488 1900 1636 1954 deest
1663 1917 1676 1952 :
1705 1915 1802 1954 nec
1822 1901 2147 1968 praeteritum

565 2002 727 2072 igitur
749 2013 846 2053 nec
867 1996 1120 2059 futurum,
1147 1991 1240 2046 sed
1265 2006 1424 2046 omne
1445 2006 1678 2060 praesens
1699 1999 1778 2045 est
1798 1990 1932 2060 apud
1957 1989 2143 2044 Deum.

1062 2085 1248 2142 XVIII.
1282 2084 1357 2138 De
1389 2083 1650 2138 Trinitate.

638 2185 810 2239 Omne
861 2179 1001 2250 quod
1053 2187 1169 2242 est,
1223 2175 1365 2229 aliud
1419 2184 1501 2229 est
1551 2192 1656 2245 quo
1709 2185 1947 2242 constat,
2006 2177 2147 2232 aliud

568 2289 674 2347 quo
715 2271 1064 2332 discernitur,
1107 2265 1248 2320 aliud
1278 2275 1382 2334 quo
1411 2266 1671 2335 congruit.
1705 2266 1957 2321 Universa
1990 2267 2150 2338 igitur

567 2375 805 2423 creatura
837 2363 879 2417 si
920 2369 974 2416 et
998 2367 1080 2414 est
1108 2372 1321 2428 quoquo
1358 2356 1552 2421 modo,
1580 2366 1631 2411 et
1659 2357 1726 2411 ab
1765 2373 1831 2412 eo
1863 2359 2002 2427 quod
2033 2375 2150 2413 om-

568 2460 697 2514 nino
725 2455 856 2510 nihil
885 2462 966 2508 est
996 2450 1279 2521 plurimum
1307 2447 1468 2503 distat
1487 2492 1502 2514 ,
1531 2458 1585 2502 ct
1605 2449 1713 2503 suis
1744 2449 1980 2518 partibus
2023 2451 2151 2505 sibi-

567 2557 681 2604 met
708 2543 970 2616 congruit,
994 2555 1207 2596 causam
1238 2553 1449 2609 quoque
1484 2538 1598 2608 ejus
1625 2539 1814 2592 trinam
1842 2555 1961 2594 esse
1989 2556 2151 2610 opor-

567 2648 681 2703 tet;
713 2651 814 2707 qua
855 2635 955 2699 sit,
990 2647 1090 2701 qua
1121 2630 1224 2685 hoc
1258 2629 1358 2692 sit,
1388 2644 1489 2698 qua
1528 2629 1628 2682 sibi
1659 2630 1827 2683 amica
1877 2631 1962 2684 sit.
1992 2631 2152 2685 Crea-

568 2739 703 2785 tura:
725 2737 900 2781 autem
926 2737 1161 2781 causam.
1205 2719 1254 2773 id
1282 2727 1383 2783 est,
1409 2729 1682 2774 auctorem
1712 2724 1874 2774 Deum
1901 2721 2147 2776 dicimus.

570 2821 794 2890 Oportet
827 2829 953 2885 ergo
984 2828 1102 2868 esse
1129 2811 1472 2872 Trinitatem,
1504 2827 1606 2879 qua
1638 2811 1765 2865 nihil
1797 2813 2148 2882 prmstantius,
2208 2825 2213 2830 '

570 2907 950 2980 intelligentius
979 2913 1033 2960 et
1053 2904 1258 2958 beatius
1286 2903 1522 2956 invenire
1541 2902 1770 2971 perfecta
1795 2904 1930 2958 ratio
1958 2915 2147 2973 potest.

567 3002 801 3070 Ideoque
836 2998 992 3052 etiam
1023 3011 1143 3051 cum
1174 2994 1370 3048 veritas
1409 2995 1682 3062 quzeritur,
1726 2996 1843 3065 plus
1868 3013 2022 3066 quam
2053 2998 2152 3052 tria

570 3107 766 3165 genera
798 3089 1147 3160 quaestionum
1176 3099 1295 3138 esse
1317 3100 1423 3138 non
1453 3095 1705 3154 possunt;
1739 3096 1912 3141 utrum
1937 3089 2154 3143 omnino

569 3186 662 3250 sit,
695 3194 869 3238 utrum
913 3181 1013 3235 hoc
1041 3194 1109 3233 an
1137 3175 1282 3232 aliud
1310 3176 1398 3242 sit,
1430 3185 1604 3231 utrum
1629 3179 2028 3249 approbantium
2057 3181 2156 3236 im-

573 3273 972 3344 probandumve
999 3274 1085 3324 sit.

987 3365 1130 3421 XIX.
1171 3365 1252 3420 De
1280 3364 1388 3419 Deo
1414 3374 1458 3418 et
1487 3373 1735 3418 creatura.

645 3465 796 3534 Quod
848 3463 1279 3519 incommutabile
1327 3470 1444 3527 est,
1491 3471 1748 3516 aeternum
1793 3466 1913 3514 est:
1947 3473 2158 3527 semper

573 3558 716 3613 enim
745 3557 983 3626 ejusdem
1032 3557 1178 3612 modi
1220 3565 1321 3611 est.
1370 3553 1520 3621 Quod
1566 3562 1740 3606 autem
1785 3551 2159 3606 commutabile

574 3658 676 3710 est,
703 3648 924 3715 tempori
947 3648 1232 3701 obnoxium
1255 3653 1337 3698 est
1361 3662 1374 3698 :
1405 3659 1507 3698 non
1529 3643 1669 3696 enim
1691 3658 1902 3710 semper
1920 3640 2158 3710 ejusdem

577 3736 719 3790 modi
749 3746 861 3801 est,
893 3745 947 3790 et
989 3735 1109 3808 ideo
1151 3744 1410 3788 mternum
1443 3748 1547 3787 non
1590 3742 1735 3787 recte
1764 3732 1974 3786 dicitur.
2007 3730 2158 3796 Quod

575 3826 717 3880 enim
749 3835 998 3892 mutatur,
1038 3842 1142 3880 non
1174 3834 1388 3880 manet:
1420 3823 1559 3893 quod
1589 3838 1690 3876 non
1723 3832 1918 3887 manet,
1950 3838 2052 3875 non
2079 3832 2162 3877 est

576 3924 852 3971 aeternum.
888 3917 1049 3986 quue
1077 3918 1213 3972 inter
1238 3915 1537 3970 immortale
1561 3922 1614 3968 et
1633 3923 1887 3968 aeternum
1915 3913 2156 3980 interest,

576 4009 717 4079 quod
754 4024 911 4063 omne
949 3997 1207 4063 teternum
1252 4007 1548 4062 immortale
1590 4015 1700 4068 est,
1746 4023 1847 4060 non
1878 4022 2037 4060 omne
2066 4007 2161 4059 im-

578 4100 802 4154 mortale
850 4100 979 4154 satis
1025 4099 1288 4154 subtiliter
1331 4109 1587 4153 aeternum
1629 4097 1822 4152 dicitur
1851 4115 1864 4152 :
1896 4098 2016 4168 quia
2062 4097 2160 4151 etsi

579 4207 790 4261 semper
817 4191 1013 4261 aliquid
1050 4193 1221 4257 vivat,
1265 4201 1440 4245 tamen
1481 4191 1523 4244 si
1567 4190 1966 4243 mutabilitatem
1999 4189 2164 4258 patia-

577 4290 683 4348 tur,
721 4298 825 4336 non
856 4283 1068 4351 proprie
1095 4293 1350 4338 aeternum
1379 4280 1696 4350 appellatur,
1727 4281 1844 4349 quia
1877 4296 1985 4334 non
2018 4295 2161 4334 sem-

580 4388 678 4442 per
723 4373 960 4443 ejusdcm
1009 4374 1151 4429 modi
1196 4382 1312 4436 est;
1362 4373 1604 4443 quamvis
1654 4372 1987 4439 immortale,
2039 4375 2162 4443 quia

506 4477 526 4496 κ
580 4480 794 4535 semper
821 4466 966 4530 vivit,
997 4475 1139 4521 recte
1168 4466 1271 4520 dici
1312 4466 1498 4535 possit.
1532 4465 1766 4519 Vocatur
1805 4474 1980 4520 autem
2007 4476 2162 4522 teter-

581 4573 708 4611 num
754 4557 1017 4612 interdum
1055 4558 1216 4612 etiam
1245 4559 1384 4627 quod
1415 4557 1713 4612 immortale
1741 4566 1842 4612 est.
1875 4557 2008 4613 Illud
2035 4573 2164 4615 vero

581 4648 721 4718 quod
747 4657 800 4703 et
824 4649 1169 4703 mutationem
1194 4651 1408 4718 patitur,
1433 4657 1484 4702 et
1505 4649 1695 4703 animae
1717 4649 2018 4717 prtesentia,
2043 4665 2162 4704 cum

582 4740 759 4795 anima
799 4756 904 4794 non
949 4740 1049 4806 sit,
1077 4740 1257 4794 vivere
1283 4739 1496 4805 dicitur,
1527 4755 1697 4810 neque
1733 4739 2031 4796 immortale
2055 4741 2165 4796 ullo

581 4832 776 4900 modo,
807 4841 862 4887 et
890 4832 1058 4886 multo
1106 4832 1281 4886 minus
1322 4842 1577 4886 aeternum
1623 4832 1843 4901 intelligi
1882 4843 2075 4903 potest.
2109 4833 2164 4890 In

582 4935 785 4982 aeterno
811 4925 982 4990 enim,
1029 4939 1153 4979 cum
1179 4926 1394 4995 proprie
1434 4924 1645 4992 dicitur,
1684 4941 1855 4996 neque
1881 4927 2166 4998 quidquam

583 5016 915 5088 praeteritum
961 5016 1114 5094 quasi
1159 5016 1457 5080 transierit,
1488 5032 1660 5086 neque
1704 5018 1988 5087 quidquam
2029 5020 2167 5074 futu-

583 5128 701 5166 rum
739 5111 890 5182 quasi
935 5099 1172 5165 nondum
1214 5111 1316 5178 sit,
1366 5108 1460 5164 sed
1490 5109 1741 5180 quidquid
1783 5119 1899 5179 est,
1940 5121 2168 5168 tantum-

584 5204 745 5259 modo
771 5210 872 5259 est.

1111 5292 1228 5348 XX.
1272 5292 1348 5346 De
1376 5293 1485 5347 loco
1512 5292 1628 5348 Dei.

659 5387 804 5440 Deus
826 5401 932 5439 non
963 5384 1160 5439 alicubi
1199 5395 1300 5438 est.
1331 5383 1480 5451 Quod
1511 5387 1650 5440 enim
1679 5387 1868 5443 alicubi
1895 5395 2009 5456 est,
2039 5403 2168 5443 con-

589 5476 784 5529 tinetur
815 5475 969 5528 loco:
1003 5474 1141 5544 quod
1167 5475 1469 5529 continetur
1502 5477 1639 5540 loco,
1680 5494 1870 5548 corpus
1899 5488 1998 5533 est.
2031 5480 2169 5534 Deus

589 5577 767 5623 autem
799 5583 902 5622 non
945 5577 1023 5622 est
1063 5583 1293 5636 corpus:
1325 5585 1427 5622 non
1456 5569 1616 5638 igitur
1656 5571 1846 5624 alicubi
1872 5583 1968 5624 est.
2003 5575 2065 5627 Et
2095 5584 2171 5628 la-

591 5678 713 5717 mcn
746 5664 866 5731 quia
898 5672 977 5714 est
998 5703 1013 5724 ,
1043 5671 1096 5715 et
1127 5662 1178 5715 in
1207 5662 1322 5715 loco
1365 5677 1468 5715 non
1504 5671 1618 5725 est,
1654 5663 1703 5714 in
1734 5663 1822 5716 illo
1851 5675 1972 5718 sunt
1999 5669 2170 5734 potius

592 5756 804 5819 omnia,
833 5770 987 5824 quam
1031 5755 1144 5824 ipse
1183 5755 1393 5809 alicubi.
1443 5755 1550 5810 Nec
1577 5764 1751 5812 tamen
1783 5760 1854 5813 ita
1894 5762 1944 5814 in
1973 5763 2079 5827 illo,
2115 5774 2173 5821 ut

595 5846 713 5921 ipse
737 5848 807 5905 sit
831 5849 976 5902 locus
1003 5866 1014 5901 :
1042 5848 1190 5906 locus
1217 5848 1356 5902 enim
1389 5847 1439 5901 in
1468 5850 1638 5920 spatio
1663 5863 1740 5906 est
1773 5855 1910 5924 quod
1942 5857 2170 5929 longitu-

2263 520 2385 574 dine
2412 530 2464 575 et
2503 520 2777 575 latitudine
2819 532 2873 575 et
2913 524 3186 580 altitudine
3230 526 3469 596 corporis
3515 541 3829 602 occupatur;

2261 627 2359 666 nec
2386 613 2522 665 Deus
2542 613 2647 666 tale
2669 613 2863 682 aliquid
2890 625 2987 667 est.
3015 616 3078 668 Et
3098 618 3271 669 omnia
3302 618 3457 686 igitur
3479 618 3528 671 in
3555 621 3668 688 ipso
3689 635 3830 693 sunt,

2258 713 2311 759 et
2340 705 2486 758 locus
2531 721 2632 758 non
2679 718 2778 758 εει.
2830 705 3001 760 Locus
3048 716 3221 761 tatnen
3265 708 3358 762 Dei
3398 711 3617 766 abusive
3644 712 3834 770 dicitur

2256 797 2508 866 templum
2541 797 2656 863 Dei,
2700 813 2804 852 non
2835 797 2976 866 quod
3006 813 3072 853 eo
3105 799 3458 867 contineatur,
3491 801 3584 857 sed
3613 805 3753 874 quod
3782 806 3834 861 ei

2253 907 2489 962 praesens
2513 892 2600 946 sit.
2623 892 2679 946 Id
2699 900 2873 948 autem
2896 892 3027 947 nihil
3051 894 3240 948 melius
3261 910 3414 963 quam
3438 896 3613 951 anima
3636 898 3833 953 munda

2255 984 2584 1056 intelligitur.

2485 1099 2626 1154 XXI.
2673 1099 2855 1156 Utrum
2879 1099 3018 1154 Deus
3045 1110 3219 1155 auctor
3246 1103 3371 1155 mali
3389 1119 3489 1156 non
3518 1105 3602 1157 sit.

2329 1190 2577 1260 Quisquis
2597 1193 2833 1245 omnium
2862 1207 2979 1262 qua:
3005 1200 3130 1246 sunt
3171 1202 3356 1247 auctor
3384 1204 3486 1256 est,
3516 1203 3569 1248 et
3594 1193 3660 1248 ad
3688 1195 3838 1265 cujus

2256 1280 2546 1337 bonitatem
2592 1283 2644 1336 id
2674 1291 2874 1336 tantum
2917 1283 3148 1352 pertinet
3186 1292 3241 1337 ut
3267 1283 3335 1337 sit
3365 1301 3523 1339 omne
3553 1285 3693 1355 quod
3725 1295 3835 1352 cst,

2255 1388 2360 1428 non
2392 1388 2512 1428 esse
2538 1373 2601 1427 ad
2632 1390 2751 1427 eum
2780 1375 3046 1443 pertinere
3077 1374 3224 1428 nullo
3252 1387 3404 1444 pacto
3431 1386 3625 1446 potest.
3669 1377 3841 1434 Omne

2255 1474 2430 1519 autem
2459 1464 2598 1532 quod
2639 1464 2849 1530 deﬁcit,
2896 1465 2962 1520 ab
2990 1480 3058 1520 eo
3083 1466 3223 1535 quod
3262 1477 3346 1522 est
3389 1483 3507 1523 esse
3536 1469 3746 1531 deﬁcit.
3787 1480 3843 1526 et

2252 1555 2424 1610 tendit
2453 1555 2506 1608 in
2534 1570 2641 1609 non
2679 1571 2815 1611 esse.
2862 1556 2995 1611 Esse
3044 1565 3220 1610 autem
3260 1567 3314 1612 et
3348 1559 3402 1613 iu
3433 1560 3576 1613 nullo
3613 1561 3842 1618 deﬁcere

2254 1646 2452 1701 bonum
2493 1656 2608 1711 est,
2640 1658 2693 1702 et
2734 1649 2931 1702 malum
2960 1658 3041 1704 est
3083 1649 3332 1705 deﬁcere.
3368 1653 3433 1706 At
3464 1654 3551 1708 ille
3586 1654 3653 1709 ad
3684 1671 3841 1726 quem

2254 1753 2363 1794 non
2387 1754 2505 1794 esse
2522 1754 2627 1793 non
2656 1740 2884 1810 pertinet
2911 1756 3014 1795 non
3037 1751 3117 1796 est
3138 1757 3294 1796 causa
3323 1742 3625 1810 deﬁciendi,
3657 1745 3708 1799 id
3735 1755 3839 1814 est,

2253 1829 2502 1884 tendendi
2533 1831 2598 1884 ad
2640 1847 2746 1885 non
2789 1847 2940 1896 esse;
2985 1833 3142 1902 quia,
3186 1842 3242 1886 ut
3285 1833 3353 1887 ita
3384 1835 3592 1902 dicam,
3625 1838 3841 1895 essendi

2252 1935 2410 1976 causa
2436 1929 2534 1976 est.
2569 1922 2698 1975 Boni
2722 1923 2881 1993 igitur
2911 1925 3277 1980 tantummodo
3302 1940 3459 1980 causa
3485 1936 3568 1982 est
3593 1946 3605 1982 :
3640 1938 3693 1984 et
3721 1946 3843 1999 pro-

2252 2022 2434 2081 pterea
2463 2011 2575 2081 ipse
2595 2027 2857 2067 summum
2883 2015 3080 2069 bonum
3101 2025 3208 2071 est.
3230 2015 3482 2083 Quocirca
3506 2018 3633 2073 mali
3654 2029 3841 2075 auctor

2253 2116 2358 2155 non
2388 2111 2498 2169 est,
2539 2104 2631 2172 qui
2669 2105 2905 2159 omnium
2948 2121 3066 2174 quae
3108 2115 3231 2161 sunt
3275 2117 3459 2163 auctor
3487 2119 3607 2165 est:
3636 2112 3757 2180 quia
3786 2112 3842 2166 in

2257 2204 2507 2261 quantum
2539 2203 2682 2258 sunt,
2717 2195 2767 2248 in
2797 2205 2998 2250 tantum
3039 2197 3174 2252 bona
3206 2210 3328 2253 sunt
3355 2200 3452 2269 (α).

2524 2309 2690 2364 XXII.
2733 2311 2894 2364 Deum
2933 2327 3032 2364 non
3068 2312 3174 2380 pati
3200 2313 3562 2366 necessitatem.

2324 2397 2424 2454 Ubi
2462 2400 2605 2453 nulla
2647 2401 2969 2471 indigentia,
3000 2401 3139 2455 nulla
3172 2402 3495 2458 necessitas:
3540 2403 3630 2459 ubi
3660 2405 3841 2463 nullus

2253 2489 2511 2557 defectus,
2548 2493 2687 2547 nulla
2739 2493 3043 2563 indigentia.
3086 2494 3269 2550 Nullus
3295 2505 3471 2551 autem
3513 2496 3760 2555 defectus
3785 2500 3838 2556 in

2260 2584 2403 2640 Deo:
2432 2585 2576 2640 nulla
2604 2601 2732 2656 ergo
2753 2586 3062 2642 necessitas.

2664 2699 2852 2754 XXIII.
2898 2699 2977 2753 De
3009 2699 3166 2755 Patre
3193 2710 3239 2754 et
3271 2699 3428 2757 Filio.

2328 2789 2498 2843 Omne
2522 2799 2724 2844 castum
2765 2792 3009 2847 castitate
3036 2804 3239 2847 castum
3270 2802 3370 2858 est,
3402 2801 3454 2848 et
3496 2808 3656 2850 omne
3681 2803 3842 2852 aeter-

2255 2896 2382 2935 num
2409 2882 2703 2937 aeternitate
2735 2891 2992 2937 teternum
3019 2893 3120 2951 est,
3152 2893 3206 2939 et
3235 2899 3390 2939 omne
3417 2885 3696 2955 pulchrum
3723 2890 3842 2958 pul-

2257 2973 2578 3037 chritudiue,
2623 2983 2676 3028 et
2705 2992 2862 3030 omne
2889 2977 3086 3031 bonum
3132 2979 3386 3034 bonitate.
3440 2980 3577 3048 Ergo
3604 2992 3659 3034 et
3683 2996 3843 3038 omne

2257 3066 2473 3134 sapiens
2498 3067 2773 3135 sapientia,
2818 3078 2873 3122 et
2909 3085 3069 3124 omne
3113 3071 3286 3125 simile
3326 3071 3692 3125 similitudine.
3735 3071 3842 3127 Sed

2257 3155 2466 3210 duobus
2493 3157 2664 3212 modis
2684 3168 2887 3212 castum
2913 3160 3157 3214 castitate
3181 3159 3376 3214 dicitur
3401 3179 3413 3213 :
3443 3160 3527 3214 vel
3554 3161 3695 3230 quod
3724 3176 3844 3215 eam

2257 3249 2456 3318 gignat,
2485 3259 2544 3303 ιιι
2570 3265 2630 3304 ea
2661 3251 2730 3304 sit
2754 3263 2956 3306 castum
2988 3253 3231 3306 castitate
3255 3267 3413 3322 quam
3456 3253 3648 3322 gignit,
3677 3263 3731 3308 et
3758 3253 3845 3308 cui

2209 3349 2216 3354 '
2259 3341 2574 3409 principium
2603 3351 2759 3412 atque
2787 3358 2944 3397 causa
2976 3354 3057 3398 est
3094 3353 3150 3397 ut
3178 3345 3281 3408 sit;
3328 3343 3482 3398 aliter
3509 3355 3686 3400 autem
3722 3361 3843 3399 cum

2260 3433 2662 3503 participatione
2705 3435 2964 3489 castitatis
3012 3435 3243 3506 quidque
3290 3445 3497 3491 castum
3547 3446 3662 3502 est,
3704 3435 3844 3505 quod

2262 3535 2434 3594 potest
2461 3526 2744 3596 aliquando
2784 3543 2904 3582 esse
2951 3543 3057 3580 non
3085 3537 3323 3591 castum;
3353 3537 3514 3596 atque
3541 3527 3612 3579 ita
3649 3526 3717 3579 de
3742 3541 3848 3580 eaa-

2265 3617 2389 3670 teris
2425 3617 2819 3684 intelligendum
2863 3628 2963 3670 est.
2995 3618 3126 3671 Nam
3171 3627 3222 3672 et
3270 3618 3446 3670 anima
3489 3618 3846 3672 aeternitatem

2263 3705 2348 3757 vel
2392 3705 2702 3774 intelligitur
2743 3706 2824 3758 vel
2875 3705 3106 3760 creditur
3157 3706 3442 3774 consequi,
3499 3707 3593 3762 sed
3647 3717 3847 3762 mterna

2263 3797 2575 3849 aeternitatis
2608 3797 3008 3866 participatione
3046 3796 3120 3850 ﬁt.
3164 3797 3278 3851 Non
3307 3808 3485 3852 autem
3517 3799 3585 3852 ita
3617 3807 3849 3854 :eternus

2264 3889 2421 3952 Deus,
2452 3889 2544 3942 sed
2575 3889 2713 3957 quod
2748 3890 2912 3958 ipsius
2957 3890 3268 3944 aeternitatis
3297 3898 3380 3945 est
3403 3899 3612 3945 auctor.
3656 3893 3767 3946 Iloc
3794 3901 3848 3947 et

2267 3979 2333 4033 de
2362 3978 2752 4048 pulchritudine
2792 3989 2847 4034 et
2871 3980 2936 4034 de
2980 3981 3214 4035 bonitate
3237 3981 3357 4036 licet
3385 3983 3629 4052 intelligi.
3652 3984 3849 4051 Quam-

2264 4072 2446 4126 obrem
2476 4088 2595 4126 eum
2635 4073 2846 4142 sapiens
2876 4073 3014 4128 Deus
3054 4073 3268 4140 dicitur,
3292 4085 3346 4129 et
3369 4090 3431 4129 ea
3471 4077 3732 4146 sapientia
3761 4091 3848 4128 sa-

2265 4163 2416 4232 piens
2442 4163 2655 4228 dicitur,
2684 4165 2799 4219 sine
2819 4179 2922 4234 qua
2949 4180 3070 4218 eum
3111 4166 3194 4219 vel
3225 4165 3404 4226 fuisse,
3434 4168 3737 4237 aliquando,
3766 4167 3849 4222 vel

2265 4268 2384 4307 esse
2412 4269 2569 4322 posse
2600 4253 2749 4309 nefas
2787 4265 2870 4308 est
2897 4253 3138 4320 credere,
3186 4271 3290 4310 non
3333 4257 3733 4326 participatione
3760 4271 3848 4310 sa-

2267 4343 2480 4412 pientiae
2509 4345 2723 4414 sapiens
2749 4345 2963 4411 dicitur,
2995 4346 3150 4400 sicuti
3179 4347 3377 4412 anima,
3405 4363 3524 4416 qua:
3557 4358 3611 4404 et
3649 4362 3767 4402 esse
3797 4355 3851 4403 et

2267 4454 2372 4492 non
2405 4455 2524 4494 esse
2554 4440 2765 4509 sapiens
2791 4447 3010 4509 potest:
3059 4439 3152 4493 sed
3182 4440 3321 4510 quod
3350 4440 3462 4510 ipse
3489 4456 3608 4495 eam
3649 4455 3849 4510 genue-

2267 4531 2356 4592 rit,
2385 4545 2486 4599 qua
2511 4529 2723 4598 sapiens
2751 4530 2964 4596 dicitur,
2983 4530 3299 4600 sapientiam
3325 4528 3419 4601 (b).
3455 4531 3584 4586 Item
3613 4531 3699 4584 illa
3731 4545 3850 4600 qua“.

2267 4621 2673 4690 participatione
2697 4629 2822 4675 sunt
2845 4621 2926 4676 vel
2956 4630 3120 4687 casta,
3144 4621 3226 4676 vel
3255 4631 3474 4686 aeterna,
3499 4623 3580 4676 vel
3607 4622 3848 4693 pulchra,

2273 4713 2357 4767 vel
2400 4712 2558 4779 bona,
2598 4714 2681 4768 vel
2725 4714 3005 4784 sapientia,
3035 4715 3316 4785 recipiunt,
3344 4723 3400 4768 ut
3441 4714 3640 4770 dictum
3663 4725 3768 4783 est,
3796 4725 3854 4771 ut

2278 4805 2485 4874 possint
2517 4820 2616 4860 nec
2643 4815 2786 4862 casta
2809 4820 2947 4873 esse,
2978 4821 3078 4861 nec
3103 4814 3320 4870 arterna,
3356 4820 3453 4860 nec
3481 4806 3720 4874 pulchra,
3754 4821 3853 4862 nec

2270 4896 2430 4962 bona,
2463 4911 2561 4952 nec
2590 4896 2844 4966 sapientia
2871 4913 2884 4947 :
2913 4905 2969 4949 at
2996 4895 3110 4964 ipsa
3140 4895 3376 4957 castitas,
3401 4896 3692 4959 :eternitas,
3736 4897 3854 4965 pul-

2269 4987 2538 5056 chritudo,
2589 4986 2818 5050 bonitas,
2868 4985 3147 5054 sapientia,
3195 4985 3342 5039 nullo
3392 4986 3549 5040 modo
3593 4987 3855 5056 recipiunt

2270 5091 2363 5136 aut
2387 5080 2808 5149 corruptionem,
2833 5087 2940 5143 aut,
2976 5087 3036 5131 ut
3064 5078 3134 5132 ita
3161 5077 3356 5143 dicam,
3389 5077 3852 5145 temporalitatem,

2271 5182 2363 5226 aut
2393 5171 2793 5240 turpitudinem,
2821 5178 2911 5223 aut
2948 5169 3226 5223 malitiam.
3273 5169 3413 5239 Ergo
3439 5169 3599 5224 etiam
3628 5170 3712 5225 illa
3738 5187 3854 5240 qua:

2273 5262 2678 5334 participatione
2721 5261 2911 5315 similia
2962 5268 3122 5323 sunt,
3154 5260 3413 5324 recipiunt
3465 5261 3853 5315 dissimilitudi-

2276 5373 2398 5411 nem
2434 5375 2446 5410 :
2489 5366 2542 5410 at
2565 5357 2674 5426 ipsa
2701 5354 2992 5408 similitudo
3036 5353 3182 5407 nullo
3207 5353 3367 5408 modo
3405 5369 3471 5408 ex
3497 5353 3669 5422 aliqua
3710 5359 3855 5421 parte

2275 5455 2450 5516 potest
2475 5461 2592 5501 esse
2629 5443 2928 5500 dissimilis.
2956 5443 3109 5499 Unde
3134 5443 3191 5497 ﬁt
3216 5453 3275 5498 ut
3300 5459 3420 5500 cum
3447 5442 3732 5497 similitudo
3758 5442 3856 5495 Pa-

2277 5541 2371 5594 tris
2394 5540 2562 5595 Filius
2585 5538 2798 5604 dicitur,
2817 5539 2938 5608 quia
2959 5541 3077 5608 ejus
3100 5539 3502 5609 participatione
3523 5536 3711 5590 similia
3733 5545 3856 5591 sunt

2276 5647 2625 5704 quaecumque
2651 5639 2775 5686 sunt
2800 5633 2885 5686 vel
2908 5632 3044 5687 inter
3073 5647 3134 5687 se
3157 5633 3244 5688 vel
3271 5633 3383 5687 Deo
3406 5628 3595 5687 similia
3622 5627 3754 5700 (ipsa
3775 5637 3857 5686 est

2337 5811 2678 5877 (q)tnetract.
2705 5820 2808 5871 cap.
2828 5807 2935 5877 26_._
3019 5875 3025 5877 ν
3198 5868 3223 5877 _
3310 5867 3326 5877 _
3414 5868 3484 5877 __
3526 5868 3536 5877 ι

2340 5866 2412 5935 (b)
2449 5879 2462 5920 l
2495 5879 2697 5925 πιθα-θοι.
2737 5866 2839 5932 cap.
2878 5871 2956 5930 26,
2981 5875 3033 5924 et
3068 5868 3153 5918 lib.
3191 5868 3264 5930 ϐ.
3294 5867 3360 5920 de
3414 5868 3578 5917 1Tinit.
3603 5879 3703 5932 cap.
3725 5866 3765 5918 2
