4000 6336
159 375 217 437 ιι
925 327 1037 375 “’²
1147 325 1265 373 ””
1613 365 1782 429 IJBEI

1894 360 2051 428 'Nus.
2426 330 2429 333 λ
2716 338 2723 347 ⁴
3413 372 3484 431 ts

169 497 302 553 enim
327 494 555 567 species
581 492 785 567 prima,
808 509 920 567 qua
947 503 1089 562 sunt,
1125 502 1182 550 ut
1206 493 1280 550 ita
1305 491 1501 562 dicam,
1530 492 1786 564 speciata,

177 601 224 647 et
250 587 423 644 lorma
481 604 593 660 qua
637 588 876 644 formata
919 597 1043 644 sunt
1066 586 1308 658 omnia);
1338 601 1402 641 ex
1449 585 1588 640 nulla
1633 592 1784 655 parte

182 683 317 741 Patri
345 692 537 753 potest
576 697 699 737 esse
722 681 1026 737 dissimilis.
1065 679 1209 735 Idem
1240 678 1399 750 igitur
1430 676 1570 748 quod
1606 676 1782 741 Pater,

184 777 246 832 ita
264 785 319 829 ut
343 774 449 828 iste
477 772 653 828 Filius
678 773 771 838 sit,
794 772 889 828 ille
929 771 1105 834 Pater,
1132 769 1183 825 id
1210 779 1311 837 est,
1340 769 1441 823 iste
1469 766 1784 834 similitudo,

189 870 266 925 ille
306 868 467 937 cujus
510 865 811 922 similitudo
855 874 969 931 est;
1012 865 1111 920 iste
1159 863 1475 929 substantia,
1518 861 1608 917 ille
1654 860 1785 916 sub-

189 961 424 1025 stantia‘,
460 974 533 1014 ex
562 975 670 1029 quo
700 973 805 1012 una
832 957 1148 1012 substantia.
1180 954 1312 1010 Nam
1335 955 1377 1009 si
1411 970 1519 1009 non
1549 968 1653 1009 una
1674 959 1781 1021 est,

188 1055 365 1123 recipit
426 1052 840 1108 similitudinem
898 1049 1225 1117 similitudo;
1270 1048 1413 1120 quod
1462 1046 1576 1105 fieri
1622 1060 1784 1118 posse

186 1146 351 1199 omnis
380 1145 669 1199 verissima
701 1152 859 1214 negat
883 1143 1040 1198 ratio.

222 1234 412 1291 XXIV.
451 1234 641 1291 Utrum
669 1244 930 1306 peccatum
956 1242 1003 1287 et
1028 1241 1158 1287 recte
1195 1234 1384 1304 factum
1407 1231 1461 1286 in
1490 1230 1644 1286 libero
1685 1229 1751 1284 sit

724 1325 998 1379 voluntatis
1027 1324 1258 1378 arbitrio.

250 1417 524 1489 Quidquid
551 1433 677 1473 casu
707 1414 790 1482 ﬁt,
827 1425 1025 1471 temere
1054 1415 1112 1469 lit
1142 1432 1156 1469 :
1185 1412 1440 1487 quidquid
1469 1423 1669 1470 temere
1700 1412 1779 1480 lit,

190 1529 285 1566 non
311 1511 371 1564 lit
392 1509 754 1581 providentia.
776 1506 831 1563 Si
849 1523 976 1575 ergo
993 1522 1117 1561 casu
1134 1506 1307 1576 aliqua
1336 1505 1465 1560 fiunt
1488 1506 1539 1560 in
1558 1504 1779 1570 mundo,

193 1621 290 1656 non
315 1601 655 1672 providentia
700 1601 982 1654 universus
1012 1597 1239 1653 mundus
1269 1597 1692 1652 administratur.
1723 1594 1781 1651 Si

192 1712 289 1749 non
318 1694 660 1764 providentia
684 1693 967 1747 universus
995 1690 1223 1745 mundus
1251 1690 1676 1751 administratur.
1701 1696 1784 1742 est

189 1802 306 1856 ergo
332 1787 512 1856 aliqua
543 1796 731 1839 natura
756 1796 915 1853 atque
947 1784 1243 1837 substantia
1271 1798 1389 1852 qua:
1410 1781 1474 1835 ad
1505 1796 1637 1850 opus
1658 1794 1783 1851 pro-

189 1877 433 1932 videntiaz
479 1896 585 1931 nun
620 1877 904 1946 pertineat.
952 1875 1124 1930 Omne
1166 1882 1344 1928 autem
1390 1873 1531 1942 quod
1562 1883 1678 1938 est,
1727 1872 1780 1926 in

187 1981 438 2039 quantum
470 1979 557 2023 est
577 2011 591 2034 ,
624 1970 820 2022 bonum
850 1976 952 2021 est.
993 1966 1212 2021 Summe
1242 1966 1382 2020 enim
1411 1974 1495 2020 est
1531 1963 1660 2019 illud
1687 1964 1783 2018 ho-

186 2077 328 2127 num,
358 2066 519 2131 cujus
546 2062 947 2131 participatione
974 2070 1097 2115 sunt
1128 2059 1265 2115 bona
1293 2068 1505 2115 czetera.
1533 2057 1601 2111 Et
1619 2072 1779 2112 omne

184 2154 325 2223 quod
373 2154 629 2209 mutabile
651 2164 728 2208 est
748 2196 764 2219 ,
796 2169 901 2208 non
935 2169 1031 2223 per
1054 2167 1113 2208 se
1145 2152 1317 2223 ipsum
1341 2193 1355 2217 ,
1385 2150 1479 2205 sed
1522 2150 1645 2205 boni
1676 2150 1777 2204 im-

185 2246 463 2300 mutabilis
494 2247 915 2314 participatione,
952 2245 1006 2298 in
1036 2253 1290 2315 quantum
1316 2253 1416 2307 est,
1445 2242 1643 2298 bonum
1670 2250 1774 2298 est.

187 2334 353 2392 Porro
401 2337 535 2391 illud
566 2337 797 2402 bonum,
839 2337 993 2407 cujus
1032 2336 1438 2408 participatione
1476 2344 1600 2391 sunt
1640 2334 1779 2391 bona

187 2438 374 2483 cetera
422 2443 772 2499 quaecumque
817 2438 941 2483 sunt
979 2429 1035 2495 ',
1067 2443 1173 2481 non
1215 2442 1312 2497 per
1339 2425 1480 2481 aliud
1502 2468 1515 2491 ,
1549 2425 1643 2481 sed
1684 2441 1781 2495 per

188 2534 237 2574 se
262 2520 436 2589 ipsum
481 2520 679 2575 bonum
712 2529 795 2575 est
814 2564 830 2583 ,
862 2536 1018 2592 quam
1047 2519 1279 2575 divinam
1306 2518 1465 2575 etiam
1494 2517 1779 2589 providen-

191 2610 306 2663 tiam
358 2625 637 2664 vocamus.
672 2610 809 2664 Nihil
854 2609 1012 2680 igitur
1040 2625 1166 2665 casu
1212 2608 1269 2663 fit
1313 2608 1365 2663 in
1398 2608 1616 2663 mundo.
1667 2607 1782 2664 lloc

188 2701 496 2767 constituto,
527 2717 862 2772 consequens
892 2700 1103 2756 videtur
1128 2707 1187 2754 ut
1214 2698 1468 2770 quidquid
1500 2698 1553 2754 in
1581 2697 1781 2755 mundo

185 2793 403 2862 geritur,
450 2793 647 2864 partim
701 2794 955 2848 divinitus
985 2801 1217 2863 geratur,
1251 2792 1440 2863 partim
1472 2800 1653 2846 nostra
1682 2806 1779 2847 vo-

188 2882 404 2939 luntate.
437 2883 584 2939 Deus
611 2886 757 2940 enim
800 2885 990 2954 quovis
1034 2884 1247 2939 homine
1275 2883 1478 2954 optimo
1519 2892 1574 2939 et
1596 2882 1783 2953 justis-

187 2976 315 3030 simo
359 2977 523 3046 longe
551 2986 711 3046 atque
760 2975 1268 3046 imcomparabiliter
1295 2974 1484 3030 melior
1512 2983 1566 3029 et
1588 2973 1783 3044 justior

187 3077 277 3120 est.
305 3066 498 3122 Justus
519 3078 700 3121 autem
734 3082 926 3137 regens
949 3078 1002 3122 et
1030 3067 1333 3137 gubernans
1365 3066 1631 3132 universa,
1660 3064 1782 3120 nul-

188 3157 279 3212 lam
321 3173 543 3227 pinnam
590 3158 836 3227 cuiquam
881 3158 1007 3213 sinit
1047 3157 1312 3213 immerito
1352 3155 1547 3227 inﬂigi,
1573 3155 1781 3211 nullum

187 3249 457 3318 pt-temium
492 3248 764 3303 immerito
793 3247 929 3303 dari.
957 3247 1198 3302 Meritum
1226 3255 1401 3301 autem
1426 3261 1620 3316 plenae,
1654 3261 1779 3316 pec-

189 3351 387 3404 catum;
435 3350 493 3395 et
536 3340 785 3394 meritum
832 3339 1070 3409 praemii,
1116 3347 1265 3393 recte
1308 3335 1508 3392 factum
1537 3346 1640 3391 est.
1672 3334 1782 3391 Nec

191 3442 456 3501 peccatum
509 3442 731 3498 autem,
790 3446 891 3487 nec
936 3439 1085 3485 recte
1128 3428 1325 3485 factum
1373 3428 1626 3498 imputari
1668 3426 1782 3482 cui-

189 3541 337 3595 quam
378 3527 526 3596 juste
574 3532 785 3595 potest,
834 3524 925 3594 qui
955 3523 1084 3578 nihil
1129 3521 1314 3578 fecerit
1343 3522 1555 3592 propria
1589 3520 1780 3575 volun-

191 3628 313 3675 tate.
344 3619 438 3674 Est
459 3620 626 3690 igitur
655 3628 711 3673 et
753 3625 1028 3688 peccatum
1054 3624 1110 3672 et
1136 3623 1282 3673 recte
1305 3614 1502 3671 factum
1531 3613 1585 3669 in
1614 3612 1782 3669 libero

191 3711 471 3767 voluntatis
506 3709 754 3765 arbitrio.

632 3800 804 3858 XXV.
843 3800 924 3856 De
948 3817 1094 3857 cruce
1120 3799 1327 3855 Christi.

253 3895 533 3965 Sapientia
554 3894 650 3949 Dei
675 3892 947 3948 hominem
970 3891 1037 3947 ad
1063 3890 1386 3960 exemplum,
1408 3902 1514 3959 quo
1540 3895 1686 3944 recte
1704 3888 1785 3942 vi-

194 4002 432 4043 veremus
450 4029 467 4052 ,
497 3984 754 4055 suscepit.
786 3983 1020 4038 Pertinet
1047 3990 1224 4037 autem
1248 3980 1316 4035 ad
1348 3979 1511 4035 vitam
1540 3986 1740 4035 rectam
1763 4018 1781 4047 ,

193 4096 250 4134 ea
273 4095 395 4149 quae
417 4093 526 4133 non
554 4085 681 4131 sunt
706 4074 987 4131 metuenda
1015 4090 1122 4130 non
1154 4082 1411 4129 metuere.
1440 4072 1582 4128 Mors
1605 4080 1782 4127 autem

195 4171 480 4226 metuenda
512 4185 621 4225 non
651 4178 752 4223 est.
795 4167 1039 4237 Oportuit
1078 4180 1206 4235 ergo
1236 4163 1462 4234 idipsum
1498 4162 1639 4217 illius
1683 4161 1783 4216 ho-

195 4265 347 4318 minis
376 4278 540 4332 quem
566 4260 661 4315 Dei
689 4258 957 4328 Sapientia
985 4256 1241 4325 suscepit,
1273 4265 1444 4310 morte
1472 4253 1783 4309 monstrari.

200 4356 327 4411 Sunt
352 4365 538 4410 autem
569 4352 815 4407 homines
841 4352 931 4421 qui
961 4349 1204 4419 quamvis
1228 4357 1455 4403 mortem
1486 4347 1654 4416 ipsam
1678 4360 1784 4400 non

200 4451 458 4512 timeant,
497 4461 666 4517 genus
702 4452 881 4499 tamen
922 4441 1138 4513 aliquod
1179 4441 1347 4511 ipsius
1386 4439 1573 4495 mortis
1603 4439 1787 4493 horre-

198 4552 368 4598 scunt.
408 4540 769 4596 Nihilominus
798 4546 1013 4603 autem,
1059 4545 1116 4592 ut
1156 4536 1268 4606 ipsa
1314 4550 1459 4589 mors
1501 4531 1785 4588 metuenda

199 4651 297 4690 sorr
318 4643 429 4698 est,
458 4633 533 4687 ita
559 4632 761 4686 nullum
783 4644 952 4701 genus
973 4628 1163 4684 mortis
1182 4627 1321 4684 bene
1346 4635 1401 4682 et
1420 4634 1568 4681 recte
1589 4624 1788 4680 viventi

200 4726 399 4781 homini
430 4722 776 4779 metuendum
808 4729 911 4776 est.
939 4720 1293 4775 Nihilominus
1333 4718 1490 4788 igitur
1525 4718 1625 4772 hoc
1653 4731 1785 4788 quo-

201 4830 295 4885 que
318 4814 468 4869 illius
494 4812 726 4867 hominis
746 4826 908 4866 cruce
926 4809 1318 4866 ostendendum
1344 4807 1460 4863 fuit.
1485 4807 1623 4862 Nihil
1644 4808 1787 4862 enim

201 4916 306 4961 erat
330 4906 479 4959 inter
511 4903 688 4957 omnia
719 4916 918 4972 genera
939 4900 1124 4956 mortis
1151 4900 1245 4956 illo
1265 4913 1461 4971 genere
1488 4898 1791 4955 exsecrabi-

202 4998 293 5052 lius
318 5005 377 5054 et
409 4993 834 5051 formidolosius.

496 5083 689 5141 XXVI.
729 5084 804 5138 De
840 5082 1125 5150 cli/ferentia
1152 5093 1490 5154 peccatorum.

266 5183 384 5238 Alia
412 5187 542 5236 sunt
570 5188 786 5247 peccata
815 5176 1169 5244 inﬁrmitatis,
1198 5177 1301 5232 alia
1327 5175 1607 5246 imperitia:
1629 5216 1645 5243 ,
1684 5173 1792 5238 alia

206 5273 437 5329 malitiae.
491 5269 779 5326 Inﬁrmitas
822 5268 1088 5324 contraria
1133 5276 1217 5323 est
1261 5268 1442 5322 virtuti
1467 5308 1483 5335 ,
1524 5265 1791 5337 imperitia

204 5367 466 5423 soriti-aria
494 5373 580 5421 est
605 5362 904 5435 sapientiae,
935 5362 1133 5417 malitia
1155 5362 1422 5418 contraria
1443 5369 1526 5416 est
1546 5346 1789 5416 bonitati.

206 5458 450 5531 Quisquis
482 5458 646 5529 igitur
675 5456 828 5511 novit
855 5454 980 5524 quid
1011 5455 1080 5509 sit
1106 5453 1275 5508 virtus
1301 5462 1355 5508 et
1375 5452 1631 5522 sapientia
1660 5450 1790 5519 Dei,

146 5568 157 5629 ξ
209 5563 374 5621 potest
397 5551 716 5607 existimare
743 5562 867 5618 quae
896 5546 1003 5601 sint
1031 5557 1244 5617 peccata
1274 5545 1520 5601 venialia.
1548 5544 1617 5600 Et
1640 5544 1790 5615 quis-

142 5640 163 5685 δ
261 5656 1794 5723 ικωαοηπωηεαεαωαωωὴ,ηωεωηωωω,ωδωηι

651 5789 1239 5848 Mss”unme
1278 5786 1403 5835 stant.
1444 5780 1531 5834 alii
1551 5788 1790 5849 quatuor,

205 5856 730 5920 μακηπηιιαιηι.

1899 491 2018 562 quis
2043 488 2193 545 novit
2213 488 2340 561 quid
2367 489 2437 546 sit
2464 486 2674 547 bonitas
2700 488 2817 559 Dei,
2843 497 3019 563 potest
3036 492 3339 549 existimare
3364 493 3482 565 qui-

1896 583 1994 638 bus
2020 582 2251 653 peccatis
2278 592 2422 639 certa
2452 598 2610 656 poena
2651 583 2911 640 debeatur
2947 594 3002 641 et
3029 584 3116 640 hic
3140 594 3196 641 et
3219 586 3271 640 in
3301 584 3480 640 futuro

1896 677 2111 732 smculo.
2150 676 2356 745 Quibus
2391 677 2527 733 bene
2563 677 2798 733 tractatis
2824 719 2838 742 ,
2873 676 3216 747 probabiliter
3252 675 3480 749 judicari

1894 778 2094 838 potest,
2135 769 2224 838 qui
2255 784 2359 824 non
2389 771 2495 824 sint
2519 768 2741 840 cogendi
2766 768 2832 824 ad
2862 768 3228 839 paenitentiam
3269 768 3504 851 luctuo—x

1896 875 2010 917 sam
2033 870 2089 917 et
2114 861 2539 930 lamentabilem,
2579 863 2822 933 quamvis
2848 871 3065 933 peccata
3095 861 3395 926 fateantur;
3425 869 3482 916 et

1892 951 2085 1024 quibus
2111 953 2250 1008 nulla
2280 954 2500 1009 omnino
2525 953 2789 1024 speranda
2832 954 2901 1008 sit
2924 954 3069 1009 salus
3094 995 3108 1020 ,
3139 952 3239 1007 nisi
3269 950 3479 1007 sacrifi-

1891 1046 2030 1101 cium
2064 1045 2352 1104 obtulerint
2378 1047 2489 1104 Deo
2522 1047 2765 1119 spiritum
2791 1047 3201 1104 contribulatum
3229 1061 3323 1117 per
3363 1060 3480 1117 pm-

1890 1138 2189 1195 nitentiam.

2335 1230 2551 1287 XXVII.
2583 1230 2660 1287 De
2689 1231 3020 1302 providentia.

1964 1321 2107 1379 Fieri
2133 1332 2308 1394 potest
2336 1334 2396 1379 ut
2424 1341 2518 1395 per
2544 1324 2744 1379 malum
2783 1324 3056 1380 hominem
3083 1324 3260 1379 divina
3300 1324 3479 1395 provi.

1887 1414 2066 1470 dentia
2097 1425 2150 1471 et
2181 1417 2364 1487 puniat
2388 1425 2443 1471 et
2462 1416 2773 1487 Opituletur.
2800 1415 2933 1471 Nam
2957 1415 3260 1472 Iudaeorum
3286 1415 3477 1485 impie-

1889 1518 1970 1563 tas
1994 1516 2049 1563 et
2073 1507 2287 1564 Iudaeos
2312 1509 2672 1580 supplantavit
2701 1509 2717 1541 ¹
2742 1551 2756 1575 ,
2787 1517 2843 1565 et
2869 1509 3127 1565 Gentibus
3158 1508 3315 1565 saluti
3354 1508 3475 1565 fuit.

1887 1597 2017 1654 Item
2046 1599 2159 1654 fieri
2206 1608 2380 1669 potest
2409 1608 2466 1654 ut
2509 1600 2687 1655 divina
2715 1600 3041 1671 providentia
3073 1617 3168 1672 per
3203 1600 3477 1657 hominem

1888 1690 2085 1747 bonum
2129 1700 2184 1747 et
2211 1691 2428 1748 damnet
2469 1702 2524 1748 et
2567 1693 2811 1763 adjuvet,
2854 1693 2991 1749 sicut
3032 1693 3106 1748 ait
3143 1693 3474 1764 Apostolus:

1886 1783 2015 1837 Aliis
2041 1800 2213 1838 sumus
2243 1785 2370 1839 odor
2396 1786 2510 1841 vita:
2532 1786 2585 1839 in
2611 1786 2786 1851 vitam,
2816 1786 2932 1840 aliis
2960 1795 3127 1839 autem
3151 1786 3276 1839 odor
3302 1782 3476 1839 mortis

1884 1873 1938 1926 in
1965 1884 2174 1927 mortem
2199 1875 2269 1945 (II
2296 1874 2413 1930 Cor.
2447 1893 2482 1931 tt
2501 1918 2516 1943 ,
2554 1877 2667 1949 16).
2696 1875 2800 1932 Sed
2832 1892 2953 1932 cunt
2998 1876 3173 1931 omnis
3199 1874 3475 1931 tribulatio

1886 1976 1973 2019 aut
2013 1982 2171 2037 poena
2218 1968 2500 2037 impiorunt
2539 1969 2642 2035 sit,
2690 1979 2781 2023 aut
2822 1968 3131 2024 exercitatio
3164 1969 3468 2039 justorum;

1884 2056 2005 2126 quia
2034 2057 2219 2112 eadem
2250 2058 2439 2113 tribula
2490 2070 2544 2114 et
2591 2060 2769 2130 paleas
2805 2059 3075 2128 concidit,
3117 2068 3170 2115 et
3208 2058 3474 2115 frumenta

1885 2148 2051 2218 paleis
2092 2149 2279 2216 exuit,
2322 2149 2462 2205 unde
2508 2150 2780 2205 tribulatio
2822 2166 3017 2206 nomen
3065 2151 3303 2220 accepit;
3351 2166 3474 2205 rur-

1885 2253 1999 2303 sus,
2030 2253 2149 2293 cum
2174 2255 2273 2309 pax
2300 2250 2355 2295 et
2382 2239 2533 2310 quies
2561 2256 2590 2293 a
2618 2239 2877 2296 molestiis
2903 2239 3282 2309 temporalibus
3302 2247 3357 2294 et
3379 2239 3479 2295 bo-

1884 2345 1983 2385 nos
2013 2329 2264 2397 lucretur,
2293 2340 2347 2386 et
2373 2340 2680 2401 corrumpat
2705 2331 2874 2387 malos
2905 2347 2918 2385 :
2950 2332 3127 2387 omnia
3158 2331 3271 2386 haec
3295 2331 3475 2387 divina

1884 2423 2214 2492 providentia
2246 2438 2343 2492 pro
2363 2424 2564 2479 meritis
2595 2423 2899 2479 moderatur
2924 2426 3244 2479 animarum.
3268 2422 3372 2479 Sed
3394 2431 3469 2479 ta-

1885 2529 2010 2569 men
2041 2530 2145 2570 non
2186 2515 2287 2570 sibi
2316 2515 2520 2587 eligunt
2547 2516 2674 2572 boni
2703 2516 3057 2573 ministerium
3086 2515 3471 2584 tribulationis,

1884 2619 1985 2661 nec
2014 2607 2138 2662 mali
2166 2617 2346 2662 amant
2371 2623 2574 2678 pacem.
2617 2607 2791 2677 Quare
2819 2610 2918 2679 ipsi
2948 2625 3193 2680 quoque,
3223 2624 3316 2680 per
3337 2623 3475 2680 quos

1885 2699 1937 2755 id
1962 2701 2136 2771 agitur
2159 2701 2299 2771 quod
2330 2701 2594 2771 ignorant,
2628 2718 2734 2757 non
2757 2703 2978 2775 justitia:
3005 2719 3123 2774 qua:
3151 2702 3378 2758 refertur
3404 2700 3475 2758 ad

1885 2789 2087 2855 Deum,
2116 2791 2209 2847 sed
2251 2792 2637 2848 malevolentia:
2678 2809 2789 2849 suae
2835 2794 3138 2850 mercedem
3181 2792 3471 2865 accipiunt.

1883 2881 2341 2950 Quemadmodum
2369 2899 2468 2940 nec
2492 2884 2645 2941 bonis
2675 2885 2986 2956 imputatur,
2999 2884 3141 2956 quod
3169 2885 3297 2956 ipsis
3310 2883 3474 2956 prod-

1882 2989 2004 3031 esse
2057 2976 2360 3032 volentibus
2395 2987 2617 3033 nocetur
2642 2978 2799 3033 alicui
2823 3020 2837 3045 ,
2880 2977 2975 3034 sed
3002 2977 3143 3033 bono
3170 2977 3350 3033 animo
3376 2977 3473 3034 be-

1884 3066 2201 3122 nevolentiae
2225 3069 2500 3138 praemium
2526 3068 2771 3124 tribuitur
2795 3088 2807 3123 :
2833 3069 2902 3123 ita
2924 3069 3084 3125 etiam
3106 3079 3298 3124 caetera
3323 3083 3475 3124 crea-

1888 3167 2003 3214 tura
2046 3175 2141 3231 pro
2180 3160 2385 3215 meritis
2412 3161 2707 3216 animarum
2751 3162 3088 3217 rationalium
3128 3162 3214 3216 vel
3247 3161 3475 3218 sentitur

1882 3251 1968 3306 vel
1997 3250 2142 3314 latet,
2176 3250 2259 3307 vel
2285 3251 2508 3306 molesta
2539 3251 2623 3306 vel
2647 3252 2927 3308 commoda
2957 3261 3059 3307 est.
3085 3253 3305 3308 Summo
3326 3251 3474 3307 enim

1885 3345 1995 3399 Deo
2019 3353 2209 3400 cuncta
2239 3345 2375 3400 bene
2400 3345 2808 3401 administrante
2836 3360 2954 3415 qua:
2981 3343 3128 3412 fecit,
3168 3344 3301 3400 nihil
3324 3343 3474 3401 inor-

1884 3435 2119 3492 dinatum
2167 3435 2221 3492 in
2268 3437 2555 3502 universo,
2604 3436 2840 3506 nihilque
2890 3437 3145 3505 injustum
3188 3446 3307 3503 est,
3356 3437 3475 3495 sive

1884 3527 2173 3583 scientibus
2216 3524 2329 3582 sive
2370 3526 2730 3582 nescientibus
2768 3527 2939 3582 nobis.
2972 3527 3077 3583 Sed
3120 3528 3174 3582 in
3215 3536 3362 3599 parte
3389 3527 3474 3583 of-

1885 3616 2120 3674 fenditur
2148 3619 2320 3672 anima
2352 3617 2619 3688 peccatrix
2646 3634 2659 3670 :
2694 3612 2870 3673 tamen
2897 3617 3018 3689 quia
3049 3632 3147 3688 pro
3170 3616 3374 3673 meritis
3397 3616 3474 3675 ibi

1884 3718 1986 3777 est,
2027 3709 2119 3765 ubi
2150 3708 2309 3765 talem
2337 3723 2457 3764 esse
2494 3708 2686 3777 decet,
2731 3716 2785 3764 et
2821 3723 2884 3764 ea
2912 3708 3108 3779 patitur
3151 3723 3270 3779 quae
3310 3708 3475 3767 talem

1885 3802 1994 3872 pati
2021 3817 2230 3872 aequum
2257 3809 2360 3870 est,
2394 3800 2698 3856 universum
2723 3814 2946 3871 regnum
2969 3799 3061 3854 Dei
3089 3799 3230 3855 nulla
3251 3813 3346 3855 sua
3372 3798 3473 3856 lm-

1886 3892 2050 3949 ditate
2076 3892 2360 3948 deformat.
2406 3891 2804 3961 Quamobrem,
2848 3891 3098 3961 quoniam
3144 3906 3250 3945 non
3289 3890 3471 3945 omnia

1886 3986 2132 4041 novimus
2157 4002 2275 4057 quae
2299 3984 2367 4041 de
2393 3985 2545 4041 nobis
2571 3984 2707 4040 bene
2736 3986 2841 4054 agit
2860 3985 2992 4039 ordo
3018 3985 3246 4051 divinus,
3278 3984 3330 4039 in
3355 3983 3473 4038 sola

1886 4078 2025 4134 bona
2050 4079 2324 4134 voluntate
2362 4077 2653 4133 secundum
2685 4078 2853 4149 legem
2888 4079 3122 4149 agimus;
3165 4079 3216 4133 in
3256 4078 3470 4134 cmteris

1887 4179 2061 4224 autem
2088 4170 2376 4224 secundum
2408 4170 2577 4240 legem
2605 4170 2829 4239 agimur,
2857 4185 2978 4224 cum
3005 4171 3089 4224 lex
3119 4171 3232 4240 ipsa
3262 4169 3470 4224 incom-

1888 4260 2155 4316 mutabilis
2178 4270 2407 4324 maneat,
2430 4270 2485 4315 et
2510 4260 2687 4314 omnia
2705 4259 2973 4313 mutabilia
2995 4259 3346 4329 pulcherrima
3372 4275 3471 4329 gu-

1888 4352 2199 4407 bernatione
2226 4351 2545 4406 moderetur.
2579 4350 2755 4405 Gloria
2784 4351 2940 4421 igitur
2968 4352 3021 4404 in
3051 4352 3310 4405 altissimis
3337 4350 3469 4418 Deo,

1888 4455 1935 4500 et
1963 4447 2015 4499 in
2039 4455 2170 4499 terra
2198 4462 2299 4514 pas:
2324 4444 2606 4499 hominibus
2629 4445 2772 4499 bona:
2799 4446 3067 4499 voluntatis
3094 4444 3240 4517 (Luc.
3263 4461 3323 4514 tl,
3351 4446 3470 4516 14).

2022 4535 2255 4591 XXVIII.
2292 4536 2458 4602 Quare
2485 4536 2620 4591 Deus
2650 4537 2895 4589 mundum
2923 4537 3089 4605 facere
3116 4536 3344 4591 voluerit.

1961 4626 2059 4693 Qui
2104 4627 2292 4697 quterit
2329 4643 2492 4697 quare
2535 4627 2765 4681 voluerit
2800 4628 2937 4682 Deus
2966 4626 3220 4681 mundum
3255 4626 3472 4696 facere,

1891 4734 2108 4775 causam
2134 4720 2323 4789 quierit
2351 4720 2636 4773 voluntatis
2666 4719 2779 4773 Dei.
2821 4717 2925 4773 Sed
2964 4719 3137 4773 omnis
3165 4733 3324 4773 causa
3352 4719 3472 4774 effio
3509 4781 3518 4791 ε

1892 4811 2041 4866 ciens
2066 4820 2166 4865 est.
2212 4810 2382 4864 Omne
2409 4821 2585 4865 autem
2616 4809 2854 4865 efficiens
2892 4808 3061 4878 majus
3108 4818 3187 4864 est
3216 4824 3372 4878 quam
3418 4807 3473 4863 id
3508 4802 3514 4808 ’

1893 4902 2033 4972 quod
2065 4901 2311 4956 efficitur.
2354 4900 2493 4955 Nihil
2524 4910 2698 4955 autem
2738 4900 2908 4971 majus
2946 4909 3028 4956 est
3054 4901 3324 4956 voluntate
3354 4898 3470 4955 Dei.
3500 4888 3511 4901 ”

1893 4990 2009 5048 Non
2035 5008 2162 5062 ergo
2190 4992 2303 5062 ejus
2329 5007 2486 5046 causa
2515 4992 2797 5061 qumrenda
2824 4999 2924 5046 est.

1968 5082 2160 5139 XXIX.
2198 5081 2380 5139 Utrum
2409 5082 2600 5151 aliquid
2629 5081 2692 5136 sit
2726 5098 2926 5136 sursum
2954 5091 3041 5135 aut
3075 5080 3308 5135 deorsum
3349 5079 3403 5133 in

2560 5173 2808 5228 universo.

1970 5266 2097 5335 ρυω
2118 5282 2317 5322 sursum
2342 5273 2456 5321 sunt
2475 5265 2635 5336 sapite
2658 5264 2875 5335 (Coloss.
2901 5278 2976 5328 nt,
3003 5260 3081 5332 2).
3110 5261 3184 5315 Ea
3212 5275 3330 5330 quze
3356 5275 3477 5316 sur-

1896 5377 2014 5418 sum
2043 5368 2168 5416 sunt
2192 5374 2381 5431 sapere
2416 5358 2665 5428 jubemur
2686 5399 2702 5424 ,
2743 5354 3036 5424 spiritualia
3072 5352 3313 5417 scilicet,
3356 5367 3480 5422 quae

1898 5470 2004 5509 non
2035 5452 2165 5509 locis
2194 5460 2247 5507 et
2275 5449 2513 5521 partibus
2543 5448 2699 5518 hujus
2723 5445 2903 5500 mundi
2930 5458 3137 5501 sursum
3167 5459 3287 5499 esse
3317 5443 3481 5499 intel-

1898 5545 2105 5617 ligenda
2130 5552 2283 5609 sunt,
2312 5541 2406 5597 sed
2434 5542 2622 5595 merito
2646 5536 2975 5593 excellentiae
3002 5552 3149 5602 suae;
3182 5551 3250 5591 ne
3278 5535 3331 5589 in
3361 5534 3478 5605 ejus

1898 5637 2081 5694 mundi
2110 5645 2259 5707 parte
2299 5634 2522 5705 figamus
2546 5631 2779 5686 animum
2809 5638 3069 5698 nostrum,
3096 5642 3202 5699 quo
3230 5626 3479 5682 universo

1964 5777 1981 5807 ι
2014 5781 2091 5850 _Er.
2112 5781 2185 5850 ⁸εδι
2203 5769 2424 5821 undecim
2441 5774 2571 5829 llas,
2594 5765 2773 5817 litium
2792 5758 3139 5850 supplantavit.
3160 5758 3306 5811 -Sic
3329 5758 3478 5809 etiam

1880 5828 2048 5901 Lugd.
2112 5840 2169 5885 Il.

3030 5972 3056 5980 ν
3082 5946 3127 5983 ri.
