4000 6336
519 232 593 290 η
1163 257 1166 259 λ
1223 221 1316 280 ne
1354 196 1662 281 DIVERSIS
1695 211 2216 285 QUESTIONIBUS
2251 214 2535 290 LXXXIII,
2575 222 2632 294 ε.
2672 222 3040 286 AUGUSTINI
3697 240 3775 300 ea

519 363 618 404 nos
643 346 899 404 debemus
927 349 1143 404 exuere.
1187 344 1407 399 Sursum
1447 350 1624 395 autem
1651 353 1713 394 ac
1753 336 2002 391 deorsum
2043 332 2097 386 in

519 437 674 508 hujus
700 433 882 494 mundi
909 437 1147 510 partibus
1172 445 1274 492 est.
1298 431 1429 491 Nam
1455 429 1731 490 universus
1752 447 1848 486 nec
1869 432 1980 503 ipse
2001 425 2097 488 lia-

515 534 604 590 bet
656 550 868 591 sursum
927 543 1019 589 aut
1080 533 1350 588 deorsum.
1415 531 1716 600 Corporeus
1765 536 1850 583 est
1908 526 2091 592 enim;

514 630 632 699 quia
666 643 825 683 omne
868 626 1078 682 visibile
1119 640 1433 697 corporeum
1481 632 1581 679 est.
1634 617 1774 676 Nihil
1821 629 1997 676 autem
2039 618 2092 673 in

513 723 766 780 universo.
815 735 1040 790 corpore
1089 735 1299 774 sursum
1350 726 1440 772 aut
1494 715 1742 772 deorsum
1802 723 1902 769 est.
1957 711 2094 767 Cum

511 813 652 868 enim
678 814 728 867 in
752 827 845 868 sex
874 821 1052 884 partes
1082 821 1255 866 motus
1284 811 1395 864 ﬁeri
1419 809 1676 872 videatur,
1702 797 1789 877 qui
1814 815 1986 861 rectus
2010 799 2094 859 di-

511 905 672 970 citur,
706 903 756 957 id
786 912 902 967 est,
933 901 1023 976 qui
1051 902 1326 958 circuiaris
1351 917 1455 955 non
1487 909 1606 966 est,
1648 899 1701 953 in
1727 893 1996 956 anteriora
2033 905 2091 953 et

514 997 830 1064 posteriora,
859 997 910 1050 in
933 995 1232 1051 dexteriora
1261 1002 1314 1048 et
1341 989 1668 1046 sinisteriora
1694 1034 1706 1055 ,
1737 991 1788 1044 in
1816 979 2093 1058 superiora

511 1095 563 1138 et
593 1085 874 1149 inferiora;
909 1086 1051 1140 nulla
1078 1086 1295 1139 omnino
1323 1083 1458 1138 ratio
1477 1093 1558 1136 est
1578 1097 1673 1137 cur
1698 1080 1948 1135 universo
1973 1094 2095 1132 cor-

511 1177 626 1245 pori
655 1185 778 1231 ante
802 1192 864 1230 ac
886 1184 1004 1246 post
1035 1173 1164 1230 nihil
1192 1173 1278 1241 sit,
1308 1184 1360 1227 et
1387 1169 1602 1228 dextera
1633 1188 1694 1226 ac
1717 1173 1866 1235 Ireva,
1899 1171 1968 1224 sit
1998 1183 2092 1222 au-

512 1279 616 1322 tem
641 1284 852 1324 sursum
882 1284 944 1324 ac
970 1265 1240 1323 deorsum.
1283 1263 1387 1320 Sed
1411 1280 1475 1318 eo
1509 1261 1909 1317 considerantes
1948 1258 2091 1313 deci-

483 1341 724 1430 piuntur
749 1402 764 1428 ,
797 1357 938 1430 quod
965 1357 1208 1414 sensibus
1233 1366 1285 1412 et
1312 1351 1680 1410 censuetudiui
1709 1351 1924 1406 difficile
1949 1345 2093 1404 obsi-

483 1445 685 1507 'stitur.
729 1449 840 1510 Non
868 1452 1008 1506 enim
1036 1459 1142 1504 tam
1184 1445 1350 1503 facilis
1373 1457 1453 1502 est
1481 1445 1635 1500 nobis
1665 1445 1944 1498 conversio
1971 1455 2092 1496 cor-

507 1547 653 1616 poris
672 1589 685 1610 ,
717 1562 833 1615 qua:
862 1544 947 1607 ﬁt,
991 1544 1034 1598 si
1066 1543 1184 1612 quis
1213 1539 1384 1612 capite
1412 1535 1662 1593 deorsum
1697 1535 1897 1590 moveri
1924 1535 2083 1598 velit,

505 1654 662 1710 quam
706 1636 872 1694 facilis
899 1645 980 1692 est
1005 1653 1034 1691 a
1063 1635 1247 1691 dextra
1278 1634 1327 1687 in
1359 1633 1544 1688 laevam
1569 1674 1582 1697 ,
1616 1630 1696 1684 vel
1725 1631 1791 1683 ah
1820 1629 2089 1682 anteriore

505 1731 558 1788 in
601 1732 944 1801 posteriorem
992 1739 1213 1799 partem.
1258 1725 1613 1793 Quamobrem
1650 1723 1869 1778 remotis
1913 1720 2089 1775 verbis

505 1839 685 1877 secum
718 1823 817 1892 ipsi
840 1822 1017 1879 animo
1038 1819 1385 1892 satageudum
1410 1828 1514 1884 est,
1545 1827 1602 1872 ut
1627 1818 1728 1872 hoc
1756 1832 1976 1872 cernere
2006 1831 2089 1870 va-

501 1913 627 1969 leat.

481 1991 674 2078 XXX.
723 1997 902 2058 Utrum
929 2003 1099 2056 omnia
1128 2003 1182 2055 in
1219 1999 1482 2055 utilitatem
1513 1999 1730 2054 hominis
1767 2007 1934 2053 creata
1961 1997 2082 2053 sint.

575 2095 645 2152 Ut
694 2096 831 2150 inter
864 2093 1144 2149 honestum
1181 2103 1234 2148 et
1272 2091 1399 2147 utile
1443 2095 1698 2156 interest,
1741 2092 1808 2144 ita
1847 2101 1902 2143 et
1949 2092 2087 2143 inter

501 2187 782 2244 fruendum
811 2196 864 2240 et
896 2185 1168 2238 utendum.
1202 2183 1509 2251 Quanquam
1551 2181 1692 2234 enim
1733 2196 1892 2234 omne
1921 2181 2085 2234 hone-

499 2289 641 2338 stum
669 2278 794 2331 utile
813 2319 828 2344 ,
857 2287 910 2330 et
948 2291 1107 2330 omne
1136 2273 1264 2328 utile
1304 2269 1581 2327 honestum
1610 2288 1732 2328 esse
1755 2313 1770 2337 ,
1817 2267 2084 2326 subtiliter

501 2369 712 2428 defendi
744 2376 906 2438 queat
935 2386 949 2423 :
982 2377 1158 2422 tamen
1189 2365 1311 2437 quia
1342 2366 1505 2432 magis
1545 2365 1757 2436 proprie
1784 2375 1943 2435 atque
1970 2363 2082 2419 usi-

503 2473 661 2521 tatIus
689 2463 969 2518 honestum
996 2461 1188 2516 dicitur
1221 2457 1360 2530 quod
1391 2469 1604 2530 propter
1629 2474 1687 2514 se
1714 2459 1887 2526 ipsum
1917 2473 2083 2532 expc-

500 2555 718 2613 tendum
749 2563 831 2610 est
852 2595 868 2621 ,
908 2555 1038 2609 utile
1062 2562 1237 2607 autem
1264 2541 1403 2622 quod
1432 2551 1496 2604 ad
1525 2549 1666 2606 aliud
1695 2547 1894 2619 aliquid
1937 2547 2081 2606 refe-

497 2648 720 2704 reudum
751 2656 866 2701 est:
893 2643 1183 2702 secundum
1217 2643 1353 2698 hanc
1372 2641 1722 2698 dilferentiant
1747 2660 1887 2698 nunc
1913 2635 2084 2713 loqui-

498 2755 646 2802 mur,
683 2737 811 2792 illud
841 2752 970 2790 sane
999 2733 1361 2791 custodientes
1387 2777 1400 2798 ,
1445 2744 1502 2789 ut
1540 2734 1820 2788 honestum
1856 2745 1910 2788 et
1952 2731 2082 2789 utile

498 2830 644 2884 nullo
672 2827 830 2882 modo
857 2828 1070 2883 sibimet
1093 2825 1459 2881 adversentur.
1490 2825 1770 2880 Adversari
1799 2825 1940 2880 enim
1966 2823 2083 2882 lucc

477 2921 593 2998 _sibi
639 2919 923 2990 aliquando
961 2920 1206 2990 imperite
1253 2935 1314 2973 ac
1358 2918 1644 2989 vulgariter
1684 2917 2076 2974 existimantur.

496 3003 619 3068 Frui
650 3030 776 3084 ergo
805 3013 1030 3067 dicimur
1058 3029 1116 3068 ea
1148 3028 1207 3067 re
1237 3012 1303 3066 de
1331 3028 1432 3083 qua
1461 3013 1700 3078 capimus
1726 3011 2074 3084 voluptatem.

493 3097 702 3160 Utimur
731 3119 790 3158 ea
818 3120 973 3173 quam
1002 3087 1281 3159 referimus
1326 3101 1393 3158 ad
1434 3103 1485 3162 id
1528 3102 1671 3162 unde
1701 3105 1945 3175 voluptas
1985 3121 2075 3162 ca-

483 3195 681 3272 pienda
711 3205 812 3250 est.
839 3197 1024 3251 Omnis
1054 3195 1229 3268 itaque
1253 3195 1484 3256 humana
1512 3197 1781 3268 perversio
1802 3207 1904 3263 est,
1936 3198 2078 3268 quod

489 3289 650 3344 etiam
677 3287 861 3343 vitium
888 3299 1126 3356 vocatur,
1161 3285 1399 3344 fruendis
1427 3289 1499 3343 uti
1528 3285 1666 3344 velle
1689 3331 1702 3355 ,
1736 3299 1893 3360 atque
1919 3301 2078 3346 uten-

489 3381 572 3440 dis
601 3381 723 3438 frui.
756 3383 824 3438 Et
850 3399 1038 3440 rursus
1062 3385 1234 3440 omnis
1263 3386 1547 3452 ordinatio,
1579 3403 1697 3456 quae
1724 3387 1890 3440 virtus
1916 3385 2075 3440 etiam

489 3471 794 3530 nominatur
815 3515 830 3539 ,
876 3472 1111 3530 fruendis
1141 3474 1276 3541 frui,
1317 3486 1370 3532 et
1399 3477 1608 3532 utendis
1641 3477 1739 3531 uti.
1767 3477 2075 3534 FI-uendum

489 3573 572 3620 est
595 3573 772 3624 autem
803 3561 1063 3627 honestis,
1096 3553 1346 3620 utendum
1375 3583 1502 3624 vero
1542 3557 1776 3620 utilibus.
1809 3567 2075 3624 Honesta-

489 3647 596 3710 tetn
623 3669 756 3710 voco
785 3653 1173 3724 intelligibilem
1216 3653 1698 3724 pulchritudinem,
1730 3671 1888 3725 quam
1919 3657 2076 3727 spiri-

490 3745 684 3804 tualem
713 3761 811 3801 nos
837 3745 1049 3815 proprie
1077 3746 1333 3809 dicimus;
1381 3745 1655 3804 utilitatem
1686 3758 1862 3802 autem
1883 3789 1898 3814 ,
1939 3748 2074 3804 divi-

488 3853 612 3893 nam
647 3837 1051 3908 providentiam.
1082 3837 1419 3908 Quapropter
1443 3853 1741 3912 quanquam
1774 3839 1878 3893 sint
1908 3839 2073 3894 multa

489 3929 710 4002 pulchra
739 3930 963 3986 visibilia
989 3975 1004 3998 ,
1033 3948 1152 4002 qua:
1182 3932 1357 3986 minus
1382 3931 1593 4002 proprie
1632 3931 1857 3988 honesta
1889 3931 2069 4002 appel-

489 4011 698 4085 lantur;
728 4023 844 4093 ipsa
869 4032 1046 4078 tamen
1080 4023 1436 4094 pulchritudo,
1473 4039 1539 4080 ex
1568 4041 1669 4095 qua
1696 4024 1916 4097 pulchra
1951 4035 2074 4081 sunt

481 4127 836 4186 quaecumque
875 4113 1092 4183 pulchra
1135 4123 1296 4180 sunt,
1340 4114 1485 4170 nullo
1516 4115 1674 4169 modo
1713 4124 1796 4169 est
1823 4114 2070 4171 visibilis.

487 4199 617 4260 Item
645 4191 812 4260 multa
839 4205 982 4260 utilia
1009 4206 1234 4259 visibilia
1262 4223 1276 4269 ;
1323 4205 1414 4260 sed
1446 4205 1556 4274 ipsa
1584 4205 1786 4262 utilitas
1806 4247 1821 4273 ,
1866 4222 1929 4264 ex
1971 4222 2072 4276 qua

486 4298 644 4364 nobis
687 4307 907 4368 prosunt
947 4313 1292 4368 qna'cumque
1325 4306 1584 4366 prosunt,
1632 4315 1790 4370 quam
1839 4299 2071 4356 divinam
2125 4298 2127 4301 ’

487 4391 876 4463 providentiam
905 4391 1132 4448 dicimus
1156 4435 1171 4458 ,
1203 4391 1424 4448 visibilis
1454 4408 1558 4447 non
1587 4402 1689 4448 est.
1722 4391 1914 4450 Notum
1945 4409 2072 4449 sane

486 4486 559 4542 sit
610 4487 895 4548 visibilium
946 4486 1162 4542 nomine
1207 4487 1386 4544 omnia
1437 4485 1737 4554 corporalia
1787 4485 2067 4542 contineri.

486 4577 712 4658 Oportet
741 4594 867 4648 ergo
902 4577 999 4634 frui
1029 4578 1264 4650 pulchris
1290 4578 1662 4643 invisibilibus,
1694 4578 1745 4633 id
1772 4588 1873 4644 cst,
1907 4578 2073 4636 hone-

487 4669 584 4728 Stis
613 4688 628 4724 :
657 4679 836 4726 utrum
866 4680 1041 4724 autem
1070 4670 1348 4736 omnibus,
1377 4669 1478 4724 alia
1509 4671 1734 4737 quaestio
1759 4681 1874 4736 est;
1905 4687 2072 4742 quan-

486 4777 644 4832 quam
674 4762 894 4818 fortaSse
921 4762 1144 4816 honesta
1173 4778 1278 4816 non
1308 4762 1408 4818 nisi
1437 4761 1626 4832 quibus
1656 4761 1934 4822 fruendum
1967 4772 2068 4828 est,

487 4855 592 4910 dici
619 4855 822 4910 deceat.
855 4854 1084 4910 Utilibus
1113 4864 1289 4912 autem
1322 4855 1578 4912 utendum
1606 4866 1688 4910 est
1717 4858 1982 4924 omnibus,
2013 4870 2071 4913 ut

487 4962 701 5018 quoquo
720 4963 905 5004 eorum
931 4962 1064 5018 opus
1089 4957 1188 5004 est.
1220 4947 1286 5002 Et
1311 4948 1410 5002 frui
1441 4949 1653 5017 quidem
1680 4948 1799 5002 εἰὺο
1819 4959 1870 5004 ει
1899 4951 2072 5018 quali-

488 5037 578 5091 bet
602 5037 865 5107 corporali
892 5039 1161 5106 voluptate
1185 5053 1290 5094 non
1333 5037 1467 5092 adeo
1501 5038 1730 5092 absurde
1759 5040 2070 5095 existiman-

488 5140 575 5186 tur
598 5141 652 5187 et
678 5132 860 5188 bestia:
889 5150 904 5188 :
929 5132 1012 5186 uti
1037 5140 1213 5188 autem
1239 5132 1412 5202 aliqua
1434 5148 1493 5187 re
1512 5147 1619 5188 non
1647 5142 1820 5202 potest
1843 5135 1943 5189 nisi
1965 5136 2072 5190 ani-

487 5224 594 5280 mal
625 5223 764 5291 quod
791 5224 1012 5282 rationis
1053 5233 1138 5278 est
1179 5224 1464 5293 particeps.
1508 5223 1657 5280 Scire
1696 5241 1924 5295 namque
1966 5241 2070 5296 quo

488 5315 719 5386 quidque
743 5316 1080 5372 referendum
1109 5318 1211 5382 sit,
1244 5333 1348 5378 non
1375 5317 1556 5374 datum
1596 5327 1678 5376 est
1718 5321 1938 5376 rationis
1973 5336 2080 5414 ειη

485 5409 758 5480 portibus;
805 5408 900 5464 sed
945 5426 1118 5478 neque
1161 5411 1288 5480 ipsis
1328 5411 1673 5468 rationalibus
1721 5414 1915 5470 stultis.
1961 5413 2069 5473 Nec

485 5502 563 5560 uti
592 5503 814 5572 quisque
835 5511 1009 5571 potest
1028 5519 1090 5560 ea
1117 5521 1174 5560 re
1196 5522 1316 5576 qua:
1341 5523 1446 5574 quo
1469 5507 1740 5564 referenda
1765 5509 1834 5564 sit
1858 5510 2060 5577 nescit;

487 5610 587 5649 nec
613 5594 890 5666 quisquam
923 5604 1094 5666 potest
1135 5597 1270 5652 scire
1311 5599 1408 5654 nisi
1452 5600 1682 5669 sapiens.
1715 5599 1890 5669 Quare
1920 5601 2067 5658 abuti

483 5683 681 5744 rectius
706 5685 809 5743 dici
833 5685 1038 5757 solent,
1068 5687 1160 5760 qui
1185 5704 1290 5746 non
1319 5687 1458 5748 bene
1485 5699 1721 5748 utuntur.
1761 5687 1880 5754 Non
1921 5695 2066 5754 enim

2205 333 2447 404 cuiquam
2469 339 2684 408 prodest
2703 341 2756 396 id
2773 358 2881 412 quo
2901 345 3040 400 male
3060 345 3254 414 utitur;
3277 355 3333 403 et
3352 349 3606 419 quodnon

2199 433 2314 494 est,
2348 437 2452 481 non
2492 431 2673 498 utique
2723 432 2851 487 utile
2878 441 2978 490 est.
3014 433 3151 491 Utile
3175 443 3353 493 autem
3381 441 3627 512 quidquid
3656 452 3764 513 est,

2199 519 2396 574 utendo
2419 529 2503 575 est
2527 522 2656 577 utile
2687 541 2703 579 ε
2732 525 2801 579 ita
2829 535 2986 580 nemo
3014 529 3177 583 utitur
3203 529 3305 585 nisi
3333 533 3470 587 utili.
3505 531 3615 590 Non
3645 537 3766 608 ergo

2199 610 2363 664 utitur
2384 651 2398 676 ,
2428 613 2665 682 quisquis
2704 615 2841 669 male
2871 618 3052 672 utitur.
3083 618 3322 676 Perfecta
3361 623 3519 694 igitur
3547 613 3771 684 hominis

2195 699 2333 755 ratio
2354 742 2370 766 ,
2407 717 2525 773 quae
2565 705 2732 760 virtus
2762 719 2982 762 vocatur
3008 751 3024 777 ,
3071 712 3235 766 utitur
3265 715 3437 783 primo
3481 729 3538 770 se
3569 717 3676 785 ipsa
3706 719 3769 773 ad

2195 787 2594 860 intelligendum
2624 796 2818 862 Deum,
2851 807 2906 853 ut
2931 815 2997 854 eo
3023 801 3229 856 fruatur
3257 815 3284 855 a
3317 815 3421 872 quo
3449 807 3608 860 etiam
3640 811 3771 862 facta

2195 889 2294 938 εει.
2332 883 2506 941 Utitur
2530 900 2706 944 autem
2731 893 2940 946 ca-tt-ris
2965 895 3311 950 rationalibus
3335 899 3688 953 animantibus
3709 900 3771 953 ad

2195 975 2541 1049 societatem,
2597 984 2993 1042 irrationalibus
3043 988 3110 1044 ad
3167 991 3530 1048 eminentiam.
3601 989 3773 1047 Vitam

2197 1076 2356 1128 etiam
2395 1092 2543 1132 Suam
2583 1078 2650 1132 ad
2682 1079 2732 1132 id
2761 1080 2966 1148 refert,
2995 1091 3051 1135 ut
3097 1081 3301 1137 fruatur
3343 1085 3450 1139 Deo
3485 1105 3498 1138 :
3533 1083 3602 1139 ita
3633 1086 3772 1140 enim

2193 1165 2345 1220 beata
2365 1173 2464 1221 est.
2489 1165 2627 1239 Ergo
2651 1171 2704 1224 et
2728 1184 2785 1226 se
2811 1172 2922 1238 ipsa
2943 1174 3108 1228 utitur
3132 1191 3147 1240 ;
3167 1191 3281 1244 quae
3301 1175 3540 1245 profecto
3563 1169 3776 1231 inchoat

2193 1259 2460 1313 miseriam
2509 1276 2604 1332 per
2647 1264 2966 1332 superbiam,
3018 1265 3061 1317 si
3103 1265 3170 1319 ad
3213 1280 3273 1321 se
3318 1267 3511 1334 ipsam,
3562 1284 3664 1321 non
3709 1266 3776 1322 ad

2194 1345 2360 1405 Deum
2403 1349 2680 1406 referatur.
2713 1351 2890 1410 UIiIar
2920 1357 3076 1410 etiam
3104 1357 3416 1427 corporibus
3458 1359 3773 1428 quihusdam

2192 1441 2522 1498 vivificaudis
2565 1446 2631 1498 ad
2677 1445 3115 1511 beneﬁcentiam;
3157 1449 3235 1502 sic
3277 1449 3420 1502 enim
3473 1451 3635 1503 utitur
3680 1464 3777 1505 suo

2192 1549 2418 1606 corpore
2450 1555 2462 1588 :
2493 1537 2806 1606 quibusdam
2849 1540 3181 1593 assumendis
3228 1541 3312 1595 Vel
3358 1543 3672 1610 reSpnendis
3711 1542 3777 1596 ad

2193 1627 2545 1684 valetudinem
2578 1670 2591 1693 ,
2631 1629 2945 1699 quibusdam
2991 1630 3279 1686 tolerandis
3321 1633 3385 1684 ad
3421 1634 3776 1700 patientiam,

2190 1722 2503 1792 quihusdam
2535 1723 2840 1778 ordinandis
2871 1723 2936 1777 ad
2971 1723 3267 1796 justitiam,
3301 1725 3617 1794 quibusdam
3649 1741 3779 1780 con-

2191 1813 2485 1869 siderandis
2525 1815 2588 1868 ad
2632 1815 2845 1886 aliquod
2886 1815 3123 1870 veritatis
3149 1815 3527 1870 documentum
3564 1834 3577 1869 :
3613 1820 3782 1870 utitur

2191 1907 2349 1960 etiam
2383 1905 2447 1962 iis
2471 1924 2499 1960 a
2530 1909 2720 1978 quibus
2747 1925 2804 1964 se
2837 1909 3088 1975 abstinet,
3124 1909 3191 1962 ad
3238 1910 3668 1978 temperantiam.
3703 1908 3778 1962 lla

2189 2001 2437 2054 Omnibus
2476 2011 2529 2054 et
2567 2003 2738 2054 sensis
2767 2009 2819 2054 et
2851 2018 2954 2055 non
2997 2002 3167 2056 sensis
3196 2001 3399 2067 utitur;
3442 2017 3542 2056 nec
3576 1999 3780 2069 aliquid

2190 2090 2400 2144 tertium
2431 2100 2530 2143 est.
2576 2091 2782 2145 Judical
2823 2103 3000 2145 autem
3039 2092 3106 2146 de
3143 2094 3391 2146 omnibus
3434 2093 3630 2161 quibus
3674 2091 3782 2146 uti-

2190 2185 2275 2236 tur
2305 2199 2316 2234 :
2352 2182 2418 2236 de
2445 2182 2560 2235 solo
2588 2183 2695 2236 Deo
2727 2198 2829 2235 non
2857 2181 3058 2252 judicut
3078 2224 3092 2248 ,
3123 2183 3243 2252 quia
3271 2183 3561 2236 Secundum
3603 2183 3780 2237 Deum

2186 2271 2253 2330 de
2279 2277 2488 2332 caeteris
2509 2275 2744 2344 judicat;
2777 2293 2875 2331 nec
2901 2292 2966 2331 eo
2992 2277 3155 2328 utitur
3176 2317 3188 2341 ,
3225 2276 3316 2329 sed
3347 2273 3557 2329 fruitur.
3591 2275 3782 2342 Neque

2185 2371 2327 2424 enim
2354 2371 2418 2424 ad
2446 2369 2642 2440 aliquid
2677 2369 2819 2424 aliud
2861 2365 3000 2426 Deus
3030 2369 3337 2424 referendus
3361 2375 3462 2422 est.
3507 2368 3779 2434 Quoniam

2183 2476 2344 2518 omne
2373 2461 2514 2532 quod
2539 2459 2603 2516 ad
2623 2459 2766 2515 aliud
2785 2459 3118 2519 referendum
3135 2469 3238 2525 est,
3262 2457 3484 2514 inferius
3506 2468 3591 2514 est
3613 2475 3780 2528 quam

2185 2545 2238 2608 id
2267 2549 2336 2607 ad
2363 2555 2503 2624 quod
2535 2554 2866 2609 referendum
2896 2563 2995 2610 εει.
3026 2553 3135 2608 Nec
3175 2563 3256 2606 est
3295 2551 3493 2622 aliquid
3541 2551 3656 2607 Deo
3685 2567 3781 2605 su-

2184 2645 2403 2720 perius,
2461 2663 2568 2700 non
2616 2646 2776 2711 loco,
2830 2643 2924 2700 sed
2974 2641 3283 2700 excellentia
3332 2658 3441 2696 sua:
3500 2643 3780 2696 natnrm‘.

2184 2733 2373 2794 Omnia
2405 2754 2532 2810 ergo
2560 2755 2676 2810 qua:
2707 2739 2838 2794 facta
2865 2745 2988 2793 sunt
3011 2778 3027 2804 ,
3072 2735 3124 2790 in
3167 2751 3318 2788 usum
3363 2733 3600 2788 hominis
3640 2731 3782 2786 facta

2175 2811 2343 2897 sunt,
2395 2830 2518 2902 quia
2563 2829 2810 2884 omnibus
2859 2831 3022 2883 utitur
3059 2825 3346 2897 judicando
3393 2825 3612 2891 ratio',
3658 2837 3783 2893 qua:

2185 2923 2388 2980 homini
2420 2924 2540 2979 data
2577 2933 2678 2979 est.
2721 2923 2787 2977 Et
2815 2932 2939 2977 ante
2971 2921 3176 2991 lapsum
3205 2921 3419 2990 quidem
3451 2936 3560 2974 non
3596 2917 3786 2974 uteba-

2183 3025 2271 3072 tur
2299 3017 2620 3083 tolerandis,
2661 3032 2758 3070 nec
2797 3023 2920 3087 post
2961 3015 3165 3085 lapsum
3195 3015 3361 3067 utitur
3401 3011 3505 3067 nisi
3540 3027 3780 3067 conver-

2183 3124 2316 3174 sus,
2377 3116 2432 3163 et
2479 3123 2777 3178 quanquam
2836 3115 2960 3162 ante
3018 3116 3246 3162 mortem
3303 3105 3592 3172 corporis,
3665 3101 3784 3172 jam

2181 3209 2361 3256 tamen
2403 3209 2658 3270 quantum
2707 3207 2884 3270 potest
2931 3197 3026 3254 Dei
3079 3198 3320 3263 amicus,
3369 3196 3492 3266 quia
3545 3195 3786 3250 libenter

2182 3308 2390 3352 SCI‘VHS.
2901 3349 2904 3352 .

2180 3385 2376 3446 XXXI.
2433 3386 2695 3441 Sententia
2744 3383 3036 3449 Ciceronis,
3089 3375 3515 3449 quemadmodum
3571 3377 3786 3436 virtutes

2251 3479 2410 3538 animi
2446 3477 2508 3532 ab
2537 3480 2626 3534 illo
2651 3479 2824 3532 divisa:
2856 3493 2915 3530 ac
2943 3477 3164 3544 deﬁnita:
3190 3477 3289 3529 sint
3336 3473 3482 3548 (Cic.
3517 3469 3617 3530 lib.
3646 3471 3684 3527 Ξ
3714 3471 3786 3528 de

2251 3567 2504 3640 luvent.).
3274 3558 3276 3560 I

2251 3663 2302 3716 l.
2344 3661 2522 3715 Virtus
2547 3671 2628 3715 est
2655 3659 2818 3716 animi
2848 3658 3058 3720 habitus
3084 3658 3285 3714 natura:
3311 3651 3473 3711 modo
3500 3668 3670 3728 atque
3695 3675 3786 3713 ra-

2176 3753 2304 3818 tioni
2325 3761 2735 3808 consentaneus.
2772 3751 2945 3818 Quare
2973 3751 3218 3805 omnibus
3244 3749 3488 3822 partibus
3533 3750 3656 3819 ejus
3683 3768 3786 3807 co-
3883 3777 3892 3784 -

2169 3844 2356 3922 guttis,
2381 3854 2490 3904 tota
2517 3844 2599 3900 vis
2641 3843 2744 3902 erit
2787 3844 3042 3913 simplicis
3079 3844 3372 3899 honestatis
3398 3845 3782 3900 considerata.

2169 3931 2346 3992 Habet
2389 3936 2549 4007 igitur
2584 3944 2766 4006 partes
2809 3944 3066 4006 quatuor:
3097 3934 3454 4004 prudentiam,
3481 3937 3784 4006 justitiam,

2176 4026 2563 4096 fortitudinem,
2586 4029 3010 4098 temperaiztiam.
3041 4027 3326 4082 Prudentia
3353 4037 3437 4082 est
3465 4044 3656 4084 rerum
3687 4030 3788 4085 bo-

2176 4139 2364 4184 narum
2403 4130 2458 4200 et
2487 4123 2742 4182 malarum
2792 4131 3207 4192 uentrarumque
3252 4121 3480 4176 scientia
3511 4121 3554 4174 ⁸.
3589 4122 3789 4179 Partes

2176 4214 2310 4286 ejus,
2341 4203 2617 4280 memoria,
2644 4213 3002 4285 intelligentia,
3030 4213 3378 4284 providentia.
3405 4213 3676 4268 Memoria
3702 4224 3790 4269 est

2177 4323 2272 4378 per
2299 4322 2455 4377 quam
2477 4307 2684 4364 animus
2716 4307 2905 4376 repetit
2935 4306 3020 4360 illa
3047 4322 3165 4376 quas
3192 4304 3422 4358 fuerunt.
3466 4304 3790 4376 Intelligen—

2176 4398 2270 4462 tia,
2300 4411 2394 4466 per
2419 4413 2584 4467 quam
2605 4412 2665 4454 ea
2696 4395 2945 4467 perSpicit
2969 4412 3087 4467 qua:
3115 4403 3256 4452 sunt.
3288 4395 3664 4463 Providentia,
3688 4413 3792 4466 per

2175 4505 2334 4562 quam
2365 4488 2595 4552 futurum
2624 4489 2822 4558 aliquid
2854 4485 3060 4550 videtur
3099 4497 3380 4558 antequam
3430 4489 3638 4542 faetum
3676 4497 3784 4544 est.

2176 4581 2384 4642 Justitia
2423 4589 2504 4635 est
2533 4580 2744 4635 habitus
2770 4581 2950 4646 animi,
2982 4578 3250 4634 communi
3282 4577 3516 4632 utilitate
3549 4596 3787 4634 conser-

2174 4681 2321 4739 vata,
2361 4687 2510 4728 suam
2535 4672 2727 4742 cuique
2753 4671 2988 4728 tribuens
3029 4669 3358 4738 dignitatem.
3396 4665 3534 4736 Ejus
3568 4668 3788 4726 initium

2176 4777 2259 4826 est
2286 4767 2354 4824 ab
2383 4776 2582 4828 natura
2612 4766 2902 4835 profectum
2923 4781 2936 4816 :
2959 4763 3150 4818 deinde
3179 4759 3420 4830 quaedam
3455 4762 3508 4813 in
3537 4777 3790 4819 ennsne-

2175 4860 2411 4916 tudinem
2442 4875 2506 4914 ex
2537 4857 2780 4913 utilitatis
2821 4855 3023 4911 ratione
3052 4861 3314 4909 venerunt
3341 4870 3354 4905 :
3383 4862 3582 4922 postea
3611 4871 3706 4910 res
3734 4867 3796 4914 et

2173 4952 2244 5009 ab
2267 4961 2453 5007 natura
2481 4949 2751 5022 profectas
2777 4956 2831 5004 et
2854 4947 2922 5003 ab
2946 4943 3330 5008 consuetudine
3357 4943 3649 5014 probatas,
3703 4949 3791 5006 te-

2171 5059 2296 5119 gum
2322 5053 2492 5100 metus
2517 5054 2571 5098 et
2602 5040 2790 5112 religio
2810 5039 2997 5096 sanxit.
3031 5036 3226 5090 Natura
3243 5037 3332 5105 jus
3358 5044 3463 5090 est.
3492 5039 3646 5106 quod
3672 5057 3791 5099 non

2175 5137 2353 5206 opinio
2377 5135 2576 5206 genuit,
2606 5133 2702 5188 sed
2730 5132 2965 5206 quietiam
2996 5130 3175 5184 innata
3210 5129 3289 5182 vis
3321 5129 3582 5197 inseruit,
3615 5143 3676 5186 ut
3699 5151 3797 5190 re-

2153 5229 2447 5304 _ligioncm,
2479 5227 2758 5298 pietatem,
2809 5219 3050 5290 gratiam,
3099 5220 3547 5286 vindicationem,
3585 5223 3790 5288 obser-

2174 5319 2426 5386 vantiam,
2455 5317 2759 5374 veritatem.
2788 5312 2991 5383 Religio
3016 5321 3098 5376 est
3127 5328 3245 5383 qua:
3266 5313 3574 5386 superioris
3599 5315 3797 5388 cujus-

2235 5454 2344 5501 tur.
2383 5459 2436 5502 et
2457 5449 2628 5514 plures
2671 5459 2794 5510 Μαι,
2839 5448 2924 5502 sed
2961 5445 3250 5501 meae-tia
3287 5445 3599 5500 mum.
3625 5454 3800 5506 ante

2175 5517 2321 5574 etiam
2341 5515 2483 5578 Lugd.
2506 5521 2558 5578 et
2582 5523 2698 5578 \‘en_.
2741 5520 2819 5578 __M.

2235 5573 2258 5613 ἶ
2289 5573 2486 5628 Codices
2507 5577 2632 5633 duo,
2655 5573 2915 5638 ᾔηάίιτιιηήὶ
2933 5573 3076 5626 ratio.

2239 5642 2260 5674 ³
2293 5640 2506 5694 Nonnulli
2533 5634 2712 5688 iussin
2736 5639 2856 5700 apud
2879 5640 3184 5704 I‘_.icerouem,
3231 5645 3409 5688 Rerum
3455 5634 3714 5698 Mm
3747 5648 3803 5701 ct

2173 5704 2413 5758 nautarum
2433 5709 2480 5757 et
2505 5699 2815 5768 utrarumque
2838 5699 3050 5753 satvrnia.
