4000 6336
472 293 547 395 π
1220 330 1306 387 ns
1347 324 1657 386 mensus
1692 318 2215 392 QUESTIONIBUS
2250 292 2534 387 LXXXIII,
2574 319 2633 376 s.
2671 319 3037 381 AUGUSTINI
3662 325 3737 390 ει

463 464 639 512 metus
665 453 864 527 aliquid
892 459 1115 522 metuat,
1145 467 1267 508 cum
1297 449 1474 505 anima
1518 446 1693 518 potius
1731 443 1850 514 ipso
1893 448 2040 495 metu

462 555 696 614 metuat;
745 545 873 602 illud
898 545 1155 611 attendat,
1186 542 1329 615 quod
1352 541 1571 612 cognitu
1599 537 1754 593 facile
1776 542 1881 601 est,
1922 533 2043 588 nul-

462 638 571 695 lum
601 649 803 695 metum
842 654 963 695 esse
992 639 1094 693 nisi
1120 636 1277 692 futuri
1307 644 1361 691 et
1398 631 1724 689 imminentis
1751 628 1897 685 mali.
1934 626 2043 682 Ne-

462 745 613 786 cesse
634 740 716 786 est
735 739 913 786 autem
940 739 999 785 ut
1023 730 1112 799 qui
1138 729 1344 794 metuit,
1367 724 1564 797 aliquid
1585 723 1770 794 fugiat.
1794 718 2044 789 Quisquis

462 825 639 894 itaque
667 833 907 878 metuere
950 822 1158 886 metuit,
1205 827 1288 875 est
1326 817 1568 889 profecto
1610 811 2042 875 absurdissimus,

461 918 582 987 quia
605 915 852 987 fugiendo
874 914 1035 970 habet
1054 913 1281 982 idipsum
1299 910 1442 982 quod
1470 908 1618 979 fugit.
1641 905 1773 961 Nam
1794 903 2045 973 quoniam

464 1024 567 1063 non
596 1008 849 1063 metuitur
875 1007 975 1062 nisi
1008 1022 1074 1060 ne
1094 1004 1291 1075 aliquid
1321 1003 1442 1057 mali
1464 1000 1689 1064 accidat,
1715 1005 1953 1052 metuere
1979 1008 2047 1048 ne

464 1098 668 1152 accidat
700 1106 891 1159 mutus,
921 1096 1053 1150 nihil
1088 1093 1230 1149 aliud
1260 1101 1342 1147 est
1365 1092 1465 1146 nisi
1494 1088 1742 1159 amplecti
1782 1085 1924 1156 quod
1958 1100 2046 1139 re-

464 1189 628 1257 spuis.
656 1188 806 1255 Quod
828 1187 873 1242 si
894 1200 1195 1257 repugnans
1215 1195 1316 1250 est,
1343 1183 1497 1238 sicuti
1523 1191 1625 1245 est,
1657 1180 1804 1235 nullo
1831 1190 2048 1248 prorsus

465 1277 624 1332 modo
647 1278 852 1342 metuit,
877 1277 1114 1347 quisquis
1130 1276 1259 1330 nihil
1289 1273 1433 1329 aliud
1454 1281 1596 1328 amat
1624 1287 1782 1340 quam
1809 1286 1912 1325 non
1937 1283 2051 1323 me-

465 1376 635 1423 tuere.
662 1368 727 1422 Et
750 1376 1031 1437 propterea
1052 1382 1210 1422 nemo
1240 1374 1415 1435 potest
1443 1364 1548 1418 hoc
1574 1362 1744 1417 solum
1771 1374 1971 1426 amare,
1995 1365 2050 1414 et

465 1474 570 1513 non
618 1457 831 1513 habere.
866 1457 1054 1513 Utrum
1083 1467 1263 1513 autem
1306 1456 1407 1511 hoc
1435 1456 1606 1511 solum
1648 1450 1931 1507 amandum
1959 1450 2048 1513 sit,

465 1549 570 1602 alia
598 1549 823 1618 quaestio
847 1557 948 1603 est.
972 1548 1087 1603 Jam
1116 1563 1273 1618 quem
1300 1563 1405 1601 non
1432 1546 1698 1601 exanimat
1726 1552 1917 1610 metus,
1950 1557 2051 1598 nec

465 1638 726 1707 cupiditas
754 1654 876 1693 eum
899 1646 1091 1705 vastat,
1112 1653 1212 1694 nec
1237 1637 1499 1708 mgritudo
1526 1645 1776 1699 macerat,
1798 1649 1896 1689 nec
1918 1650 2051 1688 vcn-

467 1728 586 1783 tilat
613 1732 849 1800 gestiens
872 1738 926 1783 et
948 1744 1082 1784 vana
1110 1728 1314 1783 laetitia.
1342 1727 1399 1783 Si
1419 1727 1560 1783 enim
1589 1727 1753 1796 cupit,
1773 1726 1897 1796 quia
1922 1723 2053 1778 nihil

464 1821 608 1875 aliud
632 1830 714 1877 est
734 1822 996 1891 cupiditas
1012 1821 1115 1875 nisi
1139 1836 1290 1875 amor
1310 1835 1487 1875 rerum
1512 1816 1918 1881 transeuntium,
1944 1830 2055 1870 me-

467 1921 580 1965 tuat
606 1927 826 1968 necesse
853 1920 954 1975 est,
989 1928 1057 1967 ne
1082 1922 1172 1965 aut
1200 1912 1409 1965 amittat
1429 1926 1523 1965 eas
1548 1926 1671 1966 cum
1696 1908 1918 1978 adeptus
1943 1907 2057 1961 fue-

465 2004 553 2068 rit,
586 2013 677 2057 aut
709 2019 816 2057 non
840 2003 1181 2073 adipiscatur.
1208 2001 1324 2057 Non
1347 2010 1524 2057 autem
1550 2001 1731 2056 metuit
1755 2019 1769 2054 :
1797 2015 1900 2055 non
1926 2013 2055 2069 ergo

465 2095 629 2163 cupit.
660 2095 855 2150 Itemsi
877 2096 1090 2163 angitur
1114 2094 1276 2148 animi
1305 2093 1513 2160 dolore,
1540 2107 1762 2148 necesse
1791 2100 1873 2146 est
1894 2090 2056 2145 etiam

468 2194 612 2240 metu
630 2186 888 2255 agitetur:
912 2184 1161 2253 quoniam
1183 2199 1407 2254 quorum
1430 2183 1691 2238 malorum
1712 2180 2053 2250 praesentium

470 2284 553 2331 est
572 2275 881 2342 anxietudo,
900 2290 1084 2330 eorum
1110 2283 1193 2330 est
1219 2282 1275 2330 et
1298 2273 1687 2329 imminentium
1708 2281 1899 2327 metus.
1919 2271 2057 2325 Metu

469 2378 649 2424 autem
675 2377 823 2424 caret
842 2385 856 2423 :
873 2382 1003 2440 ergo
1020 2377 1075 2423 et
1098 2365 1459 2423 anxietudine.
1484 2364 1615 2420 Item
1637 2364 1682 2419 si
1706 2364 1917 2418 laetetur
1940 2362 2057 2416 ina-

472 2460 630 2526 uiter,
672 2460 741 2515 de
784 2460 850 2514 iis
896 2459 1057 2515 rebus
1096 2459 1323 2524 laetatur,
1370 2472 1502 2529 quas
1547 2463 1726 2527 potest
1775 2455 2055 2509 amittere:

471 2566 637 2623 quare
666 2559 868 2606 metuat
888 2565 1109 2607 necesse
1128 2559 1212 2606 est
1243 2566 1310 2606 ne
1336 2549 1562 2605 amittat.
1593 2547 1700 2604 Sed
1727 2546 1874 2603 nullo
1901 2545 2062 2602 modo

475 2645 695 2700 metuit:
728 2645 878 2700 nullo
898 2643 1058 2699 modo
1078 2644 1236 2715 igitur
1257 2644 1469 2699 laetatur
1494 2642 1742 2696 inaniter.

473 2736 715 2793 XXXIV.
759 2735 942 2793 Utrum
980 2754 1082 2792 non
1129 2736 1272 2791 aliud
1310 2735 1585 2791 amandum
1623 2734 1707 2800 sit,
1748 2748 1902 2804 quam
1927 2739 2064 2787 metu

1174 2845 1363 2884 carere.

550 2920 607 2976 Si
638 2920 828 2977 vitium
855 2927 939 2976 est
966 2933 1074 2975 non
1095 2928 1358 2989 metuere,
1387 2932 1493 2974 non
1522 2925 1605 2973 est
1628 2915 1936 2972 amandum.
1959 2914 2068 2972 Sed

479 3027 639 3068 nemo
668 3011 1007 3069 beatissimus
1030 3010 1237 3078 metuit,
1263 3018 1320 3066 et
1338 3023 1497 3065 nemo
1513 3008 1851 3065 beatissimus
1866 3007 1920 3062 in
1940 3006 2069 3062 vitio

478 3113 581 3162 est.
612 3105 727 3161 Non
768 3114 852 3161 est
890 3105 1069 3174 itaque
1090 3103 1278 3159 vitium
1304 3118 1414 3159 non
1438 3111 1697 3158 metuere.
1737 3101 1807 3157 At
1847 3100 2070 3157 audacia

479 3198 664 3254 vitium
692 3204 793 3252 est.
820 3196 938 3251 Non
960 3210 1088 3266 ergo
1107 3194 1347 3266 quisquis
1366 3208 1474 3249 non
1498 3192 1704 3257 metuit,
1744 3191 1918 3248 audax
1955 3199 2069 3258 est;

479 3303 781 3360 quanquam
809 3286 984 3342 omnis
1012 3286 1101 3357 qui
1140 3285 1320 3346 audet,
1351 3299 1455 3339 non
1488 3290 1711 3340 metuat.
1751 3281 1882 3338 Item
1908 3280 2072 3337 cada-

479 3396 576 3436 ver
601 3394 761 3435 omne
784 3392 890 3435 non
930 3378 1138 3434 metuit.
1167 3376 1503 3447 Quapropter
1530 3390 1650 3431 cum
1688 3388 1973 3429 commune
2003 3372 2074 3429 sit

479 3487 589 3529 non
625 3481 865 3528 metuere
909 3469 1221 3527 beatissimo
1258 3477 1312 3524 et
1350 3466 1537 3523 audaci
1579 3473 1636 3522 et
1669 3465 1937 3530 cadaveri,
1976 3464 2075 3521 sed

480 3565 821 3622 beatissimus
852 3562 905 3618 id
931 3563 1122 3618 habeat
1148 3576 1245 3632 per
1286 3559 1718 3630 tranquillitatem
1759 3556 1947 3623 animi,
1973 3572 2073 3612 au-

483 3658 589 3713 dax
612 3672 709 3728 per
732 3656 1110 3721 temeritatem,
1141 3653 1370 3708 cadaver
1388 3652 1510 3722 quia
1530 3651 1677 3706 omni
1701 3664 1863 3706 sensu
1888 3657 2072 3715 caret;

483 3763 657 3820 neque
681 3763 790 3804 non
812 3745 1098 3802 amandum
1122 3752 1206 3801 est
1233 3759 1339 3799 non
1367 3752 1628 3808 metuere,
1654 3741 1908 3814 quoniam
1929 3740 2075 3797 beati

486 3857 607 3900 esse
631 3842 909 3907 volumus;
938 3854 1110 3911 neque
1132 3839 1306 3895 solum
1336 3837 1645 3905 amandum,
1692 3834 1947 3908 quoniam
1974 3849 2074 3891 au-

487 3936 647 3992 daces
670 3943 727 3993 et
750 3932 1009 3990 inanimes
1037 3945 1156 3987 esse
1178 3930 1449 3985 nolumus.

877 4020 1096 4078 XXXV.
1140 4020 1276 4088 Quid
1293 4020 1572 4075 amandum
1596 4019 1679 4075 sit.

561 4117 615 4173 Ι.
655 4115 916 4185 Quoniam
944 4111 1200 4185 quidquid
1225 4127 1331 4167 non
1356 4111 1488 4166 vivit
1511 4125 1620 4165 non
1648 4107 1857 4176 metuit,
1901 4121 2078 4179 neque

488 4206 597 4265 vita
620 4204 909 4263 carendum
935 4203 1216 4277 quisquam
1259 4202 1604 4272 persuaserit,
1635 4208 1694 4255 ut
1728 4208 1874 4256 metu
1915 4198 2079 4255 etiam

489 4314 675 4357 carere
700 4300 997 4371 possimus;
1025 4296 1315 4353 amandum
1341 4304 1423 4351 est
1453 4296 1569 4351 sine
1590 4301 1736 4350 metu
1749 4293 1950 4349 vivere.
1970 4291 2079 4349 Sed

491 4408 677 4450 rursus
705 4392 829 4464 quia
856 4392 961 4447 vita
989 4399 1132 4446 metu
1160 4404 1369 4457 carens,
1405 4390 1564 4445 etiam
1582 4429 1598 4456 ,
1639 4388 1685 4443 si
1732 4384 2079 4458 intelligentia

492 4495 692 4551 careat,
727 4502 835 4542 non
873 4493 957 4542 est
991 4484 1315 4556 appetenda;
1363 4482 1650 4539 amandum
1687 4491 1769 4538 est
1794 4482 1909 4537 sine
1935 4490 2080 4538 metu

491 4595 612 4636 cum
632 4579 904 4635 intellectu
932 4579 1131 4635 vivere.
1162 4577 1288 4634 Idne
1303 4577 1472 4633 solum
1498 4575 1822 4631 amandum?
1847 4591 1916 4632 an
1930 4590 2083 4631 amor

494 4686 706 4747 quoque
730 4672 844 4743 ipse
871 4670 1131 4727 amandus
1154 4670 1271 4726 est?
1299 4669 1370 4725 Ita
1405 4684 1553 4733 vero,
1582 4667 1795 4740 quando
1835 4668 1952 4724 sine
1980 4667 2084 4725 hoc

493 4765 583 4820 illa
611 4778 718 4820 non
746 4771 1012 4819 amantur.
1051 4762 1159 4820 Sed
1200 4762 1246 4819 si
1290 4769 1510 4833 propter
1551 4761 1653 4815 alia
1698 4776 1817 4830 qua:
1857 4760 2084 4818 amanda

495 4865 621 4912 sunt
660 4869 814 4910 amor
853 4863 1082 4921 amatur,
1114 4868 1224 4909 non
1264 4861 1412 4909 recte
1454 4851 1621 4907 amari
1659 4851 1911 4907 dicitur‘.
1941 4850 2085 4907 Nihil

495 4949 638 5007 enim
683 4948 827 5004 aliud
869 4955 953 5004 est
998 4960 1199 5013 amare,
1252 4959 1414 5016 quam
1441 4953 1661 5017 propter
1684 4958 1745 5000 se
1773 4944 1942 5014 ipsam
1971 4959 2084 5000 rem

494 5040 726 5110 aliquam
756 5048 1029 5112 appetere.
1053 5037 1189 5092 Num
1216 5036 1374 5109 igitur
1400 5045 1617 5107 propter
1640 5050 1700 5092 se
1734 5036 1905 5107 ipsum
1933 5050 2087 5092 amor

495 5131 828 5203 appetendus
859 5139 963 5198 est,
1010 5144 1133 5185 cum
1175 5127 1389 5199 quando
1416 5127 1556 5184 desit
1592 5127 1733 5199 quod
1758 5136 1986 5191 amatur,
2019 5142 2085 5183 ea

494 5222 568 5278 sit
603 5222 895 5278 indubitata
932 5221 1181 5277 miseria?
1207 5219 1408 5276 Deinde
1433 5235 1553 5275 cum
1583 5234 1734 5275 amor
1761 5228 1938 5275 motus
1964 5219 2086 5291 qui-

495 5315 621 5372 dam
658 5315 748 5381 sit,
780 5331 955 5386 neque
982 5316 1123 5371 ullus
1166 5314 1237 5370 sit
1278 5322 1455 5369 motus
1480 5313 1583 5369 nisi
1607 5312 1675 5368 ad
1700 5311 1934 5383 aliquid;
1962 5327 2084 5368 cum

496 5406 789 5476 qumritnus
816 5406 942 5476 quid
975 5407 1261 5479 amandum
1286 5408 1376 5475 sit,
1404 5406 1529 5477 quid
1558 5406 1629 5461 sit
1666 5405 1794 5461 illud
1833 5405 1900 5461 ad
1941 5404 2088 5476 quod

497 5494 698 5552 hiovcri
745 5505 1005 5568 oporteat,
1049 5499 1357 5568 quaerimus.
1410 5498 1584 5567 Quare
1630 5498 1675 5553 si
1723 5496 1979 5551 amandus
2006 5505 2091 5551 est

501 5604 673 5657 amor,
728 5603 833 5645 non
882 5588 1064 5657 utique
1113 5590 1288 5645 omnis
1325 5590 1585 5645 amandus
1614 5599 1713 5644 est.
1746 5589 1840 5643 Est
1866 5588 2090 5643 enimet

563 5723 676 5786 {Sic
696 5728 798 5772 ttat.
818 5728 869 5772 et
891 5720 1159 5786 octodecim
1173 5730 1279 5773 Mss.
1306 5730 1362 5774 Al.
1380 5730 1453 5773 Er.
1475 5733 1528 5776 et
1548 5730 1679 5786 Lov.,
1694 5735 1786 5774 non
1812 5727 1939 5772 recte
1952 5734 2088 5772 antor-

499 5782 696 5839 dicitur.
723 5782 951 5847 —t.ugd.
975 5790 1027 5836 et
1050 5791 1188 5848 Ven.,
1212 5786 1387 5838 amari.
1454 5794 1511 5836 tt.

2153 439 2340 509 turpis,
2363 452 2470 510 quo
2488 439 2698 495 animus
2716 454 2776 496 se
2801 440 2917 511 ipso
2936 441 3185 498 inferiora
3209 449 3461 514 sectatur,
3482 458 3600 516 qua
3620 458 3735 504 ma-

2149 530 2229 601 gis
2257 532 2471 601 proprie
2511 531 2772 603 cupiditas
2815 533 3026 601 dicitur,
3070 535 3308 591 omnium
3337 536 3541 592 scilicet
3568 537 3735 595 malo-

2150 636 2267 676 rum
2297 621 2463 677 radix.
2509 622 2577 678 Et
2615 623 2733 679 ideo
2758 640 2863 681 non
2892 626 3175 681 amandum
3202 634 3304 694 est,
3332 626 3473 699 quod
3499 628 3737 685 manenti

2152 719 2206 766 et
2234 712 2429 768 fruenti
2453 715 2620 770 amori
2641 716 2658 747 ¹
2685 715 2882 771 auferri
2916 727 3106 786 potest.
3139 718 3300 789 Cujus
3325 735 3453 790 ergo
3480 720 3557 774 rei
3583 734 3736 775 amor

2151 803 2407 858 amandus
2435 814 2536 866 est,
2579 805 2682 861 nisi
2719 807 2835 877 ejus
2864 825 2982 879 qua:
3022 824 3125 864 non
3168 819 3343 879 potest
3386 810 3576 867 deesse
3608 811 3737 868 dum

2152 895 2396 949 amatur?
2423 895 2478 949 Id
2516 906 2691 951 autem
2733 907 2834 965 est,
2880 900 3022 970 quod
3063 900 3196 955 nihil
3238 911 3323 957 est
3364 902 3508 957 aliud
3540 902 3741 958 habere

2150 1003 2308 1058 quam
2350 992 2565 1045 nosse’.
2600 990 2764 1046 Porro
2789 1008 2975 1047 aurum
3007 1003 3060 1049 et
3097 1010 3256 1050 omne
3283 1010 3477 1067 corpus
3504 1012 3610 1051 non
3640 995 3743 1052 hoc

2152 1090 2235 1134 est
2268 1080 2463 1136 habere
2488 1082 2629 1152 quod
2659 1074 2851 1140 nosse:
2880 1101 2982 1143 non
3010 1086 3186 1158 itaque
3213 1088 3497 1143 amandum
3538 1098 3642 1145 est.
3676 1090 3744 1145 Et

2152 1172 2400 1241 quoniam
2430 1181 2605 1243 potest
2628 1175 2826 1245 aliquid
2853 1178 3040 1241 amari,
3070 1191 3169 1232 nec
3190 1178 3393 1244 haberi,
3435 1194 3539 1234 non
3569 1179 3743 1236 solum

2153 1278 2219 1318 ex
2250 1263 2333 1320 his
2361 1280 2480 1335 qum
2516 1266 2740 1321 amanda
2771 1282 2879 1322 non
2907 1276 3049 1332 sunt,
3092 1277 3151 1323 ut
3197 1270 3479 1340 pulchrum
3527 1271 3746 1341 aliquod

2153 1370 2368 1425 corpus,
2398 1355 2490 1411 sed
2521 1357 2680 1411 etiam
2712 1372 2896 1413 eorum
2923 1375 3040 1429 quae
3062 1361 3289 1417 amanda
3320 1369 3464 1428 sunt,
3506 1370 3565 1416 ut
3591 1362 3747 1417 beata

2159 1449 2293 1513 vita;
2335 1457 2388 1504 et
2416 1463 2603 1504 rursus
2636 1459 2814 1520 potest
2854 1451 3054 1522 aliquid
3083 1452 3289 1519 haberi,
3326 1470 3426 1510 nec
3467 1454 3658 1522 amari,
3689 1463 3750 1510 ut

2155 1540 2474 1610 compedes:
2497 1541 2618 1611 jure
2657 1543 2915 1612 quaaritur
2960 1553 3136 1599 utrum
3182 1546 3350 1616 possit
3384 1547 3650 1617 quispiam
3694 1546 3751 1602 id

2155 1635 2299 1707 quod
2325 1635 2524 1692 habere
2554 1635 2682 1691 nihil
2706 1646 2789 1692 est
2812 1638 2916 1693 nisi
2944 1653 3126 1705 nosse,
3162 1654 3264 1694 non
3293 1654 3473 1696 amare
3499 1655 3621 1695 cum
3654 1640 3753 1696 ha-

2158 1728 2299 1793 beat,
2345 1728 2396 1784 id
2438 1738 2542 1793 est,
2585 1731 2812 1786 noverit.
2856 1729 2961 1787 Sed
3004 1748 3127 1788 cum
3157 1733 3430 1789 videamus
3461 1735 3750 1792 nonnullos

2158 1835 2265 1875 non
2291 1820 2361 1876 ob
2386 1821 2551 1886 aliud,
2586 1821 2733 1877 verbi
2759 1824 2950 1893 gratia,
2995 1823 3205 1879 discere
3253 1840 3524 1891 numeros,
3558 1825 3661 1881 nisi
3692 1832 3754 1881 ut

2160 1914 2347 1971 eadem
2376 1915 2656 1985 disciplina
2687 1917 2962 1986 pecuniosi
2994 1917 3140 1983 fiant,
3173 1928 3264 1973 aut
3289 1917 3593 1975 hominibus
3633 1920 3752 1990 pla-

2161 2016 2348 2073 ceant;
2378 2021 2534 2077 quam
2563 2023 2681 2061 cum
2710 2007 3013 2075 didicerint,
3042 2008 3109 2064 ad
3147 2010 3392 2066 eumdem
3422 2011 3581 2066 finem
3606 2011 3753 2068 refe-

2161 2108 2301 2164 runt,
2335 2116 2490 2170 quem
2519 2101 2616 2155 sibi
2647 2116 2767 2155 cum
2796 2101 3086 2169 discerent,
3130 2113 3543 2173 proposuerant;
3575 2119 3754 2175 neque

2162 2189 2322 2243 ullam
2354 2189 2686 2255 disciplinam
2717 2192 2857 2245 aliud
2880 2191 2949 2246 sit
2987 2191 3183 2248 habere
3208 2209 3370 2264 quam
3416 2210 3608 2251 nosse:
3641 2193 3759 2253 fieri

2162 2291 2339 2353 potest
2365 2289 2423 2336 ut
2452 2282 2648 2337 habeat
2674 2282 2902 2353 quisque
2926 2284 3151 2354 aliquid,
3196 2287 3337 2355 quod
3383 2286 3604 2352 habere,
3652 2287 3760 2343 hoc

2163 2374 2232 2428 sit
2255 2374 2398 2445 quod
2422 2388 2600 2438 nosse,
2633 2390 2806 2446 neque
2824 2384 2968 2431 amet
2995 2385 3191 2433 tamen.
3214 2377 3526 2450 Quanquam
3554 2379 3762 2436 bonum

2164 2464 2307 2536 quod
2337 2480 2442 2521 non
2472 2474 2700 2534 amatur,
2747 2481 2907 2522 nemo
2944 2475 3122 2537 potest
3162 2467 3398 2539 perfecte
3443 2468 3645 2527 habere
3673 2471 3763 2528 vel

2166 2575 2345 2617 nosse.
2386 2560 2516 2628 Quis
2556 2561 2698 2616 enim
2745 2568 2921 2631 potest
2959 2576 3119 2618 nosse
3159 2572 3412 2634 quantum
3440 2565 3511 2619 sit
3535 2565 3762 2636 bonum,

2165 2669 2273 2726 quo
2297 2670 2402 2709 non
2430 2654 2653 2709 fruitur?
2681 2653 2797 2710 Non
2823 2663 2998 2710 autem
3029 2654 3236 2720 fruitur,
3262 2657 3307 2711 si
3337 2671 3443 2712 non
3464 2665 3643 2713 amat:
3664 2671 3767 2714 nec

2170 2745 2332 2801 habet
2362 2745 2519 2816 igitur
2541 2744 2682 2816 quod
2709 2745 2995 2801 amandum
3021 2754 3126 2813 est,
3155 2746 3244 2817 qui
3270 2762 3376 2803 non
3403 2758 3570 2816 amat,
3599 2749 3763 2804 etiam

2170 2838 2215 2893 si
2235 2853 2416 2893 amare
2441 2838 2627 2909 possit,
2659 2838 2752 2909 qui
2790 2853 2896 2894 non
2938 2837 3117 2895 habet.
3167 2839 3335 2896 Nemo
3365 2841 3531 2911 igitur
3553 2842 3767 2899 beatam

2170 2928 2332 2984 vitam
2349 2929 2516 2995 novit,
2534 2937 2589 2986 et
2613 2929 2777 2985 miser
2801 2936 2917 2986 est:
2944 2931 3197 3000 quoniam
3219 2931 3264 2987 si
3285 2932 3515 2989 amanda
3539 2943 3641 3002 est,
3666 2933 3772 2989 sic-

2174 3021 2251 3079 uti
2276 3030 2380 3085 est,
2405 3021 2508 3077 hoc
2526 3030 2609 3077 est
2633 3037 2752 3077 eam
2774 3036 2934 3078 nosse
2957 3022 3100 3093 quod
3127 3021 3327 3079 habere
3351 3022 3452 3097 (α).
3748 3092 3755 3099 ν

2241 3114 2297 3169 2.
2329 3115 2600 3182 Quacum
2626 3113 2697 3169 ita
2734 3114 2861 3181 sint,
2888 3114 3015 3186 quid
3042 3126 3125 3171 est
3169 3116 3312 3171 aliud
3346 3117 3509 3174 beate
3536 3118 3754 3191 vivere,

2174 3205 2277 3261 nisi
2319 3214 2582 3261 aeternum
2620 3204 2820 3276 aliquid
2873 3206 3251 3276 cognoscendo
3300 3207 3544 3264 habere?
3592 3208 3775 3264 Eter—

2176 3314 2304 3354 num
2325 3306 2410 3354 est
2431 3299 2596 3366 enim,
2619 3297 2686 3353 de
2706 3313 2813 3369 quo
2841 3298 2956 3353 solo
2985 3307 3132 3355 recte
3157 3298 3351 3366 liditur,
3390 3300 3537 3371 quod
3565 3295 3766 3356 amanti

2176 3390 2375 3446 auferri
2405 3405 2513 3445 non
2560 3396 2737 3459 potest
2765 3405 2779 3443 :
2805 3388 2964 3460 idque
3003 3390 3177 3459 ipsum
3217 3399 3301 3446 est
3337 3391 3482 3461 quod
3522 3390 3655 3446 nihil
3696 3389 3762 3449 sit

2178 3481 2320 3538 aliud
2347 3480 2547 3538 habere
2566 3496 2725 3551 quam
2753 3496 2931 3537 nosse.
2961 3480 3212 3552 Omnium
3251 3483 3395 3537 enim
3431 3497 3613 3539 rerum
3637 3494 3776 3552 prat-

2180 3574 2572 3631 stantissimum
2598 3581 2684 3628 est
2706 3572 2849 3643 quod
2867 3581 3125 3627 aeternum
3156 3581 3273 3626 est:
3306 3581 3359 3628 et
3392 3583 3678 3643 propterea
3710 3569 3765 3626 id

2179 3665 2380 3721 habere
2408 3681 2514 3719 non
2541 3677 2848 3735 possumus,
2895 3661 2999 3717 nisi
3036 3677 3099 3718 ea
3135 3677 3195 3719 re
3221 3678 3325 3733 qua
3369 3662 3775 3733 przestantiores

2179 3772 2386 3824 sumus,
2420 3756 2472 3812 id
2497 3765 2580 3812 est
2603 3765 2802 3811 mente.
2827 3753 3095 3826 Quidquid
3113 3763 3289 3810 autem
3317 3765 3500 3813 mente
3523 3755 3772 3821 habetur,

2180 3848 2453 3905 noscendo
2476 3847 2725 3914 habetur;
2752 3846 3066 3917 nullumque
3099 3845 3297 3901 bonum
3327 3848 3570 3918 perfecte
3597 3842 3777 3901 nosci-

2182 3954 2289 4008 tur,
2312 3941 2453 4015 quod
2476 3956 2584 3997 non
2614 3940 2850 4012 perfecte
2888 3948 3117 3995 amatur.
3156 3938 3342 4010 Neque
3374 3948 3434 3996 ut
3470 3939 3584 3996 sola
3625 3948 3778 3992 mens

2181 4045 2359 4111 potest
2385 4049 2734 4107 cognoscere,
2773 4034 2847 4089 ita
2879 4040 2935 4089 et
2953 4047 3135 4089 amare
3162 4032 3277 4087 sola
3303 4040 3503 4104 potest.
3538 4030 3779 4098 Namque

2182 4145 2335 4187 amor
2358 4128 2624 4201 appetitus
2651 4125 2867 4199 quidam
2888 4133 2971 4182 est
2997 4142 3013 4180 :
3040 4134 3096 4182 et
3120 4123 3361 4181 videmus
3377 4125 3546 4182 etiam
3570 4119 3780 4179 caeteris

2183 4223 2351 4281 animi
2378 4221 2618 4294 partibus
2647 4220 2827 4277 inesse
2859 4219 3176 4290 appetitum,
3230 4218 3323 4290 qui
3373 4218 3422 4274 si
3482 4215 3647 4274 menti
3689 4226 3782 4270 ra-

2184 4315 2421 4386 tionique
2449 4312 2770 4377 consentiat,
2800 4311 2853 4366 in
2885 4310 2977 4367 tali
3005 4326 3139 4382 pace
3177 4318 3234 4366 et
3268 4309 3661 4385 tranquillitate
3684 4319 3781 4360 va-

2183 4410 2326 4467 cabit
2369 4417 2550 4465 mente
2599 4405 2949 4479 contemplari
2998 4404 3143 4477 quod
3190 4414 3459 4462 aeternum
3505 4411 3607 4462 est.
3635 4401 3780 4470 Ergo

2185 4502 2345 4559 etiam
2371 4498 2581 4557 caeteris
2609 4498 2721 4554 suis
2749 4496 2990 4569 partibus
3018 4512 3202 4553 amare
3231 4497 3449 4555 animus
3474 4495 3635 4551 debet
3678 4491 3782 4545 hoc

2188 4603 2296 4651 tam
2327 4608 2575 4664 magnum
2598 4591 2739 4662 quod
2764 4599 2944 4646 mente
2967 4590 3396 4661 cognoscendum
3425 4596 3527 4644 est.
3559 4586 3629 4640 Et
3644 4595 3781 4654 quo-

2188 4687 2332 4743 niam
2358 4684 2412 4741 id
2451 4683 2596 4756 quod
2625 4691 2855 4750 amatur,
2902 4680 3101 4738 alliciat
3140 4697 3207 4737 ex
3265 4696 3325 4737 se
3370 4688 3640 4736 amantem
3686 4686 3782 4728 ne-

2188 4794 2341 4836 cesse
2365 4786 2479 4844 est;
2505 4776 2565 4833 ﬁt
2590 4785 2648 4833 ut
2673 4776 2751 4832 sic
2771 4784 3005 4830 amatum
3024 4775 3164 4845 quod
3194 4785 3456 4830 :eternum
3486 4779 3589 4835 est,
3618 4774 3779 4821 aeter-

2188 4872 2359 4927 nitate
2377 4870 2614 4925 animum
2635 4852 2847 4923 alliciat.
2873 4867 3133 4934 Quocirca
3152 4881 3216 4921 ea
3233 4864 3448 4921 demum
3464 4864 3569 4915 vita
3599 4858 3779 4921 beata,

2191 4978 2309 5037 qua:
2337 4972 2536 5019 aeterna
2562 4968 2664 5016 est.
2696 4957 2834 5026 Quid
2858 4972 2985 5013 vero
3014 4966 3272 5013 :eternum
3303 4966 3405 5023 est,
3453 4947 3595 5022 quod
3624 4955 3782 5001 aeter-

2192 5054 2357 5111 nitate
2375 5054 2613 5109 animum
2643 5049 2863 5115 afficiat,
2898 5047 2999 5103 nisi
3042 5047 3223 5102 Deus?
3276 5048 3443 5101 Amor
3470 5050 3653 5095 autem
3694 5047 3783 5090 re-

2192 5164 2310 5205 rum
2340 5143 2713 5207 amandarum,
2740 5141 2975 5197 charitas
2996 5140 3077 5195 vel
3107 5138 3323 5193 dilectio
3343 5134 3535 5193 melius
3557 5127 3777 5186 dicitur.

2193 5240 2369 5308 Quare
2399 5235 2647 5292 omnibus
2689 5232 3027 5304 cogitationis
3085 5229 3288 5285 viribus
3330 5219 3781 5285 considerandum

2193 5342 2276 5390 est
2302 5328 2710 5389 saluberrimum
2741 5322 2871 5379 illud
2897 5332 3246 5395 praeceptum,
3278 5322 3479 5393 Diliges
3506 5313 3785 5371 Dominum

2260 5471 2276 5503 ι
2302 5474 2401 5518 nat.
2429 5472 2481 5515 et
2502 5470 2613 5515 octo
2627 5469 2757 5520 Mat,
2780 5462 3002 5511 amatori.

2258 5534 2278 5563 ι
2300 5508 3035 5591 ὃῦἶιιῖόνῖθῖιὲέῖῖῖιῶῖέήέγρίὸ.
3059 5535 3203 5587 quam
3229 5523 3362 5591 ,δίεπε
3387 5508 3784 5591 ηοδςαὲἐξφμεὲ

2195 5567 2773 5646 ’ΞίἼιὶτέ-ἷιῖλνὲἧῦ
2800 5567 2963 5648 ἷςῶἷῖ

2194 5636 2912 5714 est:nouitfﬂditatuentum
2961 5636 3204 5712 sumptum
3228 5636 3332 5699 West
3385 5656 3449 5693 ex
3507 5643 3524 5686 ι
3573 5636 3772 5685 Retract-

2194 5715 2611 5841 ωῗίιέῗήοιηυι.
2640 5787 2743 5836 cap.
2763 5774 2839 5824 %.
