  <div class='ocr_page' id='page_1' title='image "/cluster/home/n/w/nwhite01/storage/ocr_20150623/40/hvd.32044024147290/018.png"; bbox 0 0 4000 6336; ppageno 0'>
   <div class='ocr_carea' id='block_1_1' title="bbox 176 291 1759 401">
    <p class='ocr_par' dir='ltr' id='par_1_1' title="bbox 176 291 1759 401">
     <span class='ocr_line' id='line_1_1' title="bbox 176 291 1759 401; baseline -0.006 0"><span class='ocrx_word' id='word_1_1' title='bbox 176 340 238 401; x_wconf 76' lang='lat' dir='ltr'><strong>ts</strong></span> <span class='ocrx_word' id='word_1_2' title='bbox 903 291 934 312; x_wconf 50' lang='grc'><strong>”</strong></span> <span class='ocrx_word' id='word_1_3' title='bbox 1003 303 1066 320; x_wconf 54' lang='grc'><em>”’</em></span> <span class='ocrx_word' id='word_1_4' title='bbox 1601 335 1759 393; x_wconf 70' lang='lat' dir='ltr'><strong>una:</strong></span> 
     </span>
    </p>
   </div>
   <div class='ocr_carea' id='block_1_2' title="bbox 1869 291 2039 401">
    <p class='ocr_par' dir='ltr' id='par_1_2' title="bbox 1869 332 2039 396">
     <span class='ocr_line' id='line_1_2' title="bbox 1869 332 2039 396; baseline -0.006 -1"><span class='ocrx_word' id='word_1_5' title='bbox 1869 332 2039 396; x_wconf 77' lang='lat' dir='ltr'><strong>lNUS.</strong></span> 
     </span>
    </p>
   </div>
   <div class='ocr_carea' id='block_1_3' title="bbox 182 452 1781 521">
    <p class='ocr_par' dir='ltr' id='par_1_3' title="bbox 182 452 1781 521">
     <span class='ocr_line' id='line_1_3' title="bbox 182 452 1781 521; baseline -0.003 -10"><span class='ocrx_word' id='word_1_6' title='bbox 182 461 330 517; x_wconf 70' lang='lat' dir='ltr'><strong>Deum</strong></span> <span class='ocrx_word' id='word_1_7' title='bbox 357 466 503 511; x_wconf 71' lang='lat' dir='ltr'><strong>tantm</strong></span> <span class='ocrx_word' id='word_1_8' title='bbox 529 455 592 509; x_wconf 75' lang='lat' dir='ltr'><strong>iit</strong></span> <span class='ocrx_word' id='word_1_9' title='bbox 634 463 746 509; x_wconf 83' lang='lat' dir='ltr'><strong>toto</strong></span> <span class='ocrx_word' id='word_1_10' title='bbox 775 455 930 508; x_wconf 83' lang='lat' dir='ltr'><strong>corde</strong></span> <span class='ocrx_word' id='word_1_11' title='bbox 953 462 1060 521; x_wconf 77' lang='lat' dir='ltr'><strong>tuo,</strong></span> <span class='ocrx_word' id='word_1_12' title='bbox 1091 452 1207 508; x_wconf 81' lang='lat' dir='ltr'><strong>etin</strong></span> <span class='ocrx_word' id='word_1_13' title='bbox 1233 461 1337 506; x_wconf 89' lang='lat' dir='ltr'><strong>tota</strong></span> <span class='ocrx_word' id='word_1_14' title='bbox 1376 452 1546 506; x_wconf 76' lang='lat' dir='ltr'><strong>anima</strong></span> <span class='ocrx_word' id='word_1_15' title='bbox 1595 463 1702 519; x_wconf 79' lang='lat' dir='ltr'><strong>tua,</strong></span> <span class='ocrx_word' id='word_1_16' title='bbox 1734 462 1781 507; x_wconf 82' lang='lat' dir='ltr'><strong>et</strong></span> 
     </span>
    </p>
   </div>
   <div class='ocr_carea' id='block_1_4' title="bbox 184 543 1781 619">
    <p class='ocr_par' dir='ltr' id='par_1_4' title="bbox 184 543 1781 619">
     <span class='ocr_line' id='line_1_4' title="bbox 184 543 1781 619; baseline -0.006 -10"><span class='ocrx_word' id='word_1_17' title='bbox 184 560 227 609; x_wconf 72' lang='lat' dir='ltr'><strong>in</strong></span> <span class='ocrx_word' id='word_1_18' title='bbox 249 563 344 608; x_wconf 82' lang='lat' dir='ltr'><strong>tota</strong></span> <span class='ocrx_word' id='word_1_19' title='bbox 363 559 537 604; x_wconf 83' lang='lat' dir='ltr'><strong>mente</strong></span> <span class='ocrx_word' id='word_1_20' title='bbox 567 558 661 602; x_wconf 80' lang='lat' dir='ltr'><strong>tua</strong></span> <span class='ocrx_word' id='word_1_21' title='bbox 693 547 914 619; x_wconf 72' lang='lat' dir='ltr'><strong>(Matth.</strong></span> <span class='ocrx_word' id='word_1_22' title='bbox 947 561 1078 613; x_wconf 88' lang='lat' dir='ltr'><strong>xxn,</strong></span> <span class='ocrx_word' id='word_1_23' title='bbox 1125 543 1235 617; x_wconf 77' lang='lat'><strong>57);</strong></span> <span class='ocrx_word' id='word_1_24' title='bbox 1279 553 1333 599; x_wconf 91' lang='lat' dir='ltr'><strong>et</strong></span> <span class='ocrx_word' id='word_1_25' title='bbox 1362 543 1491 599; x_wconf 90' lang='lat' dir='ltr'><strong>illud</strong></span> <span class='ocrx_word' id='word_1_26' title='bbox 1521 543 1662 615; x_wconf 88' lang='lat' dir='ltr'><strong>quod</strong></span> <span class='ocrx_word' id='word_1_27' title='bbox 1706 544 1781 600; x_wconf 97' lang='lat' dir='ltr'><strong>ait</strong></span> 
     </span>
    </p>
   </div>
   <div class='ocr_carea' id='block_1_5' title="bbox 188 637 1778 707">
    <p class='ocr_par' dir='ltr' id='par_1_5' title="bbox 188 637 1778 707">
     <span class='ocr_line' id='line_1_5' title="bbox 188 637 1778 707; baseline -0.006 -7"><span class='ocrx_word' id='word_1_28' title='bbox 188 644 426 700; x_wconf 81' lang='lat' dir='ltr'><strong>Dominus</strong></span> <span class='ocrx_word' id='word_1_29' title='bbox 455 640 647 707; x_wconf 70' lang='lat' dir='ltr'><strong>Iesus,</strong></span> <span class='ocrx_word' id='word_1_30' title='bbox 683 637 815 693; x_wconf 65' lang='lat' dir='ltr'><strong>Haec</strong></span> <span class='ocrx_word' id='word_1_31' title='bbox 844 647 915 692; x_wconf 74' lang='lat' dir='ltr'><strong>est</strong></span> <span class='ocrx_word' id='word_1_32' title='bbox 935 647 1101 692; x_wconf 81' lang='lat' dir='ltr'><strong>autent</strong></span> <span class='ocrx_word' id='word_1_33' title='bbox 1130 637 1229 691; x_wconf 78' lang='lat' dir='ltr'><strong>vita</strong></span> <span class='ocrx_word' id='word_1_34' title='bbox 1254 646 1459 701; x_wconf 66' lang='lat' dir='ltr'><strong>(eterna,</strong></span> <span class='ocrx_word' id='word_1_35' title='bbox 1493 638 1546 689; x_wconf 82' lang='lat' dir='ltr'><strong>itt</strong></span> <span class='ocrx_word' id='word_1_36' title='bbox 1587 652 1778 706; x_wconf 78' lang='lat' dir='ltr'><strong>cogno-</strong></span> 
     </span>
    </p>
   </div>
   <div class='ocr_carea' id='block_1_6' title="bbox 188 728 1780 800">
    <p class='ocr_par' dir='ltr' id='par_1_6' title="bbox 188 728 1780 800">
     <span class='ocr_line' id='line_1_6' title="bbox 188 728 1780 800; baseline -0.006 -7"><span class='ocrx_word' id='word_1_37' title='bbox 188 749 309 793; x_wconf 72' lang='lat' dir='ltr'><strong>scant</strong></span> <span class='ocrx_word' id='word_1_38' title='bbox 337 750 384 790; x_wconf 85' lang='lat' dir='ltr'><strong>te</strong></span> <span class='ocrx_word' id='word_1_39' title='bbox 410 734 588 789; x_wconf 81' lang='lat' dir='ltr'><strong>solum</strong></span> <span class='ocrx_word' id='word_1_40' title='bbox 639 749 818 786; x_wconf 76' lang='lat' dir='ltr'><strong>verum</strong></span> <span class='ocrx_word' id='word_1_41' title='bbox 871 731 1054 798; x_wconf 80' lang='lat' dir='ltr'><strong>Deum,</strong></span> <span class='ocrx_word' id='word_1_42' title='bbox 1104 740 1151 786; x_wconf 84' lang='lat' dir='ltr'><strong>et</strong></span> <span class='ocrx_word' id='word_1_43' title='bbox 1188 747 1334 800; x_wconf 84' lang='lat' dir='ltr'><strong><em>quem</em></strong></span> <span class='ocrx_word' id='word_1_44' title='bbox 1381 730 1558 786; x_wconf 72' lang='lat' dir='ltr'><strong>misisti</strong></span> <span class='ocrx_word' id='word_1_45' title='bbox 1597 728 1780 785; x_wconf 76' lang='lat' dir='ltr'><strong>Iesum</strong></span> 
     </span>
    </p>
   </div>
   <div class='ocr_carea' id='block_1_7' title="bbox 187 824 915 895">
    <p class='ocr_par' dir='ltr' id='par_1_7' title="bbox 187 824 915 895">
     <span class='ocr_line' id='line_1_7' title="bbox 187 824 915 895; baseline -0.01 -10"><span class='ocrx_word' id='word_1_46' title='bbox 187 831 422 886; x_wconf 74' lang='lat' dir='ltr'><strong>Christum</strong></span> <span class='ocrx_word' id='word_1_47' title='bbox 447 825 636 895; x_wconf 80' lang='lat' dir='ltr'><strong>(Joan.</strong></span> <span class='ocrx_word' id='word_1_48' title='bbox 675 841 805 888; x_wconf 75' lang='lat' dir='ltr'><strong>XVII,</strong></span> <span class='ocrx_word' id='word_1_49' title='bbox 838 824 915 894; x_wconf 80' lang='grc'><strong>5).</strong></span> 
     </span>
    </p>
   </div>
   <div class='ocr_carea' id='block_1_8' title="bbox 490 915 1458 974">
    <p class='ocr_par' dir='ltr' id='par_1_8' title="bbox 490 915 1458 974">
     <span class='ocr_line' id='line_1_8' title="bbox 490 915 1458 974; baseline -0.006 0"><span class='ocrx_word' id='word_1_50' title='bbox 490 917 746 974; x_wconf 75' lang='lat' dir='ltr'><strong>XXXVI.</strong></span> <span class='ocrx_word' id='word_1_51' title='bbox 782 916 859 970; x_wconf 88' lang='lat' dir='ltr'><strong>De</strong></span> <span class='ocrx_word' id='word_1_52' title='bbox 900 915 1165 970; x_wconf 83' lang='lat' dir='ltr'><strong>nutrienda</strong></span> <span class='ocrx_word' id='word_1_53' title='bbox 1197 916 1458 969; x_wconf 81' lang='lat' dir='ltr'><strong>charitate.</strong></span> 
     </span>
    </p>
   </div>
   <div class='ocr_carea' id='block_1_9' title="bbox 247 1009 1774 1079">
    <p class='ocr_par' dir='ltr' id='par_1_9' title="bbox 247 1009 1774 1079">
     <span class='ocr_line' id='line_1_9' title="bbox 247 1009 1774 1079; baseline -0.004 -11"><span class='ocrx_word' id='word_1_54' title='bbox 247 1016 292 1069; x_wconf 81' lang='lat' dir='ltr'><strong>i.</strong></span> <span class='ocrx_word' id='word_1_55' title='bbox 323 1011 666 1066; x_wconf 87' lang='lat' dir='ltr'><strong>Charitatem</strong></span> <span class='ocrx_word' id='word_1_56' title='bbox 712 1024 870 1073; x_wconf 89' lang='lat' dir='ltr'><strong>voco,</strong></span> <span class='ocrx_word' id='word_1_57' title='bbox 924 1023 1029 1079; x_wconf 88' lang='lat' dir='ltr'><strong>qua</strong></span> <span class='ocrx_word' id='word_1_58' title='bbox 1058 1009 1339 1062; x_wconf 75' lang='lat' dir='ltr'><strong>&#39;amantur</strong></span> <span class='ocrx_word' id='word_1_59' title='bbox 1384 1022 1447 1062; x_wconf 90' lang='lat' dir='ltr'><strong>ea</strong></span> <span class='ocrx_word' id='word_1_60' title='bbox 1495 1021 1612 1078; x_wconf 65' lang='lat' dir='ltr'><strong>quae</strong></span> <span class='ocrx_word' id='word_1_61' title='bbox 1668 1022 1774 1062; x_wconf 88' lang='lat' dir='ltr'><strong>non</strong></span> 
     </span>
    </p>
   </div>
   <div class='ocr_carea' id='block_1_10' title="bbox 183 1097 1775 1175">
    <p class='ocr_par' dir='ltr' id='par_1_10' title="bbox 183 1097 1775 1175">
     <span class='ocr_line' id='line_1_10' title="bbox 183 1097 1775 1175; baseline -0.004 -15"><span class='ocrx_word' id='word_1_62' title='bbox 183 1115 291 1160; x_wconf 86' lang='lat' dir='ltr'><strong>sunt</strong></span> <span class='ocrx_word' id='word_1_63' title='bbox 324 1117 437 1175; x_wconf 64' lang='lat' dir='ltr'><strong>prae</strong></span> <span class='ocrx_word' id='word_1_64' title='bbox 470 1103 595 1172; x_wconf 89' lang='lat' dir='ltr'><strong>ipso</strong></span> <span class='ocrx_word' id='word_1_65' title='bbox 641 1112 856 1155; x_wconf 90' lang='lat' dir='ltr'><strong>amante</strong></span> <span class='ocrx_word' id='word_1_66' title='bbox 911 1099 1343 1154; x_wconf 86' lang='lat' dir='ltr'><strong>contemnenda:</strong></span> <span class='ocrx_word' id='word_1_67' title='bbox 1382 1099 1432 1152; x_wconf 90' lang='lat' dir='ltr'><strong>id</strong></span> <span class='ocrx_word' id='word_1_68' title='bbox 1482 1107 1582 1164; x_wconf 91' lang='lat' dir='ltr'><strong>est,</strong></span> <span class='ocrx_word' id='word_1_69' title='bbox 1633 1097 1775 1168; x_wconf 91' lang='lat' dir='ltr'><strong>quod</strong></span> 
     </span>
    </p>
   </div>
   <div class='ocr_carea' id='block_1_11' title="bbox 177 1191 1770 1262">
    <p class='ocr_par' dir='ltr' id='par_1_11' title="bbox 177 1191 1770 1262">
     <span class='ocr_line' id='line_1_11' title="bbox 177 1191 1770 1262; baseline -0.006 -10"><span class='ocrx_word' id='word_1_70' title='bbox 177 1209 427 1252; x_wconf 79' lang='lat' dir='ltr'><strong>:eternum</strong></span> <span class='ocrx_word' id='word_1_71' title='bbox 455 1202 566 1260; x_wconf 90' lang='lat' dir='ltr'><strong>est,</strong></span> <span class='ocrx_word' id='word_1_72' title='bbox 597 1202 652 1248; x_wconf 90' lang='lat' dir='ltr'><strong>et</strong></span> <span class='ocrx_word' id='word_1_73' title='bbox 680 1191 824 1262; x_wconf 90' lang='lat' dir='ltr'><strong>quod</strong></span> <span class='ocrx_word' id='word_1_74' title='bbox 845 1207 1028 1246; x_wconf 90' lang='lat' dir='ltr'><strong>amare</strong></span> <span class='ocrx_word' id='word_1_75' title='bbox 1056 1191 1227 1259; x_wconf 91' lang='lat' dir='ltr'><strong>ipsum</strong></span> <span class='ocrx_word' id='word_1_76' title='bbox 1274 1199 1530 1244; x_wconf 68' lang='lat' dir='ltr'><strong>mternum</strong></span> <span class='ocrx_word' id='word_1_77' title='bbox 1577 1198 1770 1260; x_wconf 89' lang='lat' dir='ltr'><strong>potest.</strong></span> 
     </span>
    </p>
   </div>
   <div class='ocr_carea' id='block_1_12' title="bbox 179 1282 1773 1357">
    <p class='ocr_par' dir='ltr' id='par_1_12' title="bbox 179 1282 1773 1357">
     <span class='ocr_line' id='line_1_12' title="bbox 179 1282 1773 1357; baseline -0.003 -15"><span class='ocrx_word' id='word_1_78' title='bbox 179 1290 304 1342; x_wconf 82' lang='lat' dir='ltr'><strong>Deus</strong></span> <span class='ocrx_word' id='word_1_79' title='bbox 330 1286 497 1357; x_wconf 78' lang='lat' dir='ltr'><strong>igitur</strong></span> <span class='ocrx_word' id='word_1_80' title='bbox 522 1293 580 1339; x_wconf 85' lang='lat' dir='ltr'><strong>et</strong></span> <span class='ocrx_word' id='word_1_81' title='bbox 605 1284 815 1338; x_wconf 91' lang='lat' dir='ltr'><strong>animus</strong></span> <span class='ocrx_word' id='word_1_82' title='bbox 847 1299 952 1354; x_wconf 89' lang='lat' dir='ltr'><strong>quo</strong></span> <span class='ocrx_word' id='word_1_83' title='bbox 995 1291 1205 1337; x_wconf 89' lang='lat' dir='ltr'><strong>amatur</strong></span> <span class='ocrx_word' id='word_1_84' title='bbox 1228 1284 1271 1349; x_wconf 79' lang='lat'><strong>&#39;,</strong></span> <span class='ocrx_word' id='word_1_85' title='bbox 1300 1282 1532 1336; x_wconf 89' lang='lat' dir='ltr'><strong>charitas</strong></span> <span class='ocrx_word' id='word_1_86' title='bbox 1560 1282 1773 1352; x_wconf 87' lang='lat' dir='ltr'><strong>proprie</strong></span> 
     </span>
    </p>
   </div>
   <div class='ocr_carea' id='block_1_13' title="bbox 177 1373 1771 1446">
    <p class='ocr_par' dir='ltr' id='par_1_13' title="bbox 177 1373 1771 1446">
     <span class='ocr_line' id='line_1_13' title="bbox 177 1373 1771 1446; baseline -0.004 -13"><span class='ocrx_word' id='word_1_87' title='bbox 177 1379 356 1434; x_wconf 87' lang='lat' dir='ltr'><strong>dicitur</strong></span> <span class='ocrx_word' id='word_1_88' title='bbox 411 1375 872 1446; x_wconf 83' lang='lat' dir='ltr'><strong>purgatissimaet</strong></span> <span class='ocrx_word' id='word_1_89' title='bbox 913 1383 1304 1439; x_wconf 88' lang='lat' dir='ltr'><strong>consummata,</strong></span> <span class='ocrx_word' id='word_1_90' title='bbox 1361 1374 1405 1427; x_wconf 93' lang='lat' dir='ltr'><strong>si</strong></span> <span class='ocrx_word' id='word_1_91' title='bbox 1457 1373 1584 1426; x_wconf 84' lang='lat' dir='ltr'><strong>nihil</strong></span> <span class='ocrx_word' id='word_1_92' title='bbox 1629 1373 1771 1427; x_wconf 85' lang='lat' dir='ltr'><strong>aliud</strong></span> 
     </span>
    </p>
   </div>
   <div class='ocr_carea' id='block_1_14' title="bbox 177 1464 1770 1538">
    <p class='ocr_par' dir='ltr' id='par_1_14' title="bbox 177 1464 1770 1538">
     <span class='ocr_line' id='line_1_14' title="bbox 177 1464 1770 1538; baseline -0.003 -14"><span class='ocrx_word' id='word_1_93' title='bbox 177 1479 374 1524; x_wconf 84' lang='lat' dir='ltr'><strong>amatur</strong></span> <span class='ocrx_word' id='word_1_94' title='bbox 400 1468 482 1538; x_wconf 78' lang='grc' dir='ltr'><strong>(α)</strong></span> <span class='ocrx_word' id='word_1_95' title='bbox 518 1487 534 1523; x_wconf 89' lang='lat'><strong>:</strong></span> <span class='ocrx_word' id='word_1_96' title='bbox 562 1467 704 1521; x_wconf 88' lang='lat' dir='ltr'><strong>hanc</strong></span> <span class='ocrx_word' id='word_1_97' title='bbox 733 1475 789 1521; x_wconf 90' lang='lat' dir='ltr'><strong>et</strong></span> <span class='ocrx_word' id='word_1_98' title='bbox 807 1465 1148 1522; x_wconf 75' lang='lat' dir='ltr'><strong>dilectionem</strong></span> <span class='ocrx_word' id='word_1_99' title='bbox 1177 1465 1281 1520; x_wconf 91' lang='lat' dir='ltr'><strong>dici</strong></span> <span class='ocrx_word' id='word_1_100' title='bbox 1307 1466 1494 1535; x_wconf 84' lang='lat' dir='ltr'><strong>placet.</strong></span> <span class='ocrx_word' id='word_1_101' title='bbox 1522 1464 1625 1519; x_wconf 87' lang='lat' dir='ltr'><strong>Sed</strong></span> <span class='ocrx_word' id='word_1_102' title='bbox 1647 1480 1770 1520; x_wconf 92' lang='lat' dir='ltr'><strong>cum</strong></span> 
     </span>
    </p>
   </div>
   <div class='ocr_carea' id='block_1_15' title="bbox 179 1557 1770 1630">
    <p class='ocr_par' dir='ltr' id='par_1_15' title="bbox 179 1557 1770 1630">
     <span class='ocr_line' id='line_1_15' title="bbox 179 1557 1770 1630; baseline -0.003 -14"><span class='ocrx_word' id='word_1_103' title='bbox 179 1563 307 1616; x_wconf 85' lang='lat' dir='ltr'><strong>Deus</strong></span> <span class='ocrx_word' id='word_1_104' title='bbox 354 1560 536 1630; x_wconf 87' lang='lat' dir='ltr'><strong>magis</strong></span> <span class='ocrx_word' id='word_1_105' title='bbox 584 1559 822 1629; x_wconf 80' lang='lat' dir='ltr'><strong>diligitur</strong></span> <span class='ocrx_word' id='word_1_106' title='bbox 866 1573 1028 1627; x_wconf 91' lang='lat' dir='ltr'><strong>quam</strong></span> <span class='ocrx_word' id='word_1_107' title='bbox 1059 1558 1290 1625; x_wconf 89' lang='lat' dir='ltr'><strong>animus,</strong></span> <span class='ocrx_word' id='word_1_108' title='bbox 1341 1566 1397 1610; x_wconf 87' lang='lat' dir='ltr'><strong>ut</strong></span> <span class='ocrx_word' id='word_1_109' title='bbox 1427 1557 1577 1611; x_wconf 89' lang='lat' dir='ltr'><strong>malit</strong></span> <span class='ocrx_word' id='word_1_110' title='bbox 1609 1557 1770 1611; x_wconf 88' lang='lat' dir='ltr'><strong>homo</strong></span> 
     </span>
    </p>
   </div>
   <div class='ocr_carea' id='block_1_16' title="bbox 179 1649 1770 1724">
    <p class='ocr_par' dir='ltr' id='par_1_16' title="bbox 179 1649 1770 1724">
     <span class='ocr_line' id='line_1_16' title="bbox 179 1649 1770 1724; baseline -0.003 -15"><span class='ocrx_word' id='word_1_111' title='bbox 179 1655 287 1724; x_wconf 84' lang='lat' dir='ltr'><strong>ejus</strong></span> <span class='ocrx_word' id='word_1_112' title='bbox 304 1669 418 1709; x_wconf 87' lang='lat' dir='ltr'><strong>esse</strong></span> <span class='ocrx_word' id='word_1_113' title='bbox 444 1669 611 1724; x_wconf 89' lang='lat' dir='ltr'><strong>quam</strong></span> <span class='ocrx_word' id='word_1_114' title='bbox 642 1667 792 1718; x_wconf 88' lang='lat' dir='ltr'><strong>suus,</strong></span> <span class='ocrx_word' id='word_1_115' title='bbox 825 1660 952 1706; x_wconf 92' lang='lat' dir='ltr'><strong>tunc</strong></span> <span class='ocrx_word' id='word_1_116' title='bbox 968 1667 1092 1706; x_wconf 86' lang='lat' dir='ltr'><strong>vere</strong></span> <span class='ocrx_word' id='word_1_117' title='bbox 1111 1649 1290 1704; x_wconf 92' lang='lat' dir='ltr'><strong>animo</strong></span> <span class='ocrx_word' id='word_1_118' title='bbox 1310 1666 1622 1720; x_wconf 82' lang='lat' dir='ltr'><strong>summeque</strong></span> <span class='ocrx_word' id='word_1_119' title='bbox 1642 1665 1770 1704; x_wconf 88' lang='lat' dir='ltr'><strong>con-</strong></span> 
     </span>
    </p>
   </div>
   <div class='ocr_carea' id='block_1_17' title="bbox 179 1742 1769 1814">
    <p class='ocr_par' dir='ltr' id='par_1_17' title="bbox 179 1742 1769 1814">
     <span class='ocr_line' id='line_1_17' title="bbox 179 1742 1769 1814; baseline -0.003 -13"><span class='ocrx_word' id='word_1_120' title='bbox 179 1748 378 1810; x_wconf 84' lang='lat' dir='ltr'><strong>salitur,</strong></span> <span class='ocrx_word' id='word_1_121' title='bbox 411 1753 820 1814; x_wconf 82' lang='lat' dir='ltr'><strong>consequenter</strong></span> <span class='ocrx_word' id='word_1_122' title='bbox 843 1753 902 1799; x_wconf 90' lang='lat' dir='ltr'><strong>et</strong></span> <span class='ocrx_word' id='word_1_123' title='bbox 921 1744 1155 1813; x_wconf 87' lang='lat' dir='ltr'><strong>corpori,</strong></span> <span class='ocrx_word' id='word_1_124' title='bbox 1183 1743 1338 1797; x_wconf 90' lang='lat' dir='ltr'><strong>nobis</strong></span> <span class='ocrx_word' id='word_1_125' title='bbox 1363 1742 1413 1797; x_wconf 95' lang='lat' dir='ltr'><strong>id</strong></span> <span class='ocrx_word' id='word_1_126' title='bbox 1448 1757 1550 1796; x_wconf 92' lang='lat' dir='ltr'><strong>non</strong></span> <span class='ocrx_word' id='word_1_127' title='bbox 1580 1758 1769 1797; x_wconf 89' lang='lat' dir='ltr'><strong>curan-</strong></span> 
     </span>
    </p>
   </div>
   <div class='ocr_carea' id='block_1_18' title="bbox 179 1835 1768 1908">
    <p class='ocr_par' dir='ltr' id='par_1_18' title="bbox 179 1835 1768 1908">
     <span class='ocr_line' id='line_1_18' title="bbox 179 1835 1768 1908; baseline -0.001 -16"><span class='ocrx_word' id='word_1_128' title='bbox 179 1841 302 1894; x_wconf 84' lang='lat' dir='ltr'><strong>tibus</strong></span> <span class='ocrx_word' id='word_1_129' title='bbox 328 1839 516 1908; x_wconf 86' lang='lat' dir='ltr'><strong>aliquo</strong></span> <span class='ocrx_word' id='word_1_130' title='bbox 537 1837 777 1906; x_wconf 89' lang='lat' dir='ltr'><strong>appetitu</strong></span> <span class='ocrx_word' id='word_1_131' title='bbox 795 1845 1089 1906; x_wconf 86' lang='lat' dir='ltr'><strong>satagente,</strong></span> <span class='ocrx_word' id='word_1_132' title='bbox 1111 1835 1203 1890; x_wconf 90' lang='lat' dir='ltr'><strong>sed</strong></span> <span class='ocrx_word' id='word_1_133' title='bbox 1229 1845 1432 1889; x_wconf 90' lang='lat' dir='ltr'><strong>tantum</strong></span> <span class='ocrx_word' id='word_1_134' title='bbox 1451 1845 1692 1905; x_wconf 90' lang='lat' dir='ltr'><strong>prompta</strong></span> <span class='ocrx_word' id='word_1_135' title='bbox 1714 1845 1768 1890; x_wconf 88' lang='lat' dir='ltr'><strong>ct</strong></span> 
     </span>
    </p>
   </div>
   <div class='ocr_carea' id='block_1_19' title="bbox 176 1927 1763 1995">
    <p class='ocr_par' dir='ltr' id='par_1_19' title="bbox 176 1927 1763 1995">
     <span class='ocr_line' id='line_1_19' title="bbox 176 1927 1763 1995; baseline -0.001 -12"><span class='ocrx_word' id='word_1_136' title='bbox 176 1931 338 1984; x_wconf 86' lang='lat' dir='ltr'><strong>oblata</strong></span> <span class='ocrx_word' id='word_1_137' title='bbox 371 1930 736 1984; x_wconf 90' lang='lat' dir='ltr'><strong>sumentibus.</strong></span> <span class='ocrx_word' id='word_1_138' title='bbox 786 1927 1079 1982; x_wconf 87' lang='lat' dir='ltr'><strong>Charitatis</strong></span> <span class='ocrx_word' id='word_1_139' title='bbox 1129 1937 1305 1982; x_wconf 88' lang='lat' dir='ltr'><strong>autem</strong></span> <span class='ocrx_word' id='word_1_140' title='bbox 1350 1944 1614 1982; x_wconf 87' lang='lat' dir='ltr'><strong>venenum</strong></span> <span class='ocrx_word' id='word_1_141' title='bbox 1661 1938 1763 1995; x_wconf 90' lang='lat' dir='ltr'><strong>est,</strong></span> 
     </span>
    </p>
   </div>
   <div class='ocr_carea' id='block_1_20' title="bbox 177 2018 1761 2091">
    <p class='ocr_par' dir='ltr' id='par_1_20' title="bbox 177 2018 1761 2091">
     <span class='ocr_line' id='line_1_20' title="bbox 177 2018 1761 2091; baseline -0.001 -17"><span class='ocrx_word' id='word_1_142' title='bbox 177 2037 284 2091; x_wconf 83' lang='lat' dir='ltr'><strong>spes</strong></span> <span class='ocrx_word' id='word_1_143' title='bbox 312 2020 795 2089; x_wconf 87' lang='lat' dir='ltr'><strong>adipiscendorum</strong></span> <span class='ocrx_word' id='word_1_144' title='bbox 825 2028 917 2072; x_wconf 90' lang='lat' dir='ltr'><strong>aut</strong></span> <span class='ocrx_word' id='word_1_145' title='bbox 945 2018 1347 2074; x_wconf 89' lang='lat' dir='ltr'><strong>retinendorum</strong></span> <span class='ocrx_word' id='word_1_146' title='bbox 1371 2019 1761 2088; x_wconf 84' lang='lat' dir='ltr'><strong>temporalium.</strong></span> 
     </span>
    </p>
   </div>
   <div class='ocr_carea' id='block_1_21' title="bbox 172 2111 1763 2182">
    <p class='ocr_par' dir='ltr' id='par_1_21' title="bbox 172 2111 1763 2182">
     <span class='ocr_line' id='line_1_21' title="bbox 172 2111 1763 2182; baseline -0.001 -14"><span class='ocrx_word' id='word_1_147' title='bbox 172 2115 571 2169; x_wconf 75' lang='lat' dir='ltr'><strong>Nutrimentum</strong></span> <span class='ocrx_word' id='word_1_148' title='bbox 610 2114 721 2182; x_wconf 83' lang='lat' dir='ltr'><strong>ejus</strong></span> <span class='ocrx_word' id='word_1_149' title='bbox 762 2120 865 2176; x_wconf 86' lang='lat' dir='ltr'><strong>est,</strong></span> <span class='ocrx_word' id='word_1_150' title='bbox 902 2113 1198 2166; x_wconf 79' lang='lat' dir='ltr'><strong>imminutio</strong></span> <span class='ocrx_word' id='word_1_151' title='bbox 1233 2112 1559 2182; x_wconf 81' lang='lat' dir='ltr'><strong>cupiditatis;</strong></span> <span class='ocrx_word' id='word_1_152' title='bbox 1585 2111 1763 2180; x_wconf 88' lang='lat' dir='ltr'><strong>perfe-</strong></span> 
     </span>
    </p>
   </div>
   <div class='ocr_carea' id='block_1_22' title="bbox 171 2204 1764 2276">
    <p class='ocr_par' dir='ltr' id='par_1_22' title="bbox 171 2204 1764 2276">
     <span class='ocr_line' id='line_1_22' title="bbox 171 2204 1764 2276; baseline -0.002 -14"><span class='ocrx_word' id='word_1_153' title='bbox 171 2209 290 2273; x_wconf 84' lang='lat' dir='ltr'><strong>ctio,</strong></span> <span class='ocrx_word' id='word_1_154' title='bbox 325 2209 476 2261; x_wconf 90' lang='lat' dir='ltr'><strong>nulla</strong></span> <span class='ocrx_word' id='word_1_155' title='bbox 523 2207 795 2276; x_wconf 83' lang='lat' dir='ltr'><strong>cupiditas.</strong></span> <span class='ocrx_word' id='word_1_156' title='bbox 824 2205 1050 2276; x_wconf 82' lang='lat' dir='ltr'><strong>Signum</strong></span> <span class='ocrx_word' id='word_1_157' title='bbox 1102 2204 1367 2274; x_wconf 80' lang='lat' dir='ltr'><strong>prolectus</strong></span> <span class='ocrx_word' id='word_1_158' title='bbox 1415 2205 1550 2274; x_wconf 81' lang='lat' dir='ltr'><strong>ejus,</strong></span> <span class='ocrx_word' id='word_1_159' title='bbox 1586 2205 1764 2260; x_wconf 86' lang='lat' dir='ltr'><strong>immi-</strong></span> 
     </span>
    </p>
   </div>
   <div class='ocr_carea' id='block_1_23' title="bbox 173 2295 1764 2367">
    <p class='ocr_par' dir='ltr' id='par_1_23' title="bbox 173 2295 1764 2367">
     <span class='ocr_line' id='line_1_23' title="bbox 173 2295 1764 2367; baseline -0.002 -15"><span class='ocrx_word' id='word_1_160' title='bbox 173 2299 309 2352; x_wconf 87' lang='lat' dir='ltr'><strong>nutio</strong></span> <span class='ocrx_word' id='word_1_161' title='bbox 344 2298 578 2362; x_wconf 89' lang='lat' dir='ltr'><strong>timoris;</strong></span> <span class='ocrx_word' id='word_1_162' title='bbox 635 2297 845 2367; x_wconf 84' lang='lat' dir='ltr'><strong>signum</strong></span> <span class='ocrx_word' id='word_1_163' title='bbox 899 2295 1239 2366; x_wconf 79' lang='lat' dir='ltr'><strong>perfectionis</strong></span> <span class='ocrx_word' id='word_1_164' title='bbox 1289 2296 1422 2364; x_wconf 85' lang='lat' dir='ltr'><strong>ejus,</strong></span> <span class='ocrx_word' id='word_1_165' title='bbox 1469 2295 1645 2350; x_wconf 88' lang='lat' dir='ltr'><strong>nullus</strong></span> <span class='ocrx_word' id='word_1_166' title='bbox 1695 2295 1764 2349; x_wconf 85' lang='lat' dir='ltr'><strong>ti-</strong></span> 
     </span>
    </p>
   </div>
   <div class='ocr_carea' id='block_1_24' title="bbox 173 2387 1763 2459">
    <p class='ocr_par' dir='ltr' id='par_1_24' title="bbox 173 2387 1763 2459">
     <span class='ocr_line' id='line_1_24' title="bbox 173 2387 1763 2459; baseline -0.001 -16"><span class='ocrx_word' id='word_1_167' title='bbox 173 2405 318 2443; x_wconf 89' lang='lat' dir='ltr'><strong>mor:</strong></span> <span class='ocrx_word' id='word_1_168' title='bbox 353 2389 480 2459; x_wconf 84' lang='lat' dir='ltr'><strong>quia</strong></span> <span class='ocrx_word' id='word_1_169' title='bbox 535 2398 589 2442; x_wconf 90' lang='lat' dir='ltr'><strong>et</strong></span> <span class='ocrx_word' id='word_1_170' title='bbox 629 2387 781 2442; x_wconf 83' lang='lat' dir='ltr'><strong>radia:</strong></span> <span class='ocrx_word' id='word_1_171' title='bbox 822 2397 896 2443; x_wconf 72' lang='lat' dir='ltr'><strong>est</strong></span> <span class='ocrx_word' id='word_1_172' title='bbox 940 2387 1164 2441; x_wconf 81' lang='lat' dir='ltr'><strong>omnium</strong></span> <span class='ocrx_word' id='word_1_173' title='bbox 1218 2387 1468 2440; x_wconf 84' lang='lat' dir='ltr'><strong>malorum</strong></span> <span class='ocrx_word' id='word_1_174' title='bbox 1515 2387 1763 2456; x_wconf 71' lang='lat' dir='ltr'><strong>cupiditas</strong></span> 
     </span>
    </p>
   </div>
   <div class='ocr_carea' id='block_1_25' title="bbox 173 2478 1762 2550">
    <p class='ocr_par' dir='ltr' id='par_1_25' title="bbox 173 2478 1762 2550">
     <span class='ocr_line' id='line_1_25' title="bbox 173 2478 1762 2550; baseline -0.001 -17"><span class='ocrx_word' id='word_1_175' title='bbox 173 2480 206 2548; x_wconf 84' lang='lat' dir='ltr'><strong>(l</strong></span> <span class='ocrx_word' id='word_1_176' title='bbox 233 2480 369 2533; x_wconf 83' lang='lat' dir='ltr'><strong>Tim.</strong></span> <span class='ocrx_word' id='word_1_177' title='bbox 402 2497 476 2542; x_wconf 77' lang='lat' dir='ltr'><strong>vr,</strong></span> <span class='ocrx_word' id='word_1_178' title='bbox 512 2480 632 2550; x_wconf 67' lang='lat'><strong>10);</strong></span> <span class='ocrx_word' id='word_1_179' title='bbox 659 2488 734 2544; x_wconf 88' lang='lat' dir='ltr'><strong>et,</strong></span> <span class='ocrx_word' id='word_1_180' title='bbox 765 2489 1113 2533; x_wconf 75' lang='lat' dir='ltr'><strong>consummata</strong></span> <span class='ocrx_word' id='word_1_181' title='bbox 1138 2478 1338 2532; x_wconf 79' lang='lat' dir='ltr'><strong>dilectio</strong></span> <span class='ocrx_word' id='word_1_182' title='bbox 1361 2480 1498 2548; x_wconf 77' lang='lat' dir='ltr'><strong>[oras</strong></span> <span class='ocrx_word' id='word_1_183' title='bbox 1527 2480 1677 2531; x_wconf 81' lang='lat' dir='ltr'><strong>mittit</strong></span> <span class='ocrx_word' id='word_1_184' title='bbox 1699 2479 1762 2531; x_wconf 85' lang='lat' dir='ltr'><strong>ti-</strong></span> 
     </span>
    </p>
   </div>
   <div class='ocr_carea' id='block_1_26' title="bbox 171 2562 1761 2643">
    <p class='ocr_par' dir='ltr' id='par_1_26' title="bbox 171 2562 1761 2643">
     <span class='ocr_line' id='line_1_26' title="bbox 171 2562 1761 2643; baseline 0.001 -19"><span class='ocrx_word' id='word_1_185' title='bbox 171 2590 342 2626; x_wconf 82' lang='lat' dir='ltr'><strong>morem</strong></span> <span class='ocrx_word' id='word_1_186' title='bbox 376 2573 419 2640; x_wconf 93' lang='lat' dir='ltr'><strong>(l</strong></span> <span class='ocrx_word' id='word_1_187' title='bbox 444 2573 609 2625; x_wconf 83' lang='lat' dir='ltr'><strong>Joan.</strong></span> <span class='ocrx_word' id='word_1_188' title='bbox 642 2588 714 2638; x_wconf 86' lang='lat' dir='ltr'><strong>iv,</strong></span> <span class='ocrx_word' id='word_1_189' title='bbox 751 2571 862 2643; x_wconf 75' lang='grc'><strong>18).</strong></span> <span class='ocrx_word' id='word_1_190' title='bbox 887 2570 1139 2641; x_wconf 83' lang='lat' dir='ltr'><strong>Quisquis</strong></span> <span class='ocrx_word' id='word_1_191' title='bbox 1184 2570 1343 2639; x_wconf 78' lang='lat' dir='ltr'><strong>igitur</strong></span> <span class='ocrx_word' id='word_1_192' title='bbox 1386 2584 1502 2625; x_wconf 86' lang='lat' dir='ltr'><strong>eam</strong></span> <span class='ocrx_word' id='word_1_193' title='bbox 1557 2562 1761 2626; x_wconf 86' lang='lat' dir='ltr'><strong>nutrire</strong></span> 
     </span>
    </p>
   </div>
   <div class='ocr_carea' id='block_1_27' title="bbox 169 2661 1758 2730">
    <p class='ocr_par' dir='ltr' id='par_1_27' title="bbox 169 2661 1758 2730">
     <span class='ocr_line' id='line_1_27' title="bbox 169 2661 1758 2730; baseline 0.001 -16"><span class='ocrx_word' id='word_1_194' title='bbox 169 2664 288 2728; x_wconf 87' lang='lat' dir='ltr'><strong>vult,</strong></span> <span class='ocrx_word' id='word_1_195' title='bbox 322 2664 492 2717; x_wconf 84' lang='lat' dir='ltr'><strong>instet</strong></span> <span class='ocrx_word' id='word_1_196' title='bbox 520 2662 830 2716; x_wconf 90' lang='lat' dir='ltr'><strong>minuendis</strong></span> <span class='ocrx_word' id='word_1_197' title='bbox 863 2661 1264 2730; x_wconf 86' lang='lat' dir='ltr'><strong>cupiditatibus.</strong></span> <span class='ocrx_word' id='word_1_198' title='bbox 1311 2661 1404 2714; x_wconf 87' lang='lat' dir='ltr'><strong>Est</strong></span> <span class='ocrx_word' id='word_1_199' title='bbox 1447 2669 1622 2714; x_wconf 88' lang='lat' dir='ltr'><strong>autem</strong></span> <span class='ocrx_word' id='word_1_200' title='bbox 1662 2677 1758 2716; x_wconf 88' lang='lat' dir='ltr'><strong>cu-</strong></span> 
     </span>
    </p>
   </div>
   <div class='ocr_carea' id='block_1_28' title="bbox 170 2751 1754 2824">
    <p class='ocr_par' dir='ltr' id='par_1_28' title="bbox 170 2751 1754 2824">
     <span class='ocr_line' id='line_1_28' title="bbox 170 2751 1754 2824; baseline 0.001 -18"><span class='ocrx_word' id='word_1_201' title='bbox 170 2754 367 2822; x_wconf 86' lang='lat' dir='ltr'><strong>piditas,</strong></span> <span class='ocrx_word' id='word_1_202' title='bbox 397 2769 563 2808; x_wconf 90' lang='lat' dir='ltr'><strong>amor</strong></span> <span class='ocrx_word' id='word_1_203' title='bbox 590 2753 925 2824; x_wconf 88' lang='lat' dir='ltr'><strong>adipiscendi</strong></span> <span class='ocrx_word' id='word_1_204' title='bbox 975 2761 1068 2806; x_wconf 90' lang='lat' dir='ltr'><strong>aut</strong></span> <span class='ocrx_word' id='word_1_205' title='bbox 1095 2751 1371 2807; x_wconf 91' lang='lat' dir='ltr'><strong>obtinendi</strong></span> <span class='ocrx_word' id='word_1_206' title='bbox 1421 2752 1754 2820; x_wconf 86' lang='lat' dir='ltr'><strong>temporalia.</strong></span> 
     </span>
    </p>
   </div>
   <div class='ocr_carea' id='block_1_29' title="bbox 170 2844 1760 2916">
    <p class='ocr_par' dir='ltr' id='par_1_29' title="bbox 170 2844 1760 2916">
     <span class='ocr_line' id='line_1_29' title="bbox 170 2844 1760 2916; baseline 0.001 -16"><span class='ocrx_word' id='word_1_207' title='bbox 170 2847 318 2916; x_wconf 85' lang='lat' dir='ltr'><strong>llujus</strong></span> <span class='ocrx_word' id='word_1_208' title='bbox 346 2847 660 2902; x_wconf 70' lang='lat' dir='ltr'><strong>minuendae</strong></span> <span class='ocrx_word' id='word_1_209' title='bbox 695 2847 901 2900; x_wconf 87' lang='lat' dir='ltr'><strong>initium</strong></span> <span class='ocrx_word' id='word_1_210' title='bbox 935 2855 1037 2912; x_wconf 87' lang='lat' dir='ltr'><strong>est,</strong></span> <span class='ocrx_word' id='word_1_211' title='bbox 1072 2846 1236 2901; x_wconf 90' lang='lat' dir='ltr'><strong>Deum</strong></span> <span class='ocrx_word' id='word_1_212' title='bbox 1265 2846 1470 2908; x_wconf 90' lang='lat' dir='ltr'><strong>timere,</strong></span> <span class='ocrx_word' id='word_1_213' title='bbox 1499 2844 1588 2915; x_wconf 91' lang='lat' dir='ltr'><strong>qui</strong></span> <span class='ocrx_word' id='word_1_214' title='bbox 1612 2845 1760 2902; x_wconf 89' lang='lat' dir='ltr'><strong>solus</strong></span> 
     </span>
    </p>
   </div>
   <div class='ocr_carea' id='block_1_30' title="bbox 169 2937 1757 3009">
    <p class='ocr_par' dir='ltr' id='par_1_30' title="bbox 169 2937 1757 3009">
     <span class='ocr_line' id='line_1_30' title="bbox 169 2937 1757 3009; baseline 0.003 -18"><span class='ocrx_word' id='word_1_215' title='bbox 169 2940 323 2994; x_wconf 87' lang='lat' dir='ltr'><strong>timeri</strong></span> <span class='ocrx_word' id='word_1_216' title='bbox 354 2941 476 2994; x_wconf 89' lang='lat' dir='ltr'><strong>sine</strong></span> <span class='ocrx_word' id='word_1_217' title='bbox 508 2954 698 2994; x_wconf 88' lang='lat' dir='ltr'><strong>amore</strong></span> <span class='ocrx_word' id='word_1_218' title='bbox 751 2953 857 2993; x_wconf 92' lang='lat' dir='ltr'><strong>non</strong></span> <span class='ocrx_word' id='word_1_219' title='bbox 881 2946 1079 3009; x_wconf 91' lang='lat' dir='ltr'><strong>potest.</strong></span> <span class='ocrx_word' id='word_1_220' title='bbox 1121 2937 1202 2992; x_wconf 85' lang='lat' dir='ltr'><strong>Ad</strong></span> <span class='ocrx_word' id='word_1_221' title='bbox 1253 2937 1571 3008; x_wconf 89' lang='lat' dir='ltr'><strong>sapientiam</strong></span> <span class='ocrx_word' id='word_1_222' title='bbox 1615 2939 1757 2997; x_wconf 90' lang='lat' dir='ltr'><strong>enim</strong></span> 
     </span>
    </p>
   </div>
   <div class='ocr_carea' id='block_1_31' title="bbox 169 3029 1759 3099">
    <p class='ocr_par' dir='ltr' id='par_1_31' title="bbox 169 3029 1759 3099">
     <span class='ocr_line' id='line_1_31' title="bbox 169 3029 1759 3099; baseline 0.003 -15"><span class='ocrx_word' id='word_1_223' title='bbox 169 3029 408 3094; x_wconf 82' lang='lat' dir='ltr'><strong>tenditur,</strong></span> <span class='ocrx_word' id='word_1_224' title='bbox 432 3039 489 3084; x_wconf 89' lang='lat' dir='ltr'><strong>et</strong></span> <span class='ocrx_word' id='word_1_225' title='bbox 517 3029 654 3083; x_wconf 88' lang='lat' dir='ltr'><strong>nihil</strong></span> <span class='ocrx_word' id='word_1_226' title='bbox 684 3029 860 3085; x_wconf 89' lang='lat' dir='ltr'><strong>verius</strong></span> <span class='ocrx_word' id='word_1_227' title='bbox 893 3045 960 3084; x_wconf 92' lang='lat' dir='ltr'><strong>eo</strong></span> <span class='ocrx_word' id='word_1_228' title='bbox 1002 3029 1140 3099; x_wconf 91' lang='lat' dir='ltr'><strong>quod</strong></span> <span class='ocrx_word' id='word_1_229' title='bbox 1164 3029 1362 3085; x_wconf 87' lang='lat' dir='ltr'><strong>dictum</strong></span> <span class='ocrx_word' id='word_1_230' title='bbox 1410 3040 1512 3099; x_wconf 88' lang='lat' dir='ltr'><strong>est,</strong></span> <span class='ocrx_word' id='word_1_231' title='bbox 1543 3032 1759 3089; x_wconf 81' lang='lat' dir='ltr'><strong>Initium</strong></span> 
     </span>
    </p>
   </div>
   <div class='ocr_carea' id='block_1_32' title="bbox 165 3120 1757 3197">
    <p class='ocr_par' dir='ltr' id='par_1_32' title="bbox 165 3120 1757 3197">
     <span class='ocr_line' id='line_1_32' title="bbox 165 3120 1757 3197; baseline 0.005 -24"><span class='ocrx_word' id='word_1_232' title='bbox 165 3123 409 3188; x_wconf 68' lang='lat' dir='ltr'><strong>rapientur</strong></span> <span class='ocrx_word' id='word_1_233' title='bbox 435 3122 596 3175; x_wconf 85' lang='lat' dir='ltr'><strong>timor</strong></span> <span class='ocrx_word' id='word_1_234' title='bbox 617 3120 822 3174; x_wconf 83' lang='lat' dir='ltr'><strong>Domini</strong></span> <span class='ocrx_word' id='word_1_235' title='bbox 849 3120 1033 3190; x_wconf 87' lang='lat' dir='ltr'><strong>(Eccti.</strong></span> <span class='ocrx_word' id='word_1_236' title='bbox 1063 3136 1101 3186; x_wconf 89' lang='grc' dir='ltr'><strong>ι,</strong></span> <span class='ocrx_word' id='word_1_237' title='bbox 1128 3121 1240 3190; x_wconf 82' lang='lat' dir='ltr'><strong>l6).</strong></span> <span class='ocrx_word' id='word_1_238' title='bbox 1264 3121 1432 3178; x_wconf 83' lang='lat' dir='ltr'><strong>Nemo</strong></span> <span class='ocrx_word' id='word_1_239' title='bbox 1458 3134 1542 3180; x_wconf 88' lang='lat' dir='ltr'><strong>est</strong></span> <span class='ocrx_word' id='word_1_240' title='bbox 1561 3125 1757 3197; x_wconf 79' lang='lat' dir='ltr'><strong>quippe</strong></span> 
     </span>
    </p>
   </div>
   <div class='ocr_carea' id='block_1_33' title="bbox 169 3213 1754 3288">
    <p class='ocr_par' dir='ltr' id='par_1_33' title="bbox 169 3213 1754 3288">
     <span class='ocr_line' id='line_1_33' title="bbox 169 3213 1754 3288; baseline 0.006 -22"><span class='ocrx_word' id='word_1_241' title='bbox 169 3214 240 3282; x_wconf 84' lang='lat' dir='ltr'><strong>qui</strong></span> <span class='ocrx_word' id='word_1_242' title='bbox 265 3230 368 3268; x_wconf 89' lang='lat' dir='ltr'><strong>non</strong></span> <span class='ocrx_word' id='word_1_243' title='bbox 393 3214 573 3284; x_wconf 82' lang='lat' dir='ltr'><strong>magis</strong></span> <span class='ocrx_word' id='word_1_244' title='bbox 603 3214 848 3268; x_wconf 89' lang='lat' dir='ltr'><strong>dolorem</strong></span> <span class='ocrx_word' id='word_1_245' title='bbox 894 3213 1098 3284; x_wconf 89' lang='lat' dir='ltr'><strong>fugiat,</strong></span> <span class='ocrx_word' id='word_1_246' title='bbox 1131 3230 1288 3286; x_wconf 88' lang='lat' dir='ltr'><strong>quam</strong></span> <span class='ocrx_word' id='word_1_247' title='bbox 1344 3228 1558 3288; x_wconf 88' lang='lat' dir='ltr'><strong>appetat</strong></span> <span class='ocrx_word' id='word_1_248' title='bbox 1601 3221 1754 3275; x_wconf 85' lang='lat' dir='ltr'><strong>volu-</strong></span> 
     </span>
    </p>
   </div>
   <div class='ocr_carea' id='block_1_34' title="bbox 174 3304 1755 3376">
    <p class='ocr_par' dir='ltr' id='par_1_34' title="bbox 174 3304 1755 3376">
     <span class='ocr_line' id='line_1_34' title="bbox 174 3304 1755 3376; baseline 0.005 -18"><span class='ocrx_word' id='word_1_249' title='bbox 174 3314 353 3373; x_wconf 86' lang='lat' dir='ltr'><strong>ptatem</strong></span> <span class='ocrx_word' id='word_1_250' title='bbox 383 3324 399 3358; x_wconf 92' lang='lat'><strong>:</strong></span> <span class='ocrx_word' id='word_1_251' title='bbox 433 3304 1134 3376; x_wconf 89' lang='lat' dir='ltr'><strong>quandoqnidemvidemus</strong></span> <span class='ocrx_word' id='word_1_252' title='bbox 1163 3307 1322 3361; x_wconf 90' lang='lat' dir='ltr'><strong>etiam</strong></span> <span class='ocrx_word' id='word_1_253' title='bbox 1343 3307 1755 3367; x_wconf 79' lang='lat' dir='ltr'><strong>immanissimas</strong></span> 
     </span>
    </p>
   </div>
   <div class='ocr_carea' id='block_1_35' title="bbox 169 3396 1754 3467">
    <p class='ocr_par' dir='ltr' id='par_1_35' title="bbox 169 3396 1754 3467">
     <span class='ocr_line' id='line_1_35' title="bbox 169 3396 1754 3467; baseline 0.006 -17"><span class='ocrx_word' id='word_1_254' title='bbox 169 3397 401 3451; x_wconf 77' lang='lat' dir='ltr'><strong>bestias:</strong></span> <span class='ocrx_word' id='word_1_255' title='bbox 452 3396 719 3453; x_wconf 77' lang='lat' dir='ltr'><strong>maximis</strong></span> <span class='ocrx_word' id='word_1_256' title='bbox 769 3399 1128 3467; x_wconf 80' lang='lat' dir='ltr'><strong>voluptatibus</strong></span> <span class='ocrx_word' id='word_1_257' title='bbox 1176 3399 1461 3456; x_wconf 88' lang='lat' dir='ltr'><strong>absterreri</strong></span> <span class='ocrx_word' id='word_1_258' title='bbox 1508 3401 1754 3458; x_wconf 90' lang='lat' dir='ltr'><strong>dolorum</strong></span> 
     </span>
    </p>
   </div>
   <div class='ocr_carea' id='block_1_36' title="bbox 168 3489 1752 3560">
    <p class='ocr_par' dir='ltr' id='par_1_36' title="bbox 168 3489 1752 3560">
     <span class='ocr_line' id='line_1_36' title="bbox 168 3489 1752 3560; baseline 0.004 -19"><span class='ocrx_word' id='word_1_259' title='bbox 168 3499 331 3554; x_wconf 84' lang='lat' dir='ltr'><strong>metu;</strong></span> <span class='ocrx_word' id='word_1_260' title='bbox 363 3489 510 3560; x_wconf 83' lang='lat' dir='ltr'><strong>quod</strong></span> <span class='ocrx_word' id='word_1_261' title='bbox 543 3505 670 3544; x_wconf 90' lang='lat' dir='ltr'><strong>cum</strong></span> <span class='ocrx_word' id='word_1_262' title='bbox 699 3489 752 3543; x_wconf 92' lang='lat' dir='ltr'><strong>in</strong></span> <span class='ocrx_word' id='word_1_263' title='bbox 778 3489 1090 3544; x_wconf 88' lang='lat' dir='ltr'><strong>earumdem</strong></span> <span class='ocrx_word' id='word_1_264' title='bbox 1110 3491 1550 3547; x_wconf 88' lang='lat' dir='ltr'><strong>consuetudinem</strong></span> <span class='ocrx_word' id='word_1_265' title='bbox 1577 3502 1752 3548; x_wconf 85' lang='lat' dir='ltr'><strong>verte-</strong></span> 
     </span>
    </p>
   </div>
   <div class='ocr_carea' id='block_1_37' title="bbox 167 3577 1756 3652">
    <p class='ocr_par' dir='ltr' id='par_1_37' title="bbox 167 3577 1756 3652">
     <span class='ocr_line' id='line_1_37' title="bbox 167 3577 1756 3652; baseline 0.004 -22"><span class='ocrx_word' id='word_1_266' title='bbox 167 3577 242 3639; x_wconf 85' lang='lat' dir='ltr'><strong>rit,</strong></span> <span class='ocrx_word' id='word_1_267' title='bbox 263 3578 481 3633; x_wconf 76' lang='lat' dir='ltr'><strong>domita:</strong></span> <span class='ocrx_word' id='word_1_268' title='bbox 523 3587 584 3634; x_wconf 90' lang='lat' dir='ltr'><strong>et</strong></span> <span class='ocrx_word' id='word_1_269' title='bbox 611 3588 906 3634; x_wconf 70' lang='lat' dir='ltr'><strong>mansueta:</strong></span> <span class='ocrx_word' id='word_1_270' title='bbox 935 3588 1212 3634; x_wconf 84' lang='lat' dir='ltr'><strong>vocantur.</strong></span> <span class='ocrx_word' id='word_1_271' title='bbox 1240 3579 1577 3650; x_wconf 85' lang='lat' dir='ltr'><strong>Quapropter</strong></span> <span class='ocrx_word' id='word_1_272' title='bbox 1617 3598 1756 3652; x_wconf 44' lang='lat' dir='ltr'><strong>quo.</strong></span> 
     </span>
    </p>
   </div>
   <div class='ocr_carea' id='block_1_38' title="bbox 170 3668 1755 3743">
    <p class='ocr_par' dir='ltr' id='par_1_38' title="bbox 170 3668 1755 3743">
     <span class='ocr_line' id='line_1_38' title="bbox 170 3668 1755 3743; baseline 0.005 -23"><span class='ocrx_word' id='word_1_273' title='bbox 170 3668 293 3723; x_wconf 77' lang='lat' dir='ltr'><strong>niam</strong></span> <span class='ocrx_word' id='word_1_274' title='bbox 325 3670 472 3724; x_wconf 88' lang='lat' dir='ltr'><strong>inest</strong></span> <span class='ocrx_word' id='word_1_275' title='bbox 504 3669 713 3724; x_wconf 86' lang='lat' dir='ltr'><strong>homini</strong></span> <span class='ocrx_word' id='word_1_276' title='bbox 745 3669 902 3735; x_wconf 88' lang='lat' dir='ltr'><strong>ratio,</strong></span> <span class='ocrx_word' id='word_1_277' title='bbox 941 3685 1058 3740; x_wconf 64' lang='lat' dir='ltr'><strong>qua!</strong></span> <span class='ocrx_word' id='word_1_278' title='bbox 1089 3685 1212 3724; x_wconf 92' lang='lat' dir='ltr'><strong>cum</strong></span> <span class='ocrx_word' id='word_1_279' title='bbox 1268 3671 1433 3726; x_wconf 86' lang='lat' dir='ltr'><strong>servit</strong></span> <span class='ocrx_word' id='word_1_280' title='bbox 1476 3672 1755 3743; x_wconf 88' lang='lat' dir='ltr'><strong>cupiditati</strong></span> 
     </span>
    </p>
   </div>
   <div class='ocr_carea' id='block_1_39' title="bbox 168 3761 1751 3835">
    <p class='ocr_par' dir='ltr' id='par_1_39' title="bbox 168 3761 1751 3835">
     <span class='ocr_line' id='line_1_39' title="bbox 168 3761 1751 3835; baseline 0.004 -20"><span class='ocrx_word' id='word_1_281' title='bbox 168 3763 502 3830; x_wconf 80' lang='lat' dir='ltr'><strong>perversione</strong></span> <span class='ocrx_word' id='word_1_282' title='bbox 549 3761 866 3824; x_wconf 88' lang='lat' dir='ltr'><strong>miserabili,</strong></span> <span class='ocrx_word' id='word_1_283' title='bbox 897 3770 952 3815; x_wconf 90' lang='lat' dir='ltr'><strong>ut</strong></span> <span class='ocrx_word' id='word_1_284' title='bbox 1006 3761 1252 3817; x_wconf 87' lang='lat' dir='ltr'><strong>homines</strong></span> <span class='ocrx_word' id='word_1_285' title='bbox 1299 3777 1404 3818; x_wconf 93' lang='lat' dir='ltr'><strong>non</strong></span> <span class='ocrx_word' id='word_1_286' title='bbox 1447 3764 1751 3835; x_wconf 87' lang='lat' dir='ltr'><strong>timeantur,</strong></span> 
     </span>
    </p>
   </div>
   <div class='ocr_carea' id='block_1_40' title="bbox 167 3851 1754 3925">
    <p class='ocr_par' dir='ltr' id='par_1_40' title="bbox 167 3851 1754 3925">
     <span class='ocr_line' id='line_1_40' title="bbox 167 3851 1754 3925; baseline 0.006 -21"><span class='ocrx_word' id='word_1_287' title='bbox 167 3854 387 3922; x_wconf 76' lang='lat' dir='ltr'><strong>suggerit</strong></span> <span class='ocrx_word' id='word_1_288' title='bbox 417 3853 593 3906; x_wconf 86' lang='lat' dir='ltr'><strong>latere</strong></span> <span class='ocrx_word' id='word_1_289' title='bbox 625 3867 783 3922; x_wconf 89' lang='lat' dir='ltr'><strong>posse</strong></span> <span class='ocrx_word' id='word_1_290' title='bbox 802 3851 1112 3918; x_wconf 90' lang='lat' dir='ltr'><strong>commissa,</strong></span> <span class='ocrx_word' id='word_1_291' title='bbox 1141 3862 1194 3908; x_wconf 90' lang='lat' dir='ltr'><strong>et</strong></span> <span class='ocrx_word' id='word_1_292' title='bbox 1212 3853 1278 3907; x_wconf 89' lang='lat' dir='ltr'><strong>ad</strong></span> <span class='ocrx_word' id='word_1_293' title='bbox 1303 3855 1525 3925; x_wconf 89' lang='lat' dir='ltr'><strong>tegenda</strong></span> <span class='ocrx_word' id='word_1_294' title='bbox 1547 3859 1754 3914; x_wconf 86' lang='lat' dir='ltr'><strong>occulta</strong></span> 
     </span>
    </p>
   </div>
   <div class='ocr_carea' id='block_1_41' title="bbox 168 3943 1752 4016">
    <p class='ocr_par' dir='ltr' id='par_1_41' title="bbox 168 3943 1752 4016">
     <span class='ocr_line' id='line_1_41' title="bbox 168 3943 1752 4016; baseline 0.004 -18"><span class='ocrx_word' id='word_1_295' title='bbox 168 3956 370 4013; x_wconf 82' lang='lat' dir='ltr'><strong>peccata</strong></span> <span class='ocrx_word' id='word_1_296' title='bbox 401 3945 765 3999; x_wconf 87' lang='lat' dir='ltr'><strong>astutissimas</strong></span> <span class='ocrx_word' id='word_1_297' title='bbox 790 3943 1026 3998; x_wconf 82' lang='lat' dir='ltr'><strong>fallacias</strong></span> <span class='ocrx_word' id='word_1_298' title='bbox 1059 3955 1361 4016; x_wconf 87' lang='lat' dir='ltr'><strong>comparat;</strong></span> <span class='ocrx_word' id='word_1_299' title='bbox 1390 3963 1455 4002; x_wconf 92' lang='lat' dir='ltr'><strong>eo</strong></span> <span class='ocrx_word' id='word_1_300' title='bbox 1487 3949 1544 4002; x_wconf 89' lang='lat' dir='ltr'><strong>lit</strong></span> <span class='ocrx_word' id='word_1_301' title='bbox 1574 3959 1630 4004; x_wconf 90' lang='lat' dir='ltr'><strong>ut</strong></span> <span class='ocrx_word' id='word_1_302' title='bbox 1658 3952 1752 4004; x_wconf 89' lang='lat' dir='ltr'><strong>ho-</strong></span> 
     </span>
    </p>
   </div>
   <div class='ocr_carea' id='block_1_42' title="bbox 167 4035 1750 4108">
    <p class='ocr_par' dir='ltr' id='par_1_42' title="bbox 167 4035 1750 4108">
     <span class='ocr_line' id='line_1_42' title="bbox 167 4035 1750 4108; baseline 0.004 -19"><span class='ocrx_word' id='word_1_303' title='bbox 167 4037 327 4090; x_wconf 84' lang='lat' dir='ltr'><strong>mines</strong></span> <span class='ocrx_word' id='word_1_304' title='bbox 380 4051 520 4105; x_wconf 87' lang='lat' dir='ltr'><strong>quos</strong></span> <span class='ocrx_word' id='word_1_305' title='bbox 573 4035 808 4090; x_wconf 91' lang='lat' dir='ltr'><strong>nondum</strong></span> <span class='ocrx_word' id='word_1_306' title='bbox 851 4035 1082 4100; x_wconf 88' lang='lat' dir='ltr'><strong>delectat</strong></span> <span class='ocrx_word' id='word_1_307' title='bbox 1135 4035 1472 4104; x_wconf 88' lang='lat' dir='ltr'><strong>pulchritudo</strong></span> <span class='ocrx_word' id='word_1_308' title='bbox 1520 4040 1750 4108; x_wconf 80' lang='lat' dir='ltr'><strong>virtutis,</strong></span> 
     </span>
    </p>
   </div>
   <div class='ocr_carea' id='block_1_43' title="bbox 165 4099 1753 4198">
    <p class='ocr_par' dir='ltr' id='par_1_43' title="bbox 165 4099 1753 4198">
     <span class='ocr_line' id='line_1_43' title="bbox 165 4099 1753 4198; baseline 0.004 -19"><span class='ocrx_word' id='word_1_309' title='bbox 165 4127 501 4196; x_wconf 63' lang='lat' dir='ltr'><strong>nisipuenisa</strong></span> <span class='ocrx_word' id='word_1_310' title='bbox 542 4126 817 4196; x_wconf 90' lang='lat' dir='ltr'><strong>peccando</strong></span> <span class='ocrx_word' id='word_1_311' title='bbox 856 4125 1252 4194; x_wconf 85' lang='lat' dir='ltr'><strong>deterreantur,</strong></span> <span class='ocrx_word' id='word_1_312' title='bbox 1311 4144 1428 4198; x_wconf 79' lang='lat' dir='ltr'><strong>qua:</strong></span> <span class='ocrx_word' id='word_1_313' title='bbox 1476 4099 1753 4187; x_wconf 55' lang='lat' dir='ltr'><strong>vei-lissime</strong></span> 
     </span>
    </p>
   </div>
   <div class='ocr_carea' id='block_1_44' title="bbox 165 4215 1753 4290">
    <p class='ocr_par' dir='ltr' id='par_1_44' title="bbox 165 4215 1753 4290">
     <span class='ocr_line' id='line_1_44' title="bbox 165 4215 1753 4290; baseline 0.004 -20"><span class='ocrx_word' id='word_1_314' title='bbox 165 4231 248 4284; x_wconf 88' lang='lat' dir='ltr'><strong>per</strong></span> <span class='ocrx_word' id='word_1_315' title='bbox 270 4227 490 4272; x_wconf 86' lang='lat' dir='ltr'><strong>sanctos</strong></span> <span class='ocrx_word' id='word_1_316' title='bbox 537 4225 592 4272; x_wconf 90' lang='lat' dir='ltr'><strong>et</strong></span> <span class='ocrx_word' id='word_1_317' title='bbox 621 4215 829 4270; x_wconf 90' lang='lat' dir='ltr'><strong>divinos</strong></span> <span class='ocrx_word' id='word_1_318' title='bbox 882 4217 1024 4272; x_wconf 89' lang='lat' dir='ltr'><strong>viros</strong></span> <span class='ocrx_word' id='word_1_319' title='bbox 1072 4217 1447 4286; x_wconf 64' lang='lat' dir='ltr'><strong>praedicantur,</strong></span> <span class='ocrx_word' id='word_1_320' title='bbox 1504 4229 1558 4275; x_wconf 90' lang='lat' dir='ltr'><strong>et</strong></span> <span class='ocrx_word' id='word_1_321' title='bbox 1611 4221 1753 4290; x_wconf 93' lang='lat' dir='ltr'><strong>quod</strong></span> 
     </span>
    </p>
   </div>
   <div class='ocr_carea' id='block_1_45' title="bbox 165 4307 1750 4380">
    <p class='ocr_par' dir='ltr' id='par_1_45' title="bbox 165 4307 1750 4380">
     <span class='ocr_line' id='line_1_45' title="bbox 165 4307 1750 4380; baseline 0.004 -20"><span class='ocrx_word' id='word_1_322' title='bbox 165 4310 328 4361; x_wconf 81' lang='lat' dir='ltr'><strong>celant</strong></span> <span class='ocrx_word' id='word_1_323' title='bbox 369 4308 702 4374; x_wconf 87' lang='lat' dir='ltr'><strong>hominibus,</strong></span> <span class='ocrx_word' id='word_1_324' title='bbox 739 4307 849 4362; x_wconf 87' lang='lat' dir='ltr'><strong>Deo</strong></span> <span class='ocrx_word' id='word_1_325' title='bbox 878 4308 1043 4362; x_wconf 89' lang='lat' dir='ltr'><strong>celari</strong></span> <span class='ocrx_word' id='word_1_326' title='bbox 1076 4325 1180 4362; x_wconf 92' lang='lat' dir='ltr'><strong>non</strong></span> <span class='ocrx_word' id='word_1_327' title='bbox 1215 4324 1372 4378; x_wconf 87' lang='lat' dir='ltr'><strong>posse</strong></span> <span class='ocrx_word' id='word_1_328' title='bbox 1392 4313 1750 4380; x_wconf 86' lang='lat' dir='ltr'><strong>consentiant,</strong></span> 
     </span>
    </p>
   </div>
   <div class='ocr_carea' id='block_1_46' title="bbox 167 4400 1754 4470">
    <p class='ocr_par' dir='ltr' id='par_1_46' title="bbox 167 4400 1754 4470">
     <span class='ocr_line' id='line_1_46' title="bbox 167 4400 1754 4470; baseline 0.004 -16"><span class='ocrx_word' id='word_1_329' title='bbox 167 4400 424 4456; x_wconf 66' lang='lat' dir='ltr'><strong>mfﬁeilius</strong></span> <span class='ocrx_word' id='word_1_330' title='bbox 473 4401 763 4456; x_wconf 85' lang='lat' dir='ltr'><strong>domentnr</strong></span> <span class='ocrx_word' id='word_1_331' title='bbox 792 4417 948 4470; x_wconf 91' lang='lat' dir='ltr'><strong>quam</strong></span> <span class='ocrx_word' id='word_1_332' title='bbox 987 4402 1130 4457; x_wconf 69' lang='lat' dir='ltr'><strong>ferte.</strong></span> <span class='ocrx_word' id='word_1_333' title='bbox 1174 4401 1243 4457; x_wconf 88' lang='lat' dir='ltr'><strong>Ut</strong></span> <span class='ocrx_word' id='word_1_334' title='bbox 1281 4412 1455 4458; x_wconf 89' lang='lat' dir='ltr'><strong>autem</strong></span> <span class='ocrx_word' id='word_1_335' title='bbox 1507 4405 1754 4461; x_wconf 86' lang='lat' dir='ltr'><strong>timeatur</strong></span> 
     </span>
    </p>
   </div>
   <div class='ocr_carea' id='block_1_47' title="bbox 167 4492 1750 4566">
    <p class='ocr_par' dir='ltr' id='par_1_47' title="bbox 167 4492 1750 4566">
     <span class='ocr_line' id='line_1_47' title="bbox 167 4492 1750 4566; baseline 0.004 -19"><span class='ocrx_word' id='word_1_336' title='bbox 167 4492 312 4558; x_wconf 85' lang='lat' dir='ltr'><strong>Deus,</strong></span> <span class='ocrx_word' id='word_1_337' title='bbox 355 4495 544 4548; x_wconf 87' lang='lat' dir='ltr'><strong>divina</strong></span> <span class='ocrx_word' id='word_1_338' title='bbox 567 4494 894 4564; x_wconf 88' lang='lat' dir='ltr'><strong>providentia</strong></span> <span class='ocrx_word' id='word_1_339' title='bbox 923 4495 1030 4564; x_wconf 86' lang='lat' dir='ltr'><strong>regi</strong></span> <span class='ocrx_word' id='word_1_340' title='bbox 1061 4496 1307 4551; x_wconf 89' lang='lat' dir='ltr'><strong>universa</strong></span> <span class='ocrx_word' id='word_1_341' title='bbox 1327 4499 1750 4566; x_wconf 88' lang='lat' dir='ltr'><strong>persuadendum</strong></span> 
     </span>
    </p>
   </div>
   <div class='ocr_carea' id='block_1_48' title="bbox 167 4585 1754 4662">
    <p class='ocr_par' dir='ltr' id='par_1_48' title="bbox 167 4585 1754 4662">
     <span class='ocr_line' id='line_1_48' title="bbox 167 4585 1754 4662; baseline 0.006 -26"><span class='ocrx_word' id='word_1_342' title='bbox 167 4595 262 4649; x_wconf 82' lang='lat' dir='ltr'><strong>est;</strong></span> <span class='ocrx_word' id='word_1_343' title='bbox 290 4601 400 4640; x_wconf 90' lang='lat' dir='ltr'><strong>non</strong></span> <span class='ocrx_word' id='word_1_344' title='bbox 430 4595 541 4639; x_wconf 89' lang='lat' dir='ltr'><strong>tam</strong></span> <span class='ocrx_word' id='word_1_345' title='bbox 573 4585 887 4649; x_wconf 81' lang='lat' dir='ltr'><strong>rationibus,</strong></span> <span class='ocrx_word' id='word_1_346' title='bbox 912 4602 1048 4656; x_wconf 91' lang='lat' dir='ltr'><strong>quas</strong></span> <span class='ocrx_word' id='word_1_347' title='bbox 1089 4589 1179 4657; x_wconf 90' lang='lat' dir='ltr'><strong>qui</strong></span> <span class='ocrx_word' id='word_1_348' title='bbox 1230 4597 1402 4657; x_wconf 89' lang='lat' dir='ltr'><strong>potest</strong></span> <span class='ocrx_word' id='word_1_349' title='bbox 1456 4590 1609 4656; x_wconf 89' lang='lat' dir='ltr'><strong>inire,</strong></span> <span class='ocrx_word' id='word_1_350' title='bbox 1661 4607 1754 4662; x_wconf 92' lang='lat' dir='ltr'><strong>po-</strong></span> 
     </span>
    </p>
   </div>
   <div class='ocr_carea' id='block_1_49' title="bbox 170 4678 1752 4752">
    <p class='ocr_par' dir='ltr' id='par_1_49' title="bbox 170 4678 1752 4752">
     <span class='ocr_line' id='line_1_49' title="bbox 170 4678 1752 4752; baseline 0.004 -22"><span class='ocrx_word' id='word_1_351' title='bbox 170 4689 253 4731; x_wconf 81' lang='lat' dir='ltr'><strong>test</strong></span> <span class='ocrx_word' id='word_1_352' title='bbox 284 4679 400 4747; x_wconf 88' lang='lat' dir='ltr'><strong>jam</strong></span> <span class='ocrx_word' id='word_1_353' title='bbox 440 4687 497 4733; x_wconf 90' lang='lat' dir='ltr'><strong>et</strong></span> <span class='ocrx_word' id='word_1_354' title='bbox 537 4678 986 4748; x_wconf 89' lang='lat' dir='ltr'><strong>pulchritudinem</strong></span> <span class='ocrx_word' id='word_1_355' title='bbox 1055 4680 1259 4734; x_wconf 89' lang='lat' dir='ltr'><strong>sentire</strong></span> <span class='ocrx_word' id='word_1_356' title='bbox 1305 4681 1534 4746; x_wconf 88' lang='lat' dir='ltr'><strong>virtutis,</strong></span> <span class='ocrx_word' id='word_1_357' title='bbox 1593 4698 1752 4752; x_wconf 88' lang='lat' dir='ltr'><strong>quam</strong></span> 
     </span>
    </p>
   </div>
   <div class='ocr_carea' id='block_1_50' title="bbox 168 4769 1753 4842">
    <p class='ocr_par' dir='ltr' id='par_1_50' title="bbox 168 4769 1753 4842">
     <span class='ocr_line' id='line_1_50' title="bbox 168 4769 1753 4842; baseline 0.006 -22"><span class='ocrx_word' id='word_1_358' title='bbox 168 4771 415 4839; x_wconf 74' lang='lat' dir='ltr'><strong>exemplis</strong></span> <span class='ocrx_word' id='word_1_359' title='bbox 458 4769 546 4824; x_wconf 82' lang='lat' dir='ltr'><strong>vel</strong></span> <span class='ocrx_word' id='word_1_360' title='bbox 569 4769 894 4834; x_wconf 89' lang='lat' dir='ltr'><strong>recentibus,</strong></span> <span class='ocrx_word' id='word_1_361' title='bbox 941 4771 984 4825; x_wconf 94' lang='lat' dir='ltr'><strong>si</strong></span> <span class='ocrx_word' id='word_1_362' title='bbox 1010 4785 1113 4842; x_wconf 90' lang='lat' dir='ltr'><strong>qua</strong></span> <span class='ocrx_word' id='word_1_363' title='bbox 1140 4781 1446 4840; x_wconf 89' lang='lat' dir='ltr'><strong>occurrunt,</strong></span> <span class='ocrx_word' id='word_1_364' title='bbox 1474 4774 1555 4828; x_wconf 89' lang='lat' dir='ltr'><strong>vel</strong></span> <span class='ocrx_word' id='word_1_365' title='bbox 1578 4773 1644 4828; x_wconf 89' lang='lat' dir='ltr'><strong>de</strong></span> <span class='ocrx_word' id='word_1_366' title='bbox 1672 4773 1753 4830; x_wconf 89' lang='lat' dir='ltr'><strong>hi-</strong></span> 
     </span>
    </p>
   </div>
   <div class='ocr_carea' id='block_1_51' title="bbox 170 4864 1749 4936">
    <p class='ocr_par' dir='ltr' id='par_1_51' title="bbox 170 4864 1749 4936">
     <span class='ocr_line' id='line_1_51' title="bbox 170 4864 1749 4936; baseline 0.005 -20"><span class='ocrx_word' id='word_1_367' title='bbox 170 4864 335 4930; x_wconf 78' lang='lat' dir='ltr'><strong>storia,</strong></span> <span class='ocrx_word' id='word_1_368' title='bbox 376 4872 526 4919; x_wconf 86' lang='lat' dir='ltr'><strong>etea</strong></span> <span class='ocrx_word' id='word_1_369' title='bbox 577 4865 809 4919; x_wconf 85' lang='lat' dir='ltr'><strong>maxime</strong></span> <span class='ocrx_word' id='word_1_370' title='bbox 861 4881 982 4934; x_wconf 67' lang='lat' dir='ltr'><strong>qua:</strong></span> <span class='ocrx_word' id='word_1_371' title='bbox 1027 4865 1143 4934; x_wconf 85' lang='lat' dir='ltr'><strong>ipsa</strong></span> <span class='ocrx_word' id='word_1_372' title='bbox 1187 4865 1365 4921; x_wconf 84' lang='lat' dir='ltr'><strong>divina</strong></span> <span class='ocrx_word' id='word_1_373' title='bbox 1413 4867 1749 4936; x_wconf 89' lang='lat' dir='ltr'><strong>providentia</strong></span> 
     </span>
    </p>
   </div>
   <div class='ocr_carea' id='block_1_52' title="bbox 171 4956 1752 5025">
    <p class='ocr_par' dir='ltr' id='par_1_52' title="bbox 171 4956 1752 5025">
     <span class='ocr_line' id='line_1_52' title="bbox 171 4956 1752 5025; baseline 0.004 -13"><span class='ocrx_word' id='word_1_374' title='bbox 171 4968 496 5024; x_wconf 81' lang='lat' dir='ltr'><strong>procurante,</strong></span> <span class='ocrx_word' id='word_1_375' title='bbox 531 4956 643 5014; x_wconf 85' lang='lat' dir='ltr'><strong>sive</strong></span> <span class='ocrx_word' id='word_1_376' title='bbox 670 4957 722 5013; x_wconf 94' lang='lat' dir='ltr'><strong>in</strong></span> <span class='ocrx_word' id='word_1_377' title='bbox 755 4957 975 5025; x_wconf 83' lang='lat' dir='ltr'><strong>Vetere,</strong></span> <span class='ocrx_word' id='word_1_378' title='bbox 1002 4959 1115 5014; x_wconf 90' lang='lat' dir='ltr'><strong>sive</strong></span> <span class='ocrx_word' id='word_1_379' title='bbox 1140 4959 1190 5013; x_wconf 93' lang='lat' dir='ltr'><strong>in</strong></span> <span class='ocrx_word' id='word_1_380' title='bbox 1232 4957 1380 5014; x_wconf 83' lang='lat' dir='ltr'><strong>Novo</strong></span> <span class='ocrx_word' id='word_1_381' title='bbox 1410 4959 1752 5018; x_wconf 86' lang='lat' dir='ltr'><strong>Testamento</strong></span> 
     </span>
    </p>
   </div>
   <div class='ocr_carea' id='block_1_53' title="bbox 171 5049 1753 5122">
    <p class='ocr_par' dir='ltr' id='par_1_53' title="bbox 171 5049 1753 5122">
     <span class='ocr_line' id='line_1_53' title="bbox 171 5049 1753 5122; baseline 0.006 -23"><span class='ocrx_word' id='word_1_382' title='bbox 171 5049 661 5104; x_wconf 73' lang='lat' dir='ltr'><strong>excellentissimam</strong></span> <span class='ocrx_word' id='word_1_383' title='bbox 702 5050 1074 5105; x_wconf 88' lang='lat' dir='ltr'><strong>auctoritatem</strong></span> <span class='ocrx_word' id='word_1_384' title='bbox 1107 5049 1378 5121; x_wconf 89' lang='lat' dir='ltr'><strong>religionis</strong></span> <span class='ocrx_word' id='word_1_385' title='bbox 1416 5052 1636 5122; x_wconf 91' lang='lat' dir='ltr'><strong>recepit.</strong></span> <span class='ocrx_word' id='word_1_386' title='bbox 1668 5053 1753 5118; x_wconf 86' lang='lat' dir='ltr'><strong>Si-</strong></span> 
     </span>
    </p>
   </div>
   <div class='ocr_carea' id='block_1_54' title="bbox 173 5141 1752 5214">
    <p class='ocr_par' dir='ltr' id='par_1_54' title="bbox 173 5141 1752 5214">
     <span class='ocr_line' id='line_1_54' title="bbox 173 5141 1752 5214; baseline 0.008 -23"><span class='ocrx_word' id='word_1_387' title='bbox 173 5141 261 5194; x_wconf 83' lang='lat' dir='ltr'><strong>mul</strong></span> <span class='ocrx_word' id='word_1_388' title='bbox 283 5152 463 5195; x_wconf 85' lang='lat' dir='ltr'><strong>autem</strong></span> <span class='ocrx_word' id='word_1_389' title='bbox 487 5141 755 5210; x_wconf 84' lang='lat' dir='ltr'><strong>agendum</strong></span> <span class='ocrx_word' id='word_1_390' title='bbox 788 5151 872 5196; x_wconf 90' lang='lat' dir='ltr'><strong>cst</strong></span> <span class='ocrx_word' id='word_1_391' title='bbox 910 5151 963 5196; x_wconf 89' lang='lat' dir='ltr'><strong>et</strong></span> <span class='ocrx_word' id='word_1_392' title='bbox 991 5142 1058 5198; x_wconf 91' lang='lat' dir='ltr'><strong>de</strong></span> <span class='ocrx_word' id='word_1_393' title='bbox 1084 5142 1257 5213; x_wconf 83' lang='lat' dir='ltr'><strong>poenis</strong></span> <span class='ocrx_word' id='word_1_394' title='bbox 1305 5153 1665 5214; x_wconf 83' lang='lat' dir='ltr'><strong>peccatorum,</strong></span> <span class='ocrx_word' id='word_1_395' title='bbox 1697 5154 1752 5203; x_wconf 89' lang='lat' dir='ltr'><strong>et</strong></span> 
     </span>
    </p>
   </div>
   <div class='ocr_carea' id='block_1_55' title="bbox 171 5230 961 5303">
    <p class='ocr_par' dir='ltr' id='par_1_55' title="bbox 171 5230 961 5303">
     <span class='ocr_line' id='line_1_55' title="bbox 171 5230 961 5303; baseline 0.004 -19"><span class='ocrx_word' id='word_1_396' title='bbox 171 5230 225 5286; x_wconf 85' lang='lat' dir='ltr'><strong>de</strong></span> <span class='ocrx_word' id='word_1_397' title='bbox 246 5235 480 5303; x_wconf 69' lang='lat' dir='ltr'><strong>prmmiis</strong></span> <span class='ocrx_word' id='word_1_398' title='bbox 509 5243 656 5290; x_wconf 88' lang='lat' dir='ltr'><strong>recte</strong></span> <span class='ocrx_word' id='word_1_399' title='bbox 677 5236 961 5289; x_wconf 84' lang='lat' dir='ltr'><strong>factorum.</strong></span> 
     </span>
    </p>
   </div>
   <div class='ocr_carea' id='block_1_56' title="bbox 226 5325 1744 5401">
    <p class='ocr_par' dir='ltr' id='par_1_56' title="bbox 226 5325 1744 5401">
     <span class='ocr_line' id='line_1_56' title="bbox 226 5325 1744 5401; baseline 0.005 -21"><span class='ocrx_word' id='word_1_400' title='bbox 226 5325 274 5380; x_wconf 73' lang='grc' dir='ltr'><strong>Ξ.</strong></span> <span class='ocrx_word' id='word_1_401' title='bbox 302 5327 421 5382; x_wconf 77' lang='lat' dir='ltr'><strong>Iam</strong></span> <span class='ocrx_word' id='word_1_402' title='bbox 451 5345 581 5384; x_wconf 83' lang='lat' dir='ltr'><strong>vero</strong></span> <span class='ocrx_word' id='word_1_403' title='bbox 611 5344 734 5384; x_wconf 91' lang='lat' dir='ltr'><strong>cum</strong></span> <span class='ocrx_word' id='word_1_404' title='bbox 770 5328 945 5398; x_wconf 89' lang='lat' dir='ltr'><strong>aliqua</strong></span> <span class='ocrx_word' id='word_1_405' title='bbox 973 5345 1076 5384; x_wconf 92' lang='lat' dir='ltr'><strong>non</strong></span> <span class='ocrx_word' id='word_1_406' title='bbox 1108 5329 1363 5400; x_wconf 89' lang='lat' dir='ltr'><strong>peccandi</strong></span> <span class='ocrx_word' id='word_1_407' title='bbox 1394 5332 1744 5401; x_wconf 90' lang='lat' dir='ltr'><strong>consuetudo,</strong></span> 
     </span>
    </p>
   </div>
   <div class='ocr_carea' id='block_1_57' title="bbox 172 5421 1746 5493">
    <p class='ocr_par' dir='ltr' id='par_1_57' title="bbox 172 5421 1746 5493">
     <span class='ocr_line' id='line_1_57' title="bbox 172 5421 1746 5493; baseline 0.006 -22"><span class='ocrx_word' id='word_1_408' title='bbox 172 5421 291 5484; x_wconf 85' lang='lat' dir='ltr'><strong>quod</strong></span> <span class='ocrx_word' id='word_1_409' title='bbox 339 5436 630 5477; x_wconf 89' lang='lat' dir='ltr'><strong>onerosum</strong></span> <span class='ocrx_word' id='word_1_410' title='bbox 673 5421 980 5492; x_wconf 79' lang='lat' dir='ltr'><strong>putabatur,</strong></span> <span class='ocrx_word' id='word_1_411' title='bbox 1033 5422 1186 5477; x_wconf 88' lang='lat' dir='ltr'><strong>facile</strong></span> <span class='ocrx_word' id='word_1_412' title='bbox 1231 5437 1351 5482; x_wconf 89' lang='lat' dir='ltr'><strong>esse</strong></span> <span class='ocrx_word' id='word_1_413' title='bbox 1399 5425 1746 5493; x_wconf 86' lang='lat' dir='ltr'><strong>persuaserit;</strong></span> 
     </span>
    </p>
   </div>
   <div class='ocr_carea' id='block_1_58' title="bbox 174 5506 1748 5588">
    <p class='ocr_par' dir='ltr' id='par_1_58' title="bbox 174 5506 1748 5588">
     <span class='ocr_line' id='line_1_58' title="bbox 174 5506 1748 5588; baseline 0.008 -28"><span class='ocrx_word' id='word_1_414' title='bbox 174 5506 368 5581; x_wconf 85' lang='lat' dir='ltr'><strong>incipiat</strong></span> <span class='ocrx_word' id='word_1_415' title='bbox 395 5515 599 5585; x_wconf 88' lang='lat' dir='ltr'><strong>gustari</strong></span> <span class='ocrx_word' id='word_1_416' title='bbox 623 5513 856 5568; x_wconf 89' lang='lat' dir='ltr'><strong>dulcedo</strong></span> <span class='ocrx_word' id='word_1_417' title='bbox 887 5514 1114 5584; x_wconf 86' lang='lat' dir='ltr'><strong>pietatis,</strong></span> <span class='ocrx_word' id='word_1_418' title='bbox 1146 5524 1201 5571; x_wconf 87' lang='lat' dir='ltr'><strong>et</strong></span> <span class='ocrx_word' id='word_1_419' title='bbox 1228 5516 1590 5572; x_wconf 91' lang='lat' dir='ltr'><strong>commendari</strong></span> <span class='ocrx_word' id='word_1_420' title='bbox 1628 5518 1748 5588; x_wconf 86' lang='lat' dir='ltr'><strong>pul-</strong></span> 
     </span>
    </p>
   </div>
   <div class='ocr_carea' id='block_1_59' title="bbox 220 5623 1749 5683">
    <p class='ocr_par' dir='ltr' id='par_1_59' title="bbox 220 5623 1749 5683">
     <span class='ocr_line' id='line_1_59' title="bbox 220 5623 1749 5683; baseline 0.004 -10"><span class='ocrx_word' id='word_1_421' title='bbox 220 5625 314 5673; x_wconf 81' lang='lat' dir='ltr'><strong>&#39;tta</strong></span> <span class='ocrx_word' id='word_1_422' title='bbox 367 5631 473 5677; x_wconf 74' lang='lat' dir='ltr'><strong>uss.</strong></span> <span class='ocrx_word' id='word_1_423' title='bbox 534 5634 593 5676; x_wconf 79' lang='grc' dir='ltr'><strong>Αι</strong></span> <span class='ocrx_word' id='word_1_424' title='bbox 640 5625 799 5683; x_wconf 86' lang='lat' dir='ltr'><strong>editi,</strong></span> <span class='ocrx_word' id='word_1_425' title='bbox 856 5623 1146 5679; x_wconf 81' lang='lat' dir='ltr'><strong>charitatem</strong></span> <span class='ocrx_word' id='word_1_426' title='bbox 1199 5640 1313 5680; x_wconf 83' lang='lat' dir='ltr'><strong>voco</strong></span> <span class='ocrx_word' id='word_1_427' title='bbox 1367 5634 1546 5679; x_wconf 87' lang='lat' dir='ltr'><strong>motum</strong></span> <span class='ocrx_word' id='word_1_428' title='bbox 1599 5627 1749 5679; x_wconf 78' lang='lat' dir='ltr'><strong>animi</strong></span> 
     </span>
    </p>
   </div>
   <div class='ocr_carea' id='block_1_60' title="bbox 175 5694 980 5813">
    <p class='ocr_par' dir='ltr' id='par_1_60' title="bbox 175 5694 980 5813">
     <span class='ocr_line' id='line_1_60' title="bbox 175 5694 980 5813; baseline 0 -15"><span class='ocrx_word' id='word_1_429' title='bbox 175 5694 245 5813; x_wconf 52' lang='lat' dir='ltr'><strong>mf,</strong></span> <span class='ocrx_word' id='word_1_430' title='bbox 255 5696 440 5805; x_wconf 40' lang='lat' dir='ltr'><strong>{mimum</strong></span> <span class='ocrx_word' id='word_1_431' title='bbox 457 5757 588 5810; x_wconf 56' lang='lat' dir='ltr'><strong>a155,,</strong></span> <span class='ocrx_word' id='word_1_432' title='bbox 611 5763 724 5813; x_wconf 71' lang='lat' dir='ltr'><strong>quo</strong></span> <span class='ocrx_word' id='word_1_433' title='bbox 737 5757 980 5799; x_wconf 70' lang='lat' dir='ltr'><strong>antarii-ur.</strong></span> 
     </span>
    </p>
   </div>
   <div class='ocr_carea' id='block_1_61' title="bbox 218 5811 782 5877">
    <p class='ocr_par' dir='ltr' id='par_1_61' title="bbox 218 5811 782 5877">
     <span class='ocr_line' id='line_1_61' title="bbox 218 5811 782 5877; baseline 0.005 -21"><span class='ocrx_word' id='word_1_434' title='bbox 218 5811 280 5870; x_wconf 72' lang='grc' dir='ltr'><strong>(α)</strong></span> <span class='ocrx_word' id='word_1_435' title='bbox 310 5811 676 5877; x_wconf 79' lang='lat' dir='ltr'><strong>taetraet.cap.</strong></span> <span class='ocrx_word' id='word_1_436' title='bbox 698 5811 782 5860; x_wconf 69' lang='lat'><strong>26.</strong></span> 
     </span>
    </p>
   </div>
   <div class='ocr_carea' id='block_1_62' title="bbox 2671 302 2707 340">
    <p class='ocr_par' dir='ltr' id='par_1_62' title="bbox 2671 302 2707 340">
     <span class='ocr_line' id='line_1_62' title="bbox 2671 302 2707 340; baseline 0 0"><span class='ocrx_word' id='word_1_437' title='bbox 2671 302 2707 340; x_wconf 60' lang='grc' dir='ltr'><strong>εξ</strong></span> 
     </span>
    </p>
   </div>
   <div class='ocr_carea' id='block_1_63' title="bbox 1885 453 3460 536">
    <p class='ocr_par' dir='ltr' id='par_1_63' title="bbox 1885 453 3460 536">
     <span class='ocr_line' id='line_1_63' title="bbox 1885 453 3460 536; baseline 0.011 -28"><span class='ocrx_word' id='word_1_438' title='bbox 1885 453 2128 508; x_wconf 87' lang='lat' dir='ltr'><strong>chritudo</strong></span> <span class='ocrx_word' id='word_1_439' title='bbox 2151 454 2382 524; x_wconf 89' lang='lat' dir='ltr'><strong>virtutis,</strong></span> <span class='ocrx_word' id='word_1_440' title='bbox 2409 465 2467 513; x_wconf 90' lang='lat' dir='ltr'><strong>ut</strong></span> <span class='ocrx_word' id='word_1_441' title='bbox 2494 457 2768 518; x_wconf 88' lang='lat' dir='ltr'><strong>charitatis</strong></span> <span class='ocrx_word' id='word_1_442' title='bbox 2798 459 3017 520; x_wconf 84' lang='lat' dir='ltr'><strong>libertas</strong></span> <span class='ocrx_word' id='word_1_443' title='bbox 3041 479 3156 536; x_wconf 67' lang='lat' dir='ltr'><strong>prae</strong></span> <span class='ocrx_word' id='word_1_444' title='bbox 3204 469 3460 525; x_wconf 83' lang='lat' dir='ltr'><strong>servitute</strong></span> 
     </span>
    </p>
   </div>
   <div class='ocr_carea' id='block_1_64' title="bbox 1887 547 3469 626">
    <p class='ocr_par' dir='ltr' id='par_1_64' title="bbox 1887 547 3469 626">
     <span class='ocr_line' id='line_1_64' title="bbox 1887 547 3469 626; baseline 0.009 -25"><span class='ocrx_word' id='word_1_445' title='bbox 1887 547 2092 603; x_wconf 90' lang='lat' dir='ltr'><strong>timoris</strong></span> <span class='ocrx_word' id='word_1_446' title='bbox 2115 548 2365 605; x_wconf 90' lang='lat' dir='ltr'><strong>emineat.</strong></span> <span class='ocrx_word' id='word_1_447' title='bbox 2395 549 2546 608; x_wconf 84' lang='lat' dir='ltr'><strong>Tunc</strong></span> <span class='ocrx_word' id='word_1_448' title='bbox 2562 553 2675 624; x_wconf 89' lang='lat' dir='ltr'><strong>jam</strong></span> <span class='ocrx_word' id='word_1_449' title='bbox 2711 556 3143 626; x_wconf 89' lang='lat' dir='ltr'><strong>persuadendum</strong></span> <span class='ocrx_word' id='word_1_450' title='bbox 3187 569 3270 615; x_wconf 90' lang='lat' dir='ltr'><strong>est</strong></span> <span class='ocrx_word' id='word_1_451' title='bbox 3295 559 3469 616; x_wconf 81' lang='lat' dir='ltr'><strong>ﬁdeli-</strong></span> 
     </span>
    </p>
   </div>
   <div class='ocr_carea' id='block_1_65' title="bbox 1883 638 3468 722">
    <p class='ocr_par' dir='ltr' id='par_1_65' title="bbox 1883 638 3468 722">
     <span class='ocr_line' id='line_1_65' title="bbox 1883 638 3468 722; baseline 0.009 -29"><span class='ocrx_word' id='word_1_452' title='bbox 1883 638 1982 694; x_wconf 89' lang='lat' dir='ltr'><strong>bus</strong></span> <span class='ocrx_word' id='word_1_453' title='bbox 2008 641 2430 712; x_wconf 64' lang='lat' dir='ltr'><strong>praecedentibus</strong></span> <span class='ocrx_word' id='word_1_454' title='bbox 2456 647 2878 717; x_wconf 86' lang='lat' dir='ltr'><strong>regenerationis</strong></span> <span class='ocrx_word' id='word_1_455' title='bbox 2921 648 3308 717; x_wconf 88' lang='lat' dir='ltr'><strong>Sacramentis,</strong></span> <span class='ocrx_word' id='word_1_456' title='bbox 3347 668 3468 722; x_wconf 74' lang='lat' dir='ltr'><strong>qua:</strong></span> 
     </span>
    </p>
   </div>
   <div class='ocr_carea' id='block_1_66' title="bbox 1881 735 3462 812">
    <p class='ocr_par' dir='ltr' id='par_1_66' title="bbox 1881 735 3462 812">
     <span class='ocr_line' id='line_1_66' title="bbox 1881 735 3462 812; baseline 0.008 -26"><span class='ocrx_word' id='word_1_457' title='bbox 1881 747 2104 788; x_wconf 90' lang='lat' dir='ltr'><strong>necesse</strong></span> <span class='ocrx_word' id='word_1_458' title='bbox 2151 742 2233 789; x_wconf 80' lang='lat' dir='ltr'><strong>est</strong></span> <span class='ocrx_word' id='word_1_459' title='bbox 2271 735 2554 804; x_wconf 89' lang='lat' dir='ltr'><strong>plurimum</strong></span> <span class='ocrx_word' id='word_1_460' title='bbox 2603 749 2870 806; x_wconf 85' lang='lat' dir='ltr'><strong>moveant,</strong></span> <span class='ocrx_word' id='word_1_461' title='bbox 2913 741 3037 812; x_wconf 88' lang='lat' dir='ltr'><strong>quid</strong></span> <span class='ocrx_word' id='word_1_462' title='bbox 3073 742 3280 798; x_wconf 88' lang='lat' dir='ltr'><strong>intersit</strong></span> <span class='ocrx_word' id='word_1_463' title='bbox 3322 742 3462 798; x_wconf 89' lang='lat' dir='ltr'><strong>inter</strong></span> 
     </span>
    </p>
   </div>
   <div class='ocr_carea' id='block_1_67' title="bbox 1881 825 3466 898">
    <p class='ocr_par' dir='ltr' id='par_1_67' title="bbox 1881 825 3466 898">
     <span class='ocr_line' id='line_1_67' title="bbox 1881 825 3466 898; baseline 0.008 -18"><span class='ocrx_word' id='word_1_464' title='bbox 1881 825 2016 882; x_wconf 90' lang='lat' dir='ltr'><strong>duos</strong></span> <span class='ocrx_word' id='word_1_465' title='bbox 2060 825 2325 894; x_wconf 84' lang='lat' dir='ltr'><strong>homines,</strong></span> <span class='ocrx_word' id='word_1_466' title='bbox 2355 841 2587 888; x_wconf 87' lang='lat' dir='ltr'><strong>veterem</strong></span> <span class='ocrx_word' id='word_1_467' title='bbox 2619 841 2673 888; x_wconf 89' lang='lat' dir='ltr'><strong>et</strong></span> <span class='ocrx_word' id='word_1_468' title='bbox 2701 851 2918 898; x_wconf 90' lang='lat' dir='ltr'><strong>novum,</strong></span> <span class='ocrx_word' id='word_1_469' title='bbox 2951 837 3276 892; x_wconf 76' lang='lat' dir='ltr'><strong>exteriorem</strong></span> <span class='ocrx_word' id='word_1_470' title='bbox 3308 846 3361 894; x_wconf 92' lang='lat' dir='ltr'><strong>et</strong></span> <span class='ocrx_word' id='word_1_471' title='bbox 3392 839 3466 893; x_wconf 85' lang='lat' dir='ltr'><strong>in-</strong></span> 
     </span>
    </p>
   </div>
   <div class='ocr_carea' id='block_1_68' title="bbox 1883 918 3463 993">
    <p class='ocr_par' dir='ltr' id='par_1_68' title="bbox 1883 918 3463 993">
     <span class='ocr_line' id='line_1_68' title="bbox 1883 918 3463 993; baseline 0.008 -22"><span class='ocrx_word' id='word_1_472' title='bbox 1883 918 2152 984; x_wconf 90' lang='lat' dir='ltr'><strong>teriorem,</strong></span> <span class='ocrx_word' id='word_1_473' title='bbox 2184 929 2455 978; x_wconf 87' lang='lat' dir='ltr'><strong>terrenum</strong></span> <span class='ocrx_word' id='word_1_474' title='bbox 2498 934 2553 980; x_wconf 90' lang='lat' dir='ltr'><strong>et</strong></span> <span class='ocrx_word' id='word_1_475' title='bbox 2581 925 2875 993; x_wconf 71' lang='lat' dir='ltr'><strong>cmlestem;</strong></span> <span class='ocrx_word' id='word_1_476' title='bbox 2928 927 2978 981; x_wconf 93' lang='lat' dir='ltr'><strong>id</strong></span> <span class='ocrx_word' id='word_1_477' title='bbox 3023 939 3124 993; x_wconf 89' lang='lat' dir='ltr'><strong>est,</strong></span> <span class='ocrx_word' id='word_1_478' title='bbox 3166 929 3306 984; x_wconf 88' lang='lat' dir='ltr'><strong>inter</strong></span> <span class='ocrx_word' id='word_1_479' title='bbox 3340 945 3463 984; x_wconf 89' lang='lat' dir='ltr'><strong>eum</strong></span> 
     </span>
    </p>
   </div>
   <div class='ocr_carea' id='block_1_69' title="bbox 1880 1010 3466 1092">
    <p class='ocr_par' dir='ltr' id='par_1_69' title="bbox 1880 1010 3466 1092">
     <span class='ocr_line' id='line_1_69' title="bbox 1880 1010 3466 1092; baseline 0.009 -29"><span class='ocrx_word' id='word_1_480' title='bbox 1880 1010 1967 1079; x_wconf 90' lang='lat' dir='ltr'><strong>qui</strong></span> <span class='ocrx_word' id='word_1_481' title='bbox 1997 1010 2131 1066; x_wconf 90' lang='lat' dir='ltr'><strong>bona</strong></span> <span class='ocrx_word' id='word_1_482' title='bbox 2175 1015 2405 1070; x_wconf 87' lang='lat' dir='ltr'><strong>carnalia</strong></span> <span class='ocrx_word' id='word_1_483' title='bbox 2433 1024 2486 1070; x_wconf 90' lang='lat' dir='ltr'><strong>et</strong></span> <span class='ocrx_word' id='word_1_484' title='bbox 2514 1019 2847 1088; x_wconf 89' lang='lat' dir='ltr'><strong>temporalia,</strong></span> <span class='ocrx_word' id='word_1_485' title='bbox 2872 1027 2926 1074; x_wconf 91' lang='lat' dir='ltr'><strong>et</strong></span> <span class='ocrx_word' id='word_1_486' title='bbox 2945 1035 3068 1075; x_wconf 91' lang='lat' dir='ltr'><strong>eum</strong></span> <span class='ocrx_word' id='word_1_487' title='bbox 3098 1022 3187 1091; x_wconf 92' lang='lat' dir='ltr'><strong>qui</strong></span> <span class='ocrx_word' id='word_1_488' title='bbox 3213 1022 3466 1092; x_wconf 80' lang='lat' dir='ltr'><strong>spiritua-</strong></span> 
     </span>
    </p>
   </div>
   <div class='ocr_carea' id='block_1_70' title="bbox 1880 1100 3464 1183">
    <p class='ocr_par' dir='ltr' id='par_1_70' title="bbox 1880 1100 3464 1183">
     <span class='ocr_line' id='line_1_70' title="bbox 1880 1100 3464 1183; baseline 0.008 -29"><span class='ocrx_word' id='word_1_489' title='bbox 1880 1100 1948 1155; x_wconf 87' lang='lat' dir='ltr'><strong>lia</strong></span> <span class='ocrx_word' id='word_1_490' title='bbox 1991 1111 2044 1157; x_wconf 87' lang='lat' dir='ltr'><strong>et</strong></span> <span class='ocrx_word' id='word_1_491' title='bbox 2083 1113 2281 1159; x_wconf 81' lang='lat' dir='ltr'><strong>:cterna</strong></span> <span class='ocrx_word' id='word_1_492' title='bbox 2332 1115 2605 1163; x_wconf 90' lang='lat' dir='ltr'><strong>sectatur:</strong></span> <span class='ocrx_word' id='word_1_493' title='bbox 2637 1111 3072 1182; x_wconf 81' lang='lat' dir='ltr'><strong>manendumque</strong></span> <span class='ocrx_word' id='word_1_494' title='bbox 3114 1129 3179 1167; x_wconf 91' lang='lat' dir='ltr'><strong>ne</strong></span> <span class='ocrx_word' id='word_1_495' title='bbox 3233 1113 3464 1183; x_wconf 82' lang='lat' dir='ltr'><strong>peritura</strong></span> 
     </span>
    </p>
   </div>
   <div class='ocr_carea' id='block_1_71' title="bbox 1879 1193 3466 1274">
    <p class='ocr_par' dir='ltr' id='par_1_71' title="bbox 1879 1193 3466 1274">
     <span class='ocr_line' id='line_1_71' title="bbox 1879 1193 3466 1274; baseline 0.008 -26"><span class='ocrx_word' id='word_1_496' title='bbox 1879 1193 2133 1251; x_wconf 76' lang='lat' dir='ltr'><strong>beneficia</strong></span> <span class='ocrx_word' id='word_1_497' title='bbox 2164 1208 2218 1254; x_wconf 91' lang='lat' dir='ltr'><strong>et</strong></span> <span class='ocrx_word' id='word_1_498' title='bbox 2256 1203 2581 1257; x_wconf 88' lang='lat' dir='ltr'><strong>transeuntia</strong></span> <span class='ocrx_word' id='word_1_499' title='bbox 2616 1214 2996 1271; x_wconf 79' lang='lat' dir='ltr'><strong>exspectentur</strong></span> <span class='ocrx_word' id='word_1_500' title='bbox 3030 1221 3058 1258; x_wconf 92' lang='lat' dir='ltr'><strong>a</strong></span> <span class='ocrx_word' id='word_1_501' title='bbox 3091 1206 3220 1272; x_wconf 89' lang='lat' dir='ltr'><strong>Deo,</strong></span> <span class='ocrx_word' id='word_1_502' title='bbox 3272 1205 3466 1274; x_wconf 91' lang='lat' dir='ltr'><strong>quibus</strong></span> 
     </span>
    </p>
   </div>
   <div class='ocr_carea' id='block_1_72' title="bbox 1877 1289 3467 1365">
    <p class='ocr_par' dir='ltr' id='par_1_72' title="bbox 1877 1289 3467 1365">
     <span class='ocr_line' id='line_1_72' title="bbox 1877 1289 3467 1365; baseline 0.006 -24"><span class='ocrx_word' id='word_1_503' title='bbox 1877 1297 1932 1342; x_wconf 91' lang='lat' dir='ltr'><strong>et</strong></span> <span class='ocrx_word' id='word_1_504' title='bbox 1955 1289 2182 1358; x_wconf 90' lang='lat' dir='ltr'><strong>improbi</strong></span> <span class='ocrx_word' id='word_1_505' title='bbox 2210 1291 2452 1348; x_wconf 89' lang='lat' dir='ltr'><strong>homines</strong></span> <span class='ocrx_word' id='word_1_506' title='bbox 2479 1294 2750 1350; x_wconf 86' lang='lat' dir='ltr'><strong>abundare</strong></span> <span class='ocrx_word' id='word_1_507' title='bbox 2782 1305 3044 1365; x_wconf 89' lang='lat' dir='ltr'><strong>possunt;</strong></span> <span class='ocrx_word' id='word_1_508' title='bbox 3090 1297 3184 1351; x_wconf 91' lang='lat' dir='ltr'><strong>sed</strong></span> <span class='ocrx_word' id='word_1_509' title='bbox 3234 1296 3384 1351; x_wconf 78' lang='lat' dir='ltr'><strong>firma</strong></span> <span class='ocrx_word' id='word_1_510' title='bbox 3412 1302 3467 1351; x_wconf 91' lang='lat' dir='ltr'><strong>et</strong></span> 
     </span>
    </p>
   </div>
   <div class='ocr_carea' id='block_1_73' title="bbox 1876 1382 3464 1458">
    <p class='ocr_par' dir='ltr' id='par_1_73' title="bbox 1876 1382 3464 1458">
     <span class='ocr_line' id='line_1_73' title="bbox 1876 1382 3464 1458; baseline 0.006 -25"><span class='ocrx_word' id='word_1_511' title='bbox 1876 1382 2217 1450; x_wconf 86' lang='lat' dir='ltr'><strong>sempiterna,</strong></span> <span class='ocrx_word' id='word_1_512' title='bbox 2245 1400 2340 1454; x_wconf 92' lang='lat' dir='ltr'><strong>pro</strong></span> <span class='ocrx_word' id='word_1_513' title='bbox 2368 1385 2562 1456; x_wconf 90' lang='lat' dir='ltr'><strong>quibus</strong></span> <span class='ocrx_word' id='word_1_514' title='bbox 2585 1387 2910 1457; x_wconf 90' lang='lat' dir='ltr'><strong>accipiendis</strong></span> <span class='ocrx_word' id='word_1_515' title='bbox 2939 1388 3119 1442; x_wconf 91' lang='lat' dir='ltr'><strong>omnia</strong></span> <span class='ocrx_word' id='word_1_516' title='bbox 3141 1404 3260 1458; x_wconf 71' lang='lat' dir='ltr'><strong>qua:</strong></span> <span class='ocrx_word' id='word_1_517' title='bbox 3283 1387 3333 1441; x_wconf 93' lang='lat' dir='ltr'><strong>in</strong></span> <span class='ocrx_word' id='word_1_518' title='bbox 3361 1387 3464 1444; x_wconf 89' lang='lat' dir='ltr'><strong>hoc</strong></span> 
     </span>
    </p>
   </div>
   <div class='ocr_carea' id='block_1_74' title="bbox 1876 1471 3460 1547">
    <p class='ocr_par' dir='ltr' id='par_1_74' title="bbox 1876 1471 3460 1547">
     <span class='ocr_line' id='line_1_74' title="bbox 1876 1471 3460 1547; baseline 0.006 -24"><span class='ocrx_word' id='word_1_519' title='bbox 1876 1471 2075 1526; x_wconf 91' lang='lat' dir='ltr'><strong>mundo</strong></span> <span class='ocrx_word' id='word_1_520' title='bbox 2105 1473 2240 1528; x_wconf 90' lang='lat' dir='ltr'><strong>bona</strong></span> <span class='ocrx_word' id='word_1_521' title='bbox 2271 1485 2520 1544; x_wconf 89' lang='lat' dir='ltr'><strong>putantur</strong></span> <span class='ocrx_word' id='word_1_522' title='bbox 2549 1487 2603 1532; x_wconf 90' lang='lat' dir='ltr'><strong>et</strong></span> <span class='ocrx_word' id='word_1_523' title='bbox 2631 1480 2789 1544; x_wconf 90' lang='lat' dir='ltr'><strong>mala,</strong></span> <span class='ocrx_word' id='word_1_524' title='bbox 2825 1479 3042 1547; x_wconf 90' lang='lat' dir='ltr'><strong>penitus</strong></span> <span class='ocrx_word' id='word_1_525' title='bbox 3070 1478 3460 1534; x_wconf 82' lang='lat' dir='ltr'><strong>contemnenda</strong></span> 
     </span>
    </p>
   </div>
   <div class='ocr_carea' id='block_1_75' title="bbox 1875 1569 3461 1641">
    <p class='ocr_par' dir='ltr' id='par_1_75' title="bbox 1875 1569 3461 1641">
     <span class='ocr_line' id='line_1_75' title="bbox 1875 1569 3461 1641; baseline 0.004 -21"><span class='ocrx_word' id='word_1_526' title='bbox 1875 1577 2016 1622; x_wconf 89' lang='lat' dir='ltr'><strong>sunt.</strong></span> <span class='ocrx_word' id='word_1_527' title='bbox 2048 1569 2142 1623; x_wconf 91' lang='lat' dir='ltr'><strong>llic</strong></span> <span class='ocrx_word' id='word_1_528' title='bbox 2165 1571 2659 1636; x_wconf 72' lang='lat' dir='ltr'><strong>prmstantissimum</strong></span> <span class='ocrx_word' id='word_1_529' title='bbox 2690 1572 2817 1626; x_wconf 91' lang='lat' dir='ltr'><strong>illud</strong></span> <span class='ocrx_word' id='word_1_530' title='bbox 2843 1583 2895 1627; x_wconf 91' lang='lat' dir='ltr'><strong>et</strong></span> <span class='ocrx_word' id='word_1_531' title='bbox 2919 1573 3130 1629; x_wconf 85' lang='lat' dir='ltr'><strong>unicum</strong></span> <span class='ocrx_word' id='word_1_532' title='bbox 3159 1571 3461 1641; x_wconf 89' lang='lat' dir='ltr'><strong>exemplum</strong></span> 
     </span>
    </p>
   </div>
   <div class='ocr_carea' id='block_1_76' title="bbox 1875 1659 3460 1733">
    <p class='ocr_par' dir='ltr' id='par_1_76' title="bbox 1875 1659 3460 1733">
     <span class='ocr_line' id='line_1_76' title="bbox 1875 1659 3460 1733; baseline 0.003 -21"><span class='ocrx_word' id='word_1_533' title='bbox 1875 1659 2134 1714; x_wconf 90' lang='lat' dir='ltr'><strong>Dominici</strong></span> <span class='ocrx_word' id='word_1_534' title='bbox 2163 1661 2391 1716; x_wconf 86' lang='lat' dir='ltr'><strong>hominis</strong></span> <span class='ocrx_word' id='word_1_535' title='bbox 2414 1663 2817 1732; x_wconf 85' lang='lat' dir='ltr'><strong>proponendum</strong></span> <span class='ocrx_word' id='word_1_536' title='bbox 2845 1675 2936 1718; x_wconf 90' lang='lat' dir='ltr'><strong>est</strong></span> <span class='ocrx_word' id='word_1_537' title='bbox 2965 1665 3005 1729; x_wconf 88' lang='grc'><strong>¹,</strong></span> <span class='ocrx_word' id='word_1_538' title='bbox 3040 1664 3130 1733; x_wconf 87' lang='lat' dir='ltr'><strong>qui</strong></span> <span class='ocrx_word' id='word_1_539' title='bbox 3158 1678 3278 1717; x_wconf 89' lang='lat' dir='ltr'><strong>cum</strong></span> <span class='ocrx_word' id='word_1_540' title='bbox 3307 1678 3364 1717; x_wconf 91' lang='lat' dir='ltr'><strong>se</strong></span> <span class='ocrx_word' id='word_1_541' title='bbox 3383 1670 3460 1717; x_wconf 87' lang='lat' dir='ltr'><strong>tot</strong></span> 
     </span>
    </p>
   </div>
   <div class='ocr_carea' id='block_1_77' title="bbox 1873 1755 3460 1827">
    <p class='ocr_par' dir='ltr' id='par_1_77' title="bbox 1873 1755 3460 1827">
     <span class='ocr_line' id='line_1_77' title="bbox 1873 1755 3460 1827; baseline 0 -20"><span class='ocrx_word' id='word_1_542' title='bbox 1873 1755 2142 1809; x_wconf 90' lang='lat' dir='ltr'><strong>miraculis</strong></span> <span class='ocrx_word' id='word_1_543' title='bbox 2172 1765 2370 1810; x_wconf 89' lang='lat' dir='ltr'><strong>tantam</strong></span> <span class='ocrx_word' id='word_1_544' title='bbox 2399 1773 2576 1812; x_wconf 90' lang='lat' dir='ltr'><strong>rerum</strong></span> <span class='ocrx_word' id='word_1_545' title='bbox 2610 1766 2925 1827; x_wconf 88' lang='lat' dir='ltr'><strong>potestatem</strong></span> <span class='ocrx_word' id='word_1_546' title='bbox 2962 1756 3161 1812; x_wconf 90' lang='lat' dir='ltr'><strong>habere</strong></span> <span class='ocrx_word' id='word_1_547' title='bbox 3191 1765 3460 1810; x_wconf 81' lang='lat' dir='ltr'><strong>monstra-</strong></span> 
     </span>
    </p>
   </div>
   <div class='ocr_carea' id='block_1_78' title="bbox 1873 1844 3461 1920">
    <p class='ocr_par' dir='ltr' id='par_1_78' title="bbox 1873 1844 3461 1920">
     <span class='ocr_line' id='line_1_78' title="bbox 1873 1844 3461 1920; baseline -0.002 -18"><span class='ocrx_word' id='word_1_548' title='bbox 1873 1857 1974 1914; x_wconf 86' lang='lat' dir='ltr'><strong>ret,</strong></span> <span class='ocrx_word' id='word_1_549' title='bbox 2003 1857 2057 1902; x_wconf 88' lang='lat' dir='ltr'><strong>et</strong></span> <span class='ocrx_word' id='word_1_550' title='bbox 2083 1866 2145 1903; x_wconf 89' lang='lat' dir='ltr'><strong>ea</strong></span> <span class='ocrx_word' id='word_1_551' title='bbox 2180 1851 2380 1918; x_wconf 70' lang='lat' dir='ltr'><strong>sprevit</strong></span> <span class='ocrx_word' id='word_1_552' title='bbox 2422 1867 2538 1919; x_wconf 65' lang='lat' dir='ltr'><strong>quae</strong></span> <span class='ocrx_word' id='word_1_553' title='bbox 2568 1866 2756 1920; x_wconf 89' lang='lat' dir='ltr'><strong>magna</strong></span> <span class='ocrx_word' id='word_1_554' title='bbox 2799 1851 2961 1914; x_wconf 91' lang='lat' dir='ltr'><strong>bona,</strong></span> <span class='ocrx_word' id='word_1_555' title='bbox 3010 1859 3066 1904; x_wconf 87' lang='lat' dir='ltr'><strong>et</strong></span> <span class='ocrx_word' id='word_1_556' title='bbox 3113 1865 3174 1904; x_wconf 91' lang='lat' dir='ltr'><strong>ea</strong></span> <span class='ocrx_word' id='word_1_557' title='bbox 3211 1844 3461 1902; x_wconf 90' lang='lat' dir='ltr'><strong>sustinuit</strong></span> 
     </span>
    </p>
   </div>
   <div class='ocr_carea' id='block_1_79' title="bbox 1871 1936 3458 2011">
    <p class='ocr_par' dir='ltr' id='par_1_79' title="bbox 1871 1936 3458 2011">
     <span class='ocr_line' id='line_1_79' title="bbox 1871 1936 3458 2011; baseline -0.002 -18"><span class='ocrx_word' id='word_1_558' title='bbox 1871 1957 1988 2011; x_wconf 59' lang='lat' dir='ltr'><strong>quas</strong></span> <span class='ocrx_word' id='word_1_559' title='bbox 2014 1957 2201 2010; x_wconf 88' lang='lat' dir='ltr'><strong>magna</strong></span> <span class='ocrx_word' id='word_1_560' title='bbox 2228 1942 2364 1994; x_wconf 88' lang='lat' dir='ltr'><strong>mala</strong></span> <span class='ocrx_word' id='word_1_561' title='bbox 2388 1943 2616 2010; x_wconf 88' lang='lat' dir='ltr'><strong>imperiti</strong></span> <span class='ocrx_word' id='word_1_562' title='bbox 2646 1950 2834 2009; x_wconf 89' lang='lat' dir='ltr'><strong>putant</strong></span> <span class='ocrx_word' id='word_1_563' title='bbox 2871 1960 2882 1993; x_wconf 89' lang='lat'><strong>:</strong></span> <span class='ocrx_word' id='word_1_564' title='bbox 2908 1956 3043 2010; x_wconf 92' lang='lat' dir='ltr'><strong>quos</strong></span> <span class='ocrx_word' id='word_1_565' title='bbox 3085 1954 3264 1994; x_wconf 91' lang='lat' dir='ltr'><strong>mores</strong></span> <span class='ocrx_word' id='word_1_566' title='bbox 3292 1947 3346 1991; x_wconf 89' lang='lat' dir='ltr'><strong>et</strong></span> <span class='ocrx_word' id='word_1_567' title='bbox 3372 1936 3458 1990; x_wconf 81' lang='lat' dir='ltr'><strong>di-</strong></span> 
     </span>
    </p>
   </div>
   <div class='ocr_carea' id='block_1_80' title="bbox 1871 2028 3456 2104">
    <p class='ocr_par' dir='ltr' id='par_1_80' title="bbox 1871 2028 3456 2104">
     <span class='ocr_line' id='line_1_80' title="bbox 1871 2028 3456 2104; baseline -0.005 -16"><span class='ocrx_word' id='word_1_568' title='bbox 1871 2033 2172 2104; x_wconf 88' lang='lat' dir='ltr'><strong>sciplinam,</strong></span> <span class='ocrx_word' id='word_1_569' title='bbox 2199 2050 2264 2088; x_wconf 89' lang='lat' dir='ltr'><strong>ne</strong></span> <span class='ocrx_word' id='word_1_570' title='bbox 2295 2042 2442 2088; x_wconf 88' lang='lat' dir='ltr'><strong>tanto</strong></span> <span class='ocrx_word' id='word_1_571' title='bbox 2472 2033 2648 2087; x_wconf 90' lang='lat' dir='ltr'><strong>minus</strong></span> <span class='ocrx_word' id='word_1_572' title='bbox 2678 2033 2954 2102; x_wconf 85' lang='lat' dir='ltr'><strong>quisquam</strong></span> <span class='ocrx_word' id='word_1_573' title='bbox 2985 2029 3200 2100; x_wconf 82' lang='lat' dir='ltr'><strong>aggredi</strong></span> <span class='ocrx_word' id='word_1_574' title='bbox 3237 2028 3456 2093; x_wconf 89' lang='lat' dir='ltr'><strong>audeat,</strong></span> 
     </span>
    </p>
   </div>
   <div class='ocr_carea' id='block_1_81' title="bbox 1870 2118 3530 2194">
    <p class='ocr_par' dir='ltr' id='par_1_81' title="bbox 1870 2118 3530 2194">
     <span class='ocr_line' id='line_1_81' title="bbox 1870 2118 3530 2194; baseline -0.004 -17"><span class='ocrx_word' id='word_1_575' title='bbox 1870 2125 2221 2194; x_wconf 87' lang='lat' dir='ltr'><strong>quauloillud</strong></span> <span class='ocrx_word' id='word_1_576' title='bbox 2265 2126 2434 2194; x_wconf 88' lang='lat' dir='ltr'><strong>magis</strong></span> <span class='ocrx_word' id='word_1_577' title='bbox 2476 2124 2724 2190; x_wconf 88' lang='lat' dir='ltr'><strong>honorat,</strong></span> <span class='ocrx_word' id='word_1_578' title='bbox 2770 2132 2824 2177; x_wconf 91' lang='lat' dir='ltr'><strong>et</strong></span> <span class='ocrx_word' id='word_1_579' title='bbox 2872 2121 2939 2177; x_wconf 90' lang='lat' dir='ltr'><strong>de</strong></span> <span class='ocrx_word' id='word_1_580' title='bbox 2987 2118 3458 2191; x_wconf 86' lang='lat' dir='ltr'><strong>pollicitationibus</strong></span> <span class='ocrx_word' id='word_1_581' title='bbox 3525 2139 3530 2144; x_wconf 91' lang='grc'>·</span> 
     </span>
    </p>
   </div>
   <div class='ocr_carea' id='block_1_82' title="bbox 1869 2211 3458 2286">
    <p class='ocr_par' dir='ltr' id='par_1_82' title="bbox 1869 2211 3458 2286">
     <span class='ocr_line' id='line_1_82' title="bbox 1869 2211 3458 2286; baseline -0.003 -18"><span class='ocrx_word' id='word_1_582' title='bbox 1869 2226 2028 2286; x_wconf 89' lang='lat' dir='ltr'><strong>atque</strong></span> <span class='ocrx_word' id='word_1_583' title='bbox 2056 2215 2448 2270; x_wconf 84' lang='lat' dir='ltr'><strong>hortationihus</strong></span> <span class='ocrx_word' id='word_1_584' title='bbox 2494 2214 2630 2283; x_wconf 86' lang='lat' dir='ltr'><strong>ejus,</strong></span> <span class='ocrx_word' id='word_1_585' title='bbox 2663 2223 2717 2268; x_wconf 90' lang='lat' dir='ltr'><strong>et</strong></span> <span class='ocrx_word' id='word_1_586' title='bbox 2755 2214 2822 2267; x_wconf 92' lang='lat' dir='ltr'><strong>de</strong></span> <span class='ocrx_word' id='word_1_587' title='bbox 2850 2213 3168 2266; x_wconf 89' lang='lat' dir='ltr'><strong>imitantium</strong></span> <span class='ocrx_word' id='word_1_588' title='bbox 3211 2211 3458 2264; x_wconf 89' lang='lat' dir='ltr'><strong>multitu-</strong></span> 
     </span>
    </p>
   </div>
   <div class='ocr_carea' id='block_1_83' title="bbox 1867 2303 3457 2376">
    <p class='ocr_par' dir='ltr' id='par_1_83' title="bbox 1867 2303 3457 2376">
     <span class='ocr_line' id='line_1_83' title="bbox 1867 2303 3457 2376; baseline -0.004 -14"><span class='ocrx_word' id='word_1_589' title='bbox 1867 2308 1992 2362; x_wconf 86' lang='lat' dir='ltr'><strong>dine</strong></span> <span class='ocrx_word' id='word_1_590' title='bbox 2021 2307 2399 2376; x_wconf 84' lang='lat' dir='ltr'><strong>Apostolorum</strong></span> <span class='ocrx_word' id='word_1_591' title='bbox 2423 2347 2437 2371; x_wconf 94' lang='lat'><strong>,</strong></span> <span class='ocrx_word' id='word_1_592' title='bbox 2482 2315 2798 2376; x_wconf 88' lang='lat' dir='ltr'><strong>martyrum,</strong></span> <span class='ocrx_word' id='word_1_593' title='bbox 2845 2315 3259 2373; x_wconf 87' lang='lat' dir='ltr'><strong>sanctorumque</strong></span> <span class='ocrx_word' id='word_1_594' title='bbox 3298 2303 3457 2357; x_wconf 90' lang='lat' dir='ltr'><strong>innu-</strong></span> 
     </span>
    </p>
   </div>
   <div class='ocr_carea' id='block_1_84' title="bbox 1867 2393 3460 2468">
    <p class='ocr_par' dir='ltr' id='par_1_84' title="bbox 1867 2393 3460 2468">
     <span class='ocr_line' id='line_1_84' title="bbox 1867 2393 3460 2468; baseline -0.003 -16"><span class='ocrx_word' id='word_1_595' title='bbox 1867 2399 2229 2464; x_wconf 90' lang='lat' dir='ltr'><strong>merabilium,</strong></span> <span class='ocrx_word' id='word_1_596' title='bbox 2262 2414 2421 2468; x_wconf 90' lang='lat' dir='ltr'><strong>quam</strong></span> <span class='ocrx_word' id='word_1_597' title='bbox 2461 2413 2569 2452; x_wconf 89' lang='lat' dir='ltr'><strong>non</strong></span> <span class='ocrx_word' id='word_1_598' title='bbox 2613 2397 2720 2451; x_wconf 89' lang='lat' dir='ltr'><strong>sint</strong></span> <span class='ocrx_word' id='word_1_599' title='bbox 2755 2397 2843 2450; x_wconf 89' lang='lat' dir='ltr'><strong>illa</strong></span> <span class='ocrx_word' id='word_1_600' title='bbox 2895 2393 3232 2466; x_wconf 89' lang='lat' dir='ltr'><strong>desperanda</strong></span> <span class='ocrx_word' id='word_1_601' title='bbox 3279 2402 3460 2450; x_wconf 86' lang='lat' dir='ltr'><strong>osten-</strong></span> 
     </span>
    </p>
   </div>
   <div class='ocr_carea' id='block_1_85' title="bbox 1865 2490 2218 2546">
    <p class='ocr_par' dir='ltr' id='par_1_85' title="bbox 1865 2490 2218 2546">
     <span class='ocr_line' id='line_1_85' title="bbox 1865 2490 2218 2546; baseline 0.006 -2"><span class='ocrx_word' id='word_1_602' title='bbox 1865 2490 2096 2546; x_wconf 89' lang='lat' dir='ltr'><strong>dendum</strong></span> <span class='ocrx_word' id='word_1_603' title='bbox 2117 2501 2218 2546; x_wconf 88' lang='lat' dir='ltr'><strong>est.</strong></span> 
     </span>
    </p>
   </div>
   <div class='ocr_carea' id='block_1_86' title="bbox 1938 2576 3457 2651">
    <p class='ocr_par' dir='ltr' id='par_1_86' title="bbox 1938 2576 3457 2651">
     <span class='ocr_line' id='line_1_86' title="bbox 1938 2576 3457 2651; baseline -0.005 -12"><span class='ocrx_word' id='word_1_604' title='bbox 1938 2585 1991 2640; x_wconf 81' lang='lat'><strong>3.</strong></span> <span class='ocrx_word' id='word_1_605' title='bbox 2034 2585 2102 2638; x_wconf 83' lang='lat' dir='ltr'><strong>At</strong></span> <span class='ocrx_word' id='word_1_606' title='bbox 2131 2584 2217 2638; x_wconf 91' lang='lat' dir='ltr'><strong>ubi</strong></span> <span class='ocrx_word' id='word_1_607' title='bbox 2247 2582 2445 2637; x_wconf 89' lang='lat' dir='ltr'><strong>fuerint</strong></span> <span class='ocrx_word' id='word_1_608' title='bbox 2473 2581 2763 2636; x_wconf 90' lang='lat' dir='ltr'><strong>carnalium</strong></span> <span class='ocrx_word' id='word_1_609' title='bbox 2806 2581 3136 2651; x_wconf 87' lang='lat' dir='ltr'><strong>voluptatum</strong></span> <span class='ocrx_word' id='word_1_610' title='bbox 3189 2576 3457 2632; x_wconf 76' lang='lat' dir='ltr'><strong>illecebrze</strong></span> 
     </span>
    </p>
   </div>
   <div class='ocr_carea' id='block_1_87' title="bbox 1864 2670 3456 2747">
    <p class='ocr_par' dir='ltr' id='par_1_87' title="bbox 1864 2670 3456 2747">
     <span class='ocr_line' id='line_1_87' title="bbox 1864 2670 3456 2747; baseline -0.006 -14"><span class='ocrx_word' id='word_1_611' title='bbox 1864 2686 2150 2747; x_wconf 67' lang='lat' dir='ltr'><strong>superatae,</strong></span> <span class='ocrx_word' id='word_1_612' title='bbox 2183 2677 2478 2731; x_wconf 91' lang='lat' dir='ltr'><strong>cavendum</strong></span> <span class='ocrx_word' id='word_1_613' title='bbox 2509 2685 2592 2730; x_wconf 88' lang='lat' dir='ltr'><strong>est</strong></span> <span class='ocrx_word' id='word_1_614' title='bbox 2624 2691 2690 2729; x_wconf 89' lang='lat' dir='ltr'><strong>ne</strong></span> <span class='ocrx_word' id='word_1_615' title='bbox 2717 2674 2973 2744; x_wconf 88' lang='lat' dir='ltr'><strong>subrepat</strong></span> <span class='ocrx_word' id='word_1_616' title='bbox 3001 2684 3160 2743; x_wconf 89' lang='lat' dir='ltr'><strong>atque</strong></span> <span class='ocrx_word' id='word_1_617' title='bbox 3204 2670 3456 2726; x_wconf 85' lang='lat' dir='ltr'><strong>succedat</strong></span> 
     </span>
    </p>
   </div>
   <div class='ocr_carea' id='block_1_88' title="bbox 1864 2763 3455 2840">
    <p class='ocr_par' dir='ltr' id='par_1_88' title="bbox 1864 2763 3455 2840">
     <span class='ocr_line' id='line_1_88' title="bbox 1864 2763 3455 2840; baseline -0.006 -14"><span class='ocrx_word' id='word_1_618' title='bbox 1864 2771 2126 2840; x_wconf 88' lang='lat' dir='ltr'><strong>cupiditas</strong></span> <span class='ocrx_word' id='word_1_619' title='bbox 2177 2769 2422 2840; x_wconf 89' lang='lat' dir='ltr'><strong>placendi</strong></span> <span class='ocrx_word' id='word_1_620' title='bbox 2469 2767 2773 2822; x_wconf 89' lang='lat' dir='ltr'><strong>hominibus</strong></span> <span class='ocrx_word' id='word_1_621' title='bbox 2825 2775 2916 2821; x_wconf 90' lang='lat' dir='ltr'><strong>aut</strong></span> <span class='ocrx_word' id='word_1_622' title='bbox 2960 2781 3055 2835; x_wconf 88' lang='lat' dir='ltr'><strong>per</strong></span> <span class='ocrx_word' id='word_1_623' title='bbox 3089 2764 3262 2833; x_wconf 86' lang='lat' dir='ltr'><strong>aliqua</strong></span> <span class='ocrx_word' id='word_1_624' title='bbox 3318 2763 3455 2817; x_wconf 84' lang='lat' dir='ltr'><strong>facta</strong></span> 
     </span>
    </p>
   </div>
   <div class='ocr_carea' id='block_1_89' title="bbox 1864 2858 3452 2933">
    <p class='ocr_par' dir='ltr' id='par_1_89' title="bbox 1864 2858 3452 2933">
     <span class='ocr_line' id='line_1_89' title="bbox 1864 2858 3452 2933; baseline -0.004 -14"><span class='ocrx_word' id='word_1_625' title='bbox 1864 2864 2144 2930; x_wconf 88' lang='lat' dir='ltr'><strong>mirabilia,</strong></span> <span class='ocrx_word' id='word_1_626' title='bbox 2187 2872 2278 2917; x_wconf 89' lang='lat' dir='ltr'><strong>aut</strong></span> <span class='ocrx_word' id='word_1_627' title='bbox 2305 2879 2398 2933; x_wconf 89' lang='lat' dir='ltr'><strong>per</strong></span> <span class='ocrx_word' id='word_1_628' title='bbox 2443 2861 2714 2916; x_wconf 82' lang='lat' dir='ltr'><strong>difﬁcilem</strong></span> <span class='ocrx_word' id='word_1_629' title='bbox 2759 2860 3146 2915; x_wconf 90' lang='lat' dir='ltr'><strong>continentiam</strong></span> <span class='ocrx_word' id='word_1_630' title='bbox 3195 2858 3307 2913; x_wconf 90' lang='lat' dir='ltr'><strong>sive</strong></span> <span class='ocrx_word' id='word_1_631' title='bbox 3353 2873 3452 2927; x_wconf 63' lang='lat' dir='ltr'><strong>pa.</strong></span> 
     </span>
    </p>
   </div>
   <div class='ocr_carea' id='block_1_90' title="bbox 1866 2949 3455 3025">
    <p class='ocr_par' dir='ltr' id='par_1_90' title="bbox 1866 2949 3455 3025">
     <span class='ocr_line' id='line_1_90' title="bbox 1866 2949 3455 3025; baseline -0.003 -16"><span class='ocrx_word' id='word_1_632' title='bbox 1866 2956 2126 3019; x_wconf 89' lang='lat' dir='ltr'><strong>tientiam,</strong></span> <span class='ocrx_word' id='word_1_633' title='bbox 2166 2964 2256 3009; x_wconf 89' lang='lat' dir='ltr'><strong>aut</strong></span> <span class='ocrx_word' id='word_1_634' title='bbox 2292 2970 2388 3025; x_wconf 89' lang='lat' dir='ltr'><strong>per</strong></span> <span class='ocrx_word' id='word_1_635' title='bbox 2421 2955 2650 3024; x_wconf 88' lang='lat' dir='ltr'><strong>aliquam</strong></span> <span class='ocrx_word' id='word_1_636' title='bbox 2690 2953 3052 3022; x_wconf 87' lang='lat' dir='ltr'><strong>largitionem,</strong></span> <span class='ocrx_word' id='word_1_637' title='bbox 3113 2958 3203 3004; x_wconf 89' lang='lat' dir='ltr'><strong>aut</strong></span> <span class='ocrx_word' id='word_1_638' title='bbox 3238 2949 3455 3005; x_wconf 87' lang='lat' dir='ltr'><strong>nomine</strong></span> 
     </span>
    </p>
   </div>
   <div class='ocr_carea' id='block_1_91' title="bbox 1863 3041 3446 3116">
    <p class='ocr_par' dir='ltr' id='par_1_91' title="bbox 1863 3041 3446 3116">
     <span class='ocr_line' id='line_1_91' title="bbox 1863 3041 3446 3116; baseline -0.004 -14"><span class='ocrx_word' id='word_1_639' title='bbox 1863 3048 2100 3102; x_wconf 72' lang='lat' dir='ltr'><strong>scientia:</strong></span> <span class='ocrx_word' id='word_1_640' title='bbox 2131 3047 2212 3100; x_wconf 90' lang='lat' dir='ltr'><strong>vel</strong></span> <span class='ocrx_word' id='word_1_641' title='bbox 2235 3046 2552 3116; x_wconf 67' lang='lat' dir='ltr'><strong>eloquentia:</strong></span> <span class='ocrx_word' id='word_1_642' title='bbox 2578 3062 2592 3098; x_wconf 89' lang='lat'><strong>:</strong></span> <span class='ocrx_word' id='word_1_643' title='bbox 2620 3045 2671 3099; x_wconf 91' lang='lat' dir='ltr'><strong>in</strong></span> <span class='ocrx_word' id='word_1_644' title='bbox 2699 3060 2764 3099; x_wconf 92' lang='lat' dir='ltr'><strong>eo</strong></span> <span class='ocrx_word' id='word_1_645' title='bbox 2785 3059 2980 3115; x_wconf 88' lang='lat' dir='ltr'><strong>genere</strong></span> <span class='ocrx_word' id='word_1_646' title='bbox 3005 3053 3088 3098; x_wconf 88' lang='lat' dir='ltr'><strong>est</strong></span> <span class='ocrx_word' id='word_1_647' title='bbox 3108 3051 3162 3098; x_wconf 91' lang='lat' dir='ltr'><strong>et</strong></span> <span class='ocrx_word' id='word_1_648' title='bbox 3181 3041 3446 3113; x_wconf 89' lang='lat' dir='ltr'><strong>cupiditas</strong></span> 
     </span>
    </p>
   </div>
   <div class='ocr_carea' id='block_1_92' title="bbox 1864 3132 3451 3207">
    <p class='ocr_par' dir='ltr' id='par_1_92' title="bbox 1864 3132 3451 3207">
     <span class='ocr_line' id='line_1_92' title="bbox 1864 3132 3451 3207; baseline -0.006 -13"><span class='ocrx_word' id='word_1_649' title='bbox 1864 3139 2101 3194; x_wconf 88' lang='lat' dir='ltr'><strong>honoris.</strong></span> <span class='ocrx_word' id='word_1_650' title='bbox 2118 3136 2314 3193; x_wconf 88' lang='lat' dir='ltr'><strong>Contra</strong></span> <span class='ocrx_word' id='word_1_651' title='bbox 2331 3154 2450 3207; x_wconf 67' lang='lat' dir='ltr'><strong>quae</strong></span> <span class='ocrx_word' id='word_1_652' title='bbox 2463 3137 2641 3191; x_wconf 91' lang='lat' dir='ltr'><strong>omnia</strong></span> <span class='ocrx_word' id='word_1_653' title='bbox 2665 3151 2762 3206; x_wconf 91' lang='lat' dir='ltr'><strong>pro</strong></span> <span class='ocrx_word' id='word_1_654' title='bbox 2772 3135 3012 3190; x_wconf 87' lang='lat' dir='ltr'><strong>ferantur</strong></span> <span class='ocrx_word' id='word_1_655' title='bbox 3026 3149 3086 3189; x_wconf 88' lang='lat' dir='ltr'><strong>ea</strong></span> <span class='ocrx_word' id='word_1_656' title='bbox 3109 3149 3228 3204; x_wconf 65' lang='lat' dir='ltr'><strong>quae</strong></span> <span class='ocrx_word' id='word_1_657' title='bbox 3251 3132 3451 3202; x_wconf 87' lang='lat' dir='ltr'><strong>scripta</strong></span> 
     </span>
    </p>
   </div>
   <div class='ocr_carea' id='block_1_93' title="bbox 1862 3225 3450 3296">
    <p class='ocr_par' dir='ltr' id='par_1_93' title="bbox 1862 3225 3450 3296">
     <span class='ocr_line' id='line_1_93' title="bbox 1862 3225 3450 3296; baseline -0.006 -9"><span class='ocrx_word' id='word_1_658' title='bbox 1862 3243 1986 3287; x_wconf 91' lang='lat' dir='ltr'><strong>sunt</strong></span> <span class='ocrx_word' id='word_1_659' title='bbox 2029 3231 2098 3287; x_wconf 92' lang='lat' dir='ltr'><strong>de</strong></span> <span class='ocrx_word' id='word_1_660' title='bbox 2127 3231 2284 3285; x_wconf 88' lang='lat' dir='ltr'><strong>laude</strong></span> <span class='ocrx_word' id='word_1_661' title='bbox 2333 3228 2626 3293; x_wconf 88' lang='lat' dir='ltr'><strong>charitatis,</strong></span> <span class='ocrx_word' id='word_1_662' title='bbox 2671 3237 2727 3283; x_wconf 90' lang='lat' dir='ltr'><strong>et</strong></span> <span class='ocrx_word' id='word_1_663' title='bbox 2769 3228 2838 3283; x_wconf 91' lang='lat' dir='ltr'><strong>de</strong></span> <span class='ocrx_word' id='word_1_664' title='bbox 2866 3228 3120 3282; x_wconf 87' lang='lat' dir='ltr'><strong>inanitate</strong></span> <span class='ocrx_word' id='word_1_665' title='bbox 3152 3225 3450 3296; x_wconf 70' lang='lat' dir='ltr'><strong>jactantiaa;</strong></span> 
     </span>
    </p>
   </div>
   <div class='ocr_carea' id='block_1_94' title="bbox 1860 3315 3448 3392">
    <p class='ocr_par' dir='ltr' id='par_1_94' title="bbox 1860 3315 3448 3392">
     <span class='ocr_line' id='line_1_94' title="bbox 1860 3315 3448 3392; baseline -0.004 -16"><span class='ocrx_word' id='word_1_666' title='bbox 1860 3321 2221 3392; x_wconf 85' lang='lat' dir='ltr'><strong>doceaturque</strong></span> <span class='ocrx_word' id='word_1_667' title='bbox 2263 3337 2423 3392; x_wconf 88' lang='lat' dir='ltr'><strong>quam</strong></span> <span class='ocrx_word' id='word_1_668' title='bbox 2459 3321 2528 3375; x_wconf 86' lang='lat' dir='ltr'><strong>sit</strong></span> <span class='ocrx_word' id='word_1_669' title='bbox 2560 3318 2868 3390; x_wconf 87' lang='lat' dir='ltr'><strong>pudendum</strong></span> <span class='ocrx_word' id='word_1_670' title='bbox 2909 3319 2985 3373; x_wconf 89' lang='lat' dir='ltr'><strong>eis</strong></span> <span class='ocrx_word' id='word_1_671' title='bbox 3032 3318 3242 3387; x_wconf 90' lang='lat' dir='ltr'><strong>placere</strong></span> <span class='ocrx_word' id='word_1_672' title='bbox 3290 3315 3448 3380; x_wconf 86' lang='lat' dir='ltr'><strong>velle,</strong></span> 
     </span>
    </p>
   </div>
   <div class='ocr_carea' id='block_1_95' title="bbox 1861 3405 3450 3482">
    <p class='ocr_par' dir='ltr' id='par_1_95' title="bbox 1861 3405 3450 3482">
     <span class='ocr_line' id='line_1_95' title="bbox 1861 3405 3450 3482; baseline -0.004 -15"><span class='ocrx_word' id='word_1_673' title='bbox 1861 3429 1994 3482; x_wconf 91' lang='lat' dir='ltr'><strong>quos</strong></span> <span class='ocrx_word' id='word_1_674' title='bbox 2022 3414 2158 3468; x_wconf 92' lang='lat' dir='ltr'><strong>nolis</strong></span> <span class='ocrx_word' id='word_1_675' title='bbox 2182 3413 2398 3466; x_wconf 89' lang='lat' dir='ltr'><strong>imitari.</strong></span> <span class='ocrx_word' id='word_1_676' title='bbox 2429 3414 2533 3465; x_wconf 82' lang='lat' dir='ltr'><strong>Aut</strong></span> <span class='ocrx_word' id='word_1_677' title='bbox 2561 3411 2705 3465; x_wconf 91' lang='lat' dir='ltr'><strong>enim</strong></span> <span class='ocrx_word' id='word_1_678' title='bbox 2743 3411 2871 3464; x_wconf 90' lang='lat' dir='ltr'><strong>boni</strong></span> <span class='ocrx_word' id='word_1_679' title='bbox 2917 3425 3022 3464; x_wconf 93' lang='lat' dir='ltr'><strong>non</strong></span> <span class='ocrx_word' id='word_1_680' title='bbox 3062 3416 3206 3473; x_wconf 88' lang='lat' dir='ltr'><strong>sunt,</strong></span> <span class='ocrx_word' id='word_1_681' title='bbox 3232 3416 3286 3462; x_wconf 89' lang='lat' dir='ltr'><strong>et</strong></span> <span class='ocrx_word' id='word_1_682' title='bbox 3316 3405 3450 3460; x_wconf 90' lang='lat' dir='ltr'><strong>nihil</strong></span> 
     </span>
    </p>
   </div>
   <div class='ocr_carea' id='block_1_96' title="bbox 1860 3499 3450 3574">
    <p class='ocr_par' dir='ltr' id='par_1_96' title="bbox 1860 3499 3450 3574">
     <span class='ocr_line' id='line_1_96' title="bbox 1860 3499 3450 3574; baseline -0.004 -16"><span class='ocrx_word' id='word_1_683' title='bbox 1860 3520 2107 3574; x_wconf 88' lang='lat' dir='ltr'><strong>magnum</strong></span> <span class='ocrx_word' id='word_1_684' title='bbox 2138 3512 2221 3558; x_wconf 88' lang='lat' dir='ltr'><strong>est</strong></span> <span class='ocrx_word' id='word_1_685' title='bbox 2246 3519 2276 3556; x_wconf 89' lang='lat' dir='ltr'><strong>a</strong></span> <span class='ocrx_word' id='word_1_686' title='bbox 2304 3502 2458 3556; x_wconf 88' lang='lat' dir='ltr'><strong>malis</strong></span> <span class='ocrx_word' id='word_1_687' title='bbox 2487 3502 2688 3556; x_wconf 88' lang='lat' dir='ltr'><strong>laudari</strong></span> <span class='ocrx_word' id='word_1_688' title='bbox 2717 3519 2730 3566; x_wconf 95' lang='lat'><strong>;</strong></span> <span class='ocrx_word' id='word_1_689' title='bbox 2788 3510 2879 3554; x_wconf 91' lang='lat' dir='ltr'><strong>aut</strong></span> <span class='ocrx_word' id='word_1_690' title='bbox 2907 3499 3032 3554; x_wconf 89' lang='lat' dir='ltr'><strong>boni</strong></span> <span class='ocrx_word' id='word_1_691' title='bbox 3073 3507 3217 3559; x_wconf 90' lang='lat' dir='ltr'><strong>sunt,</strong></span> <span class='ocrx_word' id='word_1_692' title='bbox 3252 3506 3307 3552; x_wconf 90' lang='lat' dir='ltr'><strong>et</strong></span> <span class='ocrx_word' id='word_1_693' title='bbox 3353 3511 3450 3551; x_wconf 89' lang='lat' dir='ltr'><strong>eos</strong></span> 
     </span>
    </p>
   </div>
   <div class='ocr_carea' id='block_1_97' title="bbox 1859 3587 3444 3664">
    <p class='ocr_par' dir='ltr' id='par_1_97' title="bbox 1859 3587 3444 3664">
     <span class='ocr_line' id='line_1_97' title="bbox 1859 3587 3444 3664; baseline -0.006 -15"><span class='ocrx_word' id='word_1_694' title='bbox 1859 3602 2069 3664; x_wconf 90' lang='lat' dir='ltr'><strong>oportet</strong></span> <span class='ocrx_word' id='word_1_695' title='bbox 2098 3592 2315 3648; x_wconf 91' lang='lat' dir='ltr'><strong>imitari.</strong></span> <span class='ocrx_word' id='word_1_696' title='bbox 2338 3592 2444 3648; x_wconf 90' lang='lat' dir='ltr'><strong>Sed</strong></span> <span class='ocrx_word' id='word_1_697' title='bbox 2475 3593 2564 3663; x_wconf 91' lang='lat' dir='ltr'><strong>qui</strong></span> <span class='ocrx_word' id='word_1_698' title='bbox 2596 3591 2721 3646; x_wconf 92' lang='lat' dir='ltr'><strong>boni</strong></span> <span class='ocrx_word' id='word_1_699' title='bbox 2745 3599 2892 3657; x_wconf 91' lang='lat' dir='ltr'><strong>sunt,</strong></span> <span class='ocrx_word' id='word_1_700' title='bbox 2915 3589 3113 3644; x_wconf 87' lang='lat' dir='ltr'><strong>virtute</strong></span> <span class='ocrx_word' id='word_1_701' title='bbox 3138 3587 3263 3642; x_wconf 92' lang='lat' dir='ltr'><strong>boni</strong></span> <span class='ocrx_word' id='word_1_702' title='bbox 3290 3596 3444 3641; x_wconf 89' lang='lat' dir='ltr'><strong>sunt:</strong></span> 
     </span>
    </p>
   </div>
   <div class='ocr_carea' id='block_1_98' title="bbox 1859 3680 3450 3756">
    <p class='ocr_par' dir='ltr' id='par_1_98' title="bbox 1859 3680 3450 3756">
     <span class='ocr_line' id='line_1_98' title="bbox 1859 3680 3450 3756; baseline -0.003 -16"><span class='ocrx_word' id='word_1_703' title='bbox 1859 3686 2026 3741; x_wconf 79' lang='lat' dir='ltr'><strong>virtus</strong></span> <span class='ocrx_word' id='word_1_704' title='bbox 2050 3693 2230 3741; x_wconf 89' lang='lat' dir='ltr'><strong>autem</strong></span> <span class='ocrx_word' id='word_1_705' title='bbox 2260 3701 2365 3740; x_wconf 92' lang='lat' dir='ltr'><strong>non</strong></span> <span class='ocrx_word' id='word_1_706' title='bbox 2389 3685 2595 3756; x_wconf 89' lang='lat' dir='ltr'><strong>appetit</strong></span> <span class='ocrx_word' id='word_1_707' title='bbox 2624 3684 2767 3755; x_wconf 90' lang='lat' dir='ltr'><strong>quod</strong></span> <span class='ocrx_word' id='word_1_708' title='bbox 2807 3684 2860 3738; x_wconf 94' lang='lat' dir='ltr'><strong>in</strong></span> <span class='ocrx_word' id='word_1_709' title='bbox 2899 3682 3128 3737; x_wconf 90' lang='lat' dir='ltr'><strong>aliorum</strong></span> <span class='ocrx_word' id='word_1_710' title='bbox 3170 3680 3450 3736; x_wconf 88' lang='lat' dir='ltr'><strong>hominum</strong></span> 
     </span>
    </p>
   </div>
   <div class='ocr_carea' id='block_1_99' title="bbox 1859 3772 3450 3852">
    <p class='ocr_par' dir='ltr' id='par_1_99' title="bbox 1859 3772 3450 3852">
     <span class='ocr_line' id='line_1_99' title="bbox 1859 3772 3450 3852; baseline -0.006 -17"><span class='ocrx_word' id='word_1_711' title='bbox 1859 3789 2124 3852; x_wconf 89' lang='lat' dir='ltr'><strong>potestate</strong></span> <span class='ocrx_word' id='word_1_712' title='bbox 2153 3787 2256 3833; x_wconf 89' lang='lat' dir='ltr'><strong>est.</strong></span> <span class='ocrx_word' id='word_1_713' title='bbox 2286 3778 2386 3846; x_wconf 85' lang='lat' dir='ltr'><strong>Qui</strong></span> <span class='ocrx_word' id='word_1_714' title='bbox 2426 3793 2555 3849; x_wconf 90' lang='lat' dir='ltr'><strong>ergo</strong></span> <span class='ocrx_word' id='word_1_715' title='bbox 2599 3777 2841 3833; x_wconf 89' lang='lat' dir='ltr'><strong>imitatur</strong></span> <span class='ocrx_word' id='word_1_716' title='bbox 2868 3775 3058 3840; x_wconf 88' lang='lat' dir='ltr'><strong>bonos,</strong></span> <span class='ocrx_word' id='word_1_717' title='bbox 3113 3773 3312 3828; x_wconf 91' lang='lat' dir='ltr'><strong>nullius</strong></span> <span class='ocrx_word' id='word_1_718' title='bbox 3351 3772 3450 3827; x_wconf 83' lang='lat' dir='ltr'><strong>ho-</strong></span> 
     </span>
    </p>
   </div>
   <div class='ocr_carea' id='block_1_100' title="bbox 1860 3866 3451 3942">
    <p class='ocr_par' dir='ltr' id='par_1_100' title="bbox 1860 3866 3451 3942">
     <span class='ocr_line' id='line_1_100' title="bbox 1860 3866 3451 3942; baseline -0.006 -14"><span class='ocrx_word' id='word_1_719' title='bbox 1860 3872 2018 3928; x_wconf 91' lang='lat' dir='ltr'><strong>minis</strong></span> <span class='ocrx_word' id='word_1_720' title='bbox 2059 3874 2260 3942; x_wconf 86' lang='lat' dir='ltr'><strong>appetit</strong></span> <span class='ocrx_word' id='word_1_721' title='bbox 2299 3871 2530 3937; x_wconf 89' lang='lat' dir='ltr'><strong>laudem;</strong></span> <span class='ocrx_word' id='word_1_722' title='bbox 2581 3872 2670 3942; x_wconf 90' lang='lat' dir='ltr'><strong>qui</strong></span> <span class='ocrx_word' id='word_1_723' title='bbox 2725 3871 2920 3935; x_wconf 79' lang='lat' dir='ltr'><strong>malos,</strong></span> <span class='ocrx_word' id='word_1_724' title='bbox 2964 3883 3068 3924; x_wconf 90' lang='lat' dir='ltr'><strong>non</strong></span> <span class='ocrx_word' id='word_1_725' title='bbox 3111 3866 3303 3939; x_wconf 89' lang='lat' dir='ltr'><strong>dignus</strong></span> <span class='ocrx_word' id='word_1_726' title='bbox 3365 3873 3451 3920; x_wconf 90' lang='lat' dir='ltr'><strong>est</strong></span> 
     </span>
    </p>
   </div>
   <div class='ocr_carea' id='block_1_101' title="bbox 1861 3957 3450 4033">
    <p class='ocr_par' dir='ltr' id='par_1_101' title="bbox 1861 3957 3450 4033">
     <span class='ocr_line' id='line_1_101' title="bbox 1861 3957 3450 4033; baseline -0.005 -14"><span class='ocrx_word' id='word_1_727' title='bbox 1861 3964 2040 4019; x_wconf 90' lang='lat' dir='ltr'><strong>laude.</strong></span> <span class='ocrx_word' id='word_1_728' title='bbox 2069 3964 2123 4019; x_wconf 92' lang='lat' dir='ltr'><strong>Si</strong></span> <span class='ocrx_word' id='word_1_729' title='bbox 2149 3973 2329 4019; x_wconf 89' lang='lat' dir='ltr'><strong>autem</strong></span> <span class='ocrx_word' id='word_1_730' title='bbox 2379 3963 2590 4033; x_wconf 89' lang='lat' dir='ltr'><strong>placere</strong></span> <span class='ocrx_word' id='word_1_731' title='bbox 2638 3962 2942 4016; x_wconf 92' lang='lat' dir='ltr'><strong>hominibus</strong></span> <span class='ocrx_word' id='word_1_732' title='bbox 2983 3960 3102 4015; x_wconf 89' lang='lat' dir='ltr'><strong>ideo</strong></span> <span class='ocrx_word' id='word_1_733' title='bbox 3141 3960 3242 4024; x_wconf 91' lang='lat' dir='ltr'><strong>vis,</strong></span> <span class='ocrx_word' id='word_1_734' title='bbox 3275 3965 3332 4012; x_wconf 89' lang='lat' dir='ltr'><strong>ut</strong></span> <span class='ocrx_word' id='word_1_735' title='bbox 3370 3957 3450 4011; x_wconf 90' lang='lat' dir='ltr'><strong>eis</strong></span> 
     </span>
    </p>
   </div>
   <div class='ocr_carea' id='block_1_102' title="bbox 1859 4046 3447 4127">
    <p class='ocr_par' dir='ltr' id='par_1_102' title="bbox 1859 4046 3447 4127">
     <span class='ocr_line' id='line_1_102' title="bbox 1859 4046 3447 4127; baseline -0.006 -16"><span class='ocrx_word' id='word_1_736' title='bbox 1859 4057 2035 4127; x_wconf 90' lang='lat' dir='ltr'><strong>prosis</strong></span> <span class='ocrx_word' id='word_1_737' title='bbox 2061 4055 2127 4109; x_wconf 89' lang='lat' dir='ltr'><strong>ad</strong></span> <span class='ocrx_word' id='word_1_738' title='bbox 2153 4054 2481 4125; x_wconf 89' lang='lat' dir='ltr'><strong>diligendum</strong></span> <span class='ocrx_word' id='word_1_739' title='bbox 2515 4056 2708 4117; x_wconf 89' lang='lat' dir='ltr'><strong>Deum;</strong></span> <span class='ocrx_word' id='word_1_740' title='bbox 2737 4069 2843 4107; x_wconf 90' lang='lat' dir='ltr'><strong>non</strong></span> <span class='ocrx_word' id='word_1_741' title='bbox 2867 4052 2977 4121; x_wconf 84' lang='lat' dir='ltr'><strong>jam</strong></span> <span class='ocrx_word' id='word_1_742' title='bbox 3001 4049 3124 4115; x_wconf 90' lang='lat' dir='ltr'><strong>hoc,</strong></span> <span class='ocrx_word' id='word_1_743' title='bbox 3171 4048 3264 4104; x_wconf 86' lang='lat' dir='ltr'><strong>sed</strong></span> <span class='ocrx_word' id='word_1_744' title='bbox 3304 4046 3447 4102; x_wconf 87' lang='lat' dir='ltr'><strong>aliud</strong></span> 
     </span>
    </p>
   </div>
   <div class='ocr_carea' id='block_1_103' title="bbox 1858 4140 3450 4217">
    <p class='ocr_par' dir='ltr' id='par_1_103' title="bbox 1858 4140 3450 4217">
     <span class='ocr_line' id='line_1_103' title="bbox 1858 4140 3450 4217; baseline -0.004 -15"><span class='ocrx_word' id='word_1_745' title='bbox 1858 4148 2027 4217; x_wconf 89' lang='lat' dir='ltr'><strong>cupis.</strong></span> <span class='ocrx_word' id='word_1_746' title='bbox 2052 4146 2154 4215; x_wconf 90' lang='lat' dir='ltr'><strong>Qui</strong></span> <span class='ocrx_word' id='word_1_747' title='bbox 2183 4155 2362 4201; x_wconf 88' lang='lat' dir='ltr'><strong>autem</strong></span> <span class='ocrx_word' id='word_1_748' title='bbox 2393 4147 2609 4216; x_wconf 88' lang='lat' dir='ltr'><strong>placere</strong></span> <span class='ocrx_word' id='word_1_749' title='bbox 2646 4145 2814 4214; x_wconf 91' lang='lat' dir='ltr'><strong>cupit,</strong></span> <span class='ocrx_word' id='word_1_750' title='bbox 2868 4143 3230 4200; x_wconf 87' lang='lat' dir='ltr'><strong>necessarium</strong></span> <span class='ocrx_word' id='word_1_751' title='bbox 3275 4140 3450 4196; x_wconf 88' lang='lat' dir='ltr'><strong>adhuc</strong></span> 
     </span>
    </p>
   </div>
   <div class='ocr_carea' id='block_1_104' title="bbox 1860 4233 3449 4308">
    <p class='ocr_par' dir='ltr' id='par_1_104' title="bbox 1860 4233 3449 4308">
     <span class='ocr_line' id='line_1_104' title="bbox 1860 4233 3449 4308; baseline -0.003 -15"><span class='ocrx_word' id='word_1_752' title='bbox 1860 4239 2020 4294; x_wconf 90' lang='lat' dir='ltr'><strong>habet</strong></span> <span class='ocrx_word' id='word_1_753' title='bbox 2042 4241 2289 4293; x_wconf 88' lang='lat' dir='ltr'><strong>timorem</strong></span> <span class='ocrx_word' id='word_1_754' title='bbox 2322 4257 2334 4292; x_wconf 90' lang='lat'>:</span> <span class='ocrx_word' id='word_1_755' title='bbox 2363 4239 2619 4308; x_wconf 89' lang='lat' dir='ltr'><strong>primum,</strong></span> <span class='ocrx_word' id='word_1_756' title='bbox 2665 4253 2732 4292; x_wconf 93' lang='lat' dir='ltr'><strong>ne</strong></span> <span class='ocrx_word' id='word_1_757' title='bbox 2762 4236 2968 4291; x_wconf 89' lang='lat' dir='ltr'><strong>occulte</strong></span> <span class='ocrx_word' id='word_1_758' title='bbox 2999 4234 3274 4306; x_wconf 89' lang='lat' dir='ltr'><strong>peccando</strong></span> <span class='ocrx_word' id='word_1_759' title='bbox 3309 4233 3449 4288; x_wconf 85' lang='lat' dir='ltr'><strong>inter</strong></span> 
     </span>
    </p>
   </div>
   <div class='ocr_carea' id='block_1_105' title="bbox 1859 4326 3443 4400">
    <p class='ocr_par' dir='ltr' id='par_1_105' title="bbox 1859 4326 3443 4400">
     <span class='ocr_line' id='line_1_105' title="bbox 1859 4326 3443 4400; baseline -0.004 -16"><span class='ocrx_word' id='word_1_760' title='bbox 1859 4329 2165 4400; x_wconf 84' lang='lat' dir='ltr'><strong>hypocritas</strong></span> <span class='ocrx_word' id='word_1_761' title='bbox 2213 4346 2244 4384; x_wconf 90' lang='lat' dir='ltr'><strong>a</strong></span> <span class='ocrx_word' id='word_1_762' title='bbox 2283 4329 2510 4384; x_wconf 90' lang='lat' dir='ltr'><strong>Domino</strong></span> <span class='ocrx_word' id='word_1_763' title='bbox 2548 4337 2907 4398; x_wconf 87' lang='lat' dir='ltr'><strong>computetur;</strong></span> <span class='ocrx_word' id='word_1_764' title='bbox 2945 4326 3159 4395; x_wconf 87' lang='lat' dir='ltr'><strong>deinde,</strong></span> <span class='ocrx_word' id='word_1_765' title='bbox 3202 4326 3245 4380; x_wconf 91' lang='lat' dir='ltr'><strong>si</strong></span> <span class='ocrx_word' id='word_1_766' title='bbox 3276 4326 3443 4381; x_wconf 86' lang='lat' dir='ltr'><strong>benc-</strong></span> 
     </span>
    </p>
   </div>
   <div class='ocr_carea' id='block_1_106' title="bbox 1857 4418 3447 4492">
    <p class='ocr_par' dir='ltr' id='par_1_106' title="bbox 1857 4418 3447 4492">
     <span class='ocr_line' id='line_1_106' title="bbox 1857 4418 3447 4492; baseline -0.003 -13"><span class='ocrx_word' id='word_1_767' title='bbox 1857 4423 2008 4479; x_wconf 87' lang='lat' dir='ltr'><strong>factis</strong></span> <span class='ocrx_word' id='word_1_768' title='bbox 2034 4422 2247 4492; x_wconf 90' lang='lat' dir='ltr'><strong>placere</strong></span> <span class='ocrx_word' id='word_1_769' title='bbox 2290 4421 2508 4492; x_wconf 86' lang='lat' dir='ltr'><strong>appetit,</strong></span> <span class='ocrx_word' id='word_1_770' title='bbox 2559 4436 2625 4475; x_wconf 90' lang='lat' dir='ltr'><strong>ne</strong></span> <span class='ocrx_word' id='word_1_771' title='bbox 2665 4419 2804 4475; x_wconf 91' lang='lat' dir='ltr'><strong>hanc</strong></span> <span class='ocrx_word' id='word_1_772' title='bbox 2832 4418 3136 4474; x_wconf 89' lang='lat' dir='ltr'><strong>mercedem</strong></span> <span class='ocrx_word' id='word_1_773' title='bbox 3175 4431 3447 4488; x_wconf 85' lang='lat' dir='ltr'><strong>aucupans</strong></span> 
     </span>
    </p>
   </div>
   <div class='ocr_carea' id='block_1_107' title="bbox 1857 4513 2749 4586">
    <p class='ocr_par' dir='ltr' id='par_1_107' title="bbox 1857 4513 2749 4586">
     <span class='ocr_line' id='line_1_107' title="bbox 1857 4513 2749 4586; baseline -0.004 -16"><span class='ocrx_word' id='word_1_774' title='bbox 1857 4515 2045 4586; x_wconf 90' lang='lat' dir='ltr'><strong>perdat</strong></span> <span class='ocrx_word' id='word_1_775' title='bbox 2065 4513 2206 4584; x_wconf 92' lang='lat' dir='ltr'><strong>quod</strong></span> <span class='ocrx_word' id='word_1_776' title='bbox 2226 4513 2448 4568; x_wconf 89' lang='lat' dir='ltr'><strong>daturus</strong></span> <span class='ocrx_word' id='word_1_777' title='bbox 2473 4521 2556 4568; x_wconf 88' lang='lat' dir='ltr'><strong>est</strong></span> <span class='ocrx_word' id='word_1_778' title='bbox 2587 4513 2749 4567; x_wconf 89' lang='lat' dir='ltr'><strong>Deus.</strong></span> 
     </span>
    </p>
   </div>
   <div class='ocr_carea' id='block_1_108' title="bbox 1928 4603 3444 4675">
    <p class='ocr_par' dir='ltr' id='par_1_108' title="bbox 1928 4603 3444 4675">
     <span class='ocr_line' id='line_1_108' title="bbox 1928 4603 3444 4675; baseline -0.003 -12"><span class='ocrx_word' id='word_1_779' title='bbox 1928 4609 1982 4663; x_wconf 74' lang='grc'><strong>4.</strong></span> <span class='ocrx_word' id='word_1_780' title='bbox 2012 4607 2119 4663; x_wconf 89' lang='lat' dir='ltr'><strong>Sed</strong></span> <span class='ocrx_word' id='word_1_781' title='bbox 2145 4607 2349 4662; x_wconf 90' lang='lat' dir='ltr'><strong>devicta</strong></span> <span class='ocrx_word' id='word_1_782' title='bbox 2395 4608 2493 4661; x_wconf 88' lang='lat' dir='ltr'><strong>ista</strong></span> <span class='ocrx_word' id='word_1_783' title='bbox 2546 4606 2858 4675; x_wconf 86' lang='lat' dir='ltr'><strong>cupiditate,</strong></span> <span class='ocrx_word' id='word_1_784' title='bbox 2903 4603 3144 4660; x_wconf 89' lang='lat' dir='ltr'><strong>cavenda</strong></span> <span class='ocrx_word' id='word_1_785' title='bbox 3195 4603 3444 4673; x_wconf 83' lang='lat' dir='ltr'><strong>superbia</strong></span> 
     </span>
    </p>
   </div>
   <div class='ocr_carea' id='block_1_109' title="bbox 1857 4694 3446 4766">
    <p class='ocr_par' dir='ltr' id='par_1_109' title="bbox 1857 4694 3446 4766">
     <span class='ocr_line' id='line_1_109' title="bbox 1857 4694 3446 4766; baseline -0.004 -12"><span class='ocrx_word' id='word_1_786' title='bbox 1857 4707 1957 4754; x_wconf 88' lang='lat' dir='ltr'><strong>est.</strong></span> <span class='ocrx_word' id='word_1_787' title='bbox 1993 4697 2220 4752; x_wconf 79' lang='lat' dir='ltr'><strong>Difﬁcile</strong></span> <span class='ocrx_word' id='word_1_788' title='bbox 2251 4696 2491 4752; x_wconf 89' lang='lat' dir='ltr'><strong>estenim</strong></span> <span class='ocrx_word' id='word_1_789' title='bbox 2518 4706 2576 4751; x_wconf 92' lang='lat' dir='ltr'><strong>ut</strong></span> <span class='ocrx_word' id='word_1_790' title='bbox 2605 4696 2854 4766; x_wconf 86' lang='lat' dir='ltr'><strong>dignetur</strong></span> <span class='ocrx_word' id='word_1_791' title='bbox 2881 4694 3179 4751; x_wconf 88' lang='lat' dir='ltr'><strong>consociari</strong></span> <span class='ocrx_word' id='word_1_792' title='bbox 3212 4694 3446 4749; x_wconf 87' lang='lat' dir='ltr'><strong>homini-</strong></span> 
     </span>
    </p>
   </div>
   <div class='ocr_carea' id='block_1_110' title="bbox 1858 4788 3447 4861">
    <p class='ocr_par' dir='ltr' id='par_1_110' title="bbox 1858 4788 3447 4861">
     <span class='ocr_line' id='line_1_110' title="bbox 1858 4788 3447 4861; baseline -0.002 -15"><span class='ocrx_word' id='word_1_793' title='bbox 1858 4790 1975 4857; x_wconf 89' lang='lat' dir='ltr'><strong>bus,</strong></span> <span class='ocrx_word' id='word_1_794' title='bbox 2000 4790 2091 4861; x_wconf 92' lang='lat' dir='ltr'><strong>qui</strong></span> <span class='ocrx_word' id='word_1_795' title='bbox 2117 4790 2195 4845; x_wconf 89' lang='lat' dir='ltr'><strong>eis</strong></span> <span class='ocrx_word' id='word_1_796' title='bbox 2216 4790 2425 4861; x_wconf 89' lang='lat' dir='ltr'><strong>placere</strong></span> <span class='ocrx_word' id='word_1_797' title='bbox 2459 4789 2569 4859; x_wconf 88' lang='lat' dir='ltr'><strong>jam</strong></span> <span class='ocrx_word' id='word_1_798' title='bbox 2602 4805 2708 4844; x_wconf 92' lang='lat' dir='ltr'><strong>non</strong></span> <span class='ocrx_word' id='word_1_799' title='bbox 2734 4788 3023 4854; x_wconf 86' lang='lat' dir='ltr'><strong>desiderat,</strong></span> <span class='ocrx_word' id='word_1_800' title='bbox 3051 4797 3107 4844; x_wconf 90' lang='lat' dir='ltr'><strong>et</strong></span> <span class='ocrx_word' id='word_1_801' title='bbox 3147 4789 3360 4858; x_wconf 89' lang='lat' dir='ltr'><strong>plenum</strong></span> <span class='ocrx_word' id='word_1_802' title='bbox 3387 4801 3447 4843; x_wconf 89' lang='lat' dir='ltr'><strong>se</strong></span> 
     </span>
    </p>
   </div>
   <div class='ocr_carea' id='block_1_111' title="bbox 1858 4878 3442 4950">
    <p class='ocr_par' dir='ltr' id='par_1_111' title="bbox 1858 4878 3442 4950">
     <span class='ocr_line' id='line_1_111' title="bbox 1858 4878 3442 4950; baseline -0.001 -17"><span class='ocrx_word' id='word_1_803' title='bbox 1858 4881 2140 4936; x_wconf 80' lang='lat' dir='ltr'><strong>virtutibus</strong></span> <span class='ocrx_word' id='word_1_804' title='bbox 2169 4888 2336 4950; x_wconf 89' lang='lat' dir='ltr'><strong>putat.</strong></span> <span class='ocrx_word' id='word_1_805' title='bbox 2366 4878 2551 4950; x_wconf 88' lang='lat' dir='ltr'><strong>Itaque</strong></span> <span class='ocrx_word' id='word_1_806' title='bbox 2579 4879 2760 4934; x_wconf 88' lang='lat' dir='ltr'><strong>adhuc</strong></span> <span class='ocrx_word' id='word_1_807' title='bbox 2787 4880 3124 4936; x_wconf 87' lang='lat' dir='ltr'><strong>necessarius</strong></span> <span class='ocrx_word' id='word_1_808' title='bbox 3150 4889 3232 4934; x_wconf 90' lang='lat' dir='ltr'><strong>est</strong></span> <span class='ocrx_word' id='word_1_809' title='bbox 3263 4880 3442 4943; x_wconf 85' lang='lat' dir='ltr'><strong>timor,</strong></span> 
     </span>
    </p>
   </div>
   <div class='ocr_carea' id='block_1_112' title="bbox 1857 4968 3446 5041">
    <p class='ocr_par' dir='ltr' id='par_1_112' title="bbox 1857 4968 3446 5041">
     <span class='ocr_line' id='line_1_112' title="bbox 1857 4968 3446 5041; baseline -0.005 -12"><span class='ocrx_word' id='word_1_810' title='bbox 1857 4989 1925 5030; x_wconf 88' lang='lat' dir='ltr'><strong>ne</strong></span> <span class='ocrx_word' id='word_1_811' title='bbox 1947 4972 2075 5028; x_wconf 90' lang='lat' dir='ltr'><strong>illud</strong></span> <span class='ocrx_word' id='word_1_812' title='bbox 2103 4973 2262 5026; x_wconf 88' lang='lat' dir='ltr'><strong>etiam</strong></span> <span class='ocrx_word' id='word_1_813' title='bbox 2293 4971 2433 5041; x_wconf 91' lang='lat' dir='ltr'><strong>quod</strong></span> <span class='ocrx_word' id='word_1_814' title='bbox 2463 4971 2679 5026; x_wconf 90' lang='lat' dir='ltr'><strong>videtur</strong></span> <span class='ocrx_word' id='word_1_815' title='bbox 2709 4971 2928 5036; x_wconf 87' lang='lat' dir='ltr'><strong>habere,</strong></span> <span class='ocrx_word' id='word_1_816' title='bbox 2961 4971 3234 5026; x_wconf 81' lang='lat' dir='ltr'><strong>auferatur</strong></span> <span class='ocrx_word' id='word_1_817' title='bbox 3271 4968 3339 5022; x_wconf 89' lang='lat' dir='ltr'><strong>ab</strong></span> <span class='ocrx_word' id='word_1_818' title='bbox 3377 4982 3446 5022; x_wconf 89' lang='lat' dir='ltr'><strong>eo</strong></span> 
     </span>
    </p>
   </div>
   <div class='ocr_carea' id='block_1_113' title="bbox 1858 5060 3445 5142">
    <p class='ocr_par' dir='ltr' id='par_1_113' title="bbox 1858 5060 3445 5142">
     <span class='ocr_line' id='line_1_113' title="bbox 1858 5060 3445 5142; baseline -0.005 -21"><span class='ocrx_word' id='word_1_819' title='bbox 1858 5067 2071 5142; x_wconf 80' lang='lat' dir='ltr'><strong>(Matth.</strong></span> <span class='ocrx_word' id='word_1_820' title='bbox 2101 5082 2224 5132; x_wconf 87' lang='lat' dir='ltr'><strong>xxv,</strong></span> <span class='ocrx_word' id='word_1_821' title='bbox 2256 5065 2373 5136; x_wconf 71' lang='lat'><strong>29);</strong></span> <span class='ocrx_word' id='word_1_822' title='bbox 2403 5073 2457 5121; x_wconf 91' lang='lat' dir='ltr'><strong>et</strong></span> <span class='ocrx_word' id='word_1_823' title='bbox 2482 5066 2734 5121; x_wconf 85' lang='lat' dir='ltr'><strong>manibus</strong></span> <span class='ocrx_word' id='word_1_824' title='bbox 2761 5080 2826 5120; x_wconf 90' lang='lat' dir='ltr'><strong>ac</strong></span> <span class='ocrx_word' id='word_1_825' title='bbox 2871 5064 3094 5136; x_wconf 89' lang='lat' dir='ltr'><strong>pedibus</strong></span> <span class='ocrx_word' id='word_1_826' title='bbox 3125 5062 3297 5131; x_wconf 85' lang='lat' dir='ltr'><strong>ligatis</strong></span> <span class='ocrx_word' id='word_1_827' title='bbox 3319 5060 3445 5115; x_wconf 83' lang='lat' dir='ltr'><strong>mit—</strong></span> 
     </span>
    </p>
   </div>
   <div class='ocr_carea' id='block_1_114' title="bbox 1857 5152 3448 5229">
    <p class='ocr_par' dir='ltr' id='par_1_114' title="bbox 1857 5152 3448 5229">
     <span class='ocr_line' id='line_1_114' title="bbox 1857 5152 3448 5229; baseline -0.006 -14"><span class='ocrx_word' id='word_1_828' title='bbox 1857 5168 1997 5215; x_wconf 90' lang='lat' dir='ltr'><strong>tatur</strong></span> <span class='ocrx_word' id='word_1_829' title='bbox 2034 5158 2087 5212; x_wconf 92' lang='lat' dir='ltr'><strong>in</strong></span> <span class='ocrx_word' id='word_1_830' title='bbox 2134 5157 2384 5213; x_wconf 88' lang='lat' dir='ltr'><strong>tenebras</strong></span> <span class='ocrx_word' id='word_1_831' title='bbox 2427 5157 2728 5212; x_wconf 89' lang='lat' dir='ltr'><strong>exteriores</strong></span> <span class='ocrx_word' id='word_1_832' title='bbox 2773 5154 2884 5229; x_wconf 88' lang='lat' dir='ltr'><strong>(Id.</strong></span> <span class='ocrx_word' id='word_1_833' title='bbox 2909 5154 3166 5221; x_wconf 75' lang='lat' dir='ltr'><strong>xxu,l3).</strong></span> <span class='ocrx_word' id='word_1_834' title='bbox 3213 5152 3448 5222; x_wconf 86' lang='lat' dir='ltr'><strong>Quapro-</strong></span> 
     </span>
    </p>
   </div>
   <div class='ocr_carea' id='block_1_115' title="bbox 1855 5242 3448 5322">
    <p class='ocr_par' dir='ltr' id='par_1_115' title="bbox 1855 5242 3448 5322">
     <span class='ocr_line' id='line_1_115' title="bbox 1855 5242 3448 5322; baseline -0.004 -18"><span class='ocrx_word' id='word_1_835' title='bbox 1855 5261 1973 5322; x_wconf 88' lang='lat' dir='ltr'><strong>pter</strong></span> <span class='ocrx_word' id='word_1_836' title='bbox 1996 5248 2088 5304; x_wconf 91' lang='lat' dir='ltr'><strong>Dei</strong></span> <span class='ocrx_word' id='word_1_837' title='bbox 2115 5249 2277 5304; x_wconf 90' lang='lat' dir='ltr'><strong>timor</strong></span> <span class='ocrx_word' id='word_1_838' title='bbox 2297 5263 2403 5304; x_wconf 91' lang='lat' dir='ltr'><strong>non</strong></span> <span class='ocrx_word' id='word_1_839' title='bbox 2445 5248 2619 5304; x_wconf 90' lang='lat' dir='ltr'><strong>solum</strong></span> <span class='ocrx_word' id='word_1_840' title='bbox 2648 5248 2883 5313; x_wconf 91' lang='lat' dir='ltr'><strong>inchoat,</strong></span> <span class='ocrx_word' id='word_1_841' title='bbox 2911 5245 3004 5300; x_wconf 92' lang='lat' dir='ltr'><strong>sed</strong></span> <span class='ocrx_word' id='word_1_842' title='bbox 3053 5244 3210 5298; x_wconf 89' lang='lat' dir='ltr'><strong>etiam</strong></span> <span class='ocrx_word' id='word_1_843' title='bbox 3237 5242 3448 5312; x_wconf 86' lang='lat' dir='ltr'><strong>perlicit</strong></span> 
     </span>
    </p>
   </div>
   <div class='ocr_carea' id='block_1_116' title="bbox 1855 5335 3446 5413">
    <p class='ocr_par' dir='ltr' id='par_1_116' title="bbox 1855 5335 3446 5413">
     <span class='ocr_line' id='line_1_116' title="bbox 1855 5335 3446 5413; baseline -0.004 -15"><span class='ocrx_word' id='word_1_844' title='bbox 1855 5343 2169 5413; x_wconf 88' lang='lat' dir='ltr'><strong>sapientem.</strong></span> <span class='ocrx_word' id='word_1_845' title='bbox 2197 5341 2247 5397; x_wconf 88' lang='lat' dir='ltr'><strong>Is</strong></span> <span class='ocrx_word' id='word_1_846' title='bbox 2273 5351 2355 5398; x_wconf 90' lang='lat' dir='ltr'><strong>est</strong></span> <span class='ocrx_word' id='word_1_847' title='bbox 2380 5350 2564 5397; x_wconf 91' lang='lat' dir='ltr'><strong>autem</strong></span> <span class='ocrx_word' id='word_1_848' title='bbox 2607 5342 2697 5412; x_wconf 91' lang='lat' dir='ltr'><strong>qui</strong></span> <span class='ocrx_word' id='word_1_849' title='bbox 2724 5353 2932 5395; x_wconf 91' lang='lat' dir='ltr'><strong>summe</strong></span> <span class='ocrx_word' id='word_1_850' title='bbox 2959 5335 3130 5406; x_wconf 89' lang='lat' dir='ltr'><strong>diligit</strong></span> <span class='ocrx_word' id='word_1_851' title='bbox 3170 5336 3358 5401; x_wconf 87' lang='lat' dir='ltr'><strong>Deum,</strong></span> <span class='ocrx_word' id='word_1_852' title='bbox 3392 5343 3446 5392; x_wconf 88' lang='lat' dir='ltr'><strong>et</strong></span> 
     </span>
    </p>
   </div>
   <div class='ocr_carea' id='block_1_117' title="bbox 1855 5429 3444 5508">
    <p class='ocr_par' dir='ltr' id='par_1_117' title="bbox 1855 5429 3444 5508">
     <span class='ocr_line' id='line_1_117' title="bbox 1855 5429 3444 5508; baseline -0.004 -19"><span class='ocrx_word' id='word_1_853' title='bbox 1855 5434 2156 5506; x_wconf 89' lang='lat' dir='ltr'><strong>proximum</strong></span> <span class='ocrx_word' id='word_1_854' title='bbox 2184 5443 2434 5508; x_wconf 88' lang='lat' dir='ltr'><strong>tanquam</strong></span> <span class='ocrx_word' id='word_1_855' title='bbox 2459 5450 2518 5491; x_wconf 87' lang='lat' dir='ltr'><strong>se</strong></span> <span class='ocrx_word' id='word_1_856' title='bbox 2546 5435 2740 5505; x_wconf 89' lang='lat' dir='ltr'><strong>ipsum.</strong></span> <span class='ocrx_word' id='word_1_857' title='bbox 2771 5432 2902 5501; x_wconf 68' lang='lat' dir='ltr'><strong>Quae</strong></span> <span class='ocrx_word' id='word_1_858' title='bbox 2921 5441 3103 5499; x_wconf 84' lang='lat' dir='ltr'><strong>autem</strong></span> <span class='ocrx_word' id='word_1_859' title='bbox 3145 5430 3200 5486; x_wconf 93' lang='lat' dir='ltr'><strong>in</strong></span> <span class='ocrx_word' id='word_1_860' title='bbox 3231 5430 3332 5486; x_wconf 88' lang='lat' dir='ltr'><strong>hoc</strong></span> <span class='ocrx_word' id='word_1_861' title='bbox 3353 5429 3444 5484; x_wconf 79' lang='lat' dir='ltr'><strong>iti-</strong></span> 
     </span>
    </p>
   </div>
   <div class='ocr_carea' id='block_1_118' title="bbox 1920 5622 3445 5692">
    <p class='ocr_par' dir='ltr' id='par_1_118' title="bbox 1920 5622 3445 5692">
     <span class='ocr_line' id='line_1_118' title="bbox 1920 5622 3445 5692; baseline -0.005 -15"><span class='ocrx_word' id='word_1_862' title='bbox 1920 5630 1935 5661; x_wconf 76' lang='grc' dir='ltr'><strong><em>ι</em></strong></span> <span class='ocrx_word' id='word_1_863' title='bbox 1957 5630 2194 5692; x_wconf 76' lang='lat' dir='ltr'><strong>Eugypius</strong></span> <span class='ocrx_word' id='word_1_864' title='bbox 2215 5631 2263 5677; x_wconf 91' lang='lat' dir='ltr'><strong>in</strong></span> <span class='ocrx_word' id='word_1_865' title='bbox 2287 5630 2475 5692; x_wconf 84' lang='lat' dir='ltr'><strong>duobus</strong></span> <span class='ocrx_word' id='word_1_866' title='bbox 2498 5635 2626 5692; x_wconf 41' lang='lat' dir='ltr'><strong>ipse,</strong></span> <span class='ocrx_word' id='word_1_867' title='bbox 2657 5623 2934 5692; x_wconf 70' lang='lat' dir='ltr'><strong>exemptum</strong></span> <span class='ocrx_word' id='word_1_868' title='bbox 2953 5622 3145 5692; x_wconf 66' lang='lat' dir='ltr'><strong>Domini</strong></span> <span class='ocrx_word' id='word_1_869' title='bbox 3176 5634 3445 5692; x_wconf 69' lang='lat' dir='ltr'><strong>promum-</strong></span> 
     </span>
    </p>
   </div>
   <div class='ocr_carea' id='block_1_119' title="bbox 1855 5685 3440 5752">
    <p class='ocr_par' dir='ltr' id='par_1_119' title="bbox 1855 5685 3440 5752">
     <span class='ocr_line' id='line_1_119' title="bbox 1855 5685 3440 5752; baseline -0.007 -11"><span class='ocrx_word' id='word_1_870' title='bbox 1855 5691 1970 5741; x_wconf 85' lang='lat' dir='ltr'><strong>dum</strong></span> <span class='ocrx_word' id='word_1_871' title='bbox 1993 5685 2102 5740; x_wconf 59' lang='lat' dir='ltr'><strong>est}</strong></span> <span class='ocrx_word' id='word_1_872' title='bbox 2127 5690 2232 5740; x_wconf 87' lang='lat' dir='ltr'><strong>loco</strong></span> <span class='ocrx_word' id='word_1_873' title='bbox 2254 5691 2438 5738; x_wconf 84' lang='lat' dir='ltr'><strong>scilicet</strong></span> <span class='ocrx_word' id='word_1_874' title='bbox 2461 5689 2519 5736; x_wconf 90' lang='lat' dir='ltr'><strong>ad</strong></span> <span class='ocrx_word' id='word_1_875' title='bbox 2546 5685 2629 5737; x_wconf 81' lang='lat' dir='ltr'><strong>lib.</strong></span> <span class='ocrx_word' id='word_1_876' title='bbox 2652 5689 2675 5736; x_wconf 87' lang='lat' dir='ltr'><strong>l</strong></span> <span class='ocrx_word' id='word_1_877' title='bbox 2691 5685 2912 5752; x_wconf 65' lang='lat' dir='ltr'><strong>lietract.</strong></span> <span class='ocrx_word' id='word_1_878' title='bbox 2933 5702 3038 5752; x_wconf 81' lang='lat' dir='ltr'><strong>cap.</strong></span> <span class='ocrx_word' id='word_1_879' title='bbox 3060 5686 3135 5748; x_wconf 78' lang='grc'><strong>19,</strong></span> <span class='ocrx_word' id='word_1_880' title='bbox 3163 5685 3440 5752; x_wconf 60' lang='lat' dir='ltr'><strong>emendate;</strong></span> 
     </span>
    </p>
   </div>
   <div class='ocr_carea' id='block_1_120' title="bbox 1855 5746 3444 5813">
    <p class='ocr_par' dir='ltr' id='par_1_120' title="bbox 1855 5746 3444 5813">
     <span class='ocr_line' id='line_1_120' title="bbox 1855 5746 3444 5813; baseline -0.001 -10"><span class='ocrx_word' id='word_1_881' title='bbox 1855 5755 1937 5803; x_wconf 86' lang='lat' dir='ltr'><strong>ubi</strong></span> <span class='ocrx_word' id='word_1_882' title='bbox 1969 5755 2262 5813; x_wconf 75' lang='lat' dir='ltr'><strong>Augustinus</strong></span> <span class='ocrx_word' id='word_1_883' title='bbox 2282 5752 2516 5800; x_wconf 81' lang='lat' dir='ltr'><strong>Christum</strong></span> <span class='ocrx_word' id='word_1_884' title='bbox 2533 5763 2561 5798; x_wconf 89' lang='lat' dir='ltr'><strong>a</strong></span> <span class='ocrx_word' id='word_1_885' title='bbox 2583 5763 2641 5802; x_wconf 88' lang='lat' dir='ltr'><strong>se</strong></span> <span class='ocrx_word' id='word_1_886' title='bbox 2659 5749 2918 5813; x_wconf 83' lang='lat' dir='ltr'><strong>aliquando</strong></span> <span class='ocrx_word' id='word_1_887' title='bbox 3148 5760 3263 5798; x_wconf 77' lang='lat' dir='ltr'><strong>esse</strong></span> <span class='ocrx_word' id='word_1_888' title='bbox 3286 5746 3444 5802; x_wconf 76' lang='grc' dir='ltr'>ιιοωι-</span> 
     </span>
    </p>
   </div>
   <div class='ocr_carea' id='block_1_121' title="bbox 1855 5815 2610 5874">
    <p class='ocr_par' dir='ltr' id='par_1_121' title="bbox 1855 5815 2610 5874">
     <span class='ocr_line' id='line_1_121' title="bbox 1855 5815 2610 5874; baseline 0 -10"><span class='ocrx_word' id='word_1_889' title='bbox 1855 5829 1966 5866; x_wconf 87' lang='lat' dir='ltr'><strong>nem</strong></span> <span class='ocrx_word' id='word_1_890' title='bbox 1991 5815 2282 5864; x_wconf 88' lang='lat' dir='ltr'><strong>Domiuicum</strong></span> <span class='ocrx_word' id='word_1_891' title='bbox 2307 5827 2399 5862; x_wconf 91' lang='lat' dir='ltr'><strong>non</strong></span> <span class='ocrx_word' id='word_1_892' title='bbox 2425 5815 2610 5874; x_wconf 80' lang='lat' dir='ltr'><strong>prohat.</strong></span> 
     </span>
    </p>
   </div>
  </div>
