4000 6336
514 289 590 359 π
1295 272 1385 331 ne
1415 264 1727 329 DIVERSIS
1760 254 2287 330 QUES'EIONIpUS
2324 253 2612 335 Lxxxut,
2654 252 2712 310 s.
2752 250 3116 312 AUGUSTINI
3716 250 3786 314 π

518 417 645 459 nere
663 398 894 473 pericula
914 392 1357 469 difficultatesque
1394 383 1695 473 metuendae
1733 381 1868 445 sint,
1901 384 1956 449 et
1978 374 2098 444 qui-

515 496 616 551 bus
638 472 893 550 remediis
918 482 992 545 uti
1020 474 1284 557 op‘orteai,
1308 482 1407 535 alia
1439 472 1662 559 quaestio
1688 476 1797 535 est.

926 574 1191 637 XXXVII.
1225 568 1300 628 De
1321 584 1515 641 semper
1540 574 1678 622 nato.

588 664 774 737 Melior
794 682 876 730 est
900 686 1113 741 semper
1143 670 1321 733 natus,
1351 674 1509 734 quam
1550 658 1639 731 qu’i
1668 666 1881 724 semper
1925 642 2100 706 nasci-

518 781 623 827 tur.
650 768 786 845 Quia
812 760 901 838 qui
926 779 1143 834 semper
1164 748 1421 823 nascitur,
1448 753 1684 810 nonduin
1712 758 1793 837 est
1828 757 2019 845 natus;
2044 746 2098 799 et

520 839 792 933 nunquam
824 870 977 916 natus
1003 860 1083 913 eat
1108 862 1197 909 aut
1230 852 1384 907 natus
1402 848 1521 913 crit,
1547 844 1589 900 'si
1612 846 1825 913 semper
1843 839 2099 933 IlaSt‘IIIll'.

526 930 685 1012 Aliud
711 965 795 1011 est
815 953 955 1011 enim
984 949 1154 1016 nasci,
1198 942 1340 1001 aliud
1385 940 1569 997 natum
1601 944 1737 993 esse.
1770 937 1847 989 Ac
1880 940 1977 1003 per
2002 930 2104 984 hoc

522 1060 792 1118 nunquam
823 1044 982 1110 Illius,
1013 1040 1056 1095 si
1091 1034 1361 1108 nunquam
1386 1038 1541 1088 natus
1570 1048 1583 1083 :
1617 1028 1756 1082 Illitts
1781 1034 1957 1079 autem
1982 1021 2104 1093 quia

527 1152 705 1207 natus,
732 1146 817 1194 est
839 1149 1050 1209 semper
1073 1128 1209 1186 filius
1235 1147 1248 1183 :
1272 1136 1485 1195 semper
1512 1122 1672 1203 igitur
1694 1126 1869 1173 natus.

782 1222 1069 1284 XXXVIII.
1101 1221 1179 1276 De
1206 1216 1606 1293 conformatione
1635 1212 1837 1277 animm.

591 1321 726 1377 Cum
751 1314 893 1373 aliud
918 1318 986 1372 sit
1012 1324 1223 1380 natura,
1266 1308 1407 1365 aliud
1444 1300 1744 1374 disciplina,
1772 1296 1916 1354 aliud
1952 1306 2102 1361 usus,

522 1421 576 1468 et
605 1412 721 1467 haec
749 1411 802 1464 in
832 1424 936 1465 una
979 1407 1153 1462 anima
1207 1400 1571 1471 intelligantur
1607 1396 1749 1451 nulla
1797 1390 2108 1448 diversitate

522 1503 872 1558 substantiae:
907 1502 1032 1555 item
1066 1512 1187 1553 cum
1217 1490 1360 1549 aliud
1400 1491 1469 1545 sit
1498 1488 1792 1560 ingenium,
1818 1482 1960 1537 aliud
1996 1481 2106 1534 vir-

528 1604 633 1655 tus,
659 1591 800 1647 aliud
846 1586 1220 1660 tranquillitas,
1263 1582 1511 1640 similiter
1560 1578 1718 1633 unius
1763 1572 2109 1647 ejusdemque

523 1685 878 1741 substantia}:
922 1692 975 1738 et
1025 1697 1144 1739 cum
1189 1678 1362 1732 anima
1407 1675 1476 1728 sit
1512 1672 1731 1727 alterius
1774 1666 2106 1728 substantim,

526 1794 684 1849 quam
718 1777 877 1838 Deus,
914 1787 1215 1846 quanquam
1246 1771 1314 1825 ab
1336 1769 1425 1823 illo
1447 1767 1603 1832 facta;
1633 1764 1747 1836 ipse
1769 1773 1944 1817 autem
1970 1761 2110 1814 Deus

525 1870 591 1923 sit
616 1868 973 1923 sacratissima
1025 1866 1136 1930 illa,
1170 1873 1222 1919 et
1266 1861 1447 1915 ‘multis
1474 1858 1659 1922 verbo,
1709 1872 1769 1912 re
1811 1854 1995 1924 paucis
2019 1866 2112 1906 co-

527 1961 670 2028 gnita
731 1956 1004 2012 Trinitas:
1038 1954 1448 2023 diligentissime
1512 1946 1938 2018 investigandum
1990 1951 2108 2010 est,

529 2048 669 2119 quod
694 2049 763 2102 ait
791 2048 1048 2102 Dominus
1073 2046 1253 2111 Jesus,
1281 2042 1445 2097 Nemo
1473 2042 1603 2095 venit
1632 2041 1699 2093 ad
1725 2056 1820 2104 me,
1846 2037 1943 2091 nisi
1964 2048 2112 2107 quem

527 2137 684 2191 Pater
711 2140 971 2191 attraxerit
1006 2137 1184 2209 (Joan.
1217 2142 1291 2200 'vt,
1322 2134 1433 2203 Iri);
1468 2142 1539 2192 et.
1572 2130 1734 2184 Nemo
1761 2131 1890 2183 venit
1918 2130 1983 2181 ad
2014 2126 2108 2179 Pa~

527 2242 672 2294 trem,
698 2232 794 2285 nisi
821 2247 909 2302 per
943 2246 1021 2282 me
1052 2227 1160 2298 (Id.
1192 2234 1299 2292 xlv,
1326 2228 1404 2293 6);
1435 2235 1509 2291 et,
1541 2222 1660 2293 Ipse
1685 2238 1770 2276 vos
1826 2223 1878 2275 in
1918 2235 2114 2274 omnem

527 2327 783 2381 veritatem
808 2324 1007 2403 inducet
1031 2321 1081 2403 (1
1088 2320 1139 2373 d.
1165 2330 1269 2386 xvi,
1295 2318 1407 2387 15),

991 2409 1231 2467 XXXIX.
1278 2409 1349 2462 De
1377 2406 1647 2461 alimentis.
2108 2480 2109 2485 ‘

599 2506 735 2577 Quid
763 2514 847 2561 est
871 2503 1012 2576 quod
1038 2503 1229 2571 accipit
1269 2515 1386 2554 eam
1423 2514 1560 2561 rem,
1589 2511 1746 2565 quam
1778 2493 2117 2550 commutat?

528 2608 587 2655 ut
630 2598 823 2654 animal
868 2597 1063 2653 cibum.
1105 2592 1240 2662 Quid
1271 2600 1353 2646 est
1380 2589 1526 2661 quod
1566 2589 1847 2659 accipitur.
1880 2596 1931 2640 et
1970 2601 2119 2641 com-

531 2691 802 2749 mutatur?
847 2698 904 2747 ut
931 2690 1069 2744 idem
1095 2687 1265 2744 cibus.
1307 2684 1443 2753 Quid
1474 2691 1554 2738 est
1579 2681 1718 2755 quod
1748 2681 2022 2750 accipitur,
2066 2687 2119 2733 ct

533 2804 636 2842 non
660 2785 1057 2842 commutatur?
1082 2794 1139 2836 ut
1163 2780 1331 2836 oculis
1356 2779 1468 2843 lux,
1497 2786 1550 2833 et
1574 2788 1736 2831 sonus
1758 2775 1990 2829 auribus.
2013 2772 2119 2828 Sed

531 2880 646 2935 lucc
676 2896 769 2950 per
809 2894 1002 2949 corpus
1040 2876 1230 2948 accipit
1260 2875 1433 2929 anima
1469 2889 1481 2925 :
1512 2870 1636 2943 quid
1665 2878 1748 2926 est
1774 2880 1947 2925 autem
1980 2867 2119 2938 quod

534 2988 628 3041 per
670 2987 726 3025 se
754 2970 922 3040 ipsam
964 2968 1173 3039 accipit,
1218 2976 1273 3023 et
1300 2973 1593 3021 ‘commutat
1638 2963 1690 3015 in
1735 2960 1835 3016 se?
1880 2969 1937 3013 ut
1965 2960 2119 3013 aliam

534 3064 785 3124 animam,
830 3078 987 3132 quam
1037 3057 1338 3128 recipiendo
1376 3058 1429 3112 in
1458 3054 1741 3110 amicitiam
1774 3052 1855 3107 sui
1898 3050 2121 3106 similem

537 3152 680 3209 facit.
722 3148 788 3206 Et
813 3150 937 3224 quid
969 3159 1053 3208 est
1090 3149 1228 3220 quod
1258 3162 1350 3218 per
1389 3156 1447 3214 se
1479 3148 1645 3215 ipsam
1674 3143 1884 3213 accipit,
1921 3152 1976 3198 et
2016 3155 2121 3196 non

534 3246 861 3298 ‘counnutat‘i
906 3242 962 3297 ut
1004 3243 1300 3298 veritatem.
1343 3240 1520 3308 Quare
1569 3236 1995 3307 cognoscendum
2042 3241 2127 3289 est

540 3345 593 3393 et
620 3338 741 3407 quid
769 3338 837 3391 sit
875 3336 1033 3391 Petro
1057 3332 1277 3398 dictum,
1312 3318 1485 3395 nacta
1522 3341 1566 3385 ct
1598 3330 1847 3383 uiantium
1872 3326 1892 3400 (
1914 3326 2025 3381 Act.
2053 3340 2086 3381 κ
2107 3367 2122 3391 ,

542 3426 646 3495 15)
673 3443 687 3489 ;
719 3436 773 3480 et
808 3424 935 3498 quid
960 3427 1013 3481 in
1055 3424 1365 3495 Evangelia,
1400 3418 1467 3476 Et
1490 3423 1591 3476 uita
1618 3429 1725 3474 erat
1754 3418 1843 3473 lux
1867 3417 2127 3471 hominum

542 3516 717 3590 (Joan.
746 3535 784 3582 1,
812 3517 895 3589 4).

545 3610 654 3664 XL.
698 3610 823 3675 Cum
873 3610 1157 3673 animarum
1204 3610 1389 3663 natura
1436 3616 1539 3661 una
1581 3606 1665 3671 sit,
1700 3604 1833 3658 unde
1871 3602 2128 3659 hominum

1058 3700 1264 3765 diversa:
1291 3697 1611 3752 voluntates?

619 3792 697 3849 Ex
764 3788 992 3855 diversis
1049 3791 1179 3847 visis
1226 3791 1467 3845 diversus
1522 3790 1786 3858 appetitus
1833 3788 2128 3842 animarum

547 3882 654 3951 est,
705 3900 770 3937 ex
816 3884 1027 3938 diverso
1063 3881 1299 3953 appetitu
1347 3879 1592 3935 diversus
1636 3878 1961 3948 adipiscendi
2009 3892 2130 3933 suc-

548 3982 750 4041 cessus,
773 3990 836 4029 ex
869 3975 1077 4029 diverso
1124 3980 1371 4027 successu
1408 3970 1614 4027 diversa
1665 3971 2013 4036 consuetudo,
2066 3981 2132 4025 ex

550 4069 759 4125 diversa
797 4067 1180 4123 consuetudine
1227 4065 1435 4121 dchrsa
1482 4075 1564 4120 est
1608 4064 1872 4119 Voluntas.
1912 4064 2133 4118 Diversa

552 4173 727 4217 autem
756 4162 866 4217 visa
908 4158 1040 4213 ordo
1084 4172 1261 4213 rerum
1290 4155 1416 4212 facit
1448 4175 1460 4210 :
1494 4159 1730 4211 occultus
1759 4154 1993 4226 quidem,
2039 4148 2134 4208 sed

553 4255 652 4311 sub
680 4253 854 4313 divina
890 4251 1218 4324 previdentia
1244 4260 1421 4305 certus
1464 4257 1660 4303 tamen.
1701 4247 1815 4302 Non
1859 4247 2036 4316 itaQue
2067 4245 2135 4300 ob

558 4347 658 4402 huc
689 4346 975 4416 putandum
1018 4353 1101 4399 est
1126 4342 1361 4411 diversas
1390 4358 1508 4398 esse
1552 4350 1766 4396 naturas
1801 4341 2097 4394 animarum
2118 4381 2133 4406 ,

558 4439 677 4507 quia
704 4437 928 4492 diversa:
970 4444 1091 4490 sunt
1121 4437 1455 4500 voluntates;
1486 4448 1606 4489 cum
1651 4435 1808 4497 etiam
1842 4431 1995 4486 unius
2020 4430 2136 4485 ani-

560 4546 660 4584 mae
687 4530 926 4593 voluntas
966 4544 1062 4598 pro
1088 4537 1387 4599 temporum
1429 4526 1734 4582 diversitate
1764 4527 2017 4580 varietur.
2050 4523 2137 4579 Si-

557 4622 769 4692 quidem
798 4622 903 4679 alio
953 4629 1192 4693 tempore
1220 4620 1365 4675 dives
1394 4637 1512 4676 esse
1552 4621 1717 4691 cupit,
1741 4620 1844 4683 alio
1876 4630 2137 4689 tempore,

558 4713 877 4783 contemptis
916 4712 1116 4767 divitiis
1146 4715 1359 4781 sapiens
1388 4727 1506 4767 esse
1527 4711 1793 4767 desiderat
1824 4732 1836 4767 :
1867 4722 1920 4775 et
1947 4712 1999 4765 in
2028 4714 2143 4781 ipso

560 4802 927 4875 temporalium
943 4805 1174 4873 appetitu
1198 4804 1299 4857 alio
1312 4804 1553 4873 tempore
1577 4803 1664 4871 uni
1687 4804 1885 4858 homini
1906 4804 2137 4878 argutia-

520 4920 521 4925 η
558 4899 655 4961 tio,
678 4882 733 4955 ct
757 4897 862 4951 alio
888 4888 1131 4966 tempore
1159 4897 1341 4959 militia
1366 4896 1560 4983 placet.

560 4988 695 5045 XLI.
718 4988 847 5045 Cum
864 4989 1032 5055 omnia
1059 4988 1189 5042 Deus
1218 4989 1408 5060 fecerit,
1438 5004 1593 5059 quare
1610 5004 1707 5042 non
1721 4988 1935 5052 aequalia
1948 4989 2139 5060 fecerit.

632 5082 765 5155 Quia
808 5082 915 5141 neu
960 5086 1135 5135 essent
1186 5079 1378 5144 omnia,
1426 5081 1467 5134 si
1516 5088 1696 5135 essent
1738 5081 1959 5150 tequalia
1995 5100 2007 5135 :
2038 5092 2147 5155 non

562 5173 703 5227 enim
745 5182 924 5229 essent
964 5173 1129 5251 multa
1176 5188 1351 5227 rerum
1394 5187 1611 5244 genera,
1644 5173 1838 5245 quibus
1865 5175 2147 5229 coniicitur

565 5267 899 5332 univcrsitas,
940 5266 1140 5343 primas
1170 5274 1224 5321 et
1251 5266 1530 5333 secundas,
1580 5275 1634 5321 ct
1680 5267 1933 5338 deinceps
1980 5276 2149 5340 usque

564 5358 631 5412 ad
682 5359 889 5413 ultimas
918 5360 1185 5413 ordinatas
1228 5358 1429 5415 habens
1476 5362 1747 5416 creaturas
1792 5379 1807 5415 :
1842 5358 1897 5415 et
1938 5364 2040 5418 hoc
2069 5371 2151 5417 est

570 5455 706 5523 quod
734 5452 947 5519 dicitur,
976 5455 1175 5509 omnia.

604 5545 762 5602 XLII.
807 5546 1069 5617 Quomodo
1108 5548 1333 5604 Christus
1361 5559 1407 5603 et
1436 5549 1488 5603 in
1516 5558 1655 5603 utero
1684 5550 1859 5603 matris
1887 5551 2041 5622 fuerit
2070 5518 2126 5605 et
2154 5519 2167 5526 ⁸

636 5730 917 5799 Quomodo
941 5731 1160 5791 verbm
1172 5641 1585 5806 hom?un
1607 5733 1710 5792 etsi
1724 5733 1873 5790 multi
1899 5733 2143 5807 audiunt,

2212 360 2379 424 totum
2410 369 2630 423 audiunt
2659 368 2866 445 singuli.

2206 452 2386 535 XLIII.
2431 462 2599 529 Quare
2624 460 2787 514 Filius
2822 459 2914 514 Dei
2940 462 2992 516 in
3033 460 3233 517 homine
3258 462 3517 534 apparuit,
3545 470 3592 518 et
3618 462 3783 535 sm.

2626 563 2705 608 tus
2733 564 2935 607 sanctus
2971 554 3025 608 in
3067 555 3340 609 columba?

2272 644 2407 713 Quia
2436 646 2522 701 iI1'e
2551 646 2713 709 venit,
2744 652 2803 700 nt
2831 644 3134 715 exemplum
3163 645 3370 701 vivendi
3398 645 3789 704 demonstrata

2206 739 2544 804 hominibus;
2570 740 2693 804 iste,
2733 747 2791 792 ut
2820 739 3015 793 donum
3042 739 3235 809 ipsum,
3268 755 3374 810 quo
3399 740 3533 795 bene
3561 741 3786 797 vivendo

2206 831 2530 899 pervenitur,
2582 825 2920 899 signiﬁcaret,
2973 832 3234 899 apparuit.
3278 829 3570 901 Utrumque
3608 841 3782 885 autem

2206 919 2483 973 visibiliter
2509 918 2699 973 factum
2724 929 2803 973 est
2830 928 3049 988 propter
3066 921 3327 987 carnales,
3354 921 3419 975 ab
3444 920 3507 974 iis
3531 937 3648 990 qua:
3670 934 3788 974 ocu-

2209 1010 2274 1065 lis
2301 1010 2568 1079 corporeis
2597 1021 2904 1076 cernuntur,
2942 1010 3006 1065 ad
3032 1024 3095 1066 ea
3127 1027 3245 1081 qua:
3273 1019 3453 1066 mente
3481 1011 3792 1080 intelligun-

2208 1110 2313 1167 tur,
2344 1112 2799 1159 sacramentorum
2831 1102 3079 1173 gradibus
3122 1103 3541 1159 transferendos.
3581 1104 3713 1158 Nam
3743 1111 3798 1158 et

2209 1194 2369 1249 verba
2395 1202 2586 1249 sonant
2609 1202 2663 1250 et
2690 1203 3001 1273 transeunt;
3034 1210 3132 1249 nec
3163 1204 3336 1251 tamen
3367 1211 3429 1249 ea
3466 1206 3587 1264 quze
3619 1196 3797 1249 verbis

2210 1286 2609 1357 signiﬁcantur,
2643 1301 2763 1341 cum
2810 1284 3009 1357 aliquid
3053 1286 3288 1342 divinum
3333 1296 3495 1358 atque
3536 1296 3798 1343 aeternum

2212 1379 2475 1449 loquendo
2508 1384 2809 1450 exponitur,
2834 1381 3082 1435 similiter
3108 1376 3403 1441 transeunt.

2210 1469 2391 1527 XLIV.
2436 1466 2604 1538 Quare
2648 1480 2783 1525 tanta
2824 1481 2937 1542 post
2983 1472 3117 1525 venit
3160 1470 3408 1526 Dominus
3448 1471 3603 1529 Iesus
3645 1471 3798 1527 Chri-

2414 1573 2541 1629 stus,
2570 1573 2736 1617 etnon
2765 1564 2817 1617 in
2842 1564 3089 1634 principio
3117 1564 3309 1635 peccati
3330 1564 3593 1619 hvmi-nis?

2282 1657 2414 1722 Quia
2443 1671 2600 1710 omne
2642 1655 2920 1725 pulchrum
2951 1671 2979 1708 a
3010 1652 3215 1710 summa
3256 1657 3653 1725 pulchritudine
3679 1666 3800 1723 est,

2214 1747 2351 1817 quod
2403 1746 2543 1803 Deus
2571 1757 2652 1802 est
2684 1764 2697 1800 :
2732 1747 3042 1816 temporalis
3070 1756 3245 1801 autem
3277 1747 3614 1816 pulchritudo
3644 1749 3804 1803 rebus

2214 1838 2592 1894 decedentibus
2632 1839 3145 1911 succedentibusque
3174 1839 3462 1908 peragitur.
3492 1838 3664 1893 liabet
3705 1854 3804 1893 au-

2218 1930 2322 1987 tem
2350 1930 2598 1986 decorem
2642 1946 2797 1985 suum
2826 1930 2876 1982 in
2908 1929 3129 1999 singulis
3158 1929 3456 1999 quibusque
3500 1930 3806 1986 hominibus

2216 2024 2419 2095 singula
2439 2039 2662 2093 quamne
2686 2034 2815 2077 tetas
2830 2023 2895 2077 ab
2918 2022 3133 2077 infantia
3161 2039 3330 2093 usque
3354 2025 3420 2078 ad
3448 2035 3801 2079 senectutem.

2218 2115 2365 2170 Sicut
2393 2131 2519 2185 ergo
2548 2114 2810 2169 absurdus
2841 2124 2942 2181 est,
2992 2116 3083 2184 qui
3108 2116 3399 2183 juvenilcm
3430 2124 3634 2170 tantum
3681 2126 3808 2172 asta-

2220 2218 2322 2263 tem
2362 2209 2519 2263 vellet
2542 2222 2662 2262 esse
2690 2208 2742 2260 in
2773 2207 2989 2261 homine
3031 2210 3359 2277 temporibus
3389 2210 3640 2272 subdito;
3676 2210 3811 2264 invi-

2219 2298 2368 2352 deret
2418 2298 2557 2351 euim
2605 2301 2816 2352 cazteris
2866 2297 3378 2366 pulchritudinibus,
3425 2300 3545 2367 qua:
3599 2300 3811 2354 ceteris

2218 2390 2459 2445 aetatibus
2483 2402 2603 2443 suas
2633 2390 2771 2443 vices
2801 2374 2958 2457 atque
2980 2389 3221 2443 ordinem
3250 2401 3439 2459 gerunt
3464 2410 3476 2444 :
3504 2392 3581 2446 sic
3605 2392 3803 2446 absur-

2219 2482 2318 2536 dus
2356 2490 2455 2543 est,
2484 2482 2572 2551 qui
2607 2483 2661 2535 in
2694 2482 2806 2551 ipso
2835 2481 3081 2534 universo
3122 2496 3319 2551 genere
3365 2478 3599 2555 humano
3644 2498 3805 2537 unam

2220 2581 2429 2628 aetatem
2452 2572 2755 2637 desiderat;
2789 2586 2909 2626 nam
2934 2580 2989 2627 et
3015 2573 3187 2642 ipsum
3207 2574 3454 2643 tanquam
3480 2589 3620 2628 unus
3648 2575 3810 2628 homo

2221 2674 2403 2720 aetates
2434 2677 2558 2718 suas
2601 2664 2725 2734 agit.
2766 2663 2876 2718 Nec
2901 2664 3138 2734 oportuit
3167 2664 3349 2718 venire
3388 2664 3651 2719 divinitus
3697 2680 3814 2718 ma-

2223 2758 2465 2827 gistrum,
2493 2756 2642 2825 cujus
2682 2755 2975 2810 imitatione
3002 2756 3053 2810 in
3086 2770 3265 2810 mores
3294 2756 3533 2825 optimos
3562 2756 3819 2812 formare-

2226 2859 2329 2916 tur,
2356 2851 2453 2904 nisi
2501 2861 2739 2918 tempore
2768 2849 3063 2917 juventutis
3112 2846 3212 2922 (a).
3255 2848 3337 2903 Ad
3367 2849 3468 2904 hoc
3501 2850 3645 2905 valet
3680 2849 3819 2919 quod

2224 2943 2511 3012 Apostolus
2555 2943 2715 3007 dicit,
2761 2944 2860 2996 sub
2908 2943 3024 3012 lege
3070 2950 3321 3013 tanquam
3372 2944 3473 2999 sub
3536 2944 3820 3015 pmdagogo

2224 3035 2471 3106 parvulos
2494 3033 2787 3088 custoditos
2815 3033 3007 3107 (Galat.
3059 3050 3139 3103 tu,
3169 3036 3265 3101 9-3,
3298 3036 3417 3107 24),
3463 3038 3640 3091 denec
3672 3038 3820 3090 veni-

2226 3136 2309 3182 ret
2331 3128 2416 3182 cui
2444 3128 2772 3193 servabatur,
2801 3129 2888 3197 qui
2920 3142 3013 3197 per
3038 3126 3332 3197 Pmphetas
3358 3131 3659 3199 promissus
3687 3137 3817 3183 erat.

2227 3219 2384 3275 Aliud
2412 3221 2551 3274 enim
2573 3231 2654 3274 est
2671 3219 2811 3290 quod
2833 3221 3006 3275 divina
3027 3221 3360 3292 providentia
3390 3223 3550 3291 quasi
3577 3221 3819 3291 privatim

2228 3327 2347 3369 cum
2368 3313 2589 3389 singuiis
2608 3313 2735 3383 agit,
2762 3312 2902 3366 aliud
2921 3312 3061 3383 quod
3090 3316 3271 3383 generi
3295 3315 3556 3369 universo
3572 3321 3821 3383 tanquam

2228 3404 2437 3475 publice
2462 3405 2692 3461 consulit
2714 3406 2757 3457 ι.
2806 3404 2938 3459 Nam
2965 3414 3017 3459 et
3042 3407 3363 3476 quicumque
3397 3406 3597 3479 singuli
3618 3405 3683 3458 ad
3708 3419 3822 3459 cer-

2232 3507 2338 3551 tam
2367 3496 2679 3566 sapientiam
2722 3505 3096 3567 pervenerunt,
3133 3497 3343 3550 nonnisi
3376 3497 3567 3552 eadem
3596 3496 3819 3555 veritate

2230 3602 2443 3659 suarum
2491 3589 2796 3659 singillatim
2851 3596 3065 3641 mtatum
3122 3588 3521 3656 opportunitate
3574 3584 3821 3641 illustrati

2231 3688 2355 3733 sunt
2383 3696 2396 3733 :
2428 3694 2459 3733 a
2487 3694 2587 3750 qua
2615 3678 2856 3741 veritate,
2888 3688 2946 3731 ut
2969 3676 3197 3749 populus
3217 3679 3430 3746 sapiens
3455 3683 3630 3745 lieret,
3657 3678 3819 3747 ipsius

2229 3772 2441 3844 generis
2466 3771 2680 3826 humani
2710 3779 3003 3840 opportuna
3028 3776 3186 3823 aetate
3214 3768 3373 3822 homo
3412 3778 3690 3839 susceptus
3716 3777 3819 3824 est.

2587 3861 2748 3917 XLV.
2788 3861 3040 3915 Aduersus
3068 3859 3465 3916 mathematicos.

2306 3958 2359 4012 I.
2397 3955 2514 4011 Non
2540 3969 2633 4009 eos
2662 3953 2999 4023 appellarunt
3027 3951 3434 4007 mathematicos
3474 3963 3706 4018 veteres,
3735 3950 3822 4021 qui

2235 4062 2377 4103 nunc
2404 4046 2772 4115 appellantur;
2808 4044 2903 4099 sed
2944 4044 3063 4098 illos
3089 4044 3179 4116 qui
3227 4053 3527 4113 temporum
3574 4055 3824 4099 numeros

2238 4148 2384 4192 motu
2409 4138 2531 4191 εωιί
2559 4152 2620 4190 ac
2664 4134 2899 4190 siderum
2946 4135 3391 4204 pervestigarunt,
3424 4135 3492 4191 de
3518 4135 3707 4206 quibus
3736 4147 3823 4186 re-

2238 4227 2473 4283 ctissime
2500 4226 2694 4280 dicitur
2731 4225 2785 4281 in
2815 4224 3104 4295 Scripturis
3133 4226 3330 4280 sancus
3362 4245 3375 4280 :
3405 4224 3603 4281 Iterum
3633 4240 3723 4277 nec
3746 4223 3827 4275 his

2239 4320 2379 4375 debet
2404 4321 2613 4391 ignosci.
2656 4318 2715 4375 Si
2744 4320 2875 4372 enim
2911 4328 3105 4373 tantum
3144 4329 3412 4390 potuerunt
3439 4324 3586 4385 scire,
3613 4328 3669 4374 ut
3707 4334 3827 4389 pos-

2240 4427 2347 4468 sent
2365 4415 2614 4467 wstimare
2642 4413 2920 4476 saxulum;
2949 4412 3199 4483 quomoda
3229 4413 3379 4483 hujus
3420 4413 3695 4475 Dominum
3729 4425 3829 4463 non

2243 4506 2443 4577 facibus
2480 4506 2769 4559 iurauerunt
2814 4504 2964 4576 (Sap.
3007 4520 3120 4572 xm,
3155 4505 3208 4569 8,
3240 4503 3336 4577 9)?
3381 4505 3528 4560 Mens
3556 4505 3698 4559 enim
3729 4501 3830 4555 Itu-

2245 4615 2399 4655 mana
2425 4599 2492 4654 de
2513 4598 2807 4653 visibiiibus
2831 4599 3096 4669 judicans,
3124 4608 3300 4668 potest
3338 4614 3627 4675 agnoscere
3652 4595 3828 4661 omni-

2244 4689 2344 4748 bus
2372 4692 2668 4746 visibilibus
2711 4706 2769 4746 se
2806 4692 2972 4761 ipsam
3003 4706 3121 4748 esse
3159 4693 3453 4747 meliorem.
3498 4694 3629 4767 Qua:
3657 4700 3832 4746 tamen

2246 4798 2366 4839 cum
2396 4785 2556 4839 etiam
2584 4794 2641 4839 'se
2681 4788 2897 4854 propter
2923 4783 3187 4857 defectum
3232 4785 3630 4855 profectumque
3662 4785 3715 4839 in
3746 4797 3835 4833 sa-

2249 4879 2442 4948 pientia
2470 4880 2661 4932 fatetur
2680 4886 2819 4941 esse,
2854 4877 3181 4939 mutabilem,
3208 4875 3407 4931 invenit
3433 4892 3590 4947 supra
3623 4890 3681 4928 sc
3717 4888 3838 4927 ease

2250 4968 2732 5025 lncommutabilem
2768 4968 3043 5021 veritatem
3077 4985 3090 5022 :
3122 4976 3278 5037 atque
3308 4969 3375 5021 ita
3409 4969 3690 5022 adluerens
3716 4972 3840 5038 post

2251 5063 2441 5134 ipsam,
2472 5064 2606 5117 sicut
2631 5061 2828 5115 dictum
2857 5069 2960 5127 est,
3012 5060 3233 5114 Adhaesit
3272 5062 3441 5115 anima
3479 5078 3591 5117 mea
3638 5069 3749 5130 post
3796 5067 3841 5109 te

2257 5134 2425 5227 (Ptol.
2456 5169 2581 5219 an,
2608 5149 2704 5224 9);
2734 5152 2884 5206 beata
2925 5152 3171 5216 eilicitur,
3202 5152 3520 5208 intrinsecus
3560 5151 3841 5207 inveniens

2252 5249 2410 5304 etiam
2437 5246 2675 5300 omnium
2696 5243 2978 5298 visibilium
3004 5241 3310 5297 Creatorem
3337 5253 3497 5312 atque
3520 5240 3801 5299 Dominum
3824 5254 3839 5303 ;

2253 5358 2357 5397 non
2385 5352 2627 5409 qumrens
2656 5336 2986 5392 extrinsecus
3014 5335 3258 5402 visibilia,
3300 5339 3540 5407 quamvis
3564 5333 3840 5392 cmlestia:

2254 5448 2371 5507 qum
2389 5442 2478 5485 aut
2493 5446 2597 5483 non
2618 5428 2976 5495 inveniuntur,
2990 5437 3081 5482 aut
3096 5443 3215 5483 cum
3237 5446 3426 5502 magno
3446 5431 3625 5486 labore
3644 5426 3841 5480 frustra

2255 5522 2615 5589 inveniuntur,
2631 5522 2732 5575 nisi
2746 5535 2810 5576 ex
2824 5535 3007 5576 eorum
3022 5536 3140 5593 qua:
3154 5521 3282 5579 foris
3297 5535 3419 5580 sunt
3431 5515 3844 5594 pulchritudine,

2321 5681 2465 5792 ὶέἰ¹¹ῗι
2474 5676 3076 5792 suamsuam
3107 5677 3386 5733 “‘W
3402 5673 3622 5731 ⁰⁰⁷¹³²⁴¹⁶’

2323 5741 2395 5807 (α)
2428 5746 2465 5792 ιι
2485 5747 2690 5792 tietract.
2710 5752 2815 5806 cap.
