4000 6336
522 380 588 442 3t
639 343 644 346 ’
1252 379 1340 435 DE
1381 377 1694 435 nwsnsns
1730 370 2110 446 ρυιεετιοΝι

2223 374 2251 432 5
2289 371 2573 446 LXXXIII,
2603 377 2660 434 S.
2701 379 3066 439 AUGUSTINI
3726 389 3797 446 ω

522 499 698 554 anima
742 496 1016 553 rationalis
1058 495 1196 550 inter
1223 511 1314 550 eas
1341 511 1428 549 res
1453 510 1571 565 qua:
1617 502 1741 548 sunt
1767 508 1799 548 a
1825 492 1938 547 Deo
1972 506 2101 546 con-

523 590 670 656 ditae,
702 590 877 644 omnia
921 598 1173 659 superat;
1219 596 1274 641 et
1312 587 1420 641 Deo
1466 585 1702 654 proxima
1745 591 1847 647 est,
1893 581 2106 653 quando

524 695 653 751 pura
683 689 802 745 est;
835 680 988 750 eique
1038 680 1091 734 in
1131 687 1386 748 quantum
1425 676 1680 730 charitate
1722 673 2021 739 cohaeserit,
2051 673 2106 727 in

525 779 729 826 tantum
757 773 824 826 ab
851 787 916 826 eo
943 771 1142 825 lumine
1172 770 1262 824 illo
1287 767 1602 837 intelligibili
1643 765 1852 836 perfusa
1879 765 2107 836 quodam

523 862 682 917 modo
726 873 777 916 et
808 863 1062 917 illustrata
1096 861 1288 925 cernit,
1336 876 1438 914 non
1468 875 1563 930 per
1590 873 1874 928 corporeos
1902 858 2103 924 oculos,

523 954 618 1008 sed
661 969 754 1022 per
785 955 948 1024 ipsius
976 954 1056 1008 sui
1089 953 1398 1023 principale,
1428 968 1532 1021 quo
1558 951 1796 1015 excellit,
1825 950 1875 1005 id
1906 959 1988 1004 est
2013 964 2108 1019 per

525 1044 924 1114 intelligentiam
975 1061 1144 1109 suam,
1197 1046 1323 1098 istas
1366 1044 1620 1106 rationes,
1654 1058 1876 1112 quarum
1905 1042 2106 1096 visione

528 1138 585 1192 fit
606 1139 930 1195 beatissima.
953 1140 1094 1208 Quas
1117 1141 1367 1204 rationes,
1394 1147 1451 1192 ut
1471 1137 1668 1192 dictum
1687 1145 1788 1197 est.
1809 1137 1918 1190 sive
1936 1135 2103 1201 ideas,

525 1231 635 1285 sive
663 1231 879 1297 formas,
909 1233 1020 1285 sive
1051 1231 1277 1300 species,
1320 1230 1433 1284 sive
1462 1233 1693 1284 rationes
1721 1226 1846 1281 licet
1874 1241 2063 1281 vocare
2088 1265 2104 1292 ,

525 1332 578 1378 et
609 1324 787 1377 multis
813 1324 1122 1379 conceditur
1147 1323 1417 1394 appellare
1447 1322 1587 1394 quod
1615 1323 1744 1378 libet
1771 1324 1811 1391 ί,
1840 1321 1933 1376 sed
1979 1336 2108 1390 pau-

524 1415 751 1470 cissimis
779 1415 959 1470 videre
996 1416 1137 1486 quod
1169 1431 1349 1471 verum
1380 1426 1479 1470 est.

523 1525 731 1583 XLVII.
793 1527 973 1584 Utrum
1020 1529 1290 1599 aliquando
1333 1530 1654 1600 cogitationes
1705 1538 1900 1584 nostras
1945 1527 2110 1582 videre

1182 1623 1449 1692 possimus.

595 1713 770 1781 Quzeri
819 1713 955 1769 solet
991 1715 1258 1784 quomodo
1301 1725 1419 1785 post
1460 1717 1904 1770 resurrectionem
1951 1723 2109 1784 atque

525 1805 947 1861 immutationem
1000 1808 1275 1876 corporis,
1326 1823 1445 1877 qua:
1499 1809 1698 1862 sanctis
1750 1808 2105 1875 promittitur,

523 1901 874 1969 cogitationes
901 1910 1109 1954 nostras
1140 1900 1320 1955 videre
1347 1901 1630 1970 possimus.
1661 1901 1974 1968 Conjectura
2007 1899 2108 1953 ita-

523 2007 627 2061 que
667 1993 922 2062 capienda
961 2003 1126 2048 estex
1173 2009 1234 2048 ea
1285 2004 1432 2064 parte
1475 1993 1714 2063 corporis
1759 1993 1958 2053 uestri.
1990 2006 2107 2061 qua:

527 2084 643 2152 plus
679 2083 838 2140 habet
877 2085 1040 2151 lucis;
1074 2086 1320 2155 quoniam
1363 2085 1598 2155 angelica
1633 2099 1889 2154 corpora,
1935 2083 2106 2152 qualia

525 2188 623 2227 nos
663 2175 932 2229 habituros
971 2191 1279 2244 speramus,
1319 2177 1640 2230 lucidissima
1681 2186 1837 2244 atque
1877 2175 2106 2228 artherea

524 2278 644 2318 esse
686 2265 1004 2319 credendum
1044 2275 1126 2321 est
1156 2266 1268 2337 (a):
1319 2268 1361 2320 si
1391 2282 1516 2336 ergo
1547 2267 1693 2320 multi
1737 2276 1910 2320 motus
1945 2266 2105 2319 animi

524 2356 689 2409 nostri
718 2371 858 2412 nunc
877 2366 1234 2427 agnoscuntur
1261 2358 1310 2412 in
1340 2358 1530 2423 oculis,
1560 2358 1832 2427 probabile
1857 2367 1938 2411 est
1966 2357 2106 2426 quod

525 2449 702 2502 nullus
730 2460 904 2504 motus
941 2452 1100 2504 animi
1131 2450 1313 2505 latebit
1337 2493 1350 2512 ,
1381 2466 1501 2506 cum
1535 2461 1701 2504 totum
1733 2451 1884 2504 fuerit
1913 2464 2107 2520 corpus

525 2537 834 2608 tethereum,
867 2541 919 2596 in
943 2541 1095 2611 cujus
1119 2543 1514 2610 comparatione
1543 2543 1626 2596 isti
1652 2542 1791 2597 oculi
1817 2557 1943 2597 caro
1962 2550 2103 2596 sunt.

962 2652 1188 2708 XLVIII.
1232 2653 1307 2707 De
1331 2655 1668 2708 credibilibus.

599 2745 938 2802 Credibilium
962 2749 1057 2802 tria
1087 2759 1207 2803 sunt
1229 2765 1443 2820 genera.
1468 2751 1581 2804 Alia
1608 2761 1729 2804 sunt
1755 2766 1871 2820 qute
1895 2767 2108 2821 semper

526 2837 834 2903 creduntur,
866 2848 918 2893 et
939 2855 1204 2910 nunquam
1238 2841 1635 2910 intelliguntur:
1669 2843 1803 2895 sicut
1832 2851 1914 2896 est
1934 2843 2107 2897 omnis

529 2927 781 2995 historia,
832 2931 1140 3000 temporalia
1189 2940 1243 2985 et
1294 2931 1520 2985 humana
1575 2942 1720 3002 gesta
1768 2948 2105 3002 percurrens.

528 3021 641 3075 Alia
667 3038 783 3092 qua:
810 3038 950 3087 mox,
980 3033 1038 3078 ut
1061 3025 1370 3091 creduntur,
1397 3025 1760 3096 intelliguntur
1783 3044 1795 3078 :
1830 3027 1964 3081 sicut
1985 3035 2109 3080 sunt

528 3127 715 3169 omnes
743 3116 974 3171 rationes
1004 3117 1270 3178 humanm,
1303 3120 1383 3173 vel
1411 3119 1478 3174 de
1508 3122 1762 3185 numeris,
1797 3119 1876 3172 vel
1903 3119 1968 3172 de
1994 3119 2111 3190 qui-

527 3205 761 3263 buslibet
786 3208 1096 3278 disciplinis.
1130 3211 1366 3266 Tertium
1389 3253 1404 3277 ,
1441 3228 1559 3282 quae
1587 3212 1756 3282 primo
1785 3211 2073 3267 creduntur
2093 3251 2109 3276 ,

528 3308 582 3353 et
613 3309 790 3367 postea
822 3301 1219 3371 intelliguntur:
1251 3303 1424 3373 qualia
1451 3313 1570 3357 sunt
1597 3319 1657 3358 ea
1687 3319 1805 3374 quae
1829 3303 1894 3356 de
1919 3303 2109 3356 divinis

529 3391 686 3446 rebus
727 3409 830 3447 non
869 3405 1085 3463 possunt
1127 3396 1378 3465 intelligi,
1409 3396 1506 3449 nisi
1547 3396 1615 3451 ab
1660 3395 1740 3450 his
1783 3397 1869 3465 qui
1911 3395 2110 3449 mundo

529 3492 653 3538 sunt
679 3486 872 3550 corde;
902 3488 1041 3556 quod
1073 3489 1129 3542 lit
1157 3489 1436 3559 praeceptis
1462 3489 1706 3556 servatis,
1736 3504 1855 3559 qua:
1883 3489 1950 3544 de
1976 3489 2112 3544 bene

529 3579 755 3634 vivendo
781 3580 1130 3648 accipiuntur.

530 3711 715 3768 XLIX.
759 3715 927 3779 Quare
953 3716 1050 3784 ﬁlii
1086 3715 1253 3769 Israel
1277 3716 1628 3784 sacriﬁcabant
1669 3717 1924 3772 visibiliter
1960 3732 2111 3788 peco-

1116 3823 1227 3861 rum
1255 3810 1480 3863 victimas
1499 3811 1526 3863 .9

600 3917 732 3984 Quia
755 3927 880 3974 sunt
903 3919 1062 3973 etiam
1089 3934 1236 3975 saera
1264 3922 1575 3990 spiritualia,
1609 3937 1833 3993 quorum
1860 3923 2114 3994 imagines

529 4009 794 4064 carnalem
822 4012 1074 4081 pupulum
1099 4013 1372 4068 celebrare
1400 4015 1696 4084 oportebat,
1731 4025 1787 4069 ut
1806 4015 2114 4086 praefigura-

532 4098 607 4152 tio
636 4101 757 4154 novi
806 4101 984 4170 populi
1030 4104 1283 4158 servitute
1323 4105 1518 4159 veteris
1566 4105 1715 4160 fieret
1745 4106 1844 4176 (ὁ).
1877 4107 2112 4174 Quorum

531 4188 754 4244 duorum
796 4191 1107 4260 populorum
1133 4193 1483 4249 differentiam
1523 4197 1679 4250 etiam
1710 4198 1759 4251 in
1796 4213 2115 4268 unoquoque

533 4291 772 4337 nostrum
798 4285 922 4339 licet
947 4285 1242 4352 advertere,
1272 4304 1391 4343 cum
1418 4291 1640 4360 quisque
1662 4291 1730 4346 ab
1756 4302 1906 4348 utero
1931 4295 2116 4349 matris

531 4383 763 4430 veterem
803 4376 1069 4433 hominem
1109 4396 1324 4435 necesse
1351 4390 1432 4436 est
1458 4391 1615 4450 agat,
1639 4389 1808 4438 donec
1844 4387 2022 4439 veniat
2050 4386 2116 4441 ad

531 4464 816 4534 juvenilem
838 4478 1082 4534 aetatem;
1115 4471 1200 4523 ubi
1225 4471 1334 4541 jam
1364 4486 1466 4526 non
1494 4481 1576 4526 est
1597 4488 1813 4528 necesse
1836 4475 2118 4531 carnaliter

534 4568 744 4624 sapere,
775 4558 866 4612 sed
905 4566 1080 4628 potest
1125 4561 1189 4615 ad
1219 4562 1511 4631 spiritualia
1549 4565 1818 4620 voluntate
1842 4572 2114 4636 converti,

534 4655 588 4700 et
615 4647 934 4705 intrinsecus
977 4655 1298 4722 regenerari.
1330 4654 1482 4721 Quod
1510 4671 1637 4726 ergo
1682 4657 1735 4711 in
1766 4673 1870 4713 uno
1901 4659 2116 4716 homine

535 4747 681 4794 recte
699 4739 942 4804 educato,
967 4744 1152 4798 ordine
1169 4755 1367 4800 natura:
1389 4746 1771 4819 disciplinaque
1797 4751 2052 4820 contingit
2071 4753 2113 4818 ',

538 4828 639 4884 hoc
669 4833 1009 4900 proportione
1037 4835 1088 4888 in
1124 4836 1373 4890 universo
1403 4853 1597 4906 genere
1623 4838 1854 4893 humano
1881 4840 1991 4894 fieri
2023 4856 2118 4910 per

533 4920 766 4978 divinam
797 4926 1180 4995 providentiam
1204 4970 1217 4991 ,
1251 4928 1534 4999 peragiquc
1560 4930 1972 4999 pulcherrimum
2012 4941 2114 4988 est.

995 5039 1056 5093 L.
1098 5039 1172 5093 De
1199 5042 1480 5111 mqualitatc
1510 5041 1652 5097 Filii.

607 5149 770 5215 Deus,
799 5167 954 5222 quem
982 5153 1182 5222 genuit.
1207 5154 1455 5222 quoniam
1483 5156 1757 5212 meliorem
1779 5171 1837 5212 se
1866 5171 2119 5228 generare

537 5257 642 5295 non
666 5245 834 5310 potuit
864 5243 1034 5310 (nihil
1062 5244 1204 5298 enim
1235 5245 1342 5300 Deo
1372 5248 1632 5316 melius),
1662 5263 1916 5317 generare
1937 5248 2122 5303 debuit

537 5334 819 5403 aaqualem.
845 5335 900 5389 Si
927 5337 1068 5391 enim
1098 5338 1286 5404 voluit,
1316 5348 1369 5394 et
1393 5355 1496 5394 n0u
1523 5341 1712 5410 potuit,
1742 5340 1982 5394 infirmus
2002 5349 2116 5398 est:

601 5511 718 5584 Lsic
737 5505 958 5584 plerique
982 5517 1086 5559 Mss.
1114 5515 1230 5584 fditi
1256 5523 1438 5578 autem,
1469 5523 1515 5568 et
1534 5516 1695 5570 multis
1726 5517 2000 5569 conceditur
2033 5533 2122 5584 ap-

540 5567 721 5634 pellare
737 5567 1028 5627 nominibus,
1053 5577 1158 5634 sed,
1182 5585 1277 5624 etc.

605 5632 624 5708 ξ
649 5632 1152 5708 ερεξίιιειὲείξεορόεοκέ
1177 5645 1350 5687 natura
1382 5642 1727 5708 disciplinaque
1758 5642 1871 5708 agit.
1908 5643 1993 5692 alii
2017 5646 2124 5706 qui-

538 5693 668 5748 dam,
693 5699 882 5742 natura!
899 5693 1258 5759 disciplinisque
1274 5693 1512 5766 contingit:

602 5778 674 5854 go?
707 5783 950 5854 taetram;
1213 5790 1264 5831 et
1287 5782 1368 5834 lib.
1389 5785 1553 5854 22_,de
1569 5791 1704 5840 civit.
1728 5790 1843 5850 Dei,
1869 5802 1974 5854 cap.
1998 5790 2075 5840 29.

602 5778 675 5902 (ag
708 5783 723 5824 l
747 5783 950 5827 Retract.
977 5780 1185 5853 cap..26,
1213 5790 1264 5831 et
1287 5782 1368 5834 ΠΙ).
1389 5785 1553 5846 22,όε

601 5839 652 5901 (a
707 5839 806 5889 Ub.
835 5840 892 5890 I0
913 5840 976 5891 de
999 5849 1132 5894 Ctvu.
1159 5852 1261 5909 Det,
1289 5860 1424 5910 capp.
1444 5850 1491 5912 5,
1507 5851 1553 5899 6.

2219 491 2265 544 si
2292 492 2481 561 potuit,
2505 502 2557 546 et
2583 508 2688 548 non
2715 494 2898 559 voluit,
2928 495 3136 552 invidus
3155 503 3256 552 est.
3284 495 3365 551 Ex
3389 510 3494 568 quo
3518 499 3797 558 conflcitus

2215 583 2476 652 aequalem
2507 587 2753 654 genuisse
2784 586 2996 642 Filium.

2213 675 2296 729 LI.
2340 675 2414 729 De
2440 677 2637 731 homine
2661 683 2796 749 [acto
2819 679 2888 731 ad
2913 681 3180 751 imaginem
3203 691 3250 736 et
3273 682 3649 738 similitudinem
3674 681 3796 741 Dci.

2286 769 2333 821 l.
2365 768 2496 824 Cum
2530 772 2844 826 exteriorem
2885 780 2941 827 et
2969 773 3277 829 interiorem
3307 775 3576 830 hominem
3616 777 3796 834 divina

2211 858 2478 928 Scriptura
2521 873 2936 931 commemoret,
2967 874 3022 920 et
3053 867 3103 920 in
3131 875 3336 922 tantum
3369 883 3462 923 eos
3489 868 3796 939 discernat,

2213 961 2270 1004 ut
2295 951 2360 1004 ab
2387 953 2641 1021 Apostolo
2683 955 2879 1010 dictum
2905 956 3004 1023 sit,
3033 956 3100 1010 Et
3123 958 3169 1012 si
3195 960 3411 1013 exterior
3452 961 3600 1014 homo
3631 969 3800 1016 noster

2212 1044 2586 1114 corrumpitur,
2639 1047 2728 1100 sed
2773 1049 2979 1103 interior
3023 1061 3291 1105 renovatur
3339 1052 3402 1105 de
3449 1054 3531 1106 die
3558 1054 3609 1106 in
3666 1055 3801 1108 diem

2213 1132 2278 1202 (II
2308 1133 2423 1188 Cor.
2469 1151 2539 1201 IV,
2585 1137 2712 1207 i6);
2761 1139 2926 1208 quaari
2970 1149 3144 1209 potest
3192 1152 3366 1196 utrmu
3418 1158 3552 1197 unus
3602 1144 3800 1200 horum

2214 1223 2382 1278 factus
2429 1227 2497 1280 sit
2537 1227 2603 1281 ad
2634 1228 2912 1299 imaginem
2955 1240 3008 1285 et
3052 1232 3453 1288 similitudinem
3499 1235 3613 1288 Dei.
3664 1234 3800 1290 Nam

2213 1316 2339 1370 illud
2363 1319 2577 1372 stultum
2603 1327 2685 1374 est
2711 1336 2972 1390 quaerere,
3001 1323 3046 1376 si
3075 1338 3230 1388 unus,
3263 1325 3382 1394 quis
3413 1325 3602 1380 horum
3623 1325 3647 1379 ?
3668 1326 3801 1392 Quis

2212 1408 2352 1462 enim
2399 1408 2602 1463 dubitat
2640 1425 2761 1465 eum
2798 1412 2970 1480 potius
2999 1415 3085 1482 qui
3124 1425 3430 1480 renovatur,
3473 1431 3632 1486 quam
3673 1431 3799 1472 eum

2213 1500 2300 1568 qui
2327 1502 2698 1570 corrumpitur,
2734 1502 2956 1558 dicere?
2985 1503 3170 1559 Utrum
3199 1515 3373 1560 autem
3401 1508 3579 1571 ambo,
3605 1521 3800 1577 magna

2213 1593 2434 1662 qumstio
2458 1603 2539 1648 est
2569 1596 2668 1665 (a).
2701 1595 2831 1649 Nam
2858 1596 2902 1649 si
2941 1598 3173 1651 exterior
3201 1599 3361 1652 homo
3387 1608 3469 1654 est
3501 1599 3673 1654 Adam
3699 1641 3715 1665 ,
3745 1607 3801 1656 ει

2214 1682 2435 1738 interior
2461 1682 2732 1751 Christus,
2766 1687 2900 1741 bene
2929 1688 3087 1742 ambo
3122 1689 3506 1758 intelliguntur.
3538 1691 3645 1746 Sed
3675 1707 3801 1748 cum

2214 1773 2404 1836 Adam,
2437 1774 2575 1828 sicut
2601 1791 2628 1827 a
2656 1777 2762 1830 Deo
2790 1775 2956 1831 factus
2985 1787 3084 1844 est,
3114 1777 3286 1833 bonus
3314 1794 3417 1833 non
3442 1782 3718 1845 manserit,
3745 1790 3802 1837 ει

2214 1864 2479 1934 diligendo
2507 1869 2735 1922 carnalia
2775 1871 3002 1924 carnalis
3029 1870 3249 1926 eli‘ectus
3279 1873 3383 1936 sit,
3428 1890 3534 1927 non
3563 1873 3803 1930 absurde

2213 1957 2378 2011 videri
2407 1968 2607 2026 potest,
2641 1959 2741 2014 hoc
2768 1960 2939 2029 ipsum
2968 1962 3017 2016 ei
3049 1961 3212 2018 luisse
3246 1963 3437 2019 cadere
3461 2007 3475 2030 ,
3509 1965 3802 2033 imaginem

2216 2046 2307 2102 Dei
2340 2049 2352 2078 ί
2383 2057 2436 2102 ει
2477 2050 2872 2107 similitudinem
2901 2053 3162 2109 amittere.
3196 2057 3272 2109 Ac
3302 2071 3393 2124 per
3421 2056 3521 2110 hoc
3553 2056 3667 2126 ipse
3709 2071 3803 2111 re-

2214 2147 2438 2191 novatur
2457 2180 2472 2203 ,
2501 2148 2555 2192 et
2590 2140 2701 2208 ipse
2729 2152 2811 2196 est
2840 2143 3059 2198 interior
3084 2162 3096 2198 :
3126 2145 3394 2214 quomodo
3419 2162 3546 2217 ergo
3574 2155 3660 2202 est
3685 2148 3804 2216 ipse

2212 2235 2266 2280 et
2289 2229 2560 2282 exterior?
2591 2232 2669 2283 An
2704 2231 2994 2285 secundum
3023 2248 3251 2302 corpus;
3282 2245 3338 2288 ut
3367 2237 3588 2291 interior
3614 2239 3684 2292 sit
3711 2253 3804 2293 se-

2213 2321 2439 2373 cundum
2466 2323 2693 2376 animam
2715 2365 2730 2389 ,
2760 2335 2814 2379 et
2843 2325 3107 2381 interioris
3135 2331 3204 2383 sit
3235 2333 3254 2361 ²
3288 2332 3604 2384 resurrectio
3634 2340 3689 2383 et
3716 2345 3806 2386 re-

2214 2413 2447 2476 novatio,
2469 2429 2586 2482 qua:
2616 2431 2756 2470 nunc
2782 2416 2839 2470 lit
2865 2419 3154 2473 secundum
3183 2431 3406 2475 mortem
3432 2423 3626 2491 prioris
3652 2421 3799 2488 vitae,

2216 2501 2265 2554 id
2303 2512 2385 2556 est
2428 2504 2660 2572 peccati,
2707 2515 2762 2561 et
2808 2509 3096 2562 secundum
3147 2511 3603 2581 regenerationem
3647 2527 3803 2566 nove

2215 2596 2356 2659 vitae,
2387 2596 2435 2648 id
2462 2605 2543 2650 est
2564 2597 2781 2665 justitia:
2803 2598 2825 2652 ?
2849 2598 2993 2666 Quos
3020 2601 3143 2654 item
3165 2601 3299 2655 duos
3325 2601 3568 2655 homines
3600 2601 3679 2655 sic
3709 2617 3806 2673 ap-

2215 2687 2396 2754 pellat,
2422 2697 2478 2740 ut
2499 2704 2658 2742 unum
2690 2698 2943 2751 veterem,
2961 2707 3120 2759 quem
3143 2691 3396 2746 debemus
3421 2707 3642 2756 exuere,
3675 2694 3806 2749 alte-

2215 2793 2332 2832 rum
2361 2795 2575 2844 novum,
2601 2791 2654 2835 et
2677 2797 2798 2836 eum
2827 2782 3146 2837 induendum
3170 2794 3553 2838 commemoret
3574 2783 3803 2852 (Coloss.

2216 2887 2291 2935 ill,
2315 2870 2506 2940 9,10):
2530 2886 2752 2941 quorum
2775 2889 2959 2927 rursus
2982 2874 3124 2927 illum
3147 2876 3377 2944 appellat
3396 2875 3683 2946 imaginem
3707 2887 3804 2932 ter-

2218 2961 2328 3014 reni
2353 2961 2601 3028 hominis,
2629 2963 2749 3032 quia
2775 2964 3064 3018 secundum
3088 2974 3362 3034 peccatum
3386 2967 3538 3036 primi
3568 2967 3804 3022 hominis

2215 3054 2433 3121 geritur,
2480 3055 2568 3122 qui
2611 3064 2692 3108 est
2732 3054 2934 3120 Adam;
2976 3056 3196 3110 alterum
3239 3058 3520 3126 imaginem
3563 3059 3805 3116 caelestis

2219 3145 2447 3199 hominis
2469 3145 2507 3216 (Ι
2539 3145 2655 3199 Cor.
2686 3162 2790 3213 xv,
2822 3147 2932 3216 49),
2963 3149 3086 3217 quia
3114 3149 3406 3203 secundum
3430 3150 3693 3217 justitiam
3721 3166 3806 3206 se-

2217 3238 2372 3292 cundi
2403 3239 2629 3292 hominis
2653 3242 2886 3309 geritur,
2920 3240 3010 3309 qui
3040 3251 3120 3293 est
3149 3240 3306 3295 Iesus
3330 3240 3599 3294 Christus.
3645 3243 3806 3296 Exte-

2217 3330 2327 3382 rior
2350 3339 2524 3384 autem
2549 3330 2725 3392 homo,
2749 3331 2837 3399 qui
2864 3345 3003 3383 nunc
3025 3337 3400 3400 corrumpitur,
3424 3329 3601 3385 futura
3625 3347 3806 3386 resur-

2216 3421 2456 3475 rectione
2485 3421 2840 3486 renovabitur,
2871 3435 2990 3475 cum
3023 3422 3174 3476 istam
3205 3432 3430 3476 mortem
3461 3422 3802 3491 persolverit,

2218 3531 2376 3586 quam
2414 3525 2616 3570 natura:
2651 3515 2828 3582 debet,
2862 3516 2978 3585 lege
3017 3515 3104 3569 illa
3153 3530 3272 3584 quae
3315 3516 3364 3568 in
3396 3514 3646 3584 paradiso
3683 3515 3805 3572 data

2217 3615 2300 3661 est
2328 3607 2370 3659 ³.

2287 3696 2342 3750 2.
2375 3696 2652 3764 Quomodo
2677 3705 2853 3750 autem
2887 3710 2989 3749 non
3016 3695 3085 3748 sit
3109 3695 3477 3763 incongruum,
3505 3697 3650 3766 quod
3670 3696 3804 3752 dicio

2223 3797 2309 3842 tur
2337 3789 2494 3842 etiam
2523 3803 2715 3858 corpus
2746 3786 2937 3840 factum
2963 3786 3029 3839 ad
3068 3786 3462 3842 similitudinem
3497 3787 3625 3852 Dei,
3651 3787 3806 3844 facile

2220 3879 2462 3948 intelligit
2499 3879 2587 3948 qui
2637 3877 2915 3947 diligenter
2942 3877 3165 3931 attendit
3188 3877 3329 3947 quod
3357 3879 3554 3933 dictum
3580 3888 3693 3947 est,
3743 3879 3806 3934 Et

2221 3971 2336 4040 fecit
2371 3967 2504 4022 Deus
2532 3969 2698 4022 omnia
2723 3968 2851 4021 bona
2889 3968 3034 4021 valde
3064 3967 3211 4037 (Gen.
3241 3984 3294 4036 ι,
3324 3969 3434 4038 51).
3465 3969 3634 4024 Nemo
3661 3970 3806 4026 enim

2219 4060 2425 4116 dubitat
2448 4060 2587 4131 quod
2613 4061 2680 4114 sit
2707 4060 2817 4129 ipse
2842 4060 3084 4128 primitus
3111 4061 3296 4114 bonus.
3327 4059 3502 4114 Multis
3525 4062 3669 4116 enim
3692 4076 3806 4116 mo-

2220 4153 2303 4207 dis
2329 4153 2432 4207 dici
2463 4168 2548 4206 res
2576 4162 2794 4222 possunt
2819 4152 3020 4206 similes
3050 4151 3160 4206 Deo
3191 4169 3203 4204 :
3235 4152 3353 4206 alim
3379 4154 3673 4208 secundum
3702 4155 3808 4208 vir-

2223 4254 2386 4299 tutem
2411 4252 2466 4298 et
2501 4245 2810 4312 sapientiam
2842 4243 2992 4297 facta:
3016 4283 3030 4307 ,
3055 4243 3176 4314 quia
3215 4243 3266 4296 in
3299 4245 3412 4313 ipso
3437 4254 3521 4298 est
3546 4246 3716 4299 virtus
3755 4253 3809 4299 ει

2221 4336 2476 4403 sapientia
2506 4349 2609 4388 non
2649 4333 2820 4398 facta;
2860 4333 2978 4387 aliae
3004 4333 3055 4388 in
3089 4345 3341 4405 quantum
3377 4336 3548 4389 solum
3590 4338 3801 4399 vivunt,

2222 4426 2340 4496 quia
2385 4427 2470 4480 ille
2513 4440 2717 4479 summe
2751 4434 2806 4478 et
2835 4426 3078 4494 primitus
3123 4425 3283 4489 vivit;
3315 4426 3429 4479 alia:
3459 4426 3512 4479 in
3549 4435 3803 4495 quantum

2223 4526 2377 4582 sunt,
2409 4517 2529 4586 quia
2570 4517 2656 4570 ille
2682 4531 2886 4570 summe
2929 4525 2981 4571 et
3011 4517 3253 4585 primitus
3280 4525 3380 4571 est.
3423 4517 3488 4571 Et
3530 4517 3651 4572 ideo
3687 4529 3807 4585 quas

2225 4609 2588 4663 tantummodo
2613 4619 2752 4673 sunt,
2782 4624 2882 4664 nec
2911 4619 3084 4663 tamen
3115 4610 3299 4663 vivunt
3325 4617 3414 4663 aut
3438 4609 3666 4676 sapiunt,
3700 4621 3807 4661 non

2224 4699 2474 4768 perfecte,
2503 4698 2596 4754 sed
2622 4699 2810 4770 exigue
2838 4708 2962 4754 sunt
2987 4700 3052 4754 ad
3080 4699 3480 4755 similitudinem
3509 4699 3651 4768 ejus;
3685 4697 3808 4769 quia

2223 4802 2276 4846 et
2321 4792 2432 4861 ipsa
2464 4791 2599 4847 bona
2636 4803 2759 4847 sunt
2801 4794 2853 4847 in
2891 4794 3075 4847 ordine
3112 4809 3243 4858 suo,
3279 4809 3396 4848 cum
3423 4793 3492 4846 sit
3529 4792 3616 4845 ille
3645 4805 3810 4860 super

2224 4885 2400 4939 omnia
2442 4887 2642 4951 bonus,
2671 4902 2699 4939 a
2738 4900 2842 4955 quo
2881 4886 3058 4938 omnia
3095 4885 3232 4938 bona
3263 4884 3573 4953 procedunt.
3617 4881 3809 4936 Omnia

2230 4994 2356 5033 vero
2381 4994 2499 5048 quae
2527 4979 2708 5031 vivunt
2728 4985 2780 5030 et
2806 4991 2912 5029 non
2939 4976 3170 5045 sapiunt,
3202 4976 3356 5045 paulo
3381 4974 3608 5043 amplius
3637 4973 3808 5042 parti-

2224 5071 2401 5140 cipant
2420 5069 2837 5124 similitudinem.
2859 5067 3010 5135 Quod
3032 5069 3173 5122 enim
3196 5067 3344 5131 vivit,
3369 5068 3528 5122 etiam
3555 5074 3638 5120 est
3659 5083 3671 5119 :
3702 5080 3810 5120 non

2226 5171 2401 5216 autem
2439 5160 2690 5230 quidquid
2727 5168 2841 5221 est,
2867 5159 3026 5212 etiam
3052 5157 3200 5211 vivit.
3233 5157 3349 5211 Jam
3376 5171 3536 5226 porro
3563 5170 3683 5225 quae
3722 5169 3810 5208 sa-

2231 5255 2400 5324 piunt,
2425 5255 2493 5310 ita
2527 5255 2597 5308 illi
2628 5251 2971 5308 similitudine
2995 5258 3118 5305 sunt
3148 5250 3405 5319 proxima,
3435 5261 3490 5304 ut
3516 5251 3568 5305 in
3597 5256 3809 5304 creatu-

2233 5348 2308 5402 ris
2337 5347 2465 5402 nihil
2503 5339 2588 5402 sit‘
2615 5344 2978 5416 pr0pinquius.
3023 5343 3174 5410 Quod
3216 5343 3356 5398 enim
3400 5343 3679 5414 participat
3725 5354 3812 5395 sa-

2296 5480 2412 5550 {sic
2445 5487 2546 5528 Mss.
2585 5485 2639 5526 At
2673 5477 2806 5534 editi,
2842 5474 2929 5524 hoc
2961 5473 3123 5538 ipsum
3153 5475 3200 5526 ei
3229 5474 3373 5539 fuisse
3407 5487 3578 5526 carere
3605 5469 3812 5533 imagine

2230 5550 2409 5650 nitar.
2439 5610 2489 5652 et
2516 5609 2646 5658 ων..
2672 5599 2871 5650 interior
2889 5600 2968 5650 sit.
2997 5599 3168 5650 \telius
3190 5607 3289 5649 Rat.
3319 5607 3370 5649 et
3399 5608 3526 5656 Msa.
3552 5591 3811 5645 interioris.

2229 5691 2288 5701 --
2323 5664 2466 5723 Lugd.
2495 5672 2542 5713 et
2563 5671 2698 5718 τευ..
2725 5663 2922 5713 interior
2945 5661 3022 5720 sit,
3058 5671 3110 5712 ut
3136 5670 3208 5711 Er.
3231 5671 3282 5711 et
3305 5670 3411 5709 Lov.
3481 5669 3532 5708 Μ.

2294 5727 2313 5756 ³
2346 5715 2426 5774 ttic
2466 5727 2580 5775 editi
2620 5715 2816 5782 addunt,
2868 5739 2953 5788 per
2980 5715 3286 5788 piwceptum.
3326 5725 3602 5788 Savarricus
3637 5715 3812 5776 codex,

2229 5796 2492 5852 ροθιλνγφει
2509 5796 2671 5852 ptum;
2703 5788 2830 5852 quod
2853 5785 2881 5835 ἁ
2901 5785 3094 5852 exteris
3117 5785 3222 5840 fere
3260 5792 3365 5837 MSS.
3387 5785 3545 5834 abest.

2292 5849 2362 5911 ia)
2395 5851 2491 5900 Lib.
2519 5851 2570 5899 Il
2597 5849 2660 5899 de
2683 5849 2850 5900 Trinit.
2877 5863 2982 5912 cap.
3013 5851 3055 5899 l.
