4000 6336
216 408 282 468 35
1658 390 1859 448 uasa
1896 388 2095 448 usus.
3431 391 3505 451 δι

219 521 441 599 pientize,
465 524 523 574 et
550 516 686 571 vivit
716 524 775 570 et
806 524 895 571 est
919 533 932 570 :
965 512 1103 586 quod
1126 522 1301 568 autem
1325 512 1472 576 vivit,
1498 524 1717 565 necesse
1741 517 1824 562 est

225 628 272 672 ut
304 615 404 675 sit,
438 627 550 665 non
595 623 825 664 necesse
860 619 945 663 est
984 617 1041 660 ut
1084 606 1270 675 sapiat.
1300 605 1476 671 Quare
1512 617 1630 658 cum
1662 601 1823 654 homo

226 707 379 781 possit
406 704 681 774 particeps
708 715 834 755 esse
879 699 1150 769 sapientia:
1186 695 1476 751 secundum
1517 693 1822 747 interiorem

226 798 487 856 hominem
510 836 526 861 ,
559 791 863 848 secundum
895 792 1069 860 ipsum
1098 791 1115 820 ί
1153 789 1224 842 ita
1265 795 1345 841 est
1391 785 1457 839 ad
1503 783 1818 853 imaginem,

226 900 276 946 ut
319 887 463 944 nulla
506 894 699 939 natura
740 881 1054 951 interposita
1097 878 1384 941 formetur;
1431 884 1486 929 et
1531 873 1651 928 ideo
1688 872 1820 927 nihil

227 983 286 1036 sit
311 981 422 1035 Deo
463 977 827 1046 eonjunctius.
861 973 932 1027 Et
965 971 1102 1042 sapit
1129 970 1306 1036 enim,
1345 977 1400 1023 et
1424 967 1585 1031 vivit,
1617 972 1775 1021 etest
1804 982 1818 1019 :

226 1088 318 1143 qua
344 1079 596 1126 creauira
627 1066 760 1122 nihil
790 1075 873 1120 est
905 1064 1114 1118 melius.

287 1165 339 1218 3.
383 1161 542 1231 Quod
589 1160 634 1214 si
674 1159 911 1213 exterior
938 1155 1098 1210 homo
1140 1154 1243 1209 vita
1289 1153 1374 1208 illa
1412 1150 1686 1222 accipitur,
1717 1164 1817 1220 qua

225 1269 312 1325 per
355 1267 563 1322 corpus
610 1252 872 1306 sentimus
917 1249 1150 1317 quinque
1195 1243 1483 1299 notissimis
1538 1241 1816 1308 sensibus,

227 1360 353 1414 quos
371 1359 498 1397 cum
530 1341 812 1411 pecoribus
835 1339 1091 1393 habemus
1111 1351 1423 1391 communes
1448 1353 1459 1386 :
1490 1350 1611 1388 nam
1633 1342 1688 1388 et
1707 1334 1818 1402 ipsa

226 1437 483 1492 molestiis
516 1433 863 1489 scnsibilibns
883 1473 898 1498 ,
931 1447 1049 1500 qua:
1074 1428 1533 1500 persecutionibus
1571 1427 1818 1495 ingerun-

227 1535 327 1590 tur,
370 1525 649 1594 corrumpi
691 1532 864 1592 potest
899 1540 914 1576 :
956 1536 1058 1575 non
1109 1520 1374 1574 immerito
1417 1527 1469 1572 et
1518 1519 1615 1572 iste
1657 1517 1817 1572 homo

234 1619 487 1687 particeps
525 1615 722 1670 dicitur
764 1612 1123 1668 similitudinis
1172 1612 1302 1676 Dei;
1337 1625 1440 1664 non
1486 1611 1659 1663 solum
1695 1611 1815 1676 quia

233 1710 367 1770 vivit,
389 1706 538 1778 quod
560 1707 720 1761 etiam
744 1705 796 1758 in
820 1703 1004 1758 bestiis
1029 1711 1280 1772 apparet;
1310 1701 1402 1756 sed
1429 1701 1654 1770 amplius
1676 1700 1816 1771 quod

229 1800 290 1853 ad
318 1810 554 1854 mentem
595 1798 927 1852 convertitur
951 1811 1010 1849 se
1037 1804 1305 1865 regentem
1327 1836 1341 1860 ,
1370 1809 1527 1864 quam
1545 1796 1565 1825 '
1593 1794 1818 1848 illustrat

227 1892 482 1960 sapientia
503 1933 519 1956 ,
552 1889 692 1959 quod
744 1889 795 1942 in
849 1887 1032 1941 bestiis
1059 1902 1162 1941 non
1196 1894 1370 1956 potest
1397 1885 1602 1939 ratione
1628 1899 1816 1937 caren-

228 1983 386 2037 tibus.
424 1982 634 2050 Corpus
659 1994 872 2049 quoque
902 1977 1134 2042 hominis
1153 2017 1167 2040 ,
1195 1976 1316 2046 quia
1339 1975 1510 2029 solum
1540 1974 1679 2029 inter
1707 1973 1819 2026 ani-

226 2075 449 2130 malium
490 2085 817 2128 terrenorum
857 2086 1102 2141 corpora,
1145 2085 1249 2123 non
1293 2084 1518 2137 pronum
1547 2067 1599 2121 in
1642 2068 1817 2120 alvum

231 2177 572 2238 prostrattun
599 2176 702 2232 est,
732 2181 855 2220 cum
895 2165 966 2220 sit
990 2163 1220 2226 visibile,
1262 2162 1353 2216 sed
1400 2160 1465 2215 ad
1507 2160 1817 2216 intuendum

225 2260 426 2313 cmlum
481 2268 754 2322 erectum,
807 2254 948 2326 quod
996 2262 1078 2309 est
1125 2254 1440 2324 principium
1495 2253 1816 2317 visibilium;

227 2367 532 2422 quanquam
563 2367 668 2405 non
700 2366 824 2416 sua,
859 2350 952 2404 sed
981 2350 1170 2404 anima:
1207 2350 1487 2418 praesentia
1517 2349 1695 2403 vivere
1724 2362 1819 2401 co-

229 2455 509 2516 gnoscatur
536 2463 550 2497 :
579 2454 758 2498 tamen
788 2459 893 2497 non
922 2442 1079 2496 modo
1107 2441 1229 2510 quia
1260 2451 1371 2504 est,
1406 2450 1459 2496 et
1489 2441 1540 2496 in
1566 2449 1818 2509 quantum

230 2547 324 2601 est,
357 2536 543 2606 utique
575 2537 774 2590 bonum
803 2547 886 2590 est
911 2554 924 2588 :
957 2534 1048 2589 sed
1078 2535 1236 2588 etiam
1269 2533 1387 2603 quia
1419 2534 1520 2587 tale
1546 2542 1647 2598 est,
1675 2543 1732 2588 ut
1756 2533 1820 2588 ad

231 2627 697 2698 contemplandum
740 2627 935 2681 cmlum
979 2626 1262 2692 sitaptius,
1301 2625 1467 2694 magis
1513 2625 1564 2678 in
1611 2625 1711 2678 hoc
1754 2624 1820 2679 ad

232 2721 510 2790 imaginem
539 2729 593 2773 et
618 2717 1018 2773 similitudinem
1045 2717 1160 2782 Dei,
1187 2732 1344 2787 quam
1377 2725 1566 2770 emta-ra
1596 2732 1821 2787 corpora

233 2809 534 2863 animalium
573 2809 774 2863 factum
818 2808 939 2878 jure
985 2806 1152 2860 videri
1204 2815 1397 2875 potest.
1445 2806 1644 2861 Tamen
1698 2807 1821 2876 quia

234 2898 384 2953 homo
414 2902 536 2954 sine
563 2900 673 2953 vita
703 2914 811 2953 non
852 2908 996 2953 recte
1025 2897 1322 2967 appellatur
1351 2897 1427 2968 (a)
1454 2913 1466 2960 ;
1498 2913 1602 2951 non
1625 2912 1822 2969 corpus

232 2992 395 3045 solum
419 2991 584 3046 homo
605 2991 861 3055 exterior,
885 3005 1057 3061 neque
1072 2991 1185 3044 sola
1212 2991 1318 3043 vita
1341 3006 1458 3060 quae
1484 2991 1533 3044 in
1559 3005 1719 3047 sensu
1741 3001 1823 3046 est

231 3083 462 3150 corporis
483 3123 500 3148 ,
533 3083 630 3136 sed
656 3091 942 3153 utrumque
973 3082 1130 3137 simul
1153 3083 1349 3138 rectius
1377 3083 1601 3140 fortasse
1628 3085 1820 3140 intelli—

231 3175 382 3243 gitur.

297 3267 349 3320 4.
381 3264 568 3334 Neque
593 3264 784 3320 inscite
811 3265 1149 3335 distinguitur
1169 3305 1184 3329 ,
1216 3264 1356 3334 quod
1384 3265 1524 3319 aliud
1552 3267 1619 3321 sit
1649 3269 1823 3338 imago

233 3366 284 3410 et
309 3357 604 3411 similitudo
635 3357 763 3419 Dei,
810 3357 898 3426 qui
927 3357 1086 3411 etiam
1113 3357 1278 3410 Filius
1303 3356 1530 3422 dicitur;
1572 3358 1711 3412 aliud
1757 3359 1822 3414 ad

237 3447 508 3517 imaginem
540 3455 597 3500 et
643 3447 1048 3501 similitudinem
1093 3447 1222 3513 Dei,
1255 3447 1391 3502 sicut
1440 3448 1709 3503 hominem
1742 3450 1822 3504 fa-

234 3547 370 3592 ctum
397 3538 693 3606 accipimus
725 3537 822 3609 (ὁ).
853 3537 987 3592 Sunt
1011 3537 1170 3592 etiam
1196 3538 1283 3607 qui
1316 3553 1420 3593 non
1446 3539 1637 3593 frustra
1669 3541 1825 3594 intel-

236 3626 391 3698 ligant
418 3629 524 3682 duo
550 3629 693 3684 dicta
722 3643 841 3683 esse
862 3670 876 3692 ,
900 3627 966 3682 ad
999 3628 1277 3699 imaginem
1299 3637 1353 3684 et
1385 3629 1783 3686 similitudinem
1807 3651 1821 3688 :

235 3735 348 3773 cum
378 3721 421 3773 si
453 3736 557 3774 una
585 3735 675 3775 res
701 3728 863 3784 esset,
896 3735 1059 3773 unum
1086 3734 1278 3775 nomen
1312 3720 1559 3776 sufficere
1588 3724 1824 3792 potuisse

235 3820 495 3866 asserunt.
527 3811 634 3867 Sed
680 3811 744 3864 ad
779 3812 1059 3882 imaginem
1101 3819 1333 3866 mentem
1379 3812 1568 3867 factam
1597 3815 1820 3881 volunt,

235 3917 348 3972 quae
377 3904 525 3958 nulla
563 3903 876 3972 interposita
903 3902 1194 3957 substantia
1217 3902 1284 3957 ab
1312 3903 1422 3973 ipsa
1451 3905 1674 3959 veritate
1712 3905 1822 3959 for-

237 4004 439 4061 matur,
468 3994 559 4065 qui
591 3995 755 4050 etiam
795 3994 1013 4063 spiritus
1055 3995 1249 4049 dicitur
1282 4012 1294 4048 :
1331 4010 1433 4049 non
1481 3997 1568 4052 ille
1595 3996 1824 4066 Spiritus

241 4096 485 4150 sanctus,
516 4085 608 4155 qui
642 4094 726 4140 est
750 4084 987 4153 ejusdem
1031 4085 1340 4140 substantia:
1360 4127 1375 4151 ,
1407 4086 1556 4155 cujus
1587 4097 1638 4140 et
1670 4087 1826 4142 Pater

241 4188 296 4230 et
320 4176 364 4231 F
365 4176 513 4242 ilius,
542 4177 640 4232 sed
665 4177 887 4248 spiritus
911 4177 1159 4232 hominis.
1189 4176 1320 4230 Nam
1351 4177 1421 4231 ita
1451 4179 1547 4230 hos
1571 4178 1826 4234 discernit

239 4273 522 4343 Apostolus
553 4291 565 4326 :
601 4272 769 4326 Nemo
799 4273 889 4326 scit
917 4272 1038 4342 quid
1062 4285 1246 4343 agatur
1268 4273 1319 4325 in
1349 4273 1569 4337 homine,
1602 4274 1698 4326 nisi
1721 4275 1828 4343 spi-

238 4368 360 4419 ritus
381 4367 633 4430 humilis;
655 4376 701 4418 et
727 4382 870 4419 nemo
897 4366 988 4418 scit
1016 4365 1136 4434 quid
1157 4373 1334 4435 agatur
1353 4366 1404 4417 in
1431 4363 1557 4425 Deo.
1581 4366 1677 4418 nisi
1705 4366 1828 4436 Spi-

238 4460 361 4512 ritus
389 4459 485 4512 Dei
531 4458 571 4529 (I
602 4457 720 4512 Cor.
755 4474 790 4512 tt
812 4498 826 4520 ,
857 4458 968 4526 il).
1005 4457 1132 4510 Item
1163 4457 1228 4510 de
1271 4456 1457 4525 spiritu
1487 4456 1716 4511 hominis
1741 4457 1825 4511 di-

237 4552 340 4604 cit:
376 4551 592 4604 Saleum
615 4550 769 4620 faciat
797 4549 1034 4619 spiritum
1061 4557 1297 4611 vestrum,
1327 4558 1372 4601 et
1396 4550 1616 4601 animum
1640 4559 1687 4602 et
1715 4566 1829 4603 cor-

237 4659 328 4710 pus
360 4642 404 4712 (ι
431 4640 615 4694 Thess.
645 4656 713 4705 v,
743 4639 859 4708 25).
893 4639 960 4694 Et
1002 4641 1101 4694 iste
1140 4640 1282 4694 enim
1310 4640 1477 4694 factus
1501 4650 1582 4696 est
1611 4656 1639 4695 a
1673 4642 1785 4698 Deo
1807 4685 1824 4713 ,

237 4734 370 4788 sicut
398 4742 454 4786 et
498 4741 693 4786 cetera
720 4740 984 4786 creatura.
1014 4729 1281 4800 Scriptum
1309 4740 1393 4785 est
1417 4732 1560 4785 enim
1608 4731 1661 4786 in
1692 4732 1826 4788 Pro-

237 4822 432 4878 verbiis
461 4822 568 4876 hoc
592 4820 754 4875 modo
779 4836 795 4874 :
832 4820 974 4875 Scito
1001 4821 1238 4890 quoniam
1265 4818 1513 4874 Dominus
1549 4821 1705 4874 corda
1733 4823 1828 4877 Ito-

237 4917 425 4968 minum
468 4916 643 4980 nouit;
673 4923 721 4967 et
743 4914 830 4983 qui
855 4913 1004 4982 ﬁnxit
1045 4913 1277 4982 spiritum
1305 4912 1535 4968 omnibus
1552 4955 1568 4978 ,
1605 4916 1714 4984 ipse
1737 4917 1829 4972 scit

236 5010 401 5062 omnia
427 5005 614 5078 (Prov.
649 5022 734 5061 xvi
753 5048 768 5074 ,
797 5006 879 5079 2).
910 5005 1050 5075 Ergo
1084 5006 1183 5059 iste
1207 5005 1422 5074 spiritus
1447 5005 1513 5059 ad
1545 5007 1827 5077 imaginem

242 5098 326 5154 Dei
354 5098 508 5154 nullo
532 5096 812 5153 dubitante
839 5095 1009 5150 factus
1036 5094 1294 5165 accipitur
1312 5135 1326 5159 ,
1359 5095 1409 5149 in
1439 5111 1544 5164 quo
1568 5105 1651 5151 est
1673 5098 1830 5154 intel-

239 5188 450 5260 ligentia
479 5189 723 5244 veritatis
755 5205 768 5242 :
802 5187 970 5242 haeret
1007 5187 1147 5242 enim
1179 5186 1387 5241 veritati
1420 5188 1562 5242 nulla
1588 5188 1827 5260 interpo-

243 5284 336 5337 sita
365 5292 638 5341 creatura.
669 5282 877 5338 Caetera
917 5281 1152 5337 hominis
1176 5280 1241 5334 ad
1267 5281 1666 5338 similitudinem
1691 5283 1828 5340 facta

244 5374 403 5432 videri
429 5375 649 5440 volunt;
693 5374 815 5445 quia
841 5374 1016 5429 omnis
1040 5373 1255 5444 quidem
1285 5372 1462 5444 imago
1489 5374 1678 5430 similis
1707 5385 1788 5432 est
1810 5418 1826 5445 ,

301 5576 317 5607 ι
344 5575 484 5636 εαξη,
507 5573 776 5626 Mum
805 5587 857 5624 σε
877 5574 1052 5637 ipsum
1097 5578 1150 5621 At
1169 5577 1299 5630 Mss,
1339 5571 1604 5622 secundum
1637 5572 1828 5637 ipsum;

243 5637 283 5686 Id
307 5649 403 5697 est,
427 5639 681 5688 hominem
701 5639 999 5686 interiorem.

300 5705 320 5734 ²
338 5695 470 5763 ως,
496 5698 729 5749 convertit
749 5712 799 5748 se
829 5705 1085 5763 regentem,
1109 5708 1266 5760 quem,
1293 5702 1386 5744 etc.
1407 5695 1831 5757 ;dissentieutibus

240 5762 380 5812 editis
393 5762 505 5812 aliis
528 5772 581 5813 et
599 5770 706 5810 Mss.

683 5821 996 5948 ocap.
1019 5884 1071 5946 6,
1093 5896 1144 5932 ιι.
1166 5882 1241 5946 l3,
1265 5889 1319 5934 et
1339 5888 1355 5932 l
1380 5889 1583 5936 ltetract.
1603 5897 1709 5950 cap.
1728 5884 1805 5934 26.

1934 519 2037 559 non
2082 512 2255 559 autem
2281 519 2439 562 omne
2463 504 2602 575 quod
2630 507 2802 563 simile
2829 515 2912 563 est
2930 549 2946 575 ,
2974 507 3134 564 etiam
3177 507 3349 579 imago
3377 524 3504 580 pro-

1932 597 2044 665 prie
2064 636 2079 661 ,
2109 596 2202 649 sed
2231 597 2364 652 forte
2389 597 2606 652 abusive
2631 598 2736 653 dici
2767 608 2958 669 potest.
2988 601 3092 655 Sed
3130 602 3420 658 cavendum
3447 603 3502 659 in

1929 686 2126 740 talibus
2153 701 2219 741 ne
2255 688 2378 757 quid
2406 689 2562 743 nimis
2602 692 3013 747 asseverandum
3040 700 3282 761 putetur,
3331 694 3418 749 illa
3445 711 3504 752 re

1929 790 2058 831 sane
2079 776 2359 833 salubriter
2383 779 2641 834 custodita
2663 823 2678 847 ,
2709 797 2775 836 ne
2804 783 3050 851 quoniam
3079 799 3271 854 corpus
3290 787 3502 855 quodli-

1928 868 2017 924 bet
2041 884 2135 939 pcr
2160 870 2343 924 localia
2369 873 2535 941 spatia
2568 883 2869 942 porrectum
2894 884 2993 938 est,
3021 876 3215 948 aliquid
3245 877 3352 933 tale
3379 893 3502 935 cre-

1926 961 2080 1016 datur
2105 977 2223 1018 esse
2252 964 2544 1018 substantia
2576 965 2686 1019 Dei.
2715 965 2845 1020 Nam
2873 982 2958 1021 res
2983 984 3102 1038 quae
3144 969 3196 1023 in
3225 979 3374 1040 parte
3399 971 3502 1025 mi-

1927 1069 2024 1108 nor
2048 1064 2130 1108 est
2157 1070 2314 1124 quam
2344 1055 2395 1109 in
2432 1065 2542 1110 toto
2564 1098 2578 1122 ,
2612 1073 2709 1112 nec
2733 1057 2973 1128 dignitati
2999 1061 3188 1115 animai
3212 1063 3500 1128 convenit;

1923 1154 2122 1214 quanto
2147 1146 2319 1201 minus
2350 1147 2611 1216 majestati
2641 1149 2770 1203 Dei?

1923 1233 2030 1289 Lll.
2061 1234 2140 1290 De
2177 1253 2234 1290 eo
2274 1237 2410 1306 quod
2433 1237 2618 1292 dictum
2657 1249 2762 1306 est,
2796 1239 3023 1296 Paenitet
3051 1257 3136 1297 me
3166 1241 3354 1302 fecisse
3400 1243 3500 1300 ho-

2361 1331 2556 1385 minem
2583 1331 2733 1402 (Gen.
2765 1349 2848 1396 v1,
2880 1333 2947 1399 6,
2981 1335 3058 1403 7).

1995 1419 2196 1473 Divina:
2225 1420 2511 1491 Scriptura:
2532 1437 2560 1475 a
2585 1432 2796 1477 terreno
2819 1432 2873 1477 et
2899 1424 3132 1480 humano
3151 1441 3310 1481 sensu
3333 1429 3398 1482 ad
3420 1429 3502 1483 di-

1921 1513 2100 1566 vinum
2131 1523 2184 1567 et
2212 1516 2482 1570 cmlestem
2515 1531 2610 1568 nos
2637 1517 2933 1584 erigentes,
2967 1532 3131 1586 usque
3155 1518 3222 1572 ad
3253 1534 3313 1572 ea
3339 1521 3498 1576 verba

1921 1605 2345 1672 descenderunt,
2386 1608 2577 1678 quibus
2605 1607 2740 1662 inter
2768 1624 2827 1664 se
2868 1609 3299 1664 stultissimorum
3339 1613 3497 1667 etiam

1920 1697 2086 1752 utitur
2103 1697 2448 1758 consuetudo.
2472 1698 2650 1769 Itaque
2672 1715 2852 1754 earum
2875 1700 3033 1755 etiam
3055 1701 3390 1757 affectiouum
3414 1719 3502 1758 no-

1920 1790 2060 1843 mina
2082 1832 2097 1854 ,
2130 1807 2262 1860 quas
2285 1791 2494 1845 animus
2518 1801 2700 1847 noster
2731 1792 2924 1862 patitur
2945 1834 2959 1858 ,
2987 1809 3118 1863 quas
3144 1794 3450 1864 longissime
3469 1811 3502 1852 ι

1924 1883 2033 1936 Deo
2053 1899 2172 1937 esse
2194 1884 2459 1952 sejunctas
2483 1884 2589 1954 jam
2617 1887 2706 1954 qui
2735 1886 2921 1940 melius
2946 1887 3081 1956 sapit
3108 1886 3372 1957 intelligit,
3396 1904 3502 1943 non

1921 1973 2295 2029 dubitaverunt
2315 1975 2389 2028 illi
2411 1975 2510 2028 viri
2535 1992 2630 2044 per
2649 1992 2783 2045 quos
2807 1977 3010 2030 locutus
3033 1988 3114 2031 est
3134 1978 3361 2046 Spiritus
3382 1996 3503 2034 san-

1922 2075 2037 2119 ctus
2057 2107 2072 2130 ,
2103 2066 2551 2135 opportunissime
2578 2065 2628 2120 in
2659 2066 2806 2120 libris
2835 2082 3052 2134 ponere.
3081 2066 3181 2135 Ut,
3212 2069 3356 2123 verbi
3382 2085 3503 2139 gra-

1924 2159 1993 2212 tia
2013 2199 2029 2224 ,
2073 2158 2323 2227 quoniam
2365 2156 2732 2211 difﬁcillimum
2762 2167 2844 2212 est
2871 2167 2927 2210 ut
2971 2158 3132 2212 homo
3156 2159 3353 2229 aliquid
3384 2159 3503 2214 vin-

1923 2249 2065 2305 dicet
2092 2250 2206 2304 sine
2249 2251 2362 2315 ira,
2408 2250 2692 2304 vindictam
2737 2249 2829 2304 Dei
2857 2265 2974 2319 qua:
3015 2250 3234 2306 omnino
3262 2252 3376 2306 sine
3404 2253 3504 2308 ista

1926 2341 2320 2410 perturbatione
2366 2340 2457 2407 fit,
2503 2341 2633 2395 iram
2678 2349 2852 2395 tamen
2899 2341 3190 2396 vocandum
3232 2341 3503 2412 iudicave-

1925 2444 2048 2486 runt
2081 2430 2178 2501 (a).
2226 2431 2353 2485 Item
2385 2431 2504 2501 quia
2549 2431 2788 2500 conjugis
2816 2432 3111 2486 castitatem
3156 2432 3376 2489 zelando
3404 2434 3504 2490 viri

1924 2522 2190 2577 custodire
2233 2533 2659 2588 consueverunt,
2698 2523 2838 2577 illam
2867 2523 2959 2578 Dei
3001 2524 3382 2593 providentiam
3413 2542 3506 2595 per

1925 2632 2080 2687 quam
2108 2617 2413 2688 pra-cipitur
2431 2629 2589 2687 atque
2617 2619 2789 2688 agitur
2814 2634 2881 2673 ne
2908 2619 3082 2672 anima
3113 2631 3503 2690 corrumpatur,

1926 2720 1979 2764 et
2021 2710 2149 2764 deos
2176 2710 2310 2764 alios
2334 2722 2492 2780 atque
2529 2712 2662 2764 alios
2687 2727 2914 2780 sequens
2943 2711 3172 2780 quodam
3202 2714 3359 2766 modo
3387 2728 3504 2769 me-

1926 2802 2237 2865 retricetur,
2269 2802 2441 2856 zelum
2473 2802 2564 2856 Dei
2607 2803 3026 2872 appellaverunt.
3059 2802 3148 2858 Sic
3190 2812 3247 2859 et
3291 2820 3507 2860 manum

1925 2894 2041 2957 Dei,
2075 2894 2180 2948 vim
2207 2909 2310 2964 qua
2339 2905 2619 2964 operatur;
2640 2905 2693 2949 et
2719 2896 2882 2964 pedes
2909 2896 3022 2962 Dei,
3053 2897 3158 2952 vim
3185 2914 3286 2968 qua
3314 2898 3365 2952 in
3392 2915 3508 2953 om-

1925 2988 2012 3043 nia
2051 2989 2394 3042 custodienda
2421 2990 2436 3020 ¹
2467 2997 2521 3044 ει
2561 2990 2902 3059 gubernanda
2943 2992 3238 3060 pertendit;
3269 3003 3323 3048 et
3351 3009 3509 3050 aures

1927 3080 2019 3135 Dei
2048 3081 2125 3135 vel
2155 3080 2338 3134 oculos
2368 3081 2494 3146 Dei,
2523 3081 2628 3134 vim
2656 3096 2760 3152 qua
2788 3082 2964 3136 omnia
2989 3083 3216 3154 percipit
3242 3095 3402 3156 atque
3426 3087 3508 3141 in-

1927 3173 2144 3242 telligit;
2182 3182 2235 3228 et
2277 3172 2462 3228 faciem
2494 3174 2618 3239 Dei,
2653 3175 2758 3228 vim
2805 3191 2905 3244 qua
2936 3189 2995 3230 se
3022 3177 3322 3232 manifestat
3349 3188 3510 3249 atque

1926 3262 2288 3333 dignoscitur;
2334 3273 2388 3318 et
2430 3272 2622 3319 caetera
2664 3264 2717 3319 in
2756 3264 2897 3319 hunc
2942 3266 3194 3334 modum,
3230 3279 3510 3339 propterea

1927 3357 2134 3410 scilicet
2160 3357 2282 3426 quia
2328 3372 2424 3410 nos
2451 3358 2516 3410 ad
2562 3373 2695 3426 quos
2722 3374 2900 3412 sermo
2931 3359 3021 3424 fit,
3053 3370 3106 3415 et
3145 3363 3393 3419 manibus
3419 3379 3510 3419 so-

1928 3449 2098 3504 lemus
2123 3448 2366 3518 operari,
2396 3457 2450 3502 et
2480 3448 2702 3517 pedibus
2732 3449 3011 3516 incedere,
3040 3461 3093 3505 et
3121 3468 3226 3522 quo
3256 3455 3356 3508 fert
3390 3456 3510 3510 ani-

1928 3555 2048 3594 mus
2091 3539 2405 3609 pervenire,
2437 3547 2490 3593 et
2519 3538 2736 3594 auribus
2779 3549 2935 3610 atque
2979 3544 3148 3598 oculis
3197 3547 3512 3617 ueterisque

1927 3631 2172 3687 sensibus
2195 3632 2434 3700 corporis
2459 3633 2752 3700 corporalia
2784 3634 3086 3705 percipere,
3116 3646 3168 3690 et
3193 3637 3324 3693 facie
3355 3639 3512 3695 inno-

1928 3731 2133 3776 tescere
2167 3738 2180 3774 :
2213 3732 2267 3776 et
2294 3721 2338 3774 si
2369 3720 2493 3790 quid
2535 3721 2676 3774 aliud
2719 3721 2784 3776 ad
2817 3722 2953 3777 hanc
2984 3734 3232 3794 tanquam
3277 3729 3511 3798 regulam

1923 3813 2174 3885 pertinet.
2206 3812 2314 3866 lloe
2346 3812 2504 3866 modo
2548 3812 2736 3881 igitur,
2771 3814 3020 3883 quoniam
3048 3826 3253 3872 mutare
3278 3830 3512 3891 emptum

1928 3905 2140 3977 aliquod
2162 3914 2216 3960 et
2239 3906 2291 3959 in
2313 3904 2456 3959 aliud
2486 3904 2775 3960 transferre
2795 3920 2900 3960 non
2931 3907 3084 3963 facile
3108 3910 3341 3965 solemus
3361 3914 3382 3944 ⁸
3409 3913 3512 3970 nisi

1929 3999 2254 4069 pmnitendo,
2276 4013 2574 4068 quanquam
2590 3997 2764 4051 divina
2784 3999 3110 4068 providentia
3128 4017 3316 4058 serena
3335 4014 3512 4061 mente

1931 4092 2253 4146 intuentibus
2282 4100 2534 4160 appareat
2571 4101 2760 4146 cuncta
2789 4094 3088 4148 certissimo
3127 4097 3314 4151 ordine
3343 4097 3512 4152 admi-

1930 4183 2175 4246 nistrare,
2196 4181 2744 4236 accommodatissimc
2773 4193 2945 4237 tamen
2965 4184 3028 4237 ad
3058 4185 3307 4240 humilem
3327 4186 3514 4241 huma-

1931 4289 2051 4328 nam
2083 4273 2481 4342 intelligentiam
2500 4272 2519 4302 ³
2537 4288 2595 4326 ea
2613 4289 2731 4342 qua:
2759 4272 3170 4342 incipiuutesse,
3200 4292 3372 4346 neque
3392 4293 3511 4346 per-

1929 4375 2176 4422 severant
2203 4375 2454 4436 quantum
2504 4374 2906 4434 perseveratum
2939 4375 3147 4436 sperata
3179 4376 3334 4433 sunt,
3362 4369 3511 4438 quasi

1931 4474 2026 4529 per
2053 4458 2413 4526 pmuitcntiam
2440 4457 2528 4511 Dei
2553 4456 2798 4511 dicuntur
2822 4457 3014 4512 ablata.

1931 4549 2063 4605 LIII.
2085 4548 2166 4604 De
2191 4565 2315 4603 auro
2335 4557 2382 4603 et
2406 4558 2612 4620 argento
2637 4549 2773 4620 quod
2792 4547 3043 4604 Israelita
3063 4552 3126 4604 ab
3147 4551 3410 4625 Egyptiis
3429 4571 3515 4610 ac-

2594 4651 2849 4711 ceperunt.

2004 4735 2058 4789 1.
2088 4733 2336 4804 Quisquis
2377 4732 2602 4788 duorum
2650 4733 3110 4791 Testamentorum
3157 4737 3515 4811 dispensatio-

1931 4841 2030 4881 nes
2048 4867 2064 4892 ,
2093 4840 2189 4896 pro
2217 4834 2515 4895 temporum
2542 4827 2885 4895 congruentia
2905 4867 2920 4892 ,
2948 4830 3158 4898 generis
3184 4830 3399 4886 humani
3429 4833 3515 4886 di-

1933 4917 2159 4988 ligenter
2182 4916 2424 4972 aetatibus
2449 4917 2760 4972 distributas
2786 4917 3020 4974 intuetur
3036 4961 3052 4987 ,
3078 4922 3228 4982 satis.
3261 4933 3511 4992 quantum

1935 5012 2214 5077 existimo,
2249 5010 2496 5081 intelligit
2521 5011 2647 5081 quid
2693 5012 2906 5082 proprie
2935 5015 3092 5082 priori
3120 5017 3258 5068 aetati
3303 5019 3517 5084 generis

1935 5102 2186 5169 humani,
2215 5102 2341 5173 quid
2372 5103 2651 5172 posteriori
2676 5105 2976 5160 conveniat.
3010 5105 3188 5160 Divina
3216 5107 3357 5162 enim
3395 5125 3518 5179 pro-

1932 5194 2164 5250 videntia
2208 5193 2429 5266 pulchre
2467 5195 2646 5250 omnia
2676 5197 3016 5261 moderante,
3052 5196 3120 5250 ita
3152 5197 3394 5254 universa
3423 5217 3516 5271 ge-

1934 5289 2269 5345 nerationum
2291 5287 2457 5343 series
2476 5288 2543 5344 ab
2569 5289 2736 5344 Adam
2763 5303 2927 5357 usque
2951 5285 3016 5340 ad
3038 5286 3195 5343 linem
3225 5294 3402 5348 saeculi
3423 5294 3518 5349 ad-

1937 5380 2286 5444 ministratur,
2321 5388 2567 5451 tanquam
2599 5380 2756 5434 unius
2781 5377 3008 5431 hominis
3035 5393 3065 5433 a
3097 5383 3320 5451 pueritia
3349 5401 3515 5457 usque

1937 5470 2001 5526 ad
2048 5481 2374 5528 senectutem
2406 5472 2658 5543 temporis
2684 5471 2764 5524 sui
2805 5478 3028 5525 tractum
3055 5476 3223 5531 aetatis
3265 5480 3518 5548 gradibus

1937 5566 2288 5622 terminantis.
2333 5566 2400 5620 Et
2429 5567 2546 5621 ideo
2577 5565 2824 5618 virtutum
2855 5565 3012 5620 etiam
3039 5569 3234 5637 gradus
3276 5570 3329 5626 in
3354 5574 3518 5628 mori-

2003 5702 2016 5731 ¹
2045 5708 2143 5750 nat.
2167 5709 2218 5751 et
2240 5709 2430 5763 septem
2453 5709 2578 5761 Mss,
2604 5703 2948 5756 constituenda.

1999 5764 2020 5793 ¹
2045 5769 2144 5811 Duo
2166 5771 2290 5820 Mss,
2311 5776 2403 5811 non
2428 5765 2527 5824 fere
2550 5763 2770 5816 solemus.

1998 5825 2780 5955 iiscausam;
2792 5829 3041 5943 am
3069 5831 3443 5902 muan
