4000 6336
494 299 568 358 59
1274 286 1364 344 DE
1401 282 1712 343 DIVERSIS
1749 275 2266 350 QUASSTIONIBUS
2303 275 2586 347 LXXXIII,
2623 275 2683 335 Β.
2722 275 3086 336 AUGUSTINI
3697 284 3770 348 ω

497 423 642 483 ειιιιι,
673 414 806 471 ﬁunt
833 409 1010 468 decies
1033 408 1221 470 octies,
1264 405 1404 477 quod
1431 412 1515 460 est
1545 400 1832 471 octoginta.
1859 397 2077 467 Reginae

497 527 668 583 ergo,
712 521 834 565 sunt
880 505 1070 560 animae
1116 509 1398 571 regnantes
1451 497 1504 550 in
1555 489 1967 564 intelligibilibus
2022 498 2078 545 et

497 581 878 676 spiritualibus.
925 595 1268 656 Concubinas,
1309 605 1429 661 qua:
1466 584 1774 642 mercedem
1815 581 2081 651 accipiunt

498 707 852 757 terrenarum,
883 688 951 744 de
987 685 1177 758 quibus
1204 682 1403 738 dictum
1444 687 1548 743 est,
1589 678 1907 746 Acceperunt
1944 687 2079 724 mer-

498 789 667 844 cedem
711 800 853 840 suam
901 779 1109 854 (Matth.
1137 793 1226 842 vi,
1253 775 1344 846 2).
1387 767 1814 828 Adolescentulae
1855 777 2081 836 quarum

499 899 606 938 non
631 887 714 936 est
736 889 1010 941 numerus,
1036 885 1259 944 quarum
1286 882 1392 922 non
1422 873 1507 921 est
1529 861 1880 918 determinata
1903 857 2082 912 scien-

499 974 606 1041 tia,
651 979 704 1026 et
739 967 962 1024 diversis
1004 959 1339 1036 dogmatibus
1376 952 1666 1029 periclitari
1710 958 1934 1022 possunt
1970 954 2086 1041 :_ut

500 1039 774 1128 nttmerus,
817 1057 957 1129 quod
991 1054 1190 1110 dictum
1230 1058 1342 1117 εει,
1371 1044 1632 1118 signiﬁcet
1655 1051 1862 1098 certam
1900 1046 1955 1095 et
1998 1039 2082 1093 in-

500 1155 794 1212 dubitatam
835 1145 1295 1205 conﬁrmationem
1333 1138 1589 1195 scientiae.

571 1268 703 1328 LVI.
754 1264 833 1320 De
871 1262 1017 1316 annis
1053 1257 1396 1331 quadraginta
1428 1269 1516 1309 sea:
1543 1250 1784 1320 aediﬁcati
1817 1245 2012 1319 templi.

573 1362 713 1424 Sex,
755 1371 945 1413 novem
967 1395 982 1418 ,
1023 1350 1330 1413 duodecim,
1366 1346 1550 1401 decem
1591 1350 1644 1396 et
1680 1349 1834 1402 octo.
1878 1337 1995 1392 h;cc
2031 1335 2085 1390 in

502 1471 666 1512 unum
705 1453 838 1506 ﬁunt
865 1451 880 1481 ¹
911 1445 1261 1518 quadraginta
1300 1441 1553 1512 quinque.
1582 1434 1732 1490 Adde
1757 1447 1883 1503 ergo
1912 1430 2086 1501 ipsum

505 1562 712 1612 unum,
755 1540 888 1596 ﬁunt
942 1536 1296 1610 quadraginta
1349 1547 1439 1587 sex
1485 1547 1498 1582 :
1542 1528 1643 1582 hoc
1697 1525 1906 1588 sexies,
1956 1522 2090 1612 ﬁunt

505 1611 732 1695 ducenta
778 1630 1110 1703 septuaginta
1161 1642 1276 1682 sex.
1343 1622 1546 1678 Dicitur
1588 1628 1764 1673 autem
1810 1611 2089 1683 conceptio

510 1731 742 1787 humana
776 1727 854 1780 sic
889 1720 1179 1794 procedere
1216 1728 1271 1774 et
1299 1714 1503 1786 perﬁci,
1532 1721 1592 1766 ut
1630 1708 1814 1780 primis
1843 1720 1936 1761 sex
1976 1703 2089 1759 die-

503 1823 605 1880 bus
643 1820 795 1892 quasi
838 1816 990 1872 lactis
1034 1812 1232 1868 habeat
1275 1805 1700 1866 similitudinem,
1743 1796 2091 1892 sequentibus

505 1886 698 1971 novem
756 1909 945 1966 diebus
990 1909 1333 1961 convertatur
1383 1899 1436 1953 in
1489 1894 1800 1965 sanguinem
1826 1931 1841 1956 ,
1896 1886 2091 1944 deinde

505 2007 786 2066 duodecim
833 2001 1018 2057 diebus
1066 1994 1342 2057 solidetur,
1397 1988 1615 2059 reliquis
1653 1985 1838 2040 decem
1879 1989 1934 2037 ει
1971 1988 2092 2034 octo

507 2100 697 2156 diebus
726 2096 984 2150 formetur
1023 2102 1188 2157 usque
1236 2083 1302 2138 ad
1342 2080 1572 2152 perfecta
1605 2077 1924 2131 lineamenta
1973 2085 2092 2124 om-

509 2194 658 2249 nium
674 2185 1052 2245 membrorum,
1073 2188 1128 2234 et
1150 2177 1282 2230 hinc
1306 2174 1416 2242 jam
1445 2171 1646 2239 reliquo
1663 2176 1900 2235 tempore
1927 2175 2095 2232 usque

510 2285 576 2340 ad
608 2292 820 2350 tempus
846 2283 1026 2346 partus
1051 2264 1415 2338 magnitudine
1440 2269 1709 2350 augeatur.
1739 2252 2095 2350 Quadraginta

510 2391 640 2449 ergo
666 2345 896 2445 quinque
921 2365 1106 2420 diebus
1133 2358 1311 2414 addito
1340 2369 1468 2449 uno,
1500 2351 1639 2449 quod
1664 2345 1924 2449 signiﬁcat
1952 2358 2098 2449 sum:

510 2436 654 2527 mam
741 2436 860 2534 quia
891 2473 985 2512 sex
1012 2463 1067 2510 et
1095 2464 1284 2508 novem
1325 2453 1379 2501 et
1419 2440 1697 2534 duodecim
1739 2446 1792 2492 ει
1832 2436 2013 2534 decem
2044 2439 2099 2488 et

512 2571 636 2619 octo
681 2558 734 2613 in
759 2528 942 2610 Iunum
988 2545 1205 2607 coactis,
1257 2542 1392 2595 ﬁunt
1437 2532 1780 2607 quadraginta
1818 2528 2094 2599 quinque:

513 2653 694 2708 addito
737 2662 884 2718 ergo,
931 2652 989 2698 ιιι
1017 2640 1218 2696 dictum
1269 2641 1370 2698 est,
1422 2644 1548 2693 uno,
1583 2626 1714 2680 ﬁunt
1755 2620 2099 2693 quadraginta

518 2762 631 2802 sex.
678 2740 779 2810 Qui
808 2717 944 2793 cum
990 2731 1185 2788 fuerint
1228 2721 1562 2793 multiplicati
1606 2733 1700 2789 per
1738 2717 1911 2787 ipsum
1938 2727 2098 2768 sena-

516 2838 653 2897 rium
686 2843 985 2892 numerum,
1019 2823 1108 2895 qui
1153 2819 1310 2889 hujus
1353 2810 1702 2869 ordinationis
1729 2813 1887 2876 caput
1934 2811 2097 2867 tenet,

519 2930 653 2985 ﬁunt
681 2923 892 2980 ducenti
922 2915 1254 2989 septuaginta
1285 2925 1383 2965 sex
1417 2927 1430 2962 :
1462 2906 1513 2962 id
1537 2913 1637 2966 εει,
1670 2915 1859 2955 novem
1891 2909 2102 2989 menses

519 3029 574 3077 et
620 3034 716 3074 sex
763 3015 899 3079 dies,
950 2988 1042 3082 qui
1089 3009 1460 3075 computantur
1505 2996 1572 3051 ab
1624 3003 1810 3050 octavo
1855 2988 2103 3045 calendas

519 3111 723 3184 aprilis,
769 3121 876 3178 quo
925 3079 1012 3158 die
1058 3104 1346 3166 conceptus
1386 3088 1641 3184 Dominus
1679 3083 1928 3146 creditur,
1979 3079 2103 3184 quia

521 3173 820 3261 eodemdie
841 3196 998 3252 etiam
1027 3203 1214 3262 passus
1239 3194 1342 3251 est,
1370 3197 1535 3253 usque
1563 3178 1628 3234 ad
1653 3187 1896 3232 octavum
1926 3173 2104 3226 calen-

521 3298 618 3353 das
642 3291 942 3366 januarias,
985 3299 1092 3356 quo
1128 3281 1217 3336 die
1255 3285 1409 3333 natus
1438 3283 1538 3330 est.
1580 3271 1696 3366 Non
1721 3283 1846 3338 ergo
1875 3263 2104 3320 absurde

523 3385 866 3461 quadraginta
909 3395 1003 3436 scx
1043 3375 1198 3431 annis
1238 3371 1431 3426 dicitur
1468 3365 1780 3421 fabricatum
1820 3374 1940 3416 esse
1972 3368 2105 3461 tem—

522 3451 690 3554 plum,
717 3451 856 3548 quod
877 3484 1070 3540 corpus
1095 3468 1210 3538 ejus
1230 3460 1560 3554 signiﬁcabat
1580 3457 1755 3529 (Joan.
1778 3470 1836 3554 ri,
1859 3453 1950 3519 20,
1973 3451 2063 3554 21)
2087 3467 2102 3505 :

524 3543 581 3627 ut
609 3543 887 3641 quot-anni
919 3564 1133 3618 fuerunt
1162 3560 1215 3613 in
1256 3552 1602 3610 fabricatione
1632 3547 1844 3641 templi,
1878 3555 1956 3599 tot
1991 3543 2106 3599 dies

521 3637 720 3720 fuerint
750 3660 803 3715 in
829 3654 1069 3725 corporis
1098 3646 1358 3706 Dominici
1386 3642 1707 3714 perfectione
1739 3637 1835 3711 (a).

592 3778 750 3836 LVII.
794 3774 869 3828 De
911 3781 1110 3826 centum
1147 3763 1517 3838 quinquaginta
1554 3757 1712 3812 tribus
1756 3752 1995 3827 piscibus.

594 3875 649 3930 l.
685 3869 866 3925 Omnia
890 3874 1080 3929 vestra,
1111 3877 1196 3916 vos
1237 3867 1405 3911 autem
1435 3853 1652 3918 Christi,
1686 3849 1914 3904 Christus
1940 3854 2106 3900 autem

522 3970 618 4026 Dei
647 3967 689 4039 (l
717 3966 836 4022 Cor.
865 3979 958 4028 ιιι,
983 3959 1083 4022 22,
1109 3956 1224 4025 25).
1257 3954 1314 4008 Si
1351 3967 1382 4004 a
1429 3950 1599 4020 capite
1628 3951 1992 4039 numerentur,
2026 3940 2109 3994 in-

523 4034 806 4119 veniuntur
849 4070 1012 4111 unum
1035 4093 1050 4117 ,
1082 4050 1219 4126 duo,
1254 4046 1353 4101 tria
1376 4086 1391 4111 ,
1442 4052 1686 4114 quatuor.
1737 4038 1866 4092 Item
1900 4055 1912 4090 :
1941 4034 2108 4101 Caput

523 4153 747 4210 mulieris
787 4150 883 4216 vir,
931 4154 1083 4216 caput
1123 4141 1215 4197 viri
1247 4139 1494 4202 Christus,
1536 4143 1686 4204 caput
1729 4140 1893 4186 autem
1923 4128 2108 4184 Christi

525 4246 665 4302 Deus
695 4241 804 4312 (Id.
831 4257 911 4305 xi,
939 4238 1015 4307 3).
1043 4235 1100 4291 Si
1131 4232 1320 4289 eodem
1351 4228 1509 4284 modo
1541 4233 1912 4288 numerentur,
1954 4221 2106 4276 inve-

527 4340 748 4396 niuntur
775 4333 1020 4390 similiter
1048 4342 1209 4384 unum
1230 4367 1245 4391 ,
1289 4323 1428 4388 duo,
1461 4319 1561 4375 tria
1587 4327 1641 4373 ει
1668 4323 1912 4388 quatuor.
1943 4314 2109 4369 Porro

526 4446 693 4488 unum
728 4435 783 4484 et
822 4425 930 4481 duo
969 4433 1024 4479 et
1066 4421 1165 4476 tria
1213 4427 1269 4474 et
1308 4424 1534 4488 quatuor
1573 4411 1730 4468 simul
1773 4409 1928 4464 ducta
1977 4409 2112 4462 ﬁunt

527 4525 733 4581 decem.
780 4521 1116 4589 Quapropter
1143 4510 1475 4581 disciplinam
1497 4548 1511 4572 .
1551 4521 1671 4577 quae
1713 4503 1946 4558 insinuat
1981 4516 2112 4557 con-

531 4618 756 4674 ditorem
785 4612 952 4666 Deum
984 4616 1036 4663 et
1064 4604 1334 4661 conditam
1373 4607 1671 4656 creaturam
1694 4637 1710 4664 ,
1736 4603 1885 4651 recte
1913 4591 2112 4664 signiﬁ-

528 4720 615 4767 cat
662 4703 910 4762 denarius
960 4712 1235 4755 numerus.
1294 4693 1362 4749 Et
1410 4705 1533 4748 cum
1581 4702 1776 4759 corpus
1820 4686 2112 4757 perfectum

529 4813 688 4873 atque
714 4789 1172 4853 inexterminabile
1197 4785 1442 4842 subditur
1466 4782 1656 4838 animae
1683 4778 1932 4852 perfecta:
1954 4786 2113 4847 atque

530 4872 978 4955 inexterminabili
998 4928 1013 4950 ,
1052 4895 1344 4951 rursusque
1374 4879 1485 4949 ipsa
1516 4874 1758 4932 subditur
1784 4872 1996 4928 Christo
2015 4911 2029 4935 ,
2061 4878 2116 4924 et

531 4990 620 5046 ille
649 4988 779 5050 Deo,
813 4997 917 5037 non
946 4988 1195 5046 tanquam
1225 4971 1500 5028 dissimilis
1529 4978 1619 5022 aut
1643 4967 1861 5022 alterius
1887 4975 2111 5031 naturae,

536 5082 629 5138 sed
661 5090 908 5148 tanquam
938 5070 1080 5128 Patri
1107 5069 1303 5131 Filius,
1337 5065 1436 5118 hoc
1475 5072 1640 5118 totum
1669 5061 1854 5117 eodem
1895 5074 2116 5115 numero

534 5172 753 5230 denario
783 5176 926 5224 recte
955 5162 1284 5235 signiﬁcatur
1303 5199 1318 5225 ,
1351 5155 1492 5228 quod
1522 5164 1641 5227 post
1669 5155 2114 5210 resurrectionem

535 5263 776 5337 corporis
803 5269 1046 5332 speratur
1089 5255 1324 5310 futurum
1359 5251 1410 5305 in
1455 5260 1731 5305 internum.
1784 5249 1850 5303 Et
1893 5247 2118 5302 fortasse

537 5367 819 5434 propterea
871 5351 961 5422 qui
1009 5346 1380 5403 conducuntur
1432 5341 1500 5396 ad
1542 5340 1788 5407 vineam,
1841 5339 2118 5395 denarium

539 5432 806 5521 accipiunt
851 5441 1114 5500 mercedis
1161 5439 1392 5494 nomine.
1420 5432 1642 5504 (Matth.
1677 5450 1786 5501 xx,
1826 5434 1917 5507 2).
1975 5435 2120 5492 Sicut

604 5625 622 5658 ι
649 5621 766 5673 mm
785 5656 801 5682 ,
846 5618 950 5670 ἠως
995 5614 1046 5666 in
1092 5613 1312 5664 urnverso
1343 5609 1483 5676 ﬁunt.
1519 5616 1575 5662 At
1606 5610 1831 5675 plerique
1863 5619 1998 5674 Mss,
2020 5611 2124 5665 hac

542 5688 811 5813 “(31:33.
835 5743 867 5793 4
885 5741 951 5792 de
967 5739 1155 5801 Trinit.,
1175 5749 1280 5802 cap.
1302 5736 1349 5789 5.

2185 404 2359 449 autem
2393 410 2555 449 unum
2598 402 2651 448 et
2692 394 2796 449 duo
2831 404 2886 449 et
2924 399 3019 450 tria
3049 405 3103 451 et
3129 405 3354 468 quatuor
3383 399 3540 455 simul
3575 400 3765 460 decem

2184 485 2346 554 ﬁunt,
2392 486 2470 541 sic
2511 500 2689 540 unum
2721 495 2776 540 et
2817 485 2922 541 duo
2963 496 3018 542 et
3060 487 3160 541 tria
3203 496 3260 544 et
3303 504 3530 560 quatuor
3570 502 3768 564 quater

2184 576 2344 632 ducta
2370 577 2717 647 quadraginta
2746 576 2897 631 ﬁunt.

2254 669 2310 723 2.
2338 669 2399 724 Si
2444 677 2621 724 autem
2666 669 3035 739 quaternarius
3076 685 3330 726 numerus
3375 680 3522 727 recte
3569 686 3768 744 corpus

2187 761 2469 832 signiﬁcat,
2499 769 2718 831 propter
2743 769 2966 832 quatuor
2989 762 3292 816 notissimas
3317 772 3556 828 naturas,
3578 765 3778 834 quibus-

2188 860 2432 918 constat,
2477 852 2671 906 siccam
2701 860 2756 907 ει
2796 850 3066 905 humidam
3087 891 3103 918 ,
3149 851 3389 922 frigidam
3420 863 3473 907 et
3498 853 3724 909 calidam
3752 871 3770 918 ;

2189 952 2244 999 et
2273 941 2415 1014 quod
2446 941 2747 1013 progressio
2777 957 2806 995 a
2828 951 3024 1012 puncto
3048 941 3115 997 ad
3145 943 3524 1012 longitudinem
3549 986 3564 1011 ,
3603 961 3634 999 a
3656 945 3774 1000 lon-

2191 1033 2431 1104 gitudine
2457 1032 2523 1089 ad
2553 1033 2883 1088 latitudinem
2907 1075 2922 1097 ,
2963 1048 2994 1087 a
3021 1033 3296 1089 latitudine
3320 1034 3387 1089 ad
3415 1036 3771 1104 altitudinem,

2191 1125 2512 1180 soliditatem
2544 1125 2785 1194 corporis
2836 1124 2999 1194 facit,
3043 1142 3162 1196 quae
3205 1142 3387 1182 rursus
3433 1132 3774 1198 quaternario

2195 1231 2421 1272 numero
2441 1215 2747 1271 continetur
2777 1234 2790 1270 :
2823 1231 2928 1271 non
2958 1216 3186 1272 absurde
3216 1219 3522 1289 intelligitur
3548 1221 3774 1290 quadra-

2191 1308 2443 1380 genarins
2474 1323 2726 1362 numerus
2757 1308 3103 1377 temporalem
3130 1307 3578 1378 dispensationem
3603 1310 3772 1380 signi-

2195 1403 2374 1466 ﬁcare,
2402 1417 2520 1473 qua:
2542 1417 2638 1473 pro
2661 1402 2830 1457 salute
2857 1411 3037 1456 nostra
3062 1411 3209 1472 gesta
3231 1413 3329 1468 est,
3365 1418 3486 1458 cum
3521 1405 3775 1460 Dominus

2195 1510 2389 1565 corpus
2414 1495 2732 1565 assumpsit,
2774 1502 2828 1549 et
2870 1495 3148 1550 visibiliter
3189 1495 3490 1550 hominibus
3517 1512 3775 1567 apparere

2193 1587 2438 1657 dignatus
2483 1595 2584 1641 εει.
2632 1586 2802 1642 Unum
2841 1587 2982 1642 enim
3009 1595 3062 1642 et
3089 1586 3193 1642 dno
3215 1595 3273 1642 et
3309 1588 3405 1641 tria
3434 1597 3489 1642 et
3522 1598 3771 1658 quatuor,

2194 1695 2312 1750 qua:
2370 1678 2674 1749 signiﬁcant
2728 1679 3034 1733 Creatorem
3096 1685 3151 1733 et
3207 1688 3531 1742 creaturam,
3589 1688 3778 1748 quater

2195 1769 2372 1832 ducta,
2406 1767 2458 1822 id
2480 1777 2562 1822 est
2582 1808 2596 1832 ,
2650 1782 2746 1838 per
2780 1783 2971 1837 corpus
3005 1769 3366 1838 temporaliter
3389 1768 3773 1835 demonstrata,

2196 1861 2330 1916 ﬁunt
2375 1861 2740 1932 quadraginta.
2780 1863 2911 1917 Nam
2949 1863 3086 1917 inter
3127 1871 3351 1932 quatuor
3374 1871 3428 1918 et
3464 1872 3650 1932 quater
3673 1861 3780 1918 hoc

2199 1954 2440 2020 interest,
2469 1955 2608 2024 quod
2635 1965 2860 2025 quatuor
2884 1956 2934 2010 in
2966 1965 3104 2010 statu
3131 1963 3286 2022 sunt,
3313 1965 3500 2024 quater
3525 1953 3578 2008 in
3605 1962 3777 2008 motu.

2202 2043 2344 2114 Ergo
2381 2053 2437 2098 ut
2465 2055 2694 2114 quatuor
2718 2046 3021 2100 referuntur
3044 2045 3110 2099 ad
3135 2060 3328 2115 corpus
3349 2087 3364 2113 ,
3408 2046 3478 2100 ita
3502 2054 3687 2115 quater
3710 2043 3782 2099 ad

2197 2143 2408 2204 tempus
2441 2153 2453 2187 :
2488 2135 2887 2204 insinuaturque
2933 2146 3320 2190 sacramentum
3350 2137 3696 2204 corporaliter
3726 2143 3786 2191 et

2197 2226 2561 2297 temporaliter
2588 2235 2814 2296 gestum,
2843 2237 3059 2297 propter
3081 2243 3174 2283 eos
3189 2229 3274 2297 qui
3299 2243 3579 2297 corporum
3597 2242 3789 2284 amore

2200 2319 2451 2388 implicati
2479 2327 2652 2385 erant,
2681 2327 2738 2374 et
2761 2319 3086 2388 temporibus
3111 2318 3308 2374 subditi
3339 2320 3377 2372 ⁸.
3405 2319 3789 2388 Quadragena-

2199 2415 2311 2469 rius
2338 2429 2466 2481 ergo
2495 2428 2766 2479 numerus,
2794 2424 2850 2467 ut
2873 2413 3070 2467 dictum
3094 2421 3196 2480 est,
3233 2412 3580 2482 temporalem
3611 2411 3783 2481 ipsam

2199 2504 2650 2574 dispensationem
2699 2520 2805 2558 non
2853 2505 3140 2574 incongrue
3178 2503 3476 2572 signiﬁcare
3525 2503 3781 2557 creditur.

2203 2596 2271 2651 Et
2314 2595 2539 2651 fortasse
2583 2594 2683 2650 hoc
2708 2603 2790 2650 est
2815 2595 2954 2665 quod
3000 2594 3345 2665 quadraginta
3382 2593 3497 2649 dies
3522 2593 3786 2649 Dominus

2199 2687 2458 2758 jejunavit
2489 2685 2717 2757 (Matth.
2747 2702 2831 2753 iv,
2857 2684 2962 2758 2),
2991 2685 3170 2739 ειεειιιί
3222 2685 3409 2754 hujus,
3443 2684 3581 2754 quod
3634 2693 3784 2740 motu

2204 2793 2488 2848 corporum
2514 2787 2568 2832 et
2592 2777 2918 2846 temporibus
2944 2777 3116 2845 agitur
3136 2816 3151 2841 ,
3194 2775 3479 2831 ostendens
3513 2775 3743 2845 inopiam
3765 2792 3784 2829 :

2205 2878 2258 2923 et
2283 2867 2625 2938 quadraginta
2652 2867 2767 2922 dies
2796 2875 2916 2937 post
2935 2865 3376 2920 resurrectionem
3405 2880 3524 2920 cum
3549 2865 3785 2935 discipu-

2206 2959 2272 3014 lis
2297 2959 2412 3026 fuit,
2439 2959 2574 3014 hanc
2603 2959 2769 3028 ipsam
2801 2959 2924 3025 illis,
2954 2958 3135 3023 credo,
3169 2957 3613 3028 dispensationem
3643 2967 3788 3013 tem-

2206 3053 2443 3123 poralem
2468 3093 2482 3117 ,
2533 3067 2690 3121 quam
2732 3067 2830 3122 pro
2859 3051 3028 3106 salute
3053 3063 3230 3105 nostra
3256 3051 3450 3121 gessit,
3492 3051 3786 3107 insinuans.

2207 3142 2669 3212 Quadragenarius
2697 3150 2875 3197 autem
2904 3156 3158 3196 numerus
3182 3182 3196 3206 ,
3229 3139 3464 3210 partibus
3489 3141 3599 3195 suis
3620 3183 3636 3207 ,
3667 3156 3791 3210 quas

2208 3236 2358 3291 illum
2390 3235 2698 3301 metiuntur,
2734 3235 3079 3305 computatis,
3108 3248 3273 3304 usque
3297 3232 3363 3287 ad
3391 3233 3790 3303 quinquagena-

2209 3328 2346 3383 rium
2372 3342 2646 3381 numerum
2663 3326 2924 3396 pervenit,
2947 3325 3170 3395 idipsum
3192 3324 3601 3389 commendans;
3628 3338 3791 3392 quan-

2210 3419 2494 3490 doquidem
2523 3420 2652 3489 ipsae
2681 3428 2880 3489 partes,
2908 3434 3025 3488 qua:
3051 3419 3195 3472 illum
3217 3418 3523 3484 metiuntur,
3555 3417 3790 3486 aequales

2209 3513 2348 3567 inter
2377 3527 2436 3567 se
2460 3520 2583 3566 sunt
2615 3529 2626 3565 :
2660 3511 2783 3582 quia
2813 3526 2932 3566 cum
2977 3511 3224 3579 aequitate
3264 3509 3626 3563 administrata
3663 3523 3791 3563 cor-

2209 3605 2408 3677 poralis
2453 3614 2507 3659 et
2549 3604 2772 3658 visibilis
2822 3602 3182 3672 temporaliter
3227 3601 3365 3655 actio
3411 3600 3791 3670 perfectionem

2209 3696 2411 3753 homini
2453 3705 2746 3764 comparat.
2793 3695 2921 3762 Qua:
2950 3692 3204 3762 perfectio
3228 3733 3241 3756 ,
3287 3693 3422 3746 sicut
3462 3693 3657 3747 dictum
3685 3701 3790 3760 est,

2208 3787 2429 3843 denario
2483 3801 2708 3841 numero
2752 3784 3077 3855 signiﬁcatur
3113 3801 3126 3836 :
3168 3784 3305 3837 sicut
3343 3783 3793 3853 quadragenarius

2209 3893 2466 3934 numerus
2489 3876 2779 3947 aequalibus
2803 3873 2913 3928 suis
2935 3873 3173 3942 partibus
3201 3874 3250 3926 in
3277 3889 3538 3926 summam
3565 3873 3794 3929 redactis

2210 3971 2488 4027 denarium
2519 3973 2798 4023 numerum
2827 3969 2996 4038 parit,
3026 3966 3277 4037 quoniam
3306 3965 3371 4019 ad
3394 3967 3789 4036 quinquagena-

2209 4063 2346 4117 rium
2368 4103 2383 4127 ,
2415 4063 2548 4115 sicut
2576 4074 2736 4128 supra
2776 4057 2972 4112 dictum
3003 4067 3114 4121 est,
3157 4057 3414 4126 pervenit.
3449 4056 3618 4110 Unum
3648 4057 3792 4111 enim

2210 4154 2352 4224 quod
2381 4151 2577 4206 habent
2625 4149 2969 4220 quadraginta
3010 4148 3364 4219 quadragies,
3411 4156 3464 4203 et
3502 4147 3606 4202 duo
3649 4147 3793 4216 quod

2209 4244 2408 4300 habent
2431 4244 2614 4309 vicies,
2643 4251 2698 4296 et
2720 4251 2948 4312 quatuor
2963 4239 3102 4311 quod
3134 4239 3328 4294 habent
3353 4240 3550 4306 decies,
3571 4248 3623 4294 et
3639 4241 3796 4309 quin-

2211 4355 2315 4410 que
2342 4336 2482 4408 quod
2523 4335 2719 4390 habent
2762 4334 2928 4388 octies
2950 4375 2965 4396 ,
3005 4341 3060 4387 et
3086 4340 3207 4386 octo
3232 4332 3371 4402 quod
3402 4332 3596 4386 habent
3636 4332 3797 4401 quin-

2213 4431 2397 4500 quies,
2428 4437 2481 4482 et
2517 4427 2702 4482 decem
2736 4425 2877 4495 quod
2906 4423 3106 4478 habent
3128 4434 3332 4493 quater,
3366 4433 3417 4476 et
3439 4423 3620 4492 viginti
3651 4421 3797 4492 quod

2214 4520 2411 4575 habent
2437 4518 2557 4584 bis,
2609 4515 2768 4571 simul
2795 4515 2949 4569 ducta
2995 4515 3128 4568 ﬁunt
3173 4513 3569 4584 quinquaginta.
3608 4512 3798 4571 Nullus

2214 4611 2354 4668 enim
2385 4611 2519 4664 alius
2546 4622 2800 4663 numerus
2839 4605 3016 4662 metiri
3055 4621 3151 4675 per
3180 4613 3356 4675 partes
3396 4604 3628 4672 mquales
3666 4619 3800 4674 qua-

2217 4701 2588 4773 dragenarium
2616 4713 2898 4753 numerum
2928 4705 3134 4767 potest,
3161 4705 3356 4765 praeter
3381 4694 3479 4750 hos
3505 4710 3637 4764 quos
3665 4710 3800 4751 enu-

2217 4793 2570 4858 meravimus,
2620 4799 2677 4846 et
2714 4797 3047 4858 computatos
3074 4784 3138 4840 ad
3166 4785 3668 4856 quinquagenarium
3697 4802 3803 4842 nu-

2219 4900 2422 4943 merum
2453 4881 2826 4953 perduximus.
2872 4877 3107 4933 Peractis
3131 4891 3259 4946 ergo
3292 4875 3544 4930 Dominus
3571 4876 3807 4946 quadra-

2219 4977 2363 5048 ginta
2389 4974 2576 5029 diebus
2605 4981 2725 5042 post
2752 4968 3195 5025 resurrectionem
3221 4982 3340 5021 cum
3370 4967 3639 5037 discipulis
3663 4970 3802 5038 suis,

2222 5067 2273 5123 id
2297 5074 2411 5132 est,
2456 5062 2837 5118 commendans
2867 5061 2945 5115 eis
2969 5057 3109 5129 quod
3137 5073 3234 5128 pro
3263 5058 3415 5113 nobis
3436 5060 3807 5129 temporaliter

2225 5168 2432 5229 gestum
2461 5165 2579 5222 est,
2617 5151 2855 5209 ascendit
2881 5152 2933 5206 in
2963 5149 3160 5206 coelum
3192 5158 3283 5205 :et
3308 5159 3429 5222 post
3451 5150 3584 5205 alios
3617 5152 3804 5210 decem

2227 5252 2340 5308 dies
2364 5251 2510 5305 misit
2533 5248 2786 5319 Spiritum
2813 5253 3053 5300 sanctum
3085 5244 3218 5314 (Act.
3248 5261 3300 5311 ι,
3328 5245 3382 5314 3,
3415 5245 3469 5311 9,
3501 5254 3547 5300 et
3573 5261 3637 5309 tt,
3663 5247 3806 5317 1-4),

2227 5359 2334 5416 quo
2360 5343 2740 5414 perﬁcerentur
2766 5337 3110 5408 spiritualiter
3131 5337 3196 5392 ad
3222 5338 3501 5394 invisibilia
3527 5339 3805 5409 capienda,

2227 5439 2319 5509 qui
2372 5435 2667 5490 visibilibus
2723 5433 3210 5503 temporalibusque
3263 5433 3617 5489 crediderant.
3673 5430 3806 5503 Ipsis

2227 5527 2475 5583 videlicet
2515 5525 2700 5580 decem
2723 5523 2912 5579 diebus
2942 5533 3060 5594 post
3078 5539 3211 5595 quos
3238 5524 3380 5578 misit
3405 5522 3656 5594 Spiritum
3685 5539 3810 5581 san-

2229 5629 2370 5676 ctum
2396 5659 2410 5684 ,
2459 5617 2698 5672 eamdem
2731 5619 3113 5689 perfectionem
3147 5633 3264 5687 qua:
3289 5632 3384 5688 per
3410 5615 3662 5689 Spiritum
3683 5632 3811 5676 san-

2297 5737 2317 5769 ’
2343 5732 2511 5787 Plures
2533 5739 2658 5786 Mss..
2684 5741 2730 5786 et
2755 5732 3093 5801 temporalibus
3107 5731 3302 5784 subditi.
