4000 6336
195 335 247 393 ιι
1058 334 1063 341 ’
1629 323 1792 385 LIBEZ

1902 323 2063 386 lNUS.
2473 323 2481 331 ’
2849 328 2858 338 ’
3422 345 3495 401 42

198 461 319 511 ctum
348 450 633 505 confertur
662 449 898 505 denario
919 463 1143 507 numero
1166 448 1437 516 indicans,
1462 460 1624 518 quem
1652 462 1785 518 qua-

199 545 523 617 dragenarius
549 545 890 615 computatis
927 545 1220 617 aequalibus
1260 543 1499 614 partibus
1526 542 1637 597 suis
1660 541 1790 608 edit,

197 648 241 694 et
261 638 313 692 ﬁt
336 636 847 708 quinquagenarius
877 655 895 715 ξ
927 637 1065 693 sicut
1094 636 1371 707 temporali
1399 635 1797 707 dispensatione

196 748 302 788 cum
329 731 587 801 aequitate
616 730 1002 788 administrata
1050 731 1361 803 pervenitur
1400 729 1467 785 ad
1509 728 1796 800 perfectio-

195 841 323 892 nem,
352 842 516 895 quam
546 824 811 882 denarius
840 841 1098 882 numerus
1122 826 1405 897 signiﬁcat,
1434 823 1523 895 qui
1545 823 1797 880 denarius

194 920 335 976 simul
381 935 511 975 cum
576 919 1014 990 quadragenario
1072 917 1587 990 quinquagenarium
1647 916 1793 973 facit.

194 1012 318 1082 Ergo
346 1011 609 1082 quoniam
631 1011 894 1081 perfectio
920 1026 1038 1083 quae
1062 1009 1119 1065 ﬁt
1137 1026 1232 1080 per
1249 1010 1507 1080 Spiritum
1526 1018 1793 1077 sanctum,

193 1103 436 1175 quamdiu
482 1102 663 1159 adhuc
711 1103 767 1158 in
805 1119 974 1158 carne
996 1102 1367 1171 ambulamus,
1412 1101 1659 1174 quamvis
1688 1115 1796 1156 non

193 1200 425 1254 vivamus
450 1197 769 1261 carnaliter,
797 1211 921 1252 cum
948 1196 1060 1266 ipsa
1086 1195 1486 1266 dispensatione
1516 1193 1796 1265 temporali

190 1293 492 1362 capulatur,
525 1302 677 1347 recte
704 1291 919 1346 videtur
936 1289 1421 1362 quinquagenarius
1449 1302 1705 1344 numerus
1727 1286 1795 1343 ad

190 1393 479 1449 Ecclesiam
524 1392 805 1462 pertinere
830 1432 845 1456 ,
887 1391 980 1447 sed
1006 1390 1114 1461 jam
1144 1397 1423 1461 purgatam
1468 1398 1629 1461 atque
1667 1403 1793 1459 per-

190 1484 411 1553 fectant,
469 1499 595 1555 qum
639 1484 950 1555 temporalis
994 1483 1410 1553 dispensationis
1448 1483 1607 1538 ﬁdem
1634 1490 1795 1553 atque

192 1575 503 1632 aeternitatis
555 1577 751 1631 futura:
798 1591 947 1646 Spem
976 1574 1237 1631 charitate
1277 1576 1611 1648 amplexatur
1640 1577 1693 1644 ⁸,
1740 1575 1795 1630 id

195 1682 286 1735 est,
318 1671 468 1741 quasi
500 1669 989 1741 quadragenarium
1012 1685 1293 1724 numerum
1315 1668 1538 1725 denario
1567 1683 1794 1724 numero

192 1763 459 1833 cepulans.
522 1762 652 1817 Haec
695 1772 875 1817 autem
925 1761 1201 1831 Ecclesia,
1251 1762 1319 1820 ad
1358 1778 1517 1834 quam
1564 1763 1795 1834 pertinet

189 1854 677 1927 quinquagenarius
708 1870 968 1909 numerus
988 1896 1002 1919 ,
1034 1854 1147 1910 sive
1183 1853 1305 1926 quia
1336 1870 1404 1910 ex
1434 1854 1606 1910 tribus
1630 1870 1794 1926 gene-

190 1950 325 2004 ribus
354 1948 641 2003 hominum
662 1948 909 2019 eligitur,
939 1946 1170 2016 Judteis,
1198 1956 1252 2003 et
1278 1947 1571 2013 Gentibus,
1601 1957 1653 2003 et
1674 1962 1793 2003 car-

186 2042 394 2096 nalibus
444 2040 801 2109 Christianis,
848 2042 963 2097 sive
993 2041 1110 2112 quia
1152 2049 1489 2097 sacramento
1517 2041 1793 2098 Trinitatis

179 2134 499 2199 imbuitur,
548 2149 761 2189 numero
811 2150 921 2204 quo
970 2134 1298 2205 signiﬁcatur
1352 2143 1435 2191 ter
1483 2134 1677 2203 ducto,
1723 2135 1792 2191 ad

179 2226 567 2280 centenarium
594 2235 642 2281 et
661 2227 1175 2297 quinquagenarium
1216 2228 1479 2297 pervenit.
1513 2228 1788 2298 Quinqua-

182 2320 319 2389 ginta
349 2318 503 2373 enim
538 2328 619 2373 ter
641 2318 800 2373 ducta
838 2319 975 2373 ﬁunt
1000 2328 1211 2373 centum
1240 2320 1642 2392 quinquaginta.
1672 2320 1791 2388 Quo

183 2426 295 2467 cum
344 2410 627 2466 addideris
676 2412 790 2481 ipsa
846 2413 986 2479 tria,
1034 2412 1157 2482 quia
1205 2413 1412 2483 insigne
1440 2423 1496 2469 et
1536 2415 1781 2472 eminens

182 2503 334 2559 debet
356 2521 484 2560 esse
507 2504 655 2575 quod
695 2506 749 2559 in
794 2506 1012 2561 nomine
1043 2506 1216 2561 Patris
1243 2516 1298 2562 et
1324 2506 1443 2562 Filii
1472 2516 1528 2563 et
1560 2508 1789 2580 Spiritus

183 2601 342 2654 sancti
387 2601 610 2655 lavacro
634 2601 1055 2671 regenerationis
1075 2602 1305 2657 abluitur
1335 2603 1548 2665 (Matth.
1582 2620 1775 2673 xxvm,

185 2690 263 2762 19)
290 2736 306 2758 ,
354 2693 493 2747 ﬁunt
522 2704 743 2749 centum
788 2694 1173 2766 quinquaginta
1221 2704 1354 2752 tres.
1404 2697 1505 2764 Qui
1534 2713 1791 2754 numerus

184 2786 393 2854 piscium
438 2788 754 2854 invenitur,
808 2789 930 2859 quia
970 2789 1022 2843 in
1053 2788 1328 2846 dexteram
1375 2801 1582 2861 partem
1626 2793 1791 2850 missa

183 2888 295 2933 sunt
323 2880 461 2934 retia
491 2897 507 2945 ;
540 2889 598 2935 et
631 2880 753 2935 ideo
784 2894 1006 2951 magnos
1033 2878 1213 2951 (Joan.
1242 2899 1355 2951 xxi,
1378 2883 1433 2948 6,
1459 2883 1571 2955 Η),
1601 2883 1654 2939 id
1683 2893 1786 2955 est,

181 2970 441 3038 perfectos
472 2979 531 3025 et
558 2986 732 3040 regno
755 2971 1014 3027 caelorum
1040 2981 1192 3043 aptos
1212 2972 1392 3030 habet.
1436 2974 1567 3030 Nam
1594 2974 1682 3030 illa
1713 2976 1790 3031 si-

182 3061 415 3118 militudo
456 3063 677 3119 reticuli
720 3079 827 3118 non
856 3064 910 3118 in
938 3063 1217 3120 dexteram
1244 3066 1428 3133 missi,
1460 3066 1617 3122 simul
1647 3067 1790 3138 cepit

180 3152 339 3210 honos
363 3163 421 3210 et
451 3155 660 3220 malos,
688 3156 783 3226 qui
804 3165 1119 3226 separantur
1140 3157 1193 3212 in
1221 3157 1398 3212 littore
1429 3156 1645 3229 (Matth.
1668 3174 1783 3226 xm,

183 3246 285 3318 48).
328 3246 490 3301 Nunc
528 3248 678 3302 enim
711 3248 852 3302 intra
891 3247 1026 3303 retia
1073 3261 1463 3319 praeceptorum
1505 3257 1561 3305 et
1596 3250 1789 3305 Sacra-

185 3349 481 3394 mentorum
514 3339 645 3405 Dei,
678 3339 733 3393 in
765 3339 1009 3395 Ecclesia
1034 3356 1152 3410 qua:
1173 3356 1317 3395 nunc
1342 3350 1446 3408 est,
1476 3340 1635 3395 simul
1663 3340 1790 3396 boni

184 3433 407 3503 malique
443 3440 761 3487 versantur.
800 3431 888 3486 Fit
912 3434 933 3465 ³
961 3443 1140 3488 autem
1178 3433 1445 3504 separatio
1474 3433 1529 3487 in
1560 3434 1664 3487 ﬁne
1689 3448 1791 3489 sae-

182 3526 277 3581 culi
301 3569 317 3593 ,
360 3537 624 3597 tanquam
652 3526 709 3581 in
746 3525 850 3583 ﬁne
891 3527 1090 3594 maris,
1124 3528 1175 3583 id
1208 3537 1309 3596 est,
1343 3528 1395 3582 in
1424 3527 1635 3593 littore;
1666 3543 1790 3583 cum

182 3630 400 3690 regnant
420 3620 560 3689 justi
589 3620 773 3690 primo
802 3619 1189 3690 temporaliter,
1223 3621 1364 3675 sicut
1390 3620 1442 3674 in
1467 3619 1790 3692 Apocalypsi

185 3713 433 3782 scriptum
459 3721 547 3765 est
572 3753 588 3775 ,
620 3710 819 3765 deinde
851 3711 902 3766 in
932 3720 1192 3768 aeternum
1224 3713 1277 3767 in
1316 3712 1403 3766 illa
1431 3711 1646 3767 civitate
1671 3727 1791 3781 qua:

186 3801 249 3857 ibi
288 3803 625 3857 describitur
671 3802 857 3873 (Apoc.
903 3801 1055 3876 xxi),
1104 3803 1192 3859 ubi
1234 3804 1343 3874 jam
1380 3805 1792 3874 conquiescente

185 3890 585 3963 iSpensatione
617 3894 899 3964 temporali
924 3935 938 3959 ,
970 3910 1091 3968 qua:
1120 3894 1540 3966 quadragenario
1566 3910 1793 3951 numero

186 3987 533 4057 signiﬁcatur,
557 3987 815 4043 denarius
836 3997 1100 4055 remanet,
1119 4004 1278 4058 quam
1298 3987 1598 4044 mercedem
1623 3988 1793 4044 sancti

183 4082 275 4152 qui
304 4091 595 4153 operantur
628 4082 682 4137 in
711 4082 865 4137 vinea
904 4082 1205 4152 percepturi
1230 4091 1374 4137 sunt.

255 4175 315 4230 5.
348 4173 529 4229 Potest
551 4176 748 4239 etiam,
780 4175 825 4229 si
856 4190 1116 4229 numerus
1141 4176 1243 4230 iste
1276 4174 1666 4243 consideretur,
1697 4190 1792 4231 oc-

185 4281 403 4322 currere
427 4267 495 4322 ad
526 4268 782 4323 Ecclesia:
812 4267 1151 4323 sanctitatem
1175 4309 1191 4335 ,
1232 4284 1351 4338 quae
1388 4284 1483 4339 per
1510 4268 1793 4323 Dominum

187 4369 427 4413 nostrum
465 4357 655 4414 Jesum
694 4355 967 4414 Christum
1013 4357 1151 4413 facta
1182 4366 1266 4414 est
1298 4377 1311 4412 :
1340 4367 1397 4414 ut
1422 4359 1673 4429 quoniam
1704 4373 1792 4414 se.

186 4452 431 4519 ptenario
480 4466 711 4506 numero
757 4462 1002 4507 creatura
1050 4461 1298 4520 constat,
1356 4468 1477 4507 cum
1530 4454 1795 4509 ternarius

188 4544 379 4599 animae
421 4552 481 4599 et
526 4545 900 4614 quaternarius
930 4544 1141 4614 corpori
1189 4545 1475 4611 tribuitur,
1526 4545 1796 4613 susceptio

188 4633 293 4704 ipsa
336 4636 584 4690 hominis
628 4636 855 4691 ducatur
893 4635 959 4690 ad
1001 4637 1097 4691 tria
1126 4636 1343 4706 septies.
1377 4635 1509 4704 Quia
1541 4645 1595 4691 et
1636 4637 1795 4691 Pater

188 4729 323 4782 misit
353 4727 561 4783 Filium
580 4770 597 4795 ,
647 4736 701 4782 et
728 4728 888 4783 Pater
918 4728 971 4781 in
1006 4727 1143 4782 Filio
1166 4736 1251 4782 est
1274 4768 1289 4793 ,
1320 4735 1375 4782 et
1396 4726 1539 4782 dono
1559 4726 1792 4797 Spiritus

190 4820 351 4873 sancti
404 4820 475 4874 de
507 4819 717 4887 virgine
760 4826 918 4872 natus
945 4826 1045 4873 est.
1092 4817 1161 4872 Et
1199 4818 1313 4873 haec
1337 4827 1461 4873 sunt
1485 4819 1605 4884 tria,
1638 4817 1796 4873 Pater

188 4919 237 4962 et
258 4910 432 4965 Filius
455 4921 517 4965 et
533 4909 763 4979 Spiritus
784 4919 1021 4965 sanctus.
1046 4910 1256 4979 Septies
1274 4917 1475 4974 autem,
1500 4914 1613 4979 ipse
1634 4909 1796 4965 homo

192 5005 471 5075 temporali
502 5004 908 5073 dispensatione
932 5012 1212 5073 susceptus
1239 5003 1261 5035 ⁸
1281 5044 1296 5070 ,
1328 5010 1388 5058 ιιι
1415 5001 1569 5058 ﬁeret
1592 5002 1794 5071 sempi-

192 5104 395 5154 tet-nus.
426 5098 520 5152 Fit
545 5111 675 5167 ergo
702 5110 911 5151 summa
942 5096 1152 5151 numeri
1182 5095 1368 5166 viginti
1397 5110 1584 5159 unum,
1612 5094 1664 5149 id
1690 5101 1792 5161 est,

191 5191 289 5244 tria
314 5190 560 5262 septies.
593 5189 724 5244 Haec
750 5197 930 5243 autem
958 5188 1191 5243 hominis
1215 5188 1484 5257 susceptio
1510 5186 1577 5242 ad
1602 5186 1798 5242 libera-

190 5282 394 5339 tionem
422 5280 599 5338 valuit
627 5280 905 5346 Ecclesize,
934 5280 1019 5335 cui
1047 5287 1209 5350 caput
1227 5288 1309 5335 est
1340 5278 1556 5350 (Ep/tes.
1579 5296 1635 5347 v,
1666 5278 1792 5350 23);

194 5383 246 5428 ut
268 5376 389 5447 ipsa
416 5374 691 5442 Ecclesia,
715 5383 934 5446 propter
962 5374 1195 5429 animam
1217 5381 1271 5429 et
1295 5388 1511 5443 corpus,
1535 5374 1588 5427 in
1606 5372 1795 5427 eodem

188 5470 502 5539 septenario
544 5482 772 5523 numero
818 5475 1094 5535 reparetur
1116 5465 1160 5519 ⁸.
1210 5466 1485 5520 Ducuntur
1523 5466 1699 5534 itaque
1718 5464 1797 5520 vi-

250 5563 268 5592 ⁸
292 5561 591 5611 Savarricus
612 5566 716 5620 Ms,
738 5571 824 5623 spe
846 5564 893 5609 et
908 5556 1144 5629 charitate
1167 5556 1490 5622 amplexatur.

251 5622 273 5653 ²
298 5622 441 5671 Acud
466 5629 549 5671 Er.
571 5621 722 5671 Lugd.
749 5628 868 5669 ven.
895 5628 1025 5671 Lov..
1052 5626 1169 5669 net.
1224 5628 1279 5668 M.

251 5634 273 5653 ι
298 5634 329 5670 Α
360 5634 441 5671 ιω
466 5634 549 5671 Br.
572 5634 722 5683 Lugu.
750 5634 868 5669 ven.
895 5634 1025 5680 LOV.,
1052 5634 1169 5669 net.
1224 5634 1279 5668 ιιι.

462 5688 717 5753 susceptus
739 5690 829 5733 est.
851 5683 1081 5753 verbum,
1105 5688 1194 5742 est,
1213 5695 1319 5753 non.
1335 5680 1567 5753 exstatin

248 5746 269 5775 ⁸
287 5754 373 5816 ita
390 5742 443 5795 in
459 5754 573 5795 Mss.
589 5742 651 5816 ﬁt
671 5745 724 5794 in
747 5748 960 5816 excusis,
985 5745 1062 5795 cui
1087 5750 1230 5816 caput
1251 5749 1330 5816 est.
1351 5742 1583 5816 Christus.
1610 5748 1664 5813 At
1685 5742 1795 5805 ipsa

189 5809 425 5867 Ecclesia,
452 5814 654 5879 propter
675 5805 888 5857 αηὶηιωη
903 5813 947 5858 ει
970 5805 1163 5871 corpus,
1177 5805 1229 5859 in
1240 5805 1409 5861 eodem
1421 5805 1688 5872 septenario
1702 5817 1795 5856 nu-

186 5880 319 5925 me
344 5876 617 5925 reperitur.

438 5955 674 6023 Sacr.
710 5955 991 6023 Auens'r.
1022 5954 1132 6021 VI.

1905 451 2038 522 ginti
2063 464 2227 506 unum
2252 455 2485 523 septies,
2527 462 2746 526 propter
2771 468 2866 511 eos
2903 455 2992 526 qui
3033 470 3129 527 per
3161 458 3491 517 Dominicum

1904 542 2177 598 hominem
2209 543 2506 601 liberantur
2530 587 2544 611 ,
2590 555 2647 603 et
2675 547 2813 602 ﬁunt
2840 548 2994 603 simul
3021 559 3236 605 centum
3265 552 3493 621 quadra.

1903 634 2048 706 ginta
2076 645 2303 707 septem.
2330 636 2427 694 Cui
2457 637 2670 694 additur
2707 639 2952 695 senarius
2980 656 3257 707 numerus,
3283 643 3495 713 signum

1902 728 2278 797 perfectionis,
2312 732 2435 802 quia
2463 732 2703 803 partibus
2729 736 2838 789 suis
2858 776 2874 803 ,
2917 750 3037 805 quae
3077 734 3225 790 illum
3258 736 3494 793 metiun-

1904 826 2017 886 tur,
2047 830 2295 890 constat,
2324 824 2396 879 ita
2423 832 2481 879 ut
2508 825 2638 880 nihil
2670 827 2844 882 minus
2886 826 3125 898 nihilque
3158 829 3389 899 amplius
3416 830 3499 885 in-

1902 916 2163 973 veniatur.
2214 918 2665 991 Metiturquippe
2710 921 2859 976 illum
2902 937 3101 986 unum,
3143 923 3284 993 quod
3336 922 3500 981 habet

1904 1008 2116 1076 sexies;
2144 1019 2199 1067 et
2217 1011 2344 1079 duo,
2373 1028 2492 1083 quae
2518 1012 2680 1068 habet
2705 1023 2818 1080 ter;
2846 1023 2900 1070 et
2919 1015 3038 1081 tria,
3063 1030 3183 1085 quae
3204 1015 3287 1072 bis
3303 1014 3496 1073 habet:

1904 1116 2022 1173 qua:
2048 1103 2209 1157 simul
2235 1103 2410 1170 ducta,
2439 1121 2603 1160 unum
2625 1113 2680 1161 et
2698 1104 2805 1160 duo
2824 1114 2879 1161 et
2905 1106 3027 1173 tria,
3048 1122 3139 1162 sex
3168 1105 3322 1163 ﬁunt.
3341 1107 3500 1175 Quod

1902 1193 2129 1252 fortasse
2156 1197 2220 1252 ad
2252 1197 2381 1253 illud
2408 1198 2569 1254 etiam
2600 1207 2988 1254 sacramentum
3037 1200 3306 1269 pertinet,
3351 1200 3499 1272 quod

1903 1286 2045 1343 Deus
2074 1297 2226 1343 sexta
2252 1289 2338 1344 die
2359 1289 2583 1360 perfecit
2607 1290 2784 1344 omnia
2811 1304 2972 1360 opera
3001 1305 3094 1345 sua
3127 1289 3281 1363 (Gen.
3314 1307 3383 1357 ιι,
3412 1292 3499 1361 2).Δ

1903 1380 1983 1435 Ad
2014 1391 2224 1437 centum
2253 1398 2382 1453 ergo
2407 1392 2461 1439 et
2491 1387 2838 1455 quadraginta
2881 1393 3085 1454 septem
3116 1400 3237 1440 cum
3272 1400 3371 1442 sex
3397 1386 3497 1441 ad-

1900 1475 2132 1545 dideris,
2175 1477 2316 1548 quod
2341 1487 2422 1533 est
2446 1478 2655 1549 signum
2703 1480 3085 1550 perfectionis,
3128 1479 3260 1535 ﬁunt
3283 1489 3500 1536 centum
3590 1500 3603 1510 ·

1900 1571 2280 1642 quinquaginta
2323 1572 2421 1627 tria
2456 1590 2469 1627 :
2504 1573 2593 1643 qui
2641 1588 2896 1629 numerus
2940 1573 3161 1643 piscium
3208 1568 3529 1640 inveniturﬁ

1900 1673 2249 1735 posteaquam
2286 1666 2436 1735 jussu
2462 1665 2675 1722 Domini
2718 1668 2770 1721 in
2802 1667 3073 1723 dexteram
3106 1676 3309 1738 partem
3335 1667 3499 1723 missa
3528 1688 3533 1701 ι

1899 1760 2207 1821 suntretia,
2240 1756 2329 1813 ubi
2356 1767 2663 1828 peccatores
2686 1759 2778 1831 qui
2801 1758 2868 1815 ad
2893 1760 3166 1816 sinistram
3202 1761 3495 1833 pertinent,

1899 1863 2009 1905 non
2034 1850 2395 1907 inveniuntur.

2288 1944 2469 2000 LVlll.
2500 1945 2580 2000 De
2602 1943 2803 2003 Joanne
2838 1945 3091 2017 Baptista.

1972 2037 2024 2091 1.
2065 2036 2300 2093 Joannes
2329 2037 2593 2108 Baptista,
2620 2037 2955 2093 considerata
2994 2037 3257 2108 scriptura
3283 2052 3403 2109 qua:
3430 2038 3500 2095 de

1897 2126 1990 2184 illo
2020 2129 2072 2183 in
2114 2129 2402 2201 Evangelio
2448 2130 2677 2201 legitur,
2722 2130 2903 2186 multis
2946 2131 3306 2200 probabilibus
3334 2132 3501 2187 docu—

1899 2223 2097 2278 mentis
2134 2238 2244 2277 non
2284 2222 2517 2279 absurde
2555 2223 2792 2279 creditur
2820 2224 3113 2295 prephetize
3138 2235 3347 2296 gestare
3376 2242 3502 2297 per-

1897 2329 2085 2369 sonam
2111 2358 2126 2381 ,
2178 2323 2234 2371 et
2268 2332 2332 2371 eo
2375 2315 2607 2371 maxime
2650 2316 2790 2387 quod
2820 2316 2887 2372 de
2919 2317 3009 2372 illo
3054 2318 3310 2373 Dominus
3347 2318 3499 2389 dicit,

1898 2405 2031 2463 Plus
2061 2426 2213 2479 quant
2239 2411 2488 2483 propheta
2517 2408 2727 2482 (Matth.
2757 2426 2810 2465 XI
2830 2453 2845 2477 ,
2878 2409 2953 2481 9).
3004 2411 3100 2466 Hic
3128 2411 3391 2482 siquidem
3420 2420 3504 2467 to-

1897 2500 2005 2557 tius
2035 2501 2351 2573 prophetitc,
2379 2517 2498 2573 quae
2522 2502 2589 2558 ab
2610 2501 2832 2557 exordio
2850 2502 3065 2572 generis
3090 2502 3305 2557 humani
3334 2518 3504 2574 usque

1900 2594 1968 2649 ad
1993 2594 2283 2649 adventum
2312 2594 2527 2650 Domini
2555 2594 2623 2649 de
2652 2595 2879 2650 Domino
2903 2593 3041 2649 facta
3075 2604 3175 2659 est,
3211 2596 3500 2667 imaginem

1896 2694 2090 2758 gestat.
2132 2686 2231 2741 Est
2260 2696 2438 2741 autem
2470 2686 2743 2758 Evangelii
2773 2702 3001 2758 persona
3027 2687 3079 2742 in
3107 2687 3225 2757 ipso
3252 2688 3499 2755 Domino,

1897 2794 2016 2850 quae
2044 2793 2138 2849 per
2168 2778 2504 2849 prophetiam
2552 2779 3009 2849 praenuntiabatur
3032 2822 3047 2848 ,
3091 2780 3245 2850 cujus
3278 2790 3505 2851 augetur

1898 2874 2206 2946 praedicatio
2251 2890 2347 2945 per
2389 2874 2694 2930 universum
2744 2874 2929 2930 orbem
2969 2882 3232 2930 terrarum
3266 2875 3333 2931 ab
3377 2876 3498 2945 ipso

1895 2967 2106 3024 Domini
2128 2968 2359 3024 adventu
2393 2987 2407 3023 :
2440 2968 2718 3039 prophetia
2743 2977 2922 3024 autem
2945 2969 3203 3024 minuitur
3218 2978 3502 3039 postquam

1897 3064 1951 3120 id
1980 3064 2121 3136 quod
2146 3064 2540 3135 prtenuntiabat
2563 3063 2797 3119 advenit.
2824 3061 3008 3133 Itaque
3048 3063 3307 3119 Dominus
3336 3062 3500 3117 dicit:

1895 3156 2006 3212 Lca:
2039 3166 2087 3213 et
2114 3157 2392 3228 Propheta
2418 3173 2573 3229 usque
2595 3155 2664 3210 ad
2696 3154 2949 3210 Joannem
2974 3154 3293 3227 Baptistam;
3319 3156 3503 3210 abhinc

1895 3269 2108 3323 regnum
2147 3251 2241 3306 Dei
2287 3251 2597 3322 praedicatur
2637 3247 2787 3321 (Luc.
2818 3265 2947 3317 xvi,
2981 3250 3095 3321 16).
3152 3249 3220 3305 Ει
3263 3248 3502 3305 Joannes

1897 3344 2013 3414 ipse
2045 3362 2059 3399 :
2100 3344 2259 3399 Illum
2279 3386 2295 3408 ,
2324 3345 2529 3413 inquit,
2558 3352 2755 3415 oportet
2773 3360 2993 3398 crescere
3011 3385 3026 3407 ,
3049 3360 3131 3397 me
3151 3352 3318 3399 autem
3343 3345 3505 3399 minui

1864 3432 1871 3433 ί
1899 3434 2077 3509 (Joan.
2112 3452 2202 3500 ιιι,
2231 3435 2345 3503 50).
2401 3434 2553 3503 Quod
2579 3442 2634 3489 et
2670 3433 2857 3488 diebus
2886 3433 3078 3502 quibus
3121 3435 3229 3487 nati
3263 3443 3405 3501 sunt,
3447 3440 3504 3490 et

1897 3526 2161 3583 mortibus
2215 3526 2406 3596 quibus
2446 3525 2587 3595 passi
2635 3534 2799 3590 sunt,
2851 3526 3128 3595 figuratum
3161 3532 3261 3580 est.
3316 3525 3503 3581 Nasci-

1897 3632 1987 3679 tur
2025 3636 2257 3692 namque
2303 3620 2537 3677 Joannes
2579 3634 2644 3676 ες
2692 3632 2798 3689 quo
2839 3618 2955 3675 dies
3000 3617 3261 3688 incipiunt
3300 3619 3499 3675 minui:

1899 3717 2136 3773 nascitur
2164 3714 2418 3771 Dominus
2447 3728 2515 3769 ex
2540 3727 2647 3783 quo
2669 3711 2786 3767 dies
2822 3711 3081 3781 incipiunt
3108 3725 3369 3767 crescere.
3403 3711 3505 3766 Ca-

1900 3812 2009 3881 pite
2034 3810 2124 3865 ille
2163 3809 2421 3863 minuitur
2443 3848 2459 3872 ,
2491 3806 2617 3861 dum
2639 3804 2901 3862 occiditur
2939 3821 2953 3859 :
2981 3803 3067 3858 hic
3090 3820 3219 3859 vero
3243 3803 3504 3858 attollitur

1899 3904 1957 3959 in
2001 3917 2182 3958 cruce.
2233 3899 2522 3971 Postquam
2571 3912 2701 3967 ergo
2740 3895 3020 3966 prophetia
3051 3896 3161 3966 ipsa
3204 3895 3257 3949 iu
3295 3894 3503 3951 Joanne

1900 3997 2187 4053 constituta
2214 3994 2381 4064 digito
2405 3991 2639 4048 ostendit
2662 3999 3004 4062 prmsentem,
3036 4005 3194 4060 quem
3218 3998 3503 4046 venturum

1901 4089 1969 4145 ab
1996 4088 2217 4146 exordio
2264 4086 2477 4157 generis
2505 4083 2723 4139 humani
2753 4082 3059 4149 cecinerat,
3105 4080 3291 4151 incipit
3311 4080 3500 4146 minui,

1900 4194 2060 4255 atque
2103 4183 2227 4238 inde
2272 4195 2516 4236 crescere
2562 4176 2867 4249 praedicatio
2905 4177 3051 4247 regni
3098 4176 3210 4231 Dei.
3268 4174 3334 4229 Et
3381 4174 3504 4230 ideo

1900 4277 2191 4347 baptizavit
2227 4275 2462 4331 Joannes
2504 4272 2558 4327 in
2600 4268 2967 4341 penitentiam
3002 4267 3215 4337 (Matth.
3247 4283 3336 4332 ιιι,
3365 4264 3454 4339 lt)
3485 4284 3501 4322 :

1901 4373 2087 4428 ﬁnitur
2112 4370 2256 4425 enim
2280 4377 2434 4425 vetus
2473 4365 2582 4421 vita
2608 4380 2778 4436 usque
2804 4362 2872 4419 ad
2910 4362 3276 4435 paenitentiam
3298 4404 3312 4430 ,
3341 4370 3503 4433 atque

1902 4464 2028 4519 inde
2054 4462 2237 4530 incipit
2266 4476 2423 4516 nova.

1972 4558 2029 4612 2.
2058 4555 2175 4611 Non
2201 4565 2377 4610 autem
2411 4560 2617 4608 tantum
2655 4551 2711 4607 in
2741 4551 2805 4606 iis
2832 4550 2921 4621 qui
2959 4548 3173 4620 proprie
3214 4547 3500 4619 Prophetas

1902 4649 2151 4720 appellati
2182 4656 2341 4710 sunt,
2373 4645 2467 4702 sed
2500 4646 2553 4700 in
2593 4644 2705 4714 ipsa
2734 4641 2948 4699 Veteris
2975 4641 3303 4697 Testamenti
3334 4641 3504 4697 histo-

1901 4739 1981 4795 ria
2008 4739 2284 4810 prophetia
2314 4752 2421 4792 non
2449 4736 2609 4791 silere
2636 4734 2903 4803 colligitur
2923 4733 2991 4787 ab
3014 4734 3093 4788 eis
3121 4734 3210 4804 qui
3238 4733 3323 4803 pie
3348 4750 3499 4804 qua:-

1902 4842 2048 4902 ruut,
2090 4841 2145 4889 et
2185 4832 2251 4887 ad
2298 4833 2414 4886 haec
2460 4828 2821 4899 investiganda
2867 4827 3120 4883 divinitus
3159 4827 3491 4899 adjuvantur.

1904 4927 2140 4984 Maxime
2179 4933 2357 4981 tamen
2384 4924 2490 4979 illis
2517 4921 2936 4978 evidentioribus
2972 4936 3152 4977 rerum
3199 4920 3377 4990 ﬁguris
3407 4934 3498 4988 ap-

1904 5029 2055 5090 paret
2088 5037 2100 5072 :
2130 5016 2272 5088 quod
2297 5015 2430 5072 Abel
2450 5015 2626 5086 justus
2650 5029 2680 5069 a
2707 5013 2867 5070 fratre
2896 5012 3213 5070 interﬁcitur
3240 5008 3391 5082 (Gen.
3426 5026 3499 5074 ιν,

1904 5114 1981 5183 8),
2011 5121 2065 5168 ει
2084 5111 2341 5167 Dominus
2366 5124 2394 5163 a
2418 5108 2617 5166 Judaris
2651 5127 2662 5162 :
2691 5109 2835 5179 quod
2861 5124 2981 5163 arca
3004 5107 3137 5171 Noe,
3167 5114 3415 5174 tanquam
3448 5104 3501 5158 in

1902 5205 2105 5261 diluvio
2133 5203 2312 5259 saeculi
2340 5202 2577 5258 Ecclesia
2604 5200 2931 5272 gubernatur
2956 5196 3068 5267 (Id.
3101 5198 3192 5263 vit,
3225 5193 3278 5266 1)
3313 5212 3327 5249 :
3356 5196 3505 5267 quod

1902 5298 2050 5355 Isaac
2088 5294 2448 5351 immolandus
2490 5294 2603 5349 Deo
2649 5293 2890 5355 ducitur,
2940 5297 2994 5343 et
3032 5287 3173 5342 aries
3199 5300 3295 5358 pro
3331 5286 3422 5342 illo
3448 5286 3505 5342 in

1903 5394 2146 5449 sentibus
2208 5401 2458 5461 tanquam
2506 5387 2791 5445 cruciﬁxus
2829 5383 3136 5455 agnoscitur
3178 5381 3313 5453 (Id.
3362 5398 3499 5449 χχιι,

1903 5487 2055 5554 5-15)
2086 5505 2101 5541 :
2131 5483 2273 5553 quod
2300 5485 2354 5539 in
2380 5483 2584 5539 duobus
2605 5478 2832 5535 Abrahae
2868 5476 2988 5530 ﬁliis
3014 5518 3028 5542 ,
3059 5490 3167 5531 uno
3192 5474 3258 5530 de
3283 5473 3499 5540 ancilla,

1903 5579 2074 5635 altero
2102 5577 2169 5632 de
2188 5577 2377 5639 libera,
2408 5575 2512 5630 duo
2541 5566 2880 5628 Testamenta
2911 5566 3275 5637 intelliguntur
3301 5561 3499 5628 (Galat.

1903 5686 1979 5742 tv,
2009 5668 2203 5743 22-24)
2235 5689 2248 5724 :
2274 5668 2413 5739 quod
2440 5666 2546 5720 duo
2573 5662 2758 5734 populi
2784 5662 2835 5717 in
2875 5661 3131 5731 geminis,
3178 5658 3317 5712 Esau
3352 5655 3500 5709 scili-

1902 5772 1990 5820 cet
2014 5772 2069 5820 et
2103 5761 2267 5818 Jacob
2289 5800 2304 5826 ,
2334 5763 2813 5828 praemonstrantur
2846 5752 2998 5827 (Gen.
3028 5766 3159 5817 xxv,
3183 5747 3274 5817 25)
3314 5765 3327 5801 :
3358 5744 3502 5815 quod

1905 5855 2106 5931 Joseph
2140 5870 2174 5913 a
2194 5851 2445 5914 fratribus
2479 5850 2906 5924 persecutionem
2946 5860 3136 5918 passus
3158 5886 3174 5912 ,
3216 5842 3283 5899 ab
3308 5839 3501 5896 alienis

2909 5936 3189 6021 (Deum)
