4000 6336
396 299 418 352 ,ι
455 268 532 330 ts

457 385 754 442 honoratur
777 377 930 452 (Gen.
959 393 1140 435 xxxvn
1161 419 1176 444 ,
1207 376 1360 452 xtt);
1413 380 1552 444 sicut
1571 377 1832 436 Dominus
1851 375 2052 438 Judteis

457 473 903 550 persequentibus
925 511 943 540 ,
984 469 1124 542 apud
1161 469 1366 528 Gentes
1406 470 1728 538 clariﬁcatus
1756 477 1862 526 est.
1910 468 2053 526 Lon-

457 583 584 643 gum
612 575 698 626 est
738 577 1164 624 commemorare
1207 563 1414 634 singula
1434 605 1448 630 ,
1498 578 1618 620 cum
1657 565 1730 618 ita
1773 562 2053 620 concludat

458 661 750 736 Apostolus
776 669 833 720 et
859 659 1038 717 dicat:
1067 657 1196 714 Hice
1234 669 1408 715 autem
1429 659 1490 714 in
1508 659 1680 729 ﬁgura,
1699 657 2052 728 contingebant

457 757 530 812 eis
545 773 572 824 ;ι
595 755 792 825 scripta
817 762 934 814 sunt
957 762 1125 808 autem
1146 763 1352 825 propter
1371 768 1484 820 nos,
1516 751 1569 806 in
1593 767 1718 821 quos
1748 750 1866 821 ﬁnis
1891 751 2052 806 secti»

456 851 630 910 loruns
649 848 846 910 deuenit
869 847 913 918 ('1
940 845 1061 904 Cor.
1088 863 1123 902 x
1148 888 1164 916 ,
1199 845 1311 918 M).
1351 844 1501 900 Finis
1525 853 1708 908 autem
1733 845 2052 901 saeculorum

456 950 718 1013 tanquam
737 949 986 1004 senectus
1004 940 1200 997 veteris
1231 938 1495 1006 hominis,
1527 954 1650 996 cum
1682 947 1852 996 totum
1882 954 2052 1009 genus

453 1036 754 1100 humanum
770 1045 1027 1108 tamtam
1043 1051 1204 1092 mium
1231 1035 1504 1094 hominem
1521 1035 1882 1102 constitueris,
1900 1044 2049 1090 sexta

453 1139 618 1188 ante
641 1129 883 1200 signatur
905 1172 920 1195 ,
951 1143 1056 1200 qua
1088 1129 1344 1186 Dominus
1374 1129 1537 1186 venit.
1582 1129 1716 1188 Sunt
1753 1128 1896 1184 enim
1916 1137 2045 1184 aita-

452 1227 538 1278 tes
561 1235 659 1278 sex
684 1219 846 1278 etiam
873 1221 927 1275 in
956 1235 1066 1276 uno
1083 1220 1336 1288 homine;
1368 1220 1610 1288 infantia,
1639 1221 1886 1292 pueritia,
1914 1221 2047 1276 ado-

451 1311 744 1381 lescentia,
807 1311 1088 1382 juventus,
1137 1313 1404 1384 gravitas,
1450 1322 1504 1368 et
1550 1321 1817 1378 senectus.
1871 1311 2050 1366 Prima

452 1406 637 1480 itaque
678 1409 890 1480 generis
930 1408 1151 1466 humani
1193 1419 1322 1466 aetas
1349 1419 1433 1468 est
1459 1409 1528 1466 ab
1565 1409 1739 1466 Adam
1779 1424 1949 1480 usque
1981 1408 2049 1464 ad

452 1501 588 1560 Noe.
629 1501 909 1572 Secunda,
937 1519 970 1560 a
996 1503 1110 1560 Noe
1132 1504 1198 1560 ad
1233 1502 1499 1560 Abraham
1532 1520 1544 1556 :
1577 1503 1667 1574 qui
1696 1501 1902 1559 articuli
1925 1509 2051 1558 sunt

452 1595 842 1654 evidentissimi
867 1605 922 1653 et
947 1597 1230 1654 notissimi.
1260 1597 1460 1663 Tertia,
1493 1596 1562 1652 ab
1590 1596 1859 1652 Abraham
1880 1612 2050 1666 usque

451 1688 522 1746 ad
563 1689 728 1746 David
771 1707 785 1745 :
823 1691 903 1748 sic
939 1691 1084 1748 enim
1127 1689 1406 1750 Matthaeus
1447 1690 1775 1761 evangelista
1822 1691 2049 1760 partitur

453 1780 668 1855 (Matth.
700 1798 739 1851 ι,
770 1783 885 1854 I7).
913 1783 1128 1851 Quarta,
1158 1800 1189 1839 a
1217 1785 1382 1839 David
1413 1800 1580 1855 usque
1607 1783 1675 1840 ad
1705 1783 2050 1854 transmigra-

453 1873 656 1930 tionem
685 1875 740 1929 in
765 1874 1135 1947 Babyloniam.
1179 1877 1376 1946 Quinta
1395 1919 1408 1943 ,
1439 1891 1474 1936 a
1500 1877 1966 1948 transmigratione
1992 1877 2046 1931 in

450 1965 802 2038 Babyloniam
837 1983 1008 2038 usque
1046 1969 1114 2026 ad
1153 1968 1442 2032 adventum
1468 1969 1722 2026 Domini.
1753 1969 1950 2036 Sexta,
1979 1967 2048 2024 ab

450 2059 684 2118 adventu
712 2059 922 2118 Domini
950 2076 1121 2132 usque
1148 2061 1202 2118 in
1232 2061 1392 2117 tinem
1425 2060 1607 2118 surculi
1635 2059 1898 2130 speranda
1920 2067 2048 2117 est:

449 2167 554 2223 qua
583 2152 822 2212 exterior
867 2153 1028 2210 homo
1068 2163 1318 2225 tanquam
1362 2161 1638 2210 senectute
1663 2154 2044 2225 corrumpitur,

449 2246 728 2316 quietiam
753 2255 908 2304 vetus
935 2247 1159 2315 dicitur,
1203 2257 1258 2306 et
1283 2248 1507 2304 interior
1534 2256 1829 2304 renovatur
1862 2245 1930 2301 de
1957 2245 2048 2302 die

448 2337 506 2393 in
531 2338 766 2410 dictum
791 2340 910 2395 Cor.
940 2356 1012 2409 tv,
1047 2340 1156 2413 16).
1191 2341 1317 2396 Inde
1347 2341 1560 2412 requies
1581 2341 1906 2411 sempiterna
1938 2346 2042 2408 est,

448 2445 570 2501 quas
598 2432 927 2502 signiﬁcatur
948 2433 1188 2489 sabbato.
1213 2433 1346 2490 Huic
1362 2437 1440 2492 rei
1461 2434 1706 2506 congruit
1721 2432 1862 2504 quod
1882 2432 2046 2487 homo

449 2532 605 2584 sexto
643 2525 734 2588 die
778 2525 950 2582 factus
980 2535 1062 2582 est
1106 2526 1174 2582 ad
1219 2528 1504 2598 imaginem
1546 2537 1599 2584 et
1640 2525 2047 2584 similitudinem

446 2616 546 2673 Dei
573 2615 724 2691 (Gen.
757 2634 810 2687 ι,
836 2617 951 2690 27).
999 2618 1172 2676 Nemo
1199 2628 1376 2678 autem
1424 2621 1632 2691 ignorat
1659 2618 1934 2676 hominum
1961 2618 2044 2676 vi-

445 2716 560 2768 tam
577 2708 694 2780 jam
718 2709 917 2782 aliquid
933 2711 1415 2780 administrantem,
1440 2713 1746 2783 cognitione
1766 2720 1819 2768 et
1834 2713 2046 2768 actione

445 2799 640 2856 fulciri.
684 2800 816 2857 Nam
856 2812 910 2858 et
948 2804 1088 2860 actio
1120 2807 1405 2864 temeraria
1449 2814 1531 2862 est
1573 2805 1689 2861 sine
1716 2803 2039 2874 cognitione,

447 2901 502 2949 et
545 2892 662 2950 sine
704 2895 917 2954 actione
959 2896 1147 2967 ignava
1191 2898 1443 2967 cognitio.
1487 2897 1589 2953 Sed
1618 2897 1787 2967 prima
1813 2897 1923 2954 vita
1949 2896 2045 2952 ho-

445 2983 608 3050 minis
631 3027 647 3053 ,
685 2987 771 3044 cui
798 2988 945 3044 nulla
975 2988 1367 3044 administratio
1395 2998 1540 3044 recte
1569 2988 1808 3044 creditur
1830 3029 1844 3056 ,
1885 2987 2045 3058 quin-

447 3091 554 3146 que
593 3078 843 3135 sensibus
885 3080 1128 3150 corporis
1175 3079 1358 3144 dedita
1402 3089 1525 3145 est;
1573 3079 1664 3149 qui
1705 3089 1830 3134 sunt
1871 3079 2048 3148 visus,

446 3169 678 3239 auditus,
709 3171 960 3240 olfactus,
1009 3180 1216 3241 gustus,
1253 3182 1444 3236 tactus.
1473 3172 1541 3226 Et
1567 3171 1690 3238 ideo
1712 3171 1830 3228 duae
1855 3172 2046 3241 primae

448 3273 636 3330 aetates
665 3267 881 3336 generis
905 3264 1124 3318 humani
1149 3262 1302 3328 denis
1331 3263 1763 3334 generationibus
1793 3264 2047 3320 deﬁniun-

446 3363 573 3424 tur,
621 3365 868 3427 tanquam
910 3354 1134 3412 infantia
1165 3363 1218 3414 ct
1263 3355 1525 3426 pueritia;
1565 3357 1812 3427 quinario
1838 3357 2046 3414 scilicet

448 3448 719 3518 geminato
745 3489 762 3516 ,_
787 3447 1038 3519 quoniam
1067 3446 1342 3519 generatio
1378 3455 1606 3518 utroque
1626 3462 1759 3504 sexu
1787 3462 2046 3518 prepaga-

447 3545 560 3606 tur.
600 3539 736 3608 sunt
780 3554 909 3610 ergo
945 3540 1317 3609 generationes
1355 3537 1543 3594 decem
1572 3540 1640 3606 ab
1676 3539 1847 3596 Adam
1877 3555 2048 3610 usque

447 3628 518 3686 ad
555 3627 706 3695 Noe,
751 3638 806 3686 et
855 3628 979 3694 inde
1018 3629 1293 3700 usque_ad
1338 3629 1610 3684 Abraham
1652 3630 1771 3684 alite
1816 3630 2042 3698 decem;

451 3733 587 3790 quas
613 3717 748 3774 duas
789 3727 972 3774 aetates
1015 3719 1290 3774 infantiam
1322 3728 1374 3774 et
1402 3720 1682 3790 pueritiam
1712 3722 1923 3792 generis
1947 3721 2048 3777 hu-

449 3810 603 3868 mani
629 3826 750 3874 esse
778 3811 1031 3868 diximus.
1075 3810 1450 3866 Adolescentia
1479 3826 1605 3866 vero
1630 3821 1684 3866 ct
1713 3812 1967 3882 juventus
1993 3822 2049 3869 et

448 3907 704 3977 gravitas,
737 3904 790 3960 id
817 3912 918 3978 est,
949 3905 1016 3959 ab
1041 3902 1311 3960 Abraham
1339 3919 1506 3976 usque
1531 3905 1598 3960 ad
1629 3905 1816 3974 David,
1848 3915 1902 3962 et
1924 3907 2048 3964 inde

448 4012 622 4069 usque
648 3998 714 4053 ad
760 3996 1280 4067 transmigrationem
1309 3997 1366 4054 in
1408 3998 1788 4070 Babyloniam,
1832 4009 1886 4055 et
1924 4000 2050 4070 inde

453 4104 626 4161 usque
667 4088 733 4144 ad
776 4088 1066 4160 adventum
1110 4089 1360 4156 Domini,
1390 4098 1617 4160 quatuor
1645 4090 1798 4146 denis
1823 4107 2051 4163 genera-

452 4181 689 4252 tionibus
721 4181 1053 4254 ﬁgurantur;
1082 4182 1386 4255 septenario
1412 4183 1677 4256 geminato
1707 4183 1771 4238 ad
1803 4185 2049 4240 eamdem

455 4273 858 4343 generationem
891 4273 909 4305 ¹
937 4274 1214 4350 utriusque
1258 4290 1421 4331 sexus
1444 4317 1458 4340 ,
1514 4291 1637 4334 cum
1684 4275 1929 4346 quinario
1959 4277 2050 4346 qui

455 4377 540 4422 est
590 4367 646 4422 in
692 4365 941 4424 sensibus
985 4368 1255 4437 corporis,
1305 4369 1444 4424 actio
1491 4379 1547 4424 et
1593 4369 1824 4441 cognitio
1870 4369 2051 4428 addita

453 4458 634 4516 fuerit.
679 4457 940 4526 Senectus
986 4469 1164 4516 autem
1207 4459 1348 4518 solet
1391 4461 1552 4518 etiam
1604 4469 1815 4518 tantum
1862 4470 2049 4518 tenere

456 4552 741 4624 temporis,
766 4562 1024 4624 quantum
1049 4552 1267 4624 reliquae
1295 4567 1480 4610 omnes
1510 4562 1716 4610 aetates.
1765 4553 1896 4610 Nam
1927 4569 2051 4609 cum

458 4659 491 4699 a
519 4643 850 4714 sexagesimo
877 4659 1018 4700 amto
1043 4653 1290 4699 senectus
1317 4645 1523 4700 dicatur
1553 4646 1803 4715 incipere,
1837 4656 1893 4702 et
1922 4662 2052 4720 pos-

462 4737 534 4792 sit
561 4735 793 4792 humana
833 4737 938 4792 vita
985 4752 1152 4808 usque
1178 4737 1244 4791 ad
1275 4747 1488 4794 centum
1517 4739 1700 4810 viginti
1730 4755 1898 4795 annos
1922 4755 2050 4812 pcr-

459 4829 678 4896 venire,
720 4826 1057 4884 manifestum
1098 4838 1179 4886 est
1205 4830 1371 4886 solam
1404 4839 1730 4886 senectutem
1761 4847 1918 4902 posse
1946 4843 2053 4888 tam

461 4922 677 4994 longam
725 4936 884 4990 esse,
937 4937 1094 4993 quam
1131 4939 1318 4982 omnes
1363 4933 1548 4980 mtates
1589 4935 1798 4990 czetera:
1846 4927 2054 4997 priores

463 5025 608 5072 sunt.
649 5014 802 5072 ditas
844 5017 1003 5088 igitur
1032 5016 1218 5074 ultima
1260 5019 1471 5090 generis
1513 5017 1766 5085 humani,
1809 5036 1927 5091 qua:
1971 5020 2054 5075 in-

463 5107 593 5177 cipit
621 5123 652 5163 a
683 5109 891 5164 Domini
918 5108 1148 5166 adventu
1171 5151 1186 5179 ,
1236 5126 1404 5182 usque
1429 5111 1480 5166 in
1514 5111 1673 5166 ﬁnem
1701 5111 1899 5178 smculi,
1931 5112 2054 5182 qui-

462 5202 567 5259 bus
593 5204 1021 5274 generationibus
1046 5213 1384 5275 computetur
1427 5205 1684 5260 incertnm
1717 5213 1798 5262 est
1829 5223 1842 5258 :
1871 5215 1925 5260 et
1951 5204 2060 5274 hoc

462 5295 666 5350 utiliter
692 5296 830 5352 Deus
857 5297 1028 5354 voluit
1069 5298 1271 5368 latere,
1316 5297 1452 5354 sicut
1491 5297 1543 5352 in
1590 5297 1880 5370 Evangelio
1915 5298 2057 5353 scri-

461 5398 613 5460 ptum
649 5398 730 5444 est
753 5388 966 5461 (Matth.
1001 5407 1165 5459 xxtv,
1193 5391 1288 5463 56)
1315 5433 1330 5459 ,
1362 5401 1420 5450 et
1440 5392 1726 5462 Apostolus
1751 5399 2055 5460 attestatur,

461 5483 652 5540 dicens
699 5483 843 5540 diem
882 5484 1094 5560 Domini
1135 5493 1388 5557 tanquam
1428 5484 1598 5540 furem
1639 5485 1694 5540 in
1741 5494 1898 5556 nocte
1936 5499 2058 5542 esse

461 5585 748 5634 venturum
770 5574 811 5648 (I
840 5574 1019 5631 Thess.
1050 5592 1104 5642 v,
1131 5576 1212 5649 2).

534 5668 589 5725 ὅ.
616 5668 723 5726 Sed
753 5679 928 5738 tamen
955 5677 1104 5730 sexta
1147 5677 1304 5727 aetate
1329 5670 1599 5738 visitatum
1625 5684 1744 5736 esse
1771 5685 1938 5742 genus
1965 5669 2063 5727 hu-

529 5801 674 5854 Ittat.
701 5801 948 5855 ctdecem
969 5801 1697 5865 Itss.,adeamdemratimem.

2111 5893 2119 5896 _

1129 260 1220 319 DE
1258 258 1573 320 DIVERSIS
1610 257 2130 330 QUIESTIONIBUS
2164 258 2466 329 LXXXIII,
2513 262 2571 322 S.
2609 262 3000 323 AUGUSTINI.

3681 271 3758 344 Ἀ

2157 392 2372 438 manum
2416 380 2606 446 humili
2649 380 2868 440 Domini
2903 382 3134 440 adventu
3149 423 3168 452 ,
3214 383 3460 454 superius
3489 385 3756 448 distinctis

2154 473 2590 543 generationibus
2615 474 2892 534 educetur.
2919 476 3037 546 Qua
3057 478 3360 534 visitatione
3387 479 3606 551 incmpit
3635 497 3751 537 ma-

2157 563 2403 628 nifestari
2419 567 2723 638 prophetia,
2745 583 2865 652 qum
2889 570 3256 640 superioribus
3292 571 3524 644 quinque
3569 575 3745 642 aetati-

2155 655 2262 714 bus
2308 656 2461 726 latnit
2515 675 2530 712 :
2583 657 2737 730 cujus
2791 661 3090 731 prOphetite
3154 677 3441 732 personam,
3503 665 3758 738 quoniam.

2155 747 2390 816 Joannes
2421 751 2701 822 gestabat,
2723 760 2784 808 ut
2815 766 2980 823 supra
3003 753 3202 816 dictum
3226 765 3343 820 est,
3371 755 3490 820 ideo
3517 773 3581 824 ex
3608 759 3752 814 seni-

2155 840 2257 896 bus
2281 843 2592 914 parentibus
2615 844 2851 918 nascitur
2871 887 2887 913 ,
2923 855 3174 918 tanquam
3198 859 3514 912 senescente
3558 852 3755 920 smculo

2156 933 2436 1006 prophetia
2466 936 2556 1008 illal
2585 937 2920 1002 innotescere
2948 940 3200 1012 incipiat;
3220 951 3278 1000 et
3320 943 3562 1014 quinque
3606 961 3758 1014 meno

2156 1025 2305 1098 sibus
2333 1042 2394 1090 se
2413 1031 2646 1096 occultat
2673 1040 2845 1090 mater
2866 1032 2982 1104 ejus
3000 1076 3017 1102 ,
3048 1035 3184 1092 sicut
3221 1036 3480 1106 scriptum
3503 1047 3617 1104 est,
3651 1036 3754 1104 Oc-

2156 1124 2380 1194 cultabat.
2425 1143 2478 1188 se
2518 1125 2780 1196 Etisabetli
2809 1129 3059 1185 mensibus
3103 1132 3338 1203 quinque.
3371 1132 3534 1194 Sexto
3578 1143 3757 1202 autem

2156 1232 2344 1274 mense
2367 1219 2610 1288 visitatur
2636 1236 2668 1276 a
2694 1221 2856 1282 Maria
2879 1233 3050 1280 matre
3069 1223 3314 1290 Domini;
3344 1234 3398 1281 et
3415 1225 3643 1292 exsultat
3671 1226 3755 1280 in-

2155 1306 2275 1368 fans
2302 1311 2356 1380 in
2385 1320 2558 1382 utero,
2604 1320 2856 1386 tanquam
2896 1316 3072 1388 primo
3119 1315 3351 1374 adventu
3389 1317 3606 1388 Domini
3649 1334 3758 1390 quo

2156 1401 2212 1456 in
2251 1402 2545 1470 humilitate
2569 1406 2586 1438 ί
2613 1421 2871 1480 apparere
2909 1408 3157 1480 dignatus
3186 1418 3268 1474 est
3286 1453 3300 1477 ,
3330 1411 3611 1481 prophetia
3636 1428 3755 1468 ma-

2156 1494 2396 1552 nifestari
2427 1499 2643 1574 incipiat
2675 1518 2688 1556 :
2714 1501 2810 1557 sed
2840 1509 3090 1573 tanquam
3119 1501 3172 1558 in
3203 1512 3378 1570 utero,
3411 1505 3461 1558 id
3493 1515 3594 1571 est,
3619 1520 3758 1562 non-

2157 1585 2284 1642 dum
2315 1597 2420 1644 tam
2466 1591 2764 1664 evidenter,
2791 1601 2850 1650 ut
2877 1609 3066 1650 omnes
3105 1595 3244 1652 sicut
3297 1597 3350 1652 in
3380 1598 3498 1654 luce
3535 1599 3759 1654 manife-

2157 1687 2296 1735 stam
2323 1696 2442 1738 esse
2470 1684 2752 1752 (tueantur;
2783 1686 2924 1758 quod
2966 1687 3198 1744 futurum
3234 1691 3500 1746 credimus
3524 1692 3756 1748 secundo

2155 1772 2392 1830 adventu
2418 1775 2652 1846 Domini,
2695 1794 2798 1849 quo
2821 1781 2872 1834 iu
2908 1781 3152 1838 claritate
3181 1792 3438 1840 venturus
3463 1794 3573 1850 est;
3604 1785 3758 1856 cujus

2157 1866 2420 1922 adventus
2441 1885 2742 1938 praecursor
2767 1882 3010 1942 speratur
3043 1875 3183 1928 Elias
3206 1917 3221 1942 ,
3251 1877 3387 1932 sicut
3414 1876 3572 1946 hujus
3593 1877 3757 1932 Joan-

2157 1974 2256 2015 nes
2301 1961 2416 2015 l'uit.
2444 1961 2512 2017 Et
2540 1963 2659 2020 ideo
2696 1964 2888 2032 dicitur
2913 1983 2943 2022 a
2973 1968 3194 2024 Domino
3224 1988 3238 2022 :
3267 1968 3411 2025 Elius
3439 1972 3552 2042 jam
3577 1973 3711 2026 venit
3735 2014 3755 2041 ,

2156 2063 2205 2106 et
2231 2054 2392 2107 multa
2422 2055 2467 2108 ci
2493 2056 2718 2111 homines
2747 2062 3005 2129 fecerunt;
3033 2069 3076 2112 et
3096 2060 3140 2114 si
3183 2061 3333 2116 vultis
3358 2063 3486 2117 scire
3505 2104 3518 2126 ,
3551 2062 3657 2133 ipse
3685 2071 3763 2118 est

2155 2144 2384 2202 Joannes
2434 2147 2667 2219 Baptista
2690 2189 2703 2213 ,
2732 2151 2819 2220 qui
2837 2160 3076 2204 venturus
3114 2162 3186 2205 est
3214 2152 3440 2224 (Matth.
3475 2169 3584 2209 xvu
3607 2196 3622 2218 ,
3655 2155 3758 2222 12,

2158 2251 2208 2296 et
2239 2257 2312 2308 xt,
2346 2241 2456 2314 14).
2489 2241 2624 2310 Quia
2650 2242 2702 2296 in
2728 2242 2918 2298 eodem
2947 2244 3136 2312 Spiritu
3157 2253 3209 2298 et
3237 2243 3290 2298 in
3320 2245 3506 2300 eadem
3536 2247 3756 2314 virtute,

2157 2343 2414 2406 tanquam
2438 2335 2787 2406 pracedcntis
2810 2337 3071 2406 praeconis
3099 2337 3274 2392 cilicio
3301 2347 3358 2393 et
3402 2339 3486 2394 hic
3528 2338 3636 2408 jam
3665 2355 3769 2394 ve—

2155 2427 2270 2493 nit,
2319 2435 2374 2482 et
2425 2428 2512 2484 ille
2537 2437 2793 2490 venturus
2835 2437 2935 2485 est.
2983 2428 3268 2498 Propterea
3309 2439 3362 2488 et
3403 2431 3562 2500 istum
3591 2431 3768 2488 Joan-

2156 2533 2282 2584 nem
2309 2535 2404 2591 per
2431 2520 2678 2591 spiritum
2709 2537 2815 2593 quo
2850 2529 3001 2592 pater
3043 2520 3158 2592 ejus
3187 2531 3335 2586 vates
3369 2523 3618 2596 impletus
3643 2534 3769 2593 est,

2155 2610 2349 2668 dicitur
2374 2629 2762 2684 praecursorem
2792 2614 3005 2669 Domini
3051 2615 3282 2670 futurum
3309 2630 3427 2674 esse
3467 2616 3521 2670 in
3568 2617 3773 2686 spiritu

2155 2711 2212 2766 et
2235 2704 2430 2760 virtute
2462 2707 2610 2762 Elite.
2635 2707 2875 2762 Peractis
2914 2715 3092 2774 autem
3120 2707 3282 2768 Maria
3327 2723 3450 2770 cum
3480 2707 3771 2765 Elisabeth

2153 2795 2431 2858 mensibus
2462 2797 2652 2868 tribus,
2680 2797 2906 2862 discedit
2935 2796 3096 2869 (Luc.
3129 2795 3203 2870 ι).
3236 2797 3352 2865 Quo
3379 2815 3604 2856 numero
3625 2800 3773 2856 mihi

2153 2887 2366 2954 videtur
2409 2889 2699 2960 signiﬁcari
2745 2891 2877 2945 (idos
2922 2890 3230 2958 Trinitatis,
3281 2900 3335 2958 et
3381 2891 3650 2962 Baptisms
3701 2893 3776 2960 ira

2153 2981 2374 3042 nomine
2399 2981 2572 3036 Patris
2601 2991 2656 3048 et
2677 2980 2795 3036 Filii
2823 2991 2876 3052 et
2898 2981 3125 3056 Spiritus
3158 2984 3331 3040 sancti
3349 3025 3368 3058 ,_
3393 3000 3500 3056 quo
3529 3001 3624 3056 per
3652 2985 3774 3056 ltu-

2151 3072 2337 3132 milem
2382 3073 2594 3138 Domini
2634 3073 2918 3138 adventum
2947 3090 3116 3147 genus
3144 3076 3435 3136 humanum
3465 3078 3714 3140 imbuitur
3733 3121 3766 3150 ,

2154 3171 2210 3219 et
2233 3163 2412 3228 futuro
2436 3164 2668 3226 adventu
2697 3165 2954 3222 claritatis
2980 3167 3095 3237 ejus
3125 3169 3401 3226 extollitur
3425 3171 3446 3203 ³
3471 3171 3574 3244 (a).

2567 3257 2704 3314 LIX.
2741 3257 2815 3314 De
2843 3259 3016 3328 decent
3042 3261 3342 3334 virginibus.

2229 3349 2282 3414 I.
2312 3349 2457 3406 Inter
2497 3351 2779 3424 parabolas
2819 3368 2852 3408 a
2892 3353 3124 3416 Domino.
3148 3356 3318 3426 dictas
3347 3356 3484 3418 solet
3506 3371 3764 3428 quaeren-

2157 3449 2237 3498 tes
2267 3443 2492 3498 multum
2531 3459 2784 3502 exercere
2813 3445 2914 3514 ista
2935 3487 2950 3513 ,
2974 3463 3096 3518 quae
3142 3448 3212 3510 de
3253 3448 3442 3524 decem
3465 3450 3768 3520 virginibus

2155 3535 2330 3603 posita
2374 3544 2476 3602 est.
2507 3535 2578 3590 Et
2626 3537 2774 3594 multi
2819 3537 3038 3608 quidem
3067 3538 3191 3593 hinc
3219 3541 3385 3602 multa
3431 3551 3766 3614 senserunt,

2157 3641 2278 3696 quae
2327 3642 2434 3696 non
2473 3635 2598 3684 sunt
2624 3637 2818 3698 prteter
2842 3627 3045 3700 fidem:
3086 3628 3182 3686 sed
3206 3630 3476 3699 quomodo
3519 3631 3772 3702 partibus

2158 3721 2408 3776 omnibus
2431 3721 2546 3790 ejus
2561 3722 2843 3778 conveniat
2859 3721 3140 3792 expositio,
3165 3721 3219 3778 id
3240 3723 3622 3782 elaborandum
3649 3737 3766 3798 est,

2159 3813 2290 3885 Legi
2314 3814 2475 3870 etiam
2504 3813 2558 3868 in
2607 3814 2834 3885 quadam
2886 3815 3149 3886 scriptura
3177 3858 3192 3886 ,
3226 3833 3296 3888 ea
3341 3833 3525 3874 earum
3557 3834 3772 3892 genere

2159 3923 2280 3978 quae
2328 3908 2649 3982 apocrypha:
2676 3909 3051 3979 nominantur,
3097 3926 3204 3967 non
3247 3913 3390 3982 quod
3434 3914 3769 3986 sit'contra

2160 3999 2475 4055 catholicam
2496 4001 2676 4068 ﬁdem;
2701 4002 2794 4058 sed
2817 4002 2942 4060 huic
2969 4004 3084 4060 loco
3107 4005 3238 4060 mihi
3261 4007 3438 4074 minus
3462 4023 3770 4080 congruere

2160 4095 2271 4150 visa
2293 4103 2407 4172 est,
2435 4096 2794 4154 consideranti
2825 4113 3013 4154 omnes
3042 4098 3200 4170 hujus
3221 4099 3601 4160 simnlitndiuis
3629 4118 3769 4172 par-

2159 4195 2264 4244 tes.
2290 4188 2363 4244 De
2389 4203 2494 4259 qua
2523 4199 2701 4246 tamen
2727 4190 3062 4260 expositione
3092 4200 3293 4250 temere
3319 4194 3446 4248 nihil
3478 4193 3647 4249 audeo
3668 4194 3772 4265 ju-

2160 4281 2372 4348 dicare,
2409 4299 2477 4337 ne
2503 4283 2639 4340 forte
2688 4298 2797 4342 non
2831 4285 2951 4355 ejus
2980 4286 3404 4351 inconvenientia
3428 4287 3560 4346 mihi
3588 4303 3772 4360 angu—
3805 4291 3816 4298 ”

2161 4375 2293 4430 stias
2331 4375 2550 4443 fecerit,
2579 4375 2674 4430 sed
2704 4391 2824 4432 mea
2870 4377 3094 4436 tarditas
3144 4379 3288 4436 inea
3334 4379 3776 4448 convenientiam

2161 4483 2271 4524 non
2299 4468 2580 4524 invenerit.
2598 4469 2737 4538 Quid
2753 4478 2931 4527 autem
2958 4471 3090 4528 mihi
3121 4471 3368 4529 videatur
3395 4488 3504 4530 non
3529 4473 3778 4538 absurde

2163 4560 2268 4616 hoc
2308 4563 2428 4618 loco
2449 4563 2616 4634 accipi
2635 4605 2651 4630 ,
2681 4573 2939 4634 quantum
2967 4573 3158 4635 potero
3185 4564 3421 4630 breviter
3444 4574 3500 4622 et
3527 4563 3770 4635 diligen-

2163 4665 2246 4714 ter
2265 4671 2552 4726 exponam.

2233 4748 2289 4804 2.
2320 4748 2681 4820 Interrogatus
2730 4750 2890 4821 igitur
2935 4751 3190 4812 Dominus
3232 4760 3417 4810 noster
3462 4759 3673 4808 secreto
3739 4767 3776 4809 a

2164 4839 2440 4912 discipulis
2477 4841 2544 4898 de
2568 4841 3030 4900 consummatione
3051 4841 3230 4898 saeculi
3255 4882 3271 4908 ,
3302 4843 3439 4898 inter
3463 4841 3634 4904 multa
3659 4844 3780 4900 alia

2164 4949 2286 5004 quae
2313 4933 2522 4990 locutus
2542 4941 2625 4990 est
2645 4975 2662 5002 ,
2692 4933 2795 4989 hoc
2816 4947 3029 5004 quoque
3051 4932 3182 4988 dixit
3206 4951 3220 4986 :
3247 4931 3384 5004 Tunc
3411 4932 3579 4988 simile
3620 4935 3779 5000 testi-

2166 5026 2387 5084 mabitur
2414 5044 2623 5099 regnum
2647 5027 2887 5084 caelorum
2931 5027 3104 5084 decem
3143 5025 3418 5096 virginibus
3440 5067 3454 5091 ,
3477 5041 3592 5095 ante
3613 5042 3778 5090 acce-

2169 5130 2354 5190 perunt
2376 5120 2636 5190 lampades
2660 5137 2799 5188 suas,
2819 5130 2867 5175 et
2886 5129 3122 5176 verterunt
3147 5117 3342 5174 obviam
3362 5135 3566 5187 sponso.
3593 5119 3780 5184 Quin-

2167 5230 2266 5285 que
2292 5223 2460 5268 autem
2484 5230 2546 5270 ex
2568 5214 2638 5270 eis
2659 5222 2801 5268 erant
2825 5217 2999 5284 fatum,
3029 5219 3075 5265 et
3100 5211 3316 5282 quinque
3342 5210 3629 5282 prudentes.
3655 5209 3782 5282 Sed

2167 5308 2390 5380 quinque
2433 5309 2587 5380 [aluta
2627 5306 2844 5377 acceptis
2872 5303 3192 5372 lampadibus
3229 5303 3368 5370 suis,
3395 5320 3496 5370 non
3533 5320 3780 5373 sumpse-

2169 5411 2290 5458 runt
2335 5401 2503 5458 oleum
2529 5415 2696 5456 secum
2721 5413 2741 5454 :
2766 5397 3040 5470 prudentes
3065 5404 3235 5452 autem
3261 5406 3560 5468 acceperant
3597 5394 3786 5471 oleum

2237 5486 3156 5559 iuavart'icttsliber,inhtanmitate_.L
3506 5553 3542 5559 __
3709 5546 3722 5559 ο

2237 5558 2258 5589 ³
2282 5561 2480 5624 unum.
2506 5560 2558 5604 et
2579 5547 2806 5624 undecim
2830 5547 3242 5624 tissr,_e.‘ncol_i_tur.
3275 5547 3406 5612 Alter
3440 5560 3470 5598 e
3506 5547 3780 5613 vaticanis,

2171 5617 2336 5674 excoli
2364 5613 2770 5680 datum—Lugd“
2791 5613 3051 5680 excolitur.
3115 5619 3174 5665 It.

2241 5683 2263 5715 ³
2283 5675 2502 5732 Nonnulli
2527 5675 2801 5742 Μεεηῐμιοά
3086 5737 3100 5742 _
3319 5735 3330 5742 _
3449 5741 3454 5742 ν
3537 5739 3576 5742 ,,
3641 5731 3651 5742 .

2243 5733 2780 5854 (agathseﬁiatibus
2797 5740 2892 5804 vid.
2907 5741 2994 5794 lib.
3019 5739 3044 5792 t
3070 5737 3135 5790 de
3155 5735 3334 5790 Genesi
3347 5741 3517 5786 contra
3537 5733 3778 5800 laniem,

2243 5820 2283 5854 Ii.
2367 5841 2380 5854 .
2447 5839 2459 5853 .
2632 5835 2644 5850 ο

2174 5818 2283 5867 cap.
2303 5817 2380 5868 ao,
2409 5817 2459 5853 n.
2479 5817 2644 5854 00-41.
