4000 6336
253 325 313 403 ιε
1666 320 1827 381 LlBEl

1931 321 2102 399 inus.
2774 384 2777 387 ,
3444 334 3517 389 46

248 454 400 509 secum
424 438 480 492 in
498 442 635 493 vasis
679 438 796 515 suis
847 456 965 496 cum
1006 438 1343 511 lampadibus.
1378 437 1634 511 Tardante
1673 448 1841 507 autem

248 548 437 603 sponso,
465 531 878 587 dormitaverunt
905 548 1096 601 omnes,
1123 542 1170 587 et
1198 531 1524 587 dormierunt.
1546 531 1716 586 Media
1744 548 1837 585 ακ-
1875 588 1897 608 Γ

245 640 332 681 tem
368 636 512 680 nocte
559 626 763 699 clamor
790 630 956 697 factus
992 635 1064 691 est
1083 641 1105 681 :
1134 625 1265 680 Ecce
1289 642 1499 698 sponsus
1524 626 1692 692 venit,
1722 642 1836 680 sur-
1886 694 1895 699 ,

679 694 828 773 Tunc
855 727 1179 774 surrexerunt
1208 694 1423 790 virgines
1446 718 1582 785 illae,
1611 726 1655 771 et
1683 727 1831 789 apta-
1878 694 1895 725 ί
1936 712 2039 778 Qui
2066 722 2240 769 autem
2269 730 2373 770 non
2404 727 2682 787 propterea
2721 720 2945 789 gaudet,
2975 694 3107 791 quia.
3128 724 3235 778 Deo
3266 694 3515 781 intrinse-

243 722 335 793 gite
359 719 552 774 obviam
579 720 646 774 ei.
679 717 828 773 Tunc
855 727 1179 774 surrexerunt
1208 718 1423 790 virgines
1446 718 1582 785 illae,
1611 726 1655 771 et
1683 727 1831 795 apta-

244 822 406 889 terunt
426 810 695 887 lampades
726 828 868 865 suas.
888 808 957 887 Et
984 810 1215 863 dixerunt
1232 810 1334 864 illa:
1358 810 1521 864 stulta:
1550 809 1619 863 ad
1634 809 1835 880 sapien-

243 914 309 958 tes
335 902 508 957 :Date
528 903 676 959 nobis
702 903 767 956 de
801 903 913 957 oleo
960 910 1118 977 vestro
1142 943 1155 967 ,
1186 902 1306 977 quia
1352 901 1612 971 lampades
1649 910 1835 956 nostra:

244 997 655 1068 exstinguuntur.
679 995 1071 1066 Responderunt
1097 1004 1267 1075 autem
1287 996 1557 1077 sapientes,
1580 995 1831 1069 dicentes:

241 1085 319 1141 Ne
344 1087 478 1156 forte
502 1103 608 1140 non
638 1087 853 1158 sufficiat
881 1087 1020 1141 nobis
1060 1095 1106 1139 et
1144 1068 1299 1151 vobis,
1324 1068 1389 1140 ite
1414 1068 1578 1156 potius
1616 1086 1683 1139 ad
1708 1103 1829 1165 ven-

239 1180 420 1242 dentes,
452 1188 499 1231 et
526 1179 678 1231 emite
702 1174 856 1232 vobis.
904 1177 966 1231 Et
996 1177 1113 1231 dum
1142 1179 1271 1233 irent
1299 1195 1460 1255 emere
1478 1220 1492 1242 ,
1521 1179 1650 1232 venit
1678 1195 1830 1255 spon-

238 1288 353 1335 sus;
378 1279 426 1325 et
453 1288 570 1342 quce
597 1283 793 1342 parata:
822 1282 970 1325 erant
987 1313 1001 1338 ,
1032 1272 1339 1343 intraverunt
1382 1290 1495 1349 cum
1521 1288 1578 1326 eo
1616 1271 1684 1324 ad
1728 1289 1827 1325 nu-

240 1367 360 1435 ptias
381 1408 395 1429 ,
431 1376 480 1419 et
508 1366 689 1419 clausa
714 1374 787 1419 est
804 1366 990 1435 janua.
1036 1362 1321 1420 Novissime
1348 1376 1513 1443 autem
1540 1366 1742 1419 veniunt
1784 1374 1829 1419 et

238 1459 436 1529 reliqua:
489 1459 752 1530 virgines,
806 1442 1062 1512 dicentes:
1105 1458 1354 1522 Domine,
1404 1459 1651 1525 Domine,
1689 1460 1829 1531 aperi

242 1553 389 1604 nobis.
416 1549 488 1603 At
518 1551 612 1605 ille
650 1550 960 1631 respondens
998 1551 1068 1604 ait
1096 1568 1115 1605 :
1141 1552 1299 1607 Amen
1327 1552 1438 1606 dico
1465 1553 1637 1629 vobis,
1662 1553 1827 1608 nescio

247 1661 341 1697 vos.
372 1641 602 1713 Vigilate
651 1628 770 1714 ﬁgo
792 1685 806 1707 ,
844 1628 963 1713 quia
998 1644 1197 1698 nescitis
1240 1643 1371 1697 diem
1394 1686 1409 1710 ,
1452 1661 1608 1715 neque
1634 1628 1828 1699 rhoram

247 1738 263 1805 (
285 1734 463 1788 lauti.
493 1750 646 1801 xxv,
677 1720 873 1805 145).
917 1736 1110 1790 Decem
1155 1737 1341 1806 utique,
1385 1737 1643 1809 virginum
1686 1738 1826 1810 quod

238 1828 462 1896 quinque
488 1825 882 1894 admittuntur,
910 1826 1142 1897 quinque
1167 1827 1539 1896 excluduntur,
1565 1829 1823 1884 bonorum

238 1919 572 1972 etmalorum
618 1918 999 1991 discretionem
1051 1920 1309 1989 significat
1345 1921 1383 1973 ί.
1420 1906 1753 1991 Quapropter
1780 1923 1823 1977 si

235 2012 559 2089 virginitatis
601 2027 793 2091 nomen
840 2009 1153 2083 honorabilc
1199 2020 1315 2091 est»,
1361 2028 1456 2067 cur
1484 1998 1712 2091 reCcptis
1734 2030 1825 2069 ex-

233 2084 511 2173 cl'usisque
539 2090 816 2159 commune
840 2102 970 2183 esti
993 2102 1191 2158 Deinde
1217 2088 1340 2173 quid
1367 2103 1468 2157 sibi
1498 2104 1609 2159 vult
1642 2084 1826 2161 nume-

232 2211 332 2251 rus
352 2197 407 2249 in
438 2204 657 2266 utraque
670 2206 820 2267 parte
858 2195 1169 2265 qninarius?
1193 2194 1327 2264 Quid
1358 2205 1533 2252 autem
1566 2195 1826 2268 significat

232 2288 447 2355 oleum,
478 2278 669 2341 mirum
709 2288 942 2367 videtur.
972 2286 1105 2367 ltemg
1124 2280 1265 2361 quad
1290 2289 1558 2367 sapientes
1588 2290 1820 2367 petenti-

234 2380 326 2435 bus
372 2396 483 2436 non
529 2366 932 2436 communicant
960 2399 975 2436 :
1005 2366 1125 2436 cum
1156 2390 1210 2437 et
1236 2364 1473 2461 invidere
1504 2383 1580 2435 fas
1621 2364 1723 2436 non
1756 2383 1831 2457 sit

234 2487 319 2527 eas
346 2488 464 2543 qua:
498 2473 569 2527 ita
602 2474 854 2543 perfectae
897 2482 1060 2542 sunt,
1095 2483 1202 2529 uta
1243 2489 1439 2544 sponso
1468 2473 1820 2544 recipiantur,

238 2581 333 2635 quo
376 2568 601 2621 nomine
640 2566 792 2620 nullo
821 2565 1098 2621 dubitante
1142 2565 1398 2621 Dominus
1445 2548 1627 2631 noster
1669 2567 1823 2623 Jesus

234 2657 471 2712 Christus
515 2658 884 2729 signiﬁcatur;
924 2667 978 2713 et
1023 2658 1395 2714 misericordes
1418 2674 1536 2714 esse
1582 2668 1825 2727 Oportcat

235 2748 292 2803 ad
315 2750 683 2818 praestandum
712 2766 779 2805 ex
805 2764 871 2805 eo
899 2748 1038 2820 quod
1069 2750 1296 2816 habent,
1331 2740 1709 2820 praescribente
1736 2752 1829 2831 illa

234 2844 482 2898 sententia
508 2843 753 2913 ejusdem
782 2836 992 2897 Domini
1016 2843 1239 2899 dicentis
1263 2886 1278 2911 ,
1315 2840 1466 2898 Omni
1510 2846 1731 2915 poscenti
1755 2855 1820 2909 te,

235 2918 378 2988 tribue
398 2933 555 3006 (Luc.
575 2951 651 3000 vi,
672 2931 784 3007 50).
810 2933 945 3002 Quid
972 2944 1055 2989 est
1078 2944 1254 2991 autem
1285 2936 1424 3006 quod
1458 2938 1622 3007 possit
1647 2936 1823 2993 dando

234 3040 328 3080 non
390 3028 643 3081 sufﬁcere
691 3026 972 3096 utrisque?
1016 3025 1141 3082 Hzec
1179 3022 1409 3083 maxime
1448 3014 1641 3100 augent
1674 3045 1821 3105 qua:-

233 3117 406 3173 stionis
447 3117 824 3197 difﬁcultatem
854 3135 866 3170 :
896 3133 1196 3191 quanquam
1228 3126 1283 3174 et
1304 3129 1493 3175 cratera
1542 3119 1824 3199 diligenter

231 3211 580 3278 considerata,
612 3221 672 3266 ut
700 3211 878 3267 omnia
907 3211 959 3266 in
990 3210 1151 3267 uuam
1174 3213 1434 3267 rationem
1465 3220 1825 3289 concurrant,

234 3305 457 3375 nihilque
481 3305 538 3358 in
556 3319 721 3359 unam
744 3312 951 3399 partem
971 3303 1179 3360 dicatur
1197 3304 1338 3376 quod
1360 3305 1615 3376 impediat
1638 3305 1827 3399 aliam,’

234 3410 410 3466 magna
437 3396 624 3453 cautio
654 3396 955 3452 adhibenda
984 3406 1084 3452 est.
1816 3400 1821 3407 ’

295 3488 345 3542 5.
376 3488 638 3544 Videntur
665 3489 844 3561 itaque
868 3489 998 3544 mihi
1016 3489 1248 3560 quinque
1271 3489 1503 3561 virgines
1524 3490 1821 3569 signiﬁcare

230 3579 716 3651 quinquepartitam
769 3579 1151 3637 continentiam
1218 3598 1247 3635 a
1296 3582 1475 3639 carnis
1534 3582 1818 3639 illecebris.

228 3669 594 3726 Continendus
651 3680 737 3727 est
785 3672 928 3727 enim
955 3673 1116 3728 animi
1163 3675 1425 3743 appetitus
1475 3689 1505 3729 a
1552 3674 1823 3746 voluptate

233 3764 574 3830 oeulornm,a
605 3764 882 3833 voluptate
911 3766 1139 3831 aurium,
1163 3781 1192 3819 a
1220 3766 1490 3836 voluptate
1516 3766 1818 3835 olfaciendi,

230 3858 467 3926 gustandi
493 3900 510 3924 ,
535 3856 810 3927 tangendi.
841 3855 945 3912 Sed
974 3858 1094 3928 quia
1143 3858 1240 3913 ista
1275 3860 1597 3915 continentia
1631 3862 1821 3931 partim

229 3964 405 4004 coram
450 3950 568 4005 Deo
617 3949 696 4017 ﬁt,
728 3958 788 4004 ut
816 3934 905 4003 illi.
940 3950 1213 4020 placentur
1253 3953 1304 4006 in
1361 3953 1599 4009 interiori
1630 3955 1823 4027 gaudio

227 4043 588 4108 conscientiae;
623 4043 816 4113 partim
840 4057 1020 4098 coram
1048 4043 1349 4100 hominibus
1378 4054 1601 4115 tantum,
1631 4056 1685 4102 ut
1709 4049 1823 4117 glo-

229 4133 313 4187 ria
358 4134 578 4189 humana
626 4135 891 4204 capiatur;
919 4135 1151 4205 quinque
1167 4135 1413 4192 dicuntur
1443 4140 1708 4208 sapientes
1728 4181 1742 4207 ,
1772 4149 1825 4194 ct

229 4224 463 4296 quinque
485 4227 665 4281 stulte
693 4243 706 4279 :
735 4235 978 4297 utraeque
1024 4235 1202 4283 tamen
1236 4228 1466 4299 virgines
1486 4272 1499 4295 ,
1529 4233 1650 4301 quia
1682 4242 1825 4287 utra-

229 4333 329 4387 que
372 4318 703 4373 continentia
746 4328 868 4385 est,
923 4319 1165 4389 quamvis
1216 4319 1427 4376 diverso
1466 4321 1647 4377 fomite
1688 4340 1822 4393 gau—

226 4410 365 4465 deat.
423 4411 729 4481 Lampades
778 4419 956 4466 autem
994 4419 1151 4479 sunt,
1183 4413 1304 4483 quia
1334 4414 1577 4469 manibus
1607 4425 1821 4486 gestau-

227 4513 329 4569 tur,
362 4520 530 4574 opera
559 4520 679 4575 qua:
728 4504 1018 4560 secundum
1046 4507 1423 4561 continentiam
1479 4509 1633 4563 istam
1666 4509 1818 4566 ﬁunt.

229 4596 433 4652 Dictum
464 4607 552 4653 est
596 4592 795 4664 autem,
827 4598 1054 4652 Luceant
1087 4616 1238 4670 opera
1259 4609 1419 4654 vestra
1456 4618 1627 4656 coram
1656 4604 1823 4658 Itami-

230 4690 368 4744 aibus
394 4691 614 4760 (Matth.
644 4708 696 4755 v,
724 4691 836 4761 i6).
865 4690 1064 4747 Omnes
1085 4708 1211 4748 vero
1237 4705 1534 4762 acceperunt
1562 4695 1823 4767 iampades

228 4798 371 4847 sus,
427 4793 474 4836 et
508 4790 753 4835 venerunt
801 4781 996 4836 obviam
1041 4801 1246 4852 sponso.
1292 4785 1694 4857 Intelligendum
1743 4800 1824 4844 est

231 4887 353 4943 ergo
392 4873 596 4929 Christi
642 4875 854 4929 nomine
905 4876 1111 4930 censeri
1152 4876 1218 4931 de
1254 4877 1443 4947 quibus
1482 4880 1673 4950 agitur.
1704 4879 1822 4936 Non

232 4965 367 5018 enim
400 4972 633 5035 possunt
662 4965 751 5034 qui
776 4965 1050 5021 christiani
1073 4982 1176 5021 non
1203 4977 1359 5035 sunt,
1382 4984 1579 5039 sponso
1607 4970 1823 5027 Christo

231 5058 414 5113 venire
438 5057 677 5111 obviam.
704 5056 809 5113 Sed
832 5059 1049 5128 quinque
1074 5062 1231 5130 [atate
1267 5061 1482 5131 acceptis
1506 5061 1824 5131 lampadibus

230 5152 346 5215 suis,
364 5167 471 5205 non
496 5159 825 5221 sumpserunt
844 5150 1008 5205 oleum
1036 5169 1223 5207 secum.
1244 5153 1391 5208 Multi
1408 5157 1549 5209 enim
1576 5158 1822 5227 quamvis

233 5240 292 5297 de
314 5242 521 5299 Christi
549 5243 785 5299 bonitate
797 5244 1085 5313 plurimum
1115 5254 1351 5315 sperent,
1366 5246 1612 5317 gaudium
1642 5257 1820 5303 tamen

234 5350 333 5391 non
352 5336 583 5405 habent,
602 5336 730 5392 dum
750 5336 1088 5394 continenter
1105 5338 1289 5393 vivunt
1308 5339 1351 5407 ⁸,
1380 5339 1481 5393 nisi
1504 5340 1558 5394 in
1579 5340 1825 5396 laudibus

285 5472 409 5541 far.
434 5468 584 5534 lngd.
611 5477 748 5541 vena
765 5476 878 5541 Lor.
902 5469 974 5520 sic
995 5470 1236 5521 exhibent
1266 5470 1397 5541 hunc
1417 5469 1577 5541 locum
1588 5488 1615 5541 _:
1648 5481 1823 5526 Decem

641 5732 747 5772 non
973 5720 1301 5789 Expungenda
1319 5723 1535 5789 negatio,
1553 5737 1664 5789 qua:
1679 5726 1824 5775 abest

226 5780 830 5903 giar4m,
848 5780 1299 5855 nonvivunt.'Ven.,
1329 5780 1475 5835 Multa
1497 5780 1703 5837 em'm....
1729 5799 1823 5838 non

1941 438 2365 495 hominum.Nou
2385 454 2512 510 ergo
2534 440 2729 496 habent
2755 442 2928 497 oleum
2960 459 3160 499 secum.
3184 445 3314 501 Nam
3344 449 3514 519 ipsam

1938 526 2172 583 laetitiam
2206 530 2324 605 oleo
2360 530 2642 602 signiﬁcari
2667 532 2912 588 arbitror.
2942 533 3215 605 Propterea
3234 540 3397 605 unxit,
3435 541 3515 595 in-

1937 620 2069 691 quit,
2085 629 2132 674 te
2157 619 2314 689 Deus,
2333 622 2468 677 Deus
2488 632 2599 677 tuus
2610 624 2718 679 oleo
2729 627 3256 702 exsultaticnis(Psal.
3274 646 3417 696 xuv,
3434 632 3510 706 8).

1934 817 2030 859 cus
2060 805 2250 874 placet,
2284 823 2388 862 non
2420 806 2580 864 habet
2603 808 2774 864 oleum
2807 825 3006 866 secum.
3038 812 3321 870 Prudentes
3349 828 3513 870 autem

1935 908 2233 967 acceperunt
2260 915 2426 953 secum
2451 899 2614 953 oleum
2649 901 2701 954 in
2733 902 2862 955 vasis
2888 904 2994 957 suis
3017 921 3129 957 cum
3156 905 3476 973 lampadibus
3497 950 3512 974 ,

1937 985 1990 1041 id
2013 996 2113 1051 est,
2147 986 2380 1043 laetitiam
2409 990 2667 1045 honorum
2697 1006 2916 1061 Operum
2944 994 2996 1047 in
3024 994 3183 1049 corde
3212 1006 3369 1066 atque
3397 1013 3516 1052 con-

1941 1078 2160 1133 scientia
2192 1088 2511 1149 posuerunt;
2545 1083 2680 1136 sicut
2727 1080 3013 1153 Apostolus
3052 1096 3233 1142 mouet
3265 1105 3277 1140 :
3324 1086 3510 1144 Probet

1933 1178 2101 1222 autem
2144 1186 2197 1224 se
2236 1171 2411 1247 homo,
2445 1171 2633 1240 inquit,
2680 1183 2725 1225 ct
2764 1183 2880 1228 tunc
2920 1175 2972 1228 in
3010 1177 3272 1244 semetipso
3322 1178 3518 1232 habebit

1934 1262 2169 1333 gloriam,
2191 1272 2239 1318 et
2264 1281 2363 1318 non
2393 1264 2445 1317 in
2468 1265 2626 1319 altero
2652 1264 2844 1338 (Galat.
2874 1283 2950 1334 vi,
2982 1268 3062 1335 4).
3113 1268 3365 1323 Tardante
3403 1288 3516 1326 vero

1934 1369 2120 1423 sponso
2144 1354 2539 1410 dormitaverunt
2574 1374 2743 1411 omnes
2766 1374 2785 1413 :
2806 1361 2927 1429 quia
2958 1376 3023 1415 ex
3062 1370 3284 1432 utroque
3320 1379 3517 1433 genere

1933 1447 2312 1502 continentium
2336 1447 2607 1503 hominum
2629 1492 2643 1515 ,
2676 1452 2787 1505 sive
2816 1467 2998 1506 eorum
3045 1455 3131 1523 qui
3180 1470 3357 1509 coram
3406 1457 3514 1511 Deo

1933 1541 2220 1609 exsultant,
2244 1542 2357 1597 sive
2386 1555 2570 1597 eorum
2600 1542 2689 1614 qui
2736 1544 2787 1597 in
2835 1543 3076 1600 laudibus
3118 1545 3390 1601 hominum
3421 1564 3512 1603 ac-

1931 1632 2243 1702 quiescunt,
2265 1633 2567 1688 moriuntur
2591 1634 2689 1689 hoc
2716 1636 2993 1692 intervallo
3032 1640 3283 1707 temporis
3301 1682 3315 1706 ,
3346 1640 3516 1696 deuec

1931 1724 2032 1779 sub
2058 1723 2287 1779 adventu
2316 1725 2523 1779 Domini
2553 1726 2645 1780 ﬁat
2674 1728 2992 1782 resurrectio
3019 1739 3370 1785 mortuorum.
3404 1731 3515 1786 Me-

1931 1818 2017 1872 dia
2058 1828 2227 1873 autem
2256 1828 2417 1885 nocte,
2464 1818 2516 1875 id
2547 1830 2645 1885 est,
2695 1821 2841 1875 nullo
2872 1824 3072 1877 sciente
3101 1833 3192 1877 aut
3229 1836 3511 1894 sperante;

1930 1908 2123 1978 quippe
2148 1924 2268 1964 cum
2295 1910 2407 1979 ipse
2434 1909 2689 1963 Dominus
2727 1911 2897 1975 dicat,
2931 1912 3003 1965 De
3028 1914 3106 1965 die
3139 1924 3305 1966 autem
3340 1915 3431 1967 illa
3467 1924 3513 1968 et

1931 2000 2056 2053 hora
2095 2017 2240 2054 nemo
2266 1996 2357 2055 scit
2393 1999 2605 2072 (Matth.
2640 2016 2792 2067 xxrv,
2827 2001 2916 2072 56)
2939 2020 2952 2065 ;
2979 2014 3033 2056 et
3059 2005 3365 2071 Apostolus,
3392 2004 3512 2059 Dies

1929 2089 2139 2145 Domini
2164 2102 2401 2163 tanquam
2427 2095 2513 2166 fur
2534 2096 2585 2147 in
2612 2103 2770 2157 nocte,
2799 2094 2869 2146 ita
2894 2095 3050 2149 veniet
3073 2094 3114 2169 (l
3137 2094 3314 2151 Thess.
3339 2114 3390 2163 v,
3412 2096 3469 2169 2)
3496 2116 3508 2151 :

1929 2198 1997 2238 ex
2015 2198 2121 2253 quo
2146 2183 2472 2257 signiﬁcatur
2500 2200 2620 2239 eum
2650 2185 2860 2254 penitus
2882 2185 3076 2251 latere,
3113 2202 3233 2241 cum
3268 2190 3472 2243 venerit
3497 2209 3508 2245 :

1929 2276 2121 2330 clamor
2144 2276 2308 2347 factus
2335 2287 2427 2344 est,
2458 2275 2590 2331 Ecce
2610 2295 2824 2347 sponsus
2846 2280 2995 2343 venit,
3020 2281 3208 2351 surgite
3231 2282 3424 2336 obviam
3445 2285 3508 2337 ei.

1930 2366 1986 2421 In
2017 2368 2123 2423 ictu
2147 2368 2285 2424 oculi
2321 2377 2374 2424 et
2418 2369 2469 2423 in
2500 2370 2786 2424 novissima
2818 2370 2939 2424 tuba
2968 2386 3154 2424 omnes
3177 2388 3513 2444 resurgemus

1930 2458 1952 2531 (
1973 2458 1993 2513 1
2019 2459 2135 2516 Cor.
2170 2478 2257 2525 xv,
2286 2459 2409 2535 52).
2446 2463 2583 2532 Ergo
2603 2474 2924 2517 surrexerunt
2947 2480 3119 2518 omnes
3145 2466 3360 2537 virgines
3386 2468 3510 2536 ειιω,

1927 2556 1976 2605 et
2021 2562 2316 2624 aptaverunt
2366 2553 2623 2623 lampades
2674 2571 2812 2622 suas,
2862 2554 2919 2615 id
2972 2565 3075 2625 est,
3104 2559 3336 2613 rationes
3388 2561 3511 2612 red-

1930 2643 2132 2699 dendas
2156 2660 2376 2714 Operum
2422 2661 2661 2699 suorum.
2687 2644 2907 2716 Oportet
2953 2649 3096 2702 enim
3134 2664 3229 2704 nos
3271 2650 3509 2706 exhiberi

1931 2746 2053 2791 ante
2097 2737 2325 2792 tribunal
2362 2737 2581 2805 Christi,
2632 2750 2683 2793 ut
2734 2739 2841 2794 illic
2886 2741 3109 2811 recipiat
3152 2745 3514 2816 unusquisque

1928 2830 2071 2898 quod
2114 2831 2277 2898 gessit
2325 2829 2376 2884 in
2423 2847 2676 2900 corpore,
2727 2833 2837 2888 sive
2887 2832 3107 2901 bonum,
3156 2837 3268 2892 sive
3315 2839 3510 2893 malum

1933 2919 1999 2993 (ll
2027 2917 2146 2976 Cor.
2163 2937 2219 2988 v,
2248 2921 2360 2991 10).
2407 2921 2474 2975 Et
2513 2923 2748 2977 dixerunt
2774 2925 2942 2979 stulta
2969 2925 3038 2979 ad
3068 2930 3318 2997 sapientes
3342 2945 3360 2982 :
3384 2929 3515 2985 Date

1929 3011 2070 3067 nobis
2086 3012 2148 3067 de
2158 3012 2455 3075 oleovestro,
2479 3014 2597 3084 quia
2620 3015 2879 3087 lampades
2900 3027 3085 3072 nostra:
3104 3021 3509 3091 exstinguuntur.

1927 3102 2163 3173 Quorum
2208 3104 2350 3160 enim
2395 3106 2526 3159 facta
2555 3106 2726 3161 aliena
2758 3107 2913 3163 laude
2960 3108 3279 3176 fulciuutur,
3326 3114 3511 3168 eadem

1928 3186 2199 3253 subtracta
2225 3196 2517 3264 deﬁciunt;
2551 3209 2605 3254 et
2633 3200 2698 3255 de
2718 3203 3102 3258 consuetudine
3122 3204 3171 3258 id
3202 3219 3414 3274 semper
3436 3207 3515 3260 iu-

1927 3290 2090 3361 quirit
2110 3292 2151 3359 ¹,
2180 3291 2324 3347 unde
2344 3292 2576 3362 gaudere
2598 3293 2805 3347 animus
2827 3294 2981 3349 solet.
3005 3295 3185 3365 Itaque
3215 3296 3509 3367 hominum,

1927 3382 2019 3451 qui
2060 3382 2221 3437 corda
2264 3398 2371 3437 non
2421 3382 2622 3448 vident,
2670 3384 3030 3439 testimonium
3079 3387 3267 3442 volunt
3317 3389 3513 3446 habere

1927 3474 2067 3545 apud
2120 3473 2318 3541 Deum,
2360 3475 2450 3544 qui
2493 3474 2670 3530 cordis
2710 3475 2978 3545 inspector
3006 3486 3107 3533 est.
3135 3478 3240 3536 Sed
3265 3482 3390 3551 quid
3420 3498 3510 3538 re-

1928 3565 2259 3636 sponderunt
2284 3565 2586 3636 sapientes?
2614 3564 2700 3622 Ne
2736 3571 2867 3638 forte
2906 3585 3006 3623 non
3042 3571 3253 3641 suﬁiciat
3283 3573 3423 3626 nobis
3466 3584 3513 3628 et

1927 3660 2083 3713 vobis.
2106 3657 2482 3729 Unusquisque
2513 3658 2655 3713 enim
2685 3674 2778 3729 pro
2805 3676 2863 3714 se
2888 3663 3145 3717 rationem
3174 3664 3377 3729 reddet,
3413 3680 3512 3721 nec

1927 3752 2102 3807 alieno
2124 3752 2427 3807 testimonio
2447 3751 2727 3823 quisquam
2751 3752 3032 3822 adjuvatur
3051 3756 3188 3826 apud
3218 3757 3405 3822 Deum,
3426 3760 3509 3813 cui

1929 3851 2132 3897 secreta
2162 3842 2339 3896 cordis
2365 3849 2655 3911 apparent;
2687 3851 2741 3897 et
2767 3844 2853 3896 vix
2891 3844 2989 3897 sibi
3020 3846 3246 3915 quisque
3276 3846 3473 3902 sufﬁcit
3494 3892 3507 3914 ,

1929 3944 1987 3988 ut
2029 3934 2077 3989 ei
2120 3933 2479 3988 testimonium
2526 3933 2803 4003 perhibcat
2847 3936 3169 3989 conscientia
3220 3952 3333 3990 sua.
3383 3937 3514 4006 Quis

1929 4028 2071 4082 enim
2118 4026 2431 4096 gloriabitur
2477 4026 2731 4081 mundum
2772 4042 2829 4081 se
2862 4026 3057 4081 habere
3084 4044 3176 4083 Cur
3206 4027 3384 4101 (Prov.
3417 4048 3506 4095 xx,

1928 4116 2023 4188 9)?
2050 4114 2177 4171 lude
2215 4124 2295 4170 est
2339 4115 2480 4186 quod
2522 4117 2804 4185 Apostolus
2835 4118 2907 4170 ait
2938 4135 2948 4169 :
2981 4116 3111 4170 Mihi
3157 4129 3320 4172 autem
3365 4122 3509 4174 mini-

1929 4224 2064 4261 mum
2088 4217 2180 4272 est,
2213 4218 2268 4260 ut
2302 4226 2331 4259 (ι
2358 4207 2493 4262 vobis
2521 4207 2742 4278 judicer,
2793 4218 2879 4261 aut
2918 4209 2980 4262 ab
3018 4209 3237 4263 humano
3286 4212 3395 4275 die;
3424 4214 3511 4266 sed

1928 4315 2085 4370 neque
2109 4298 2449 4368 memetipsum
2478 4298 2658 4367 judico
2695 4298 2749 4369 (l
2777 4298 2893 4352 Cor.
2936 4314 3017 4363 tv,
3052 4298 3129 4371 ὅ).
3173 4298 3512 4371 QuaprOptcr

1928 4407 2048 4447 cum
2078 4391 2144 4445 de
2175 4392 2350 4460 seipse
2379 4391 2602 4461 quisque
2624 4398 2716 4445 aut
2744 4407 2848 4445 non
2874 4393 3089 4447 omnino
3108 4402 3193 4445 aut
3226 4396 3308 4448 vix
3343 4397 3507 4464 possit

1928 4497 2107 4536 veram
2140 4480 2277 4535 ferre
2304 4482 2622 4535 sententiam
2647 4522 2662 4547 ,
2692 4482 2960 4551 quomodo
2991 4493 3164 4553 potest
3194 4485 3260 4538 de
3295 4486 3398 4539 alio
3422 4488 3510 4554 ju--

1928 4572 2139 4639 dicare,
2172 4587 2293 4626 cum
2339 4573 2473 4627 sciat
2501 4587 2660 4626 nemo
2688 4572 2811 4641 quid
2844 4584 3028 4642 agatur
3058 4575 3107 4627 in
3142 4574 3378 4642 homine,
3408 4578 3509 4632 nisi

1928 4665 2144 4733 spiritus
2172 4662 2402 4716 hominis
2435 4662 2542 4731 (Id.
2572 4679 2631 4729 ιι,
2666 4664 2796 4731 ll)?
2824 4663 2904 4716 Ite
2933 4667 3095 4727 maqis
3129 4668 3196 4718 ad
3223 4669 3504 4733 vendentes,

1927 4764 1975 4811 et
1999 4764 2143 4811 emus
2181 4754 2336 4809 vobis.
2368 4754 2482 4809 Non
2524 4754 2803 4809 consilium
2836 4756 3046 4810 dedisse
3078 4758 3321 4825 putandae
3362 4769 3505 4823 sunt,

1928 4847 2021 4904 sed
2062 4848 2263 4904 crimen
2295 4862 2477 4902 earum
2503 4862 2568 4902 ex
2605 4847 2819 4917 obliquo
2860 4862 3329 4906 commemorasse.
3366 4851 3505 4906 Ven-

1930 4942 2060 4999 dunt
2098 4942 2238 4996 enim
2279 4941 2455 4996 oleum
2505 4940 2841 5009 adulatores,
2892 4943 2984 5012 qui
3032 4945 3144 4999 sive
3191 4943 3346 5007 falsa,
3394 4944 3509 5000 sive

1929 5034 2169 5103 ignorata
2197 5030 2479 5097 laudando,
2510 5032 2716 5087 animas
2741 5031 2793 5086 in
2822 5048 3058 5088 errorem
3088 5034 3317 5095 mittunt,
3348 5040 3403 5085 et
3429 5032 3508 5088 eis

1927 5140 2059 5180 vana
2081 5122 2270 5193 gaudia
2302 5131 2555 5192 tanquam
2581 5121 2739 5178 fatuis
2780 5124 3147 5185 conciliando,
3183 5122 3411 5193 aliquam
3441 5124 3509 5180 de

1928 5215 2013 5273 bis
2041 5215 2365 5280 mercedem,
2398 5215 2510 5270 sive
2534 5215 2794 5283 ciborum,
2838 5219 2949 5271 sive
2990 5215 3244 5283 pecuniae,
3273 5214 3383 5271 sive
3409 5216 3509 5270 hu-

1929 5308 2097 5383 npris,
2148 5306 2261 5363 sive
2307 5307 2533 5377 alicujus
2572 5307 2837 5363 commodi
2885 5307 3191 5375 temporalis
3220 5309 3504 5377 accipiunt,

1930 5415 2035 5461 non
2059 5399 2472 5470 intelligentibus
2502 5402 2522 5432 ¹
2547 5401 2687 5470 quod
2717 5399 2913 5454 dictum
2945 5407 3057 5465 est,
3090 5397 3193 5465 Qui
3218 5416 3303 5455 vos
3343 5402 3511 5470 felices

1995 5539 2012 5569 ί
2044 5537 2195 5595 Editi,
2228 5533 2493 5600 inquirunt.
2542 5543 2598 5585 At
2636 5543 2773 5595 tm,
3067 5536 3290 5589 Refertur
3318 5536 3379 5588 ad
3412 5538 3516 5587 ani-

1930 5612 2113 5728 muin.
2136 5666 2342 5728 etiam,
2360 5671 2459 5728 non
2482 5655 3022 5728 inte_lligentes._lle_iius
3047 5668 3147 5711 ttat.
3177 5667 3229 5728 et
3256 5667 3361 5710 uss.
3377 5694 3393 5719 ,
3418 5673 3511 5709 non

1931 5718 2333 5792 ἡιωιιίρεηιίριιε)
2370 5720 2499 5792 iter»-
2541 5718 2765 5792 ηίωίηιφ
2814 5718 2985 5792 famis,
3030 5736 3060 5772 α
3106 5724 3515 5792 quibusnam

1931 5786 2047 5836 dem
2080 5779 2317 5843 accipiunt
2345 5779 2639 5833 adulatores.
2665 5785 2887 5849 —Lugd.
2905 5779 3224 5847 ctVen..'non
3244 5782 3505 5847 intelligen-

1934 5850 2405 5909 tes,ntEr.etmv.
2471 5850 2530 5894 ιι.
