4000 6336
446 409 517 465 47
1189 393 1278 448 DE
1322 385 1627 446 DIVERSIS
1662 373 2187 450 QUAES'I‘IONIBUS
2215 371 2500 444 LXXXIII,
2526 370 2587 429 S.
2613 369 2979 429 AUGUSTINI
3656 369 3728 427 48

450 523 643 591 dicunt,
689 522 744 575 in
791 529 1010 574 errorem
1035 527 1120 565 vos
1150 509 1349 562 mittunt
1380 503 1530 575 (Isai.
1572 517 1665 566 ιιι,
1707 499 1820 570 12).
1849 496 2037 591 Melius

449 624 533 672 est
549 587 726 670 autem
753 606 1018 680 objurgari
1042 603 1247 673 ajusto,
1271 614 1427 669 quam
1449 612 1477 650 a
1504 602 1783 665 peccatore
1809 587 2036 644 laudari.

452 706 755 764 Emendabit
780 720 888 769 me,
915 700 1103 771 inquit,
1124 696 1295 767 justus
1315 692 1367 745 in
1393 686 1767 753 misericordia,
1795 692 1841 738 et
1866 688 2041 753 arguet

450 818 561 865 me;
589 801 756 855 oleum
790 806 954 852 autem
984 790 1264 866 peccatoris
1291 804 1391 841 non
1410 785 1685 855 impinguet
1706 789 1857 848 caput
1879 793 2042 832 meum

452 893 626 965 (Psat.
658 907 781 955 (ιιι,
805 890 881 961 5).
926 886 1008 941 Ite
1051 897 1179 954 ergo
1208 880 1368 951 magis
1391 876 1458 932 ad
1485 874 1771 971 uendentes,
1810 879 1855 924 et
1901 869 2045 971 emite

451 985 631 1050 vobis;
669 983 720 1037 id
742 990 843 1047 est,
876 977 1150 1034 videamus
1181 987 1320 1028 nunc
1349 969 1475 1041 quid
1517 983 1611 1021 vos
1636 965 1917 1029 adjuvant,
1956 965 2045 1030 qui

451 1076 604 1131 vobis
634 1074 818 1130 laudes
838 1070 1070 1126 vendere
1094 1070 1506 1127 consueverunt,
1531 1068 1585 1116 et
1609 1073 1706 1113 vos
1730 1058 1783 1112 in
1805 1068 2045 1111 errorem

456 1168 714 1224 inducere
738 1208 752 1230 ,
787 1172 844 1219 ut
871 1179 976 1217 non
1005 1175 1185 1217 coram
1216 1159 1343 1223 Deo,
1381 1154 1476 1209 sed
1505 1153 1571 1208 ab
1599 1149 1905 1206 hominibus
1932 1147 2046 1218 glo-

451 1259 588 1314 riam
638 1254 967 1326 quaereretis.
1021 1249 1270 1305 Euntibus
1323 1254 1488 1300 autem
1536 1243 1638 1297 illis
1683 1256 1861 1307 emere,
1918 1236 2051 1291 venit

453 1366 703 1421 sponsus;
734 1348 785 1401 id
813 1355 925 1411 est,
958 1340 1260 1399 inclinantil
1286 1353 1333 1393 ιε
1365 1354 1425 1393 εε
1456 1336 1559 1390 illis
1588 1335 1639 1388 in
1666 1348 1731 1388 ea
1763 1347 1881 1403 qua:
1922 1328 2049 1383 loris

454 1450 582 1497 sunt
605 1449 659 1495 et
687 1439 858 1493 solitis
883 1436 1117 1509 gaudere
1146 1430 1508 1504 qttzetentibus
1531 1469 1547 1495 ,
1580 1428 1703 1498 quia
1732 1424 1923 1496 gaudia
1963 1423 2049 1476 in-

454 1539 608 1587 terna
635 1546 738 1586 non
767 1536 1045 1594 noverant,
1068 1526 1214 1581 venit
1239 1524 1327 1578 ille
1355 1522 1443 1593 qui
1467 1519 1673 1591 judicat
1703 1537 1716 1573 :
1746 1526 1792 1571 et
1816 1531 1930 1586 qua:
1952 1530 2051 1584 pa-

455 1632 583 1676 ratis
610 1631 783 1685 erant;
812 1621 865 1676 id
892 1629 992 1685 est,
1021 1619 1215 1690 quibus
1241 1616 1441 1672 bonum
1470 1626 1650 1667 coram
1678 1611 1787 1665 Deo
1814 1607 2056 1663 testimo-

458 1714 607 1769 nium
651 1712 981 1769 conscientia
1027 1708 1362 1783 perhibebat,
1394 1707 1707 1759 intraverunt
1747 1717 1861 1755 cum
1904 1715 1960 1753 eo
1986 1695 2055 1751 ad

457 1808 701 1878 nuptias;
749 1806 800 1861 id
852 1816 952 1871 est,
996 1805 1085 1859 ubi
1131 1800 1327 1858 munda
1366 1800 1545 1854 animo
1574 1810 1707 1867 puro
1736 1803 1790 1849 ct
1818 1790 2055 1878 perfecto

457 1877 892 1969 sempiternoque
920 1896 1010 1951 Dei
1053 1894 1228 1948 Verbo
1255 1888 1585 1946 fecundanda
1610 1889 1627 1917 ¹
1658 1885 1956 1954 copulatur.
1990 1877 2058 1933 Et

459 1994 637 2049 clausa
665 2003 736 2048 est
752 1994 937 2063 janua,
965 1989 1018 2044 id
1063 1997 1182 2052 est,
1214 1984 1445 2054 receptis
1475 1982 1577 2035 illis
1615 1979 1701 2049 qui
1731 1985 1853 2033 sunt
1878 1976 1931 2029 in
1958 1988 2057 2027 an-

458 2086 684 2157 gelicam
714 2085 877 2139 vitam
905 2080 1167 2136 immutati
1194 2081 1236 2130 ⁸.
1268 2077 1453 2130 Omnes
1474 2074 1638 2137 enim,
1665 2070 1855 2139 inquit,
1883 2082 2058 2122 resur—

463 2195 658 2247 gemus,
702 2178 791 2230 sed
833 2192 933 2228 non
975 2189 1145 2227 omnes
1183 2168 1562 2223 immutabimur
1587 2163 1632 2234 (ι
1657 2164 1773 2217 Cor.
1803 2177 1894 2227 xv,
1924 2159 2014 2230 51)
2041 2176 2055 2212 :

463 2269 676 2324 clausus
721 2276 803 2322 est
845 2267 1022 2321 aditus
1067 2264 1135 2318 ad
1184 2276 1406 2333 regnum
1456 2258 1733 2314 caelorum.
1767 2254 1883 2308 Non
1913 2252 2061 2307 enim

463 2368 588 2429 post
608 2358 865 2427 judicium
891 2364 1036 2425 patet
1061 2368 1278 2425 precum
1302 2359 1393 2406 aut
1414 2349 1726 2404 meritorum
1754 2346 1920 2399 locus.
1949 2342 2061 2397 Νο-

464 2450 669 2504 vissime
697 2459 864 2502 autem
885 2448 1144 2501 veniuntet
1166 2445 1371 2517 reliqua:
1398 2442 1633 2512 virgines,
1666 2439 1883 2492 dicentes
1904 2451 1924 2489 :
1947 2435 2062 2490 Do-

468 2543 623 2607 mine,
655 2540 891 2605 Domine,
924 2539 1063 2609 aperi
1088 2536 1247 2592 nobis.
1280 2535 1399 2590 Non
1423 2535 1621 2590 dictum
1644 2540 1726 2588 est
1752 2529 1892 2602 quod
1918 2544 2065 2584 eme-

470 2635 582 2691 rint
609 2634 822 2700 oleum;
853 2642 909 2688 et
937 2631 1059 2687 ideo
1090 2618 1444 2701 intelligendas
1472 2636 1596 2683 sunt
1619 2668 1633 2695 ,
1665 2625 1812 2681 nullo
1833 2624 1943 2694 jam
1974 2636 2063 2678 re-

469 2734 720 2781 manente
764 2725 833 2779 de
876 2722 1065 2778 alienis
1109 2720 1353 2775 laudibus
1381 2717 1571 2790 gaudio
1594 2757 1609 2784 ,
1643 2716 1695 2770 in
1727 2715 1986 2786 angustiis
2010 2720 2067 2770 et

470 2818 682 2889 magnis
710 2815 1090 2871 afﬂictionibus
1136 2813 1314 2868 redire
1357 2811 1425 2865 ad
1466 2808 1896 2880 implorationem
1946 2807 2063 2863 Dei.

471 2909 578 2966 Sed
601 2924 791 2979 magna
812 2918 893 2964 est
913 2908 1029 2977 ejus
1053 2905 1309 2962 severitas
1331 2911 1450 2974 post
1467 2900 1747 2971 judicium,
1772 2900 1923 2971 cujus
1942 2906 2070 2955 ante

466 3003 731 3077 judicium
753 3000 1035 3058 ineﬁ'abilis
1055 2996 1418 3055 misericordia
1443 3003 1737 3067 praerogata
1760 3002 1863 3049 est.
1886 2992 2069 3061 Itaque

470 3094 807 3165 respondens
832 3094 940 3161 ait,
968 3091 1130 3147 Amen
1156 3091 1269 3145 dico
1295 3089 1433 3143 vobis
1471 3087 1605 3158 quod
1647 3086 1813 3141 nescio
1846 3101 1932 3140 vos
1958 3101 1979 3139 :
2001 3098 2071 3141 ex

472 3187 566 3243 illa
609 3188 818 3244 scilicet
847 3186 1029 3258 regula
1052 3226 1069 3255 ,
1119 3199 1222 3256 qua
1251 3199 1359 3239 non
1395 3181 1559 3238 habet
1587 3196 1675 3237 ars
1701 3181 1816 3247 Dei,
1858 3178 1961 3234 hoc
1988 3186 2073 3236 est

473 3280 734 3351 sapientia
779 3279 907 3347 Dei,
941 3287 1000 3334 ut
1037 3278 1238 3333 intrent
1265 3277 1319 3331 in
1354 3275 1603 3347 gaudium
1633 3274 1749 3344 ejus
1770 3314 1785 3341 ,
1826 3272 1917 3344 qui
1963 3286 2073 3329 non

472 3386 654 3428 coram
685 3374 816 3439 Deo,
848 3372 944 3429 sed
989 3379 1049 3426 ut
1095 3372 1365 3441 placerent
1413 3368 1734 3434 hominibus,
1790 3367 1891 3422 visi
1946 3373 2074 3421 sunt

473 3464 675 3535 aliquid
715 3463 1007 3520 secundum
1054 3471 1319 3534 praecepta
1349 3461 1466 3531 ejus
1509 3459 1742 3530 operari.
1774 3460 1961 3528 ‘Atque
1999 3457 2073 3514 ita

473 3556 746 3612 Honcludit
778 3575 791 3611 :
830 3555 1049 3628 Vigilate
1077 3571 1196 3626 ergo
1222 3594 1235 3619 ,
1264 3554 1387 3626 quia
1415 3554 1612 3606 nescitis
1641 3554 1773 3606 diem
1798 3569 1955 3624 neque
1982 3552 2075 3608 Ito-

476 3664 495 3701 ι
515 3660 610 3701 Im.
640 3647 757 3701 Non
786 3646 948 3701 modo
977 3646 1119 3701 illius
1157 3646 1331 3700 ultimi
1361 3645 1615 3715 temporis
1635 3685 1649 3711 ,
1683 3660 1789 3713 quo
1817 3656 2075 3703 venturus

480 3748 565 3795 (rt
607 3754 856 3809 sponsus,
904 3738 998 3793 sed
1043 3753 1154 3793 suae
1195 3737 1420 3807 quisque
1462 3737 1602 3791 diem
1644 3736 1980 3793 dormitionis
2022 3747 2078 3795 et

478 3830 667 3887 horam
706 3832 896 3886 nescit.
928 3829 1181 3900 Quisquis
1222 3839 1400 3884 autem
1442 3839 1659 3898 paratus
1698 3837 1782 3884 est
1809 3846 1979 3900 usque
2007 3830 2077 3887 ad

481 3938 729 3979 somnum
752 3965 768 3991 ,
798 3923 851 3978 id
880 3931 984 3990 est,
1015 3937 1183 3993 usque
1207 3920 1275 3977 ad
1302 3930 1528 3976 mortem
1557 3937 1677 3992 qua:
1706 3923 1954 3977 omnibus
1981 3922 2078 3979 de-

478 4017 654 4083 betur,
698 4024 917 4088 paratus
960 4016 1119 4070 etiam
1160 4014 1459 4069 invenietur
1498 4029 1617 4069 cum
1651 4016 1740 4070 illa
1768 4030 1873 4072 vox
1900 4014 2077 4072 media

480 4120 640 4167 nocte
668 4110 930 4174 sonuerit,
954 4124 1059 4179 qua
1089 4122 1278 4163 omnes
1300 4107 1594 4177 evigilaturi
1625 4116 1765 4162 sunt.

552 4205 609 4261 4.
649 4203 803 4273 Quod
832 4217 962 4258 vero
991 4216 1188 4272 sponso
1216 4200 1349 4256 dixit
1373 4201 1584 4256 obviam
1603 4201 1787 4255 venire
1812 4200 2071 4271 virgines,

484 4301 561 4356 sic
591 4296 994 4368 intelligendum
1028 4305 1177 4367 puto,
1205 4304 1264 4352 ut
1292 4311 1358 4351 ex
1388 4294 1519 4364 ipsis
1546 4295 1841 4366 virginibus
1869 4303 2079 4352 constet

484 4406 547 4449 ea
581 4407 696 4462 qua:
722 4390 917 4445 dicitur
944 4405 1139 4460 sponsa
1165 4407 1178 4443 :
1204 4397 1455 4459 tanquam
1474 4388 1519 4443 si
1546 4388 1794 4443 omnibus
1819 4388 2077 4444 Christia-

484 4484 567 4540 nis
600 4484 655 4537 in
681 4484 972 4539 Ecclesiam
998 4482 1437 4539 concurrentibus
1478 4482 1570 4535 ﬁlii
1595 4481 1661 4537 ad
1691 4492 1914 4537 matrem
1944 4497 2079 4539 con-

487 4592 709 4633 currere
737 4576 1001 4642 dicantur,
1033 4591 1154 4630 cum
1182 4592 1246 4630 cx
1275 4575 1405 4645 ipsis
1439 4574 1561 4630 ﬁliis
1588 4576 1922 4646 congregatis
1944 4591 2078 4631 con-

484 4677 593 4725 stet
619 4682 681 4725 ea
709 4686 826 4739 qua:
865 4669 1057 4723 dicitur
1090 4676 1279 4724 mater.
1306 4666 1456 4723 Nunc
1481 4669 1621 4723 enim
1651 4668 1968 4738 desponsata
1997 4678 2081 4726 est

487 4762 750 4830 Ecclesia,
782 4774 836 4817 et
866 4764 1014 4833 virgo
1039 4771 1123 4819 est
1152 4764 1219 4817 ad
1251 4764 1465 4832 nuptias
1500 4763 1860 4834 perducenda,
1891 4764 1943 4820 id
1973 4772 2075 4833 est,

486 4870 608 4912 cum
640 4869 699 4910 se
725 4855 964 4909 continet
1006 4870 1036 4908 a
1081 4856 1419 4923 corruptione
1463 4855 1705 4910 sreculari
1738 4874 1750 4909 :
1780 4856 1871 4911 illo
1899 4867 2078 4913 autem

490 4958 734 5019 tempore
779 4948 981 5014 nubet,
1011 4962 1130 5002 cum
1160 4948 1405 5003 universa
1434 4949 1759 5004 mortalitate
1790 4950 1842 5004 in
1874 4965 1936 5005 ea
1980 4966 2078 5022 pe-

487 5052 677 5097 reunte
700 5051 741 5109 δ’
794 5040 1081 5094 immortali
1134 5040 1508 5111 conjunctione
1546 5040 1815 5100 fruetur“,
1845 5042 2081 5114 Despon-

486 5133 609 5194 δαδὶ,
642 5133 831 5202 inquit,
858 5148 944 5187 vos
970 5133 1057 5186 uni
1079 5131 1185 5185 viro
1208 5132 1445 5201 virginem
1469 5142 1660 5187 castam
1678 5135 1909 5191 exhibere
1931 5134 2082 5192 Chri-

486 5230 568 5278 sto
594 5221 661 5293 ῌΙ
691 5222 808 5277 Cor.
836 5241 907 5289 ιιι,
939 5224 1018 5295 2).
1061 5222 1183 5289 Vos,
1216 5222 1402 5292 inquit,
1432 5224 1707 5295 virginem;
1737 5242 1766 5280 a
1796 5228 1983 5297 plurali
2011 5230 2079 5285 ad

489 5313 814 5386 singularem
842 5316 1186 5372 concludens.
1208 5314 1333 5371 ldco
1355 5323 1411 5372 et
1440 5316 1671 5389 virgines
1699 5318 1803 5375 dici
1834 5330 2075 5392 possunt,

487 5414 546 5462 et
573 5405 745 5475 virgo.
774 5407 881 5459 Cur
903 5417 1079 5464 autem
1102 5409 1336 5480 quinque
1360 5408 1515 5465 dictae
1540 5411 1667 5481 sint,
1694 5420 1753 5471 ut
1774 5413 1905 5469 mihi
1934 5414 2080 5471 vide-

489 5504 580 5553 tur
618 5496 916 5566 expositum
964 5509 1064 5553 est.
1107 5499 1212 5556 Sed
1253 5500 1497 5558 videmus
1524 5519 1665 5560 nunc
1690 5506 1745 5560 in
1775 5504 2075 5577 aenigmate,

554 5608 575 5680 ξ
594 5608 671 5680 sic
694 5609 908 5680 potiores
929 5616 1034 5680 ayss.
1058 5612 1175 5680 Editt
1196 5626 1337 5680 vero,
1366 5615 1641 5680 fecundata.

553 5670 677 5745 ira,
698 5670 755 5722 α
780 5670 1241 5745 _Lov.,_inunatandi_.
1278 5670 1444 5745 uitat.
1473 5685 1526 5731 et
1547 5678 1730 5745 aliquot
1745 5685 1873 5741 Mss.
1906 5679 2080 5733 ὑπωπι-

486 5728 809 5795 tati—Lugd.
839 5740 889 5784 et
905 5728 1045 5795 Ven.,
1069 5734 1372 5792 inmutandi.
1416 5728 1487 5793 7M.

555 5795 576 5857 ἒ
600 5798 727 5857 Mss,
748 5800 1084 5857 prwtereunte.

555 5855 574 5888 δ
594 5855 770 5910 omnes
793 5872 944 5923 prope
969 5868 1093 5929 Mss,
1120 5862 1315 5929 letatur.

2149 500 2273 548 tunc
2294 500 2465 546 autem
2494 489 2628 545 facie
2656 488 2720 543 ad
2755 486 2976 552 faciem;
3007 492 3062 541 et
3101 498 3242 539 nunc
3282 497 3349 540 ex
3390 491 3561 553 parte,
3604 493 3733 541 tunc

2147 595 2326 642 autem
2354 602 2420 642 ex
2448 594 2558 640 toto
2584 582 2625 657 (1
2656 582 2773 638 Cor.
2804 597 2917 648 xm,
2943 579 3052 652 12).
3082 580 3258 649 Ipsum
3289 587 3463 633 autem
3490 579 3543 633 in
3571 579 3733 651 (enig-

2148 688 2292 735 mate
2325 688 2379 734 et
2416 693 2481 733 ex
2525 686 2673 747 parte
2702 689 2843 729 nunc
2870 675 2923 729 in
2953 672 3240 743 Scripturis
3264 671 3465 741 aliquid
3488 686 3734 741 cernere,

2150 770 2294 840 quod
2338 779 2514 825 tamen
2561 770 2630 824 sit
2657 767 2948 824 secundum
2979 765 3296 821 catholicam
3342 765 3521 829 ﬁdem,
3550 781 3617 819 ex
3647 765 3737 819 illo

2152 862 2373 932 pignore
2392 860 2648 933 contingit
2670 902 2684 926 ,
2712 858 2851 930 quod
2878 861 3082 929 accepit
3110 858 3260 929 virgo
3285 856 3521 913 Ecclesia
3548 855 3741 912 humili

2153 953 2382 1009 adventu
2428 952 2607 1023 sponsi
2663 950 2745 1007 sui
2770 994 2785 1020 ,
2828 967 2945 1023 quae
2987 952 3062 1006 illi
3107 952 3293 1007 ultimo
3317 951 3544 1007 adventu
3569 951 3585 983 ¹
3617 966 3740 1007 cum

2154 1048 2333 1103 veniet
2363 1049 2414 1103 in
2441 1048 2680 1103 claritate
2708 1057 2937 1117 nuptura
2962 1056 3078 1114 est,
3109 1064 3230 1103 cum
3255 1048 3365 1119 jam
3405 1048 3537 1103 facie
3566 1048 3632 1103 ad
3659 1047 3741 1102 fa-

2156 1139 2292 1195 ciem
2322 1141 2680 1197 contuebitur.
2712 1141 2866 1196 Dedit
2897 1143 3039 1196 enim
3080 1143 3235 1197 nobis
3260 1142 3449 1213 pignus
3487 1140 3744 1213 Spiritum

2157 1242 2421 1299 sanctum,
2454 1234 2590 1288 sicut
2609 1233 2740 1288 dicit
2764 1235 3051 1303 Apostolus
3081 1234 3158 1304 (ll
3180 1234 3298 1289 Cor.
3325 1252 3377 1302 v,
3403 1234 3489 1307 5).
3521 1236 3587 1290 Et
3625 1235 3747 1289 ideo

2157 1325 2258 1379 ista
2289 1325 2552 1394 expositio
2575 1324 2707 1379 nihil
2728 1335 2934 1380 certum
2961 1327 3216 1394 intuetur,
3248 1327 3349 1381 nisi
3372 1336 3429 1380 ut
3455 1327 3747 1382 secondnm

2158 1415 2317 1471 ﬁdem
2349 1417 2451 1482 sit;
2500 1433 2676 1488 neque
2724 1418 2842 1473 aliis
2881 1419 3222 1489 pra'judicat,
3253 1436 3372 1491 qua:
3402 1420 3750 1477 nihilominus

2161 1509 2453 1564 secundum
2490 1510 2648 1564 ﬁdem
2676 1525 2797 1565 esse
2824 1512 3115 1582 potuerint.

2160 1600 2275 1658 LX.
2299 1602 2375 1656 De
2401 1602 2487 1656 die
2503 1610 2680 1657 autem
2713 1603 2803 1657 illo
2832 1614 2886 1659 et
2917 1604 3044 1659 hora
3063 1618 3221 1661 nemo
3236 1605 3363 1673 scit,
3382 1620 3554 1677 neque
3575 1608 3751 1678 angeli

2234 1696 2522 1763 ctelorum,
2565 1713 2737 1767 neque
2774 1696 2941 1752 Filius
2977 1696 3208 1754 hominis
3230 1741 3246 1766 ,
3286 1699 3391 1755 nisi
3420 1700 3579 1756 Pater
3606 1701 3752 1758 solus

2239 1786 2454 1858 (Matth.
2483 1804 2629 1853 xxxv,
2660 1788 2777 1861 56).

2236 1876 2388 1933 Sicut
2409 1879 2547 1935 scire
2577 1881 2714 1935 Deus
2740 1880 2954 1948 dicitur,
2982 1882 3142 1937 etiam
3171 1898 3292 1939 cum
3320 1884 3576 1941 scientem
3608 1885 3752 1954 facit,

2167 1970 2307 2028 sicut
2334 1972 2591 2042 scriptum
2620 1984 2721 2039 est,
2746 1973 2929 2029 Tentat
2958 1993 3045 2031 vos
3064 1976 3314 2033 Dominus
3338 1979 3479 2035 Deus
3501 1991 3679 2049 vester,
3701 1987 3759 2034 ut

2164 2065 2291 2120 sciat
2319 2065 2361 2118 si
2392 2065 2614 2135 diligatis
2640 2083 2755 2120 eum
2780 2065 2955 2140 (Deut.
2980 2085 3093 2131 xm.
3125 2072 3200 2139 5).
3233 2072 3348 2126 Νοιι
3381 2076 3523 2128 enim
3562 2075 3639 2129 sic
3673 2073 3760 2128 di—

2167 2163 2310 2209 ctum
2336 2163 2418 2209 est
2444 2158 2564 2221 hoc,
2603 2158 2753 2225 quasi
2784 2160 2986 2213 nesciat
3014 2161 3154 2215 Deus
3187 2181 3200 2216 :
3233 2163 3328 2217 sed
3359 2172 3418 2217 ιιι
3461 2165 3559 2234 ipsi
3590 2165 3766 2220 sciant

2169 2256 2423 2318 quantum
2456 2249 2507 2302 in
2539 2248 2748 2303 Domini
2775 2250 3059 2307 dilectione
3082 2252 3433 2320 profecerim;
3463 2256 3627 2325 quod,
3658 2257 3767 2313 nisi

2170 2339 2553 2395 tentationibus
2579 2356 2699 2412 qua:
2725 2341 3003 2410 accidunt,
3042 2358 3147 2398 non
3179 2345 3335 2413 plene
3360 2345 3427 2398 ab
3457 2345 3766 2402 hominibus

2170 2435 2497 2506 agnoscitur.
2528 2436 2595 2490 Et
2616 2436 2786 2505 ipsum
2809 2435 3008 2501 Tentat,
3034 2454 3128 2506 pro
3154 2453 3219 2492 eo
3236 2438 3466 2508 positum
3491 2447 3595 2507 est,
3618 2438 3767 2509 quod

2171 2529 2522 2585 tentarisinit.
2536 2528 2625 2585 Sic
2640 2539 2693 2584 et
2707 2545 2828 2585 cum
2854 2528 3049 2585 dicitur
3069 2534 3299 2599 nescire,
3315 2541 3406 2587 aut
3420 2548 3521 2602 pro
3544 2548 3609 2588 eo
3627 2532 3767 2588 dici-

2171 2630 2278 2691 tur,
2298 2622 2441 2694 quod
2459 2638 2564 2677 non
2585 2623 2870 2693 approbat;
2892 2622 2943 2677 id
2959 2632 3059 2690 est,
3080 2624 3132 2677 in
3154 2624 3430 2695 disciplina
3453 2633 3504 2680 et
3523 2624 3771 2681 doctrina

2171 2730 2269 2772 sua
2292 2730 2400 2771 non
2426 2716 2687 2787 agnoscit,
2715 2716 2853 2770 sicut
2876 2716 3076 2771 dictum
3106 2726 3207 2783 est,
3234 2715 3422 2771 Nescio
3438 2734 3523 2771 vos
3550 2717 3769 2790 (Matth.

2174 2823 2315 2876 xxv,
2352 2805 2457 2881 I2)
2485 2826 2498 2861 :
2528 2817 2620 2863 aut
2659 2824 2757 2879 pro
2781 2825 2847 2865 eo
2886 2808 3027 2879 quod
3059 2809 3259 2865 utiliter
3282 2811 3585 2866 nescientes
3616 2810 3769 2880 facit,

2174 2900 2320 2973 quod
2344 2900 2488 2957 scire
2512 2902 2701 2957 inutile
2727 2911 2828 2958 est.
2872 2903 2997 2958 Ideo
3039 2904 3179 2958 bene
3216 2903 3491 2973 accipitur,
3541 2903 3592 2958 id
3624 2902 3774 2974 quod

2175 2991 2376 3049 dictum
2400 3002 2502 3059 est,
2533 2994 2705 3048 solum
2732 2995 2870 3050 scire
2896 2995 3106 3050 Patrem
3124 3036 3139 3060 ,
3169 2995 3215 3049 si
3268 2995 3465 3051 dictum
3498 3010 3618 3050 esse
3643 2995 3775 3065 quia

2175 3084 2304 3140 facit
2342 3085 2535 3141 Filium
2573 3087 2713 3142 scire
2742 3104 2754 3139 :
2787 3095 2842 3142 et
2887 3088 3029 3157 quod
3058 3087 3256 3143 dictum
3286 3095 3371 3144 est
3391 3130 3407 3158 ,
3435 3089 3645 3144 nescire
3681 3087 3777 3143 Fi-

2176 3178 2308 3235 lium
2331 3221 2347 3248 ,
2376 3180 2456 3235 sic
2478 3181 2677 3236 dictum
2712 3196 2832 3238 esse
2864 3184 2987 3253 quia
3015 3182 3137 3237 facit
3166 3183 3374 3240 nescire
3400 3183 3673 3255 homines,
3714 3183 3777 3241 id

2180 3285 2281 3341 εει,
2309 3288 2417 3329 non
2441 3273 2619 3345 prodit
2639 3275 2718 3331 eis
2741 3275 2882 3346 quod
2912 3276 3169 3331 inutiliter
3194 3277 3409 3333 scirent.

2179 3368 2318 3426 LXI.
2371 3369 2453 3425 De
2487 3386 2545 3424 eo
2579 3370 2714 3441 quod
2750 3372 2994 3442 scriptum
3038 3381 3111 3425 est
3152 3373 3206 3425 in
3242 3370 3556 3443 Evangelia,
3598 3371 3779 3426 turbas

2293 3460 2573 3516 Dominum
2595 3463 2647 3516 in
2670 3472 2837 3518 monte
2866 3464 3062 3533 pavisse
3080 3464 3143 3517 de
3169 3466 3389 3534 quinque
3407 3466 3640 3536 panibus.

2255 3555 2308 3609 1.
2350 3554 2596 3626 Quinque
2623 3570 2789 3626 panes
2818 3554 3121 3622 hordeacei,
3154 3555 3345 3625 quibus
3375 3556 3427 3609 in
3456 3568 3635 3611 monte
3665 3555 3785 3610 Do-

2181 3644 2359 3701 minus
2403 3644 2586 3700 turbas
2606 3646 2770 3714 pavit,
2795 3646 3093 3717 signiﬁcant
3134 3654 3364 3699 veterem
3414 3646 3583 3714 legem
3616 3664 3628 3698 :
3660 3646 3784 3701 sive

2182 3738 2306 3809 quia
2330 3736 2567 3792 nondum
2594 3739 2979 3809 spiritualibus,
3008 3739 3101 3793 sed
3126 3738 3300 3793 adhuc
3322 3738 3624 3793 carnalibus
3648 3735 3784 3793 data

2182 3840 2285 3897 est,
2312 3832 2365 3886 id
2391 3840 2493 3896 est,
2526 3832 2762 3902 quinque
2784 3832 3024 3901 corporis
3054 3831 3293 3885 sensibus
3315 3831 3542 3896 deditis;
3573 3846 3695 3884 nam
3721 3839 3783 3887 et

2182 3924 2312 3994 ipsa:
2343 3923 2513 3978 turbae
2540 3924 2775 3995 quinque
2806 3925 2969 3980 millia
3016 3922 3289 3979 hominum
3334 3924 3550 3979 fuerunt
3591 3925 3780 3994 (Joan.

2180 4031 2254 4082 vr,
2289 4015 2443 4088 9-15)
2479 4033 2491 4069 :
2536 4017 2649 4071 sive
2692 4018 2814 4087 quia
2857 4034 2955 4088 per
2998 4016 3215 4087 Moysen
3246 4018 3331 4073 lex
3364 4020 3474 4088 ipsa
3506 4018 3629 4072 data
3658 4027 3777 4088 est;

2180 4110 2391 4183 Moyses
2415 4110 2559 4165 enim
2586 4111 2820 4181 quinque
2857 4112 3020 4166 libros
3046 4111 3276 4178 scripsit.
3331 4111 3399 4166 Et
3449 4111 3588 4181 quod
3646 4112 3782 4168 hor-

2183 4204 2367 4260 deacei
2394 4212 2548 4259 erant
2569 4220 2756 4275 panes,
2782 4205 2921 4261 bene
2939 4205 3257 4276 signiﬁcant,
3285 4208 3369 4261 vel
3393 4207 3559 4276 ipsam
3578 4207 3778 4276 legem,

2182 4310 2302 4367 quas
2330 4295 2403 4351 ita
2424 4296 2547 4352 data
2577 4306 2726 4362 erat,
2756 4309 2815 4354 ut
2844 4298 2897 4352 in
2936 4313 2998 4353 ea
3030 4299 3190 4353 vitale
3232 4298 3427 4354 animas
3463 4300 3781 4356 alimentum

2183 4389 2549 4459 corporalibus
2595 4390 2944 4445 sacramentis
2982 4390 3350 4461 obtegeretur;
3396 4390 3582 4445 hordei
3634 4391 3783 4447 enim

2184 4482 2420 4539 medulla
2446 4482 2784 4537 tenacissima
2826 4484 2974 4553 palea
3017 4484 3245 4553 tegitur:
3282 4482 3365 4538 vel
3398 4486 3569 4552 ipsum
3611 4497 3785 4552 p0pu-

2184 4576 2295 4631 Ium
2348 4574 2585 4630 nondum
2630 4576 2987 4647 exspoliatum
3036 4578 3236 4632 carnali
3282 4576 3583 4644 desiderio,
3634 4577 3783 4645 quod

2179 4665 2439 4741 tanquam
2467 4669 2619 4739 palea
2641 4669 2789 4723 cordi
2811 4670 2925 4740 ejus
2957 4669 3277 4735 inhaerebat;
3312 4670 3362 4724 id
3394 4678 3495 4735 est,
3539 4666 3783 4724 nondum

2186 4761 2349 4819 corde
2370 4761 2775 4828 circumcisum,
2826 4762 2897 4816 ita
2937 4771 2994 4816 ut
3035 4778 3134 4817 nec
3174 4762 3511 4816 trituratione
3557 4760 3784 4815 tribula-

2186 4853 2411 4916 tionum,
2431 4868 2553 4908 cum
2583 4869 2677 4923 per
2697 4853 2906 4908 deserta
2927 4853 3271 4921 quadraginta
3292 4854 3447 4905 annis
3466 4853 3779 4921 duceretur,

2185 4945 2460 4999 intellectu
2509 4944 2744 4998 revelato
2782 4943 3014 4997 carnalia
3062 4943 3416 5011 integumenta
3459 4942 3778 5011 deponeret,

2187 5037 2326 5093 sicut
2355 5051 2453 5091 nec
2487 5034 2745 5092 hordeum
2791 5051 2931 5091 areae
2972 5035 3155 5090 tritura
3188 5035 3278 5088 illo
3308 5034 3504 5103 paleari
3547 5036 3783 5103 tegmine

2186 5133 2605 5204 exuitur.ltaque
2630 5132 2704 5188 illi
2722 5126 3517 5202 p0pulocongruenterlex'talis
3529 5125 3647 5180 data
3672 5137 3777 5183 est.

2254 5230 2307 5283 2.
2336 5231 2451 5285 Duo
2473 5237 2649 5285 autem
2679 5230 2872 5300 pisces,
2906 5228 2993 5299 qui
3020 5238 3264 5295 saporem
3286 5239 3504 5282 suavem
3530 5225 3653 5297 pani
3684 5224 3784 5281 da-

2184 5321 2331 5386 bant,
2357 5321 2490 5376 duas
2517 5321 2631 5377 illas
2659 5337 2917 5391 personas
2946 5322 3194 5376 videntur
3218 5319 3540 5391 signiﬁcare,
3583 5322 3782 5392 quibus

2184 5413 2412 5484 populus
2434 5413 2525 5469 ille
2545 5413 2846 5485 regebatur,
2868 5421 2925 5466 ut
2946 5428 3038 5482 per
3057 5428 3147 5468 eas
3164 5416 3509 5469 conciliorum
3534 5416 3784 5470 modera-

2183 5522 2306 5563 men
2324 5508 2622 5579 acciperet;
2643 5507 2838 5576 regiam
2852 5508 3054 5563 scilicet
3069 5509 3541 5577 etsacerdotalem,
3560 5508 3625 5563 ad
3643 5523 3779 5580 quas

2184 5600 2346 5658 etiam
2374 5607 2713 5658 sacrosancta
2737 5599 2828 5657 illa
2854 5601 3034 5657 unctio
3069 5602 3369 5671 pertinebat
3393 5602 3473 5674 (a)
3503 5619 3516 5657 :
3544 5616 3776 5674 quarum

2249 5809 2265 5841 ι
2302 5814 2399 5859 nat.
2426 5815 2479 5858 et
2502 5815 2626 5869 Mss.,
2655 5805 2740 5858 illo
2760 5806 2924 5859 alieno
2942 5807 3165 5860 adtente.

2247 5870 2321 5934 (a)
2354 5877 2372 5922 ι
2388 5877 2593 5925 ιιειωοι.
2615 5885 2719 5935 cap.
2740 5871 2815 5921 ‘26.
