4000 6336
296 453 361 511 ‘9
1038 494 1147 521 ἴλη.

297 570 525 629 cilicium
550 577 675 628 erat
694 574 963 643 procellis
992 590 1056 633 ac
1087 576 1335 635 ﬂuctibus
1370 578 1714 652 popularibus
1750 596 1890 636 nun-

304 680 451 737 quam
488 664 667 735 frangi
695 675 867 736 atque
913 672 1221 741 corrumpi,
1248 679 1305 727 et
1331 672 1587 727 violentas
1618 673 1891 730 turbarum

304 756 758 817 contradictiones
788 771 1044 833 tanquam
1064 764 1405 821 adversantes
1430 765 1601 822 undas
1624 781 1765 837 saepe
1786 767 1895 823 dis-

303 867 563 923 rumpere,
596 851 876 910 interdum
901 856 983 912 eis
1000 857 1261 913 custodita
1290 874 1382 914 sua
1408 860 1712 932 integritate
1736 861 1894 918 cede-

306 961 399 1011 re;
429 959 650 1014 prorsus
674 961 831 1002 more
858 948 1086 1017 piscium
1116 958 1364 1021 tanquam
1386 952 1439 1006 in
1465 952 1762 1022 procelloso
1781 967 1894 1008 ma-

304 1038 370 1102 ri,
401 1036 561 1092 sicin
590 1036 903 1094 turbulenta
945 1041 1125 1111 populi
1167 1041 1622 1099 administratione
1668 1044 1890 1100 versari.

304 1129 426 1197 Quae
454 1138 631 1184 tamen
652 1128 774 1184 dum
796 1146 1042 1200 persona:
1066 1133 1344 1189 Dominum
1373 1145 1613 1189 nostrum
1641 1135 1890 1207 praeﬁgu-

303 1220 507 1274 rabant.
549 1220 754 1277 Ambas
785 1223 930 1276 enim
972 1224 1115 1279 solus
1155 1225 1243 1279 ille
1280 1226 1550 1290 sustinuit,
1593 1236 1647 1280 et
1684 1241 1790 1281 non
1830 1225 1893 1280 ﬁ-

302 1322 531 1381 gurate,
586 1312 684 1367 sed
734 1315 955 1383 proprie
1005 1316 1149 1371 solus
1200 1316 1458 1386 implevit.
1510 1316 1643 1372 Nam
1695 1326 1749 1372 et
1797 1334 1891 1374 rex

301 1414 486 1459 noster
521 1414 607 1459 est
647 1406 906 1460 Dominus
943 1406 1098 1462 Jesus
1136 1409 1412 1477 Christus,
1463 1410 1550 1479 qui
1602 1409 1757 1465 nobis
1793 1426 1891 1480 pu-

300 1496 490 1567 gnandi
512 1504 570 1550 et
598 1497 842 1552 vincendi
861 1499 1247 1556 demonstravit
1267 1502 1605 1573 exemplum;
1634 1504 1687 1557 in
1730 1518 1890 1560 carne

304 1588 504 1641 mortali
556 1598 773 1658 peccata
816 1600 995 1647 nostra
1042 1594 1359 1664 suscipiens,
1388 1596 1761 1651 tentationibus
1789 1597 1890 1652 iui-

306 1679 415 1732 mici
440 1695 619 1747 neque
641 1680 971 1735 illecebrosis
989 1698 1160 1752 neque
1184 1684 1504 1739 terribilibus
1531 1687 1727 1741 cedens
1752 1705 1764 1740 :
1796 1702 1889 1757 po-

299 1781 496 1825 stremo
523 1788 728 1827 exuens
754 1787 813 1828 se
842 1790 1022 1842 carne,
1048 1777 1369 1846 principatus
1397 1786 1448 1832 et
1476 1790 1764 1849 potestates
1789 1796 1885 1836 ex-

295 1865 532 1932 spoliatts
561 1865 576 1895 ¹
612 1864 949 1932 ﬁducialitcr,
976 1877 1028 1922 et
1051 1868 1376 1938 triumphans
1404 1885 1494 1924 eas
1522 1871 1572 1924 in
1599 1874 1885 1941 semetipso

297 1954 533 2025 (Colass.
558 1972 616 2017 ιι,
640 1957 755 2026 15).
789 1958 973 2027 Itaque
997 1960 1109 2029 ipso
1134 1960 1268 2015 duce
1292 1961 1359 2015 ab
1384 1963 1634 2017 oneribus
1658 1973 1714 2018 et
1739 1964 1885 2019 labo-

294 2046 450 2099 ribus
483 2045 637 2115 linjus
666 2049 1108 2117 peregrinationis
1136 2063 1330 2106 nostra:
1358 2061 1605 2123 tanquam
1635 2055 1702 2110 ab
1728 2054 1884 2127 :Egy-

298 2146 398 2205 pto
419 2139 717 2201 liberamur,
734 2151 786 2194 et
808 2144 1175 2211 persequentia
1200 2160 1295 2199 nos
1317 2154 1528 2214 peccata
1550 2155 1881 2203 sacramento

298 2228 637 2297 Baptismatis
655 2232 805 2286 nobis
826 2233 1175 2289 evadentibus
1195 2237 1492 2292 obruuntur
1515 2232 1607 2293 δἐι
1630 2240 1880 2308 quamdiu

288 2320 344 2374 in
374 2336 472 2391 spe
496 2337 675 2378 sumus
703 2326 822 2392 ejus
848 2329 1236 2396 promissionis,
1266 2346 1422 2400 quam
1455 2330 1688 2385 nondum
1720 2331 1874 2387 vide-

289 2429 427 2480 mus,
458 2422 710 2486 tanquam
733 2434 827 2487 per
848 2419 1058 2475 deserta
1085 2422 1347 2489 ducimur,
1373 2423 1681 2478 consolante
1701 2440 1799 2480 nos
1823 2424 1876 2479 in

290 2510 484 2564 sanctis
523 2509 814 2580 Scripturis
861 2514 1026 2568 verbo
1056 2514 1186 2579 Dei,
1237 2516 1372 2570 sicut
1412 2516 1533 2571 illos
1571 2500 1762 2571 manna
1808 2517 1877 2573 de

288 2602 446 2665 male;
488 2612 543 2657 et
586 2603 777 2659 eodem
806 2605 921 2675 ipso
965 2605 1097 2661 duce
1143 2608 1193 2662 in
1232 2608 1524 2665 Jerusalem
1569 2612 1871 2680 ccelestem,

286 2700 531 2762 tanquam
564 2695 620 2747 in
651 2704 846 2750 terram
892 2697 1263 2766 promissionis
1293 2699 1557 2755 introduci
1586 2716 1684 2755 nos
1714 2716 1871 2770 posse

285 2785 674 2853 praesumimus,
697 2795 753 2841 et
772 2786 825 2841 in
838 2798 1094 2842 aeternum
1113 2790 1181 2843 tbi
1197 2792 1443 2860 regente’
1472 2792 1585 2860 ipso
1612 2803 1666 2847 et
1691 2801 1871 2848 custo-

284 2872 693 2931 dienteservari.
712 2877 786 2933 Ita
810 2879 1064 2933 Dominus
1082 2882 1430 2937 nosterJesus
1442 2882 1684 2939 Christus
1698 2895 1873 2941 osten-

282 2966 415 3022 ditur
425 2984 521 3023 rex
535 2978 740 3025 noster.
760 2969 877 3040 Ipse
894 2981 972 3026 est
992 2973 1148 3027 etiam
1177 2974 1423 3028 sacerdos
1444 2985 1625 3029 noster
1642 2976 1693 3029 in
1712 2987 1870 3031 aiter-

280 3074 397 3114 num
410 3061 707 3116 secundum
722 3062 963 3117 ordinem
978 3064 1360 3120 Melchisedech
1378 3066 1395 3135 (
1405 3066 1546 3120 Psal.
1561 3083 1673 3132 (ιιι,
1688 3067 1864 3139 4),ᾳυί

282 3167 340 3208 se
366 3154 543 3223 ipsum
570 3153 769 3208 obtulit
797 3154 1163 3210 holocaustum
1200 3172 1297 3227 pro
1322 3159 1549 3227 peccatis
1572 3159 1788 3227 nostris,
1815 3169 1870 3215 et

282 3244 389 3313 ejus
415 3244 671 3299 sacriﬁcii
703 3246 1104 3301 similitudinem
1131 3249 1499 3303 celebrandam
1527 3251 1578 3303 in
1608 3265 1715 3305 sua:
1740 3266 1866 3321 pas-

282 3337 437 3391 sionis
470 3339 794 3392 memoriam
819 3340 1241 3407 commendavit;
1264 3351 1324 3397 ut
1346 3342 1466 3396 illttd
1494 3344 1633 3412 quod
1654 3343 1867 3398 Melchi-

280 3430 463 3485 sedech
490 3432 687 3486 obtulit
717 3433 827 3487 Deo
852 3431 1017 3505 (Gen.
1045 3451 1150 3498 XIV,
1180 3434 1301 3505 18),
1326 3436 1435 3505 jam
1463 3452 1558 3505 per
1581 3444 1746 3491 totum
1772 3452 1864 3492 or-

282 3522 393 3578 hem
431 3532 702 3580 terrarum
744 3526 795 3579 in
829 3525 1027 3581 Christi
1070 3527 1305 3583 Ecclesia
1348 3530 1621 3584 videamus
1663 3530 1861 3586 oﬂ'erri.

288 3614 425 3685 Ergo
452 3618 708 3687 quoniam
738 3635 827 3674 rex
865 3629 1048 3675 noster
1074 3633 1287 3691 peccata
1315 3633 1494 3677 nostra
1526 3625 1777 3694 suscepit,
1804 3632 1865 3680 ut

284 3708 429 3762 nobis
459 3710 735 3779 pugnandi
763 3720 817 3766 et
846 3712 1087 3766 vincendi
1124 3715 1512 3797 demonstraret
1539 3717 1858 3785 exemplum,

280 3801 585 3854 earumdem
623 3812 959 3870 peccatorum
990 3806 1381 3874 susceptionem
1413 3808 1711 3876 regiamque
1736 3823 1860 3877 per-

280 3901 459 3943 sonam
484 3890 763 3946 blattba'us
780 3893 1102 3964 evangelista
1127 3896 1445 3964 signiﬁcans,
1466 3899 1860 3966 generationem

284 3978 394 4047 ejus
428 3996 549 4050 qua:
592 3992 675 4036 est
717 3984 1009 4038 secundum
1038 4000 1250 4041 carnem
1292 3987 1357 4040 ab
1386 3987 1650 4042 Abraham
1688 3990 1857 4047 susci-

286 4072 460 4138 piens,
499 4074 588 4141 qui
623 4083 773 4143 pater
810 4084 893 4130 est
933 4078 1109 4147 populi
1142 4077 1342 4140 ﬁdelis,
1375 4088 1427 4133 et
1467 4081 1858 4137 successionem

291 4164 444 4230 prolis
471 4165 723 4222 deorsum
754 4185 943 4223 versus
977 4184 1289 4224 enumerans
1314 4174 1551 4240 pervenit
1574 4174 1638 4227 ad
1672 4175 1856 4246 David,

282 4250 334 4304 in
355 4269 454 4323 quo
478 4257 627 4325 regni
651 4258 1070 4314 stabilimentnm
1094 4262 1576 4319 manifestissimum
1598 4278 1852 4333 apparet;

284 4354 439 4415 atque
466 4349 589 4403 inde
618 4367 711 4418 per
738 4352 1100 4420 Salomonem,
1131 4362 1309 4409 natum
1338 4357 1404 4410 de
1439 4357 1523 4411 illa
1551 4359 1603 4412 in
1632 4375 1733 4429 qua
1760 4376 1854 4429 pa-

280 4446 355 4490 ter
381 4438 496 4506 ejus
528 4453 859 4509 peccaverat,
886 4446 1102 4513 stirpem
1131 4448 1330 4515 regiam
1354 4458 1661 4517 prosecutus
1689 4466 1855 4521 usque

277 4528 341 4582 ad
378 4538 778 4599 generationem
824 4536 1026 4590 Domini
1061 4538 1295 4606 perducit
1335 4538 1559 4612 (Matth.
1587 4559 1625 4609 ι,
1660 4545 1850 4616 1-17).

280 4617 449 4674 Lucas
481 4638 612 4677 vero
641 4626 777 4679 alius
807 4628 1152 4696 evangelista,
1178 4631 1427 4699 quoniam
1455 4641 1509 4687 et
1538 4634 1651 4701 ipse
1687 4650 1852 4704 gene-

275 4712 535 4767 rationem
578 4715 811 4782 Domini,
841 4734 959 4787 quaa
993 4720 1282 4775 secundum
1310 4737 1523 4777 carnem
1548 4735 1649 4786 est,
1676 4726 1768 4780 sed
1799 4728 1850 4782 in

273 4803 588 4857 sacerdotali
631 4822 857 4875 persona
897 4810 1258 4879 explicandam
1299 4816 1564 4884 suscepit,
1598 4816 1663 4871 ad
1693 4834 1851 4888 quam

274 4908 553 4961 personam
583 4899 814 4967 pertinet
840 4901 1111 4956 mundatio
1146 4911 1200 4957 et
1233 4905 1450 4959 abolitio
1491 4917 1847 4977 peccatorum,

272 5000 373 5039 non
399 5001 430 5040 a
458 4988 722 5059 principio
744 4991 888 5056 libri,
920 4993 1054 5048 sicut
1078 4994 1376 5062 Mattbmus,
1408 4996 1502 5051 sed
1527 4998 1594 5052 ab
1618 4999 1709 5053 illo
1733 5000 1851 5056 loco

270 5077 355 5131 ubi
381 5078 681 5149 baptizatus
711 5092 796 5138 est
829 5084 984 5139 Jesus
1005 5127 1019 5153 ,
1050 5087 1139 5141 ubi
1176 5097 1509 5157 peccatorum
1546 5102 1849 5147 nostrorum

269 5170 667 5226 mundationem
692 5176 1070 5246 praaﬁguravit,
1096 5179 1279 5248 incipit
1299 5188 1574 5249 parentum
1598 5182 1712 5253 ejus
1736 5184 1848 5239 ori-

269 5259 442 5327 ginem
484 5262 746 5331 gradatim
796 5269 1079 5338 prosequi;
1112 5285 1284 5341 neque
1329 5270 1579 5327 deorsum
1626 5290 1846 5343 versus,

268 5353 406 5406 sicut
434 5354 525 5408 ille
565 5356 655 5426 qui
681 5372 804 5412 eum
845 5359 913 5413 ad
937 5362 1327 5431 susceptionem
1367 5374 1706 5433 peccatorum
1733 5376 1849 5423 tan-

268 5457 423 5512 quam
460 5445 876 5504 descendentem
912 5453 1247 5521 ostendebat,
1279 5453 1371 5509 sed
1400 5470 1610 5511 sursum
1640 5474 1843 5528 versus,

268 5542 519 5606 tanquam
542 5537 590 5593 is
606 5540 696 5609 qui
720 5556 840 5595 eum
865 5552 984 5611 post
1005 5545 1343 5601 abolitionem
1366 5559 1705 5618 peccatorum
1729 5562 1848 5607 tan-

264 5642 419 5698 quam
440 5632 818 5689 ascendentem
846 5636 1138 5691 insinuabat
1157 5656 1170 5703 ;
1189 5655 1287 5695 nec
1308 5656 1401 5695 eos
1430 5652 1693 5711 parentes,
1713 5659 1845 5714 quos

264 5720 355 5777 ille
392 5724 675 5780 nominans
698 5726 861 5798 (Luc.
893 5744 971 5795 nt,
995 5730 1213 5802 25-58).
1242 5732 1356 5789 Alia
1386 5734 1527 5790 enim
1557 5744 1672 5792 erat
1696 5736 1845 5809 origo

320 5856 347 5926 ξ
366 5857 537 5926 Plures
558 5866 683 5926 διες)
699 5860 996 5926 mpm-

320 5918 348 5953 π
376 5921 571 5971 stem.
728 5918 912 5985 autem,
925 5930 1162 5988 regnante.

1734 440 1938 519 LIBER
1980 461 2174 524 unus.
2664 524 2667 529 ,
2834 530 2839 539 ,
3521 500 3592 563 ω

2014 586 2380 683 sacerdotalis,
2412 607 2529 665 quae
2552 611 2650 669 per
2685 615 2848 660 unum
2870 618 2940 665 ex
2963 606 3086 666 ﬁliis
3104 608 3290 683 David,
3312 616 3466 679 sicuti
3499 636 3586 682 es-

2002 678 2169 791 solet,
2199 681 2266 738 de
2287 684 2453 743 tribus
2478 693 2791 752 sacerdotali
2828 702 3221 763 matrimonium
3250 678 3582 791 sortientetn,

2008 770 2258 829 eﬁ'ecerat
2281 786 2339 833 ut
2356 779 2518 838 Maria
2539 784 2608 842 de
2633 796 2856 861 utraque
2883 795 3043 863 tribu,
3068 799 3120 854 id
3146 809 3246 867 est,
3271 803 3340 860 de
3362 770 3586 879 regia-et

2005 865 2323 923 sacerdotali
2348 876 2717 943 cognationem
2740 882 2976 941 duceret.
2999 886 3132 945 Nam
3158 903 3211 947 et
3229 865 3584 965 quandocen-

2001 953 2088 1008 siti
2118 969 2241 1012 sunt
2267 960 2465 1034 Joseph
2492 977 2547 1023 et
2567 969 2760 1040 Maria,
2791 977 3047 1048 scriptum
3077 992 3158 1038 est
3196 953 3290 1043 eos
3323 987 3485 1047 fuisse
3514 992 3583 1051 de

2000 1048 2182 1151 doino,
2215 1055 2268 1110 id
2300 1067 2396 1151 est:
2416 1060 2484 1151 de
2522 1078 2717 1135 genere
2743 1068 2907 1127 David
2936 1072 3064 1148 (Id.
3093 1094 3150 1145 ιι,
3177 1082 3212 1135 4
3230 1080 3274 1151 ).
3304 1083 3373 1139 Et
3408 1048 3586 1143 Elisa;

1998 1139 2149 1243 betb,
2177 1161 2297 1215 qua:
2326 1148 2674 1212 nihilominus
2700 1174 2921 1232 cognata
2946 1139 3148 1223 ’Μαι-ἰαί
3163 1139 3433 1243 scribitur,
3461 1186 3583 1237 erat

2000 1232 2068 1329 de
2095 1237 2235 1294 tribu
2263 1244 2579 1302 sacerdotali
2603 1248 2731 1321 (Id.
2761 1269 2799 1321 ι,
2830 1254 2919 1321 56,
2951 1256 3039 1329 5).
3072 1258 3219 1318 Sicut
3246 1232 3577 1328 autem'Mat;

2001 1326 2204 1401 thaeus,
2254 1337 2342 1406 qui
2393 1347 2637 1412 tanquam
2681 1326 3092 1410 descendentem
3132 1358 3198 1412 ad
3242 1326 3577 1433 suscipienda

1998 1434 2213 1490 peccata
2252 1438 2433 1485 nostra
2471 1451 2648 1505 regem
2679 1439 2948 1500 Christum
2988 1447 3253 1519 insinuat,
3302 1469 3398 1523 per
3422 1456 3578 1514 Salo-

1996 1530 2212 1610 monem
2246 1536 2276 1574 a
2306 1523 2468 1580 David
2495 1528 2809 1601 descendit;
2851 1539 2973 1606 quia
3013 1540 3263 1601 Salomon
3302 1548 3367 1604 de
3404 1551 3491 1607 illa
3520 1554 3575 1610 in

1994 1620 2097 1675 qua
2128 1609 2287 1665 David
2316 1630 2645 1689 peccaverat,
2685 1634 2839 1681 natus
2868 1638 2988 1685 est:
3016 1633 3084 1687 ita
3121 1634 3309 1704 Lucas,
3343 1642 3432 1710 qui
3462 1609 3578 1700 tan?

1994 1712 2150 1766 quam
2180 1706 2555 1765 ascendentem
2597 1726 2715 1783 post
2742 1718 3083 1779 abolitionem
3128 1706 3461 1797 peccatorum
3488 1751 3577 1792 sa-

1994 1790 2262 1848 cerdotem
2290 1795 2559 1857 Christum
2592 1805 2838 1876 insinuat,
2870 1828 2965 1881 per
2989 1790 3192 1874 Nathan
3228 1825 3465 1880 ascendit

1992 1878 2194 1947 David;
2239 1889 2360 1956 quia
2401 1891 2605 1948 Nntban
2650 1878 2905 1968 propheta
2942 1906 3135 1962 missus
3179 1878 3574 1987 fuerat,cujwuws

1991 1978 2325 2045 correptione
2373 1982 2532 2039 David
2576 1989 2738 2058 ipsius
2781 1998 2984 2062 peccati
3013 1978 3370 2060 abolitionem
3398 1978 3572 2078 peniti-

1990 2067 2153 2121 tendo
2180 2070 2477 2142 impetravit
2505 2080 2577 2149 (ll
2602 2080 2730 2152 Reg.
2755 2101 2847 2153 ιιι,
2882 2091 2933 2154 1,
2964 2093 3061 2163 15)
3089 2094 3187 2168 (a).
3218 2067 3572 2172 Itaque-post-

1990 2173 2217 2230 eaquam
2248 2170 2455 2223 transiit
2485 2172 2653 2229 Lucas
2678 2194 2957 2247 personam
2989 2185 3172 2254 David,
3206 2207 3312 2248 non
3332 2170 3573 2257 dissonat

1987 2266 2017 2305 a
2038 2253 2289 2312 Mattba’o
2314 2259 2363 2313 in
2388 2266 2691 2322 nominibus
2717 2282 3110 2340 generatorum.
3144 2280 3277 2338 Nam
3308 2301 3400 2343 eos
3430 2288 3448 2321 ⁸
3473 2306 3569 2347 no-

1986 2348 2153 2403 minat
2179 2354 2477 2411 ascendens
2516 2374 2543 2411 a
2588 2360 2749 2417 David
2785 2381 2952 2438 usque
2994 2369 3062 2426 ad
3104 2374 3393 2445 Abraham,
3436 2397 3570 2452 quos

1984 2440 2076 2495 ille
2105 2443 2436 2503 descendens
2472 2451 2539 2507 ab
2569 2453 2837 2511 Abraham
2879 2476 3046 2531 usque
3071 2464 3137 2519 ad
3168 2466 3355 2525 David.
3380 2440 3429 2527 ⁷ιι
3454 2440 3571 2531 ὐε-

1983 2531 2072 2585 vid
2103 2535 2242 2589 enim
2273 2538 2323 2592 in
2352 2539 2485 2595 duas
2525 2542 2782 2612 familias,
2814 2551 3012 2621 regiam
3052 2563 3107 2610 et
3144 2561 3564 2632 sacerdotalem,

1981 2626 2131 2695 origo
2158 2628 2241 2681 illa
2274 2630 2556 2689 distributa
2586 2647 2688 2704 est,
2716 2656 2939 2709 quarum
2967 2645 3189 2704 duarum
3223 2626 3563 2723 familiarum,

1980 2717 2119 2772 sicut
2140 2718 2339 2776 dictum
2367 2734 2468 2793 est,
2488 2730 2686 2798 regiam
2708 2732 3037 2793 descendens
3062 2741 3360 2813 Mattbzeus,
3388 2717 3566 2805 sacer;

1979 2807 2210 2867 dotalem
2255 2817 2553 2875 ascendens
2582 2822 2751 2880 Lucas
2791 2839 3005 2886 secutus
3046 2844 3168 2890 est:
3211 2845 3267 2891 ιιι
3309 2839 3566 2900 Dominus

1976 2913 2159 2958 noster
2182 2905 2338 2963 Jesus
2367 2910 2607 2970 Christus
2636 2933 2729 2974 rex
2761 2930 2815 2975 et
2854 2925 3104 2981 sacerdos
3147 2940 3348 2999 noster,
3380 2944 3433 2989 et
3473 2952 3565 2992 co—

1976 2996 2283 3065 gnationem
2314 3002 2538 3061 duceret
2567 3008 2635 3064 de
2663 3012 2827 3082 stirpe
2847 3018 3183 3086 sacerdotali,
3208 3034 3262 3080 et
3286 2996 3389 3081 non
3419 3038 3564 3087 esset

1976 3095 2154 3144 tamen
2185 3091 2253 3147 de
2292 3094 2432 3150 tribu
2468 3100 2819 3170 sacerdotali,
2860 3106 2962 3164 hoc
2989 3120 3098 3176 est,
3138 3114 3205 3169 de
3234 3118 3368 3172 tribu
3397 3120 3559 3189 Levi;

1975 3181 2069 3235 sed
2102 3194 2245 3239 esset
2273 3186 2339 3242 de
2365 3190 2503 3245 tribu
2528 3192 2661 3247 Juda
2682 3237 2697 3259 ,
2726 3196 2827 3252 hoc
2862 3209 2976 3267 est,
3002 3203 3070 3257 de
3096 3205 3234 3261 tribu
3262 3208 3425 3265 David
3448 3254 3461 3275 ,
3493 3181 3561 3270 ex

1974 3289 2075 3343 qua
2108 3279 2245 3333 tribu
2288 3297 2446 3337 nemo
2477 3284 2701 3343 intendit
2738 3290 2911 3346 altari.
2961 3294 3085 3350 ldeo
3126 3307 3179 3352 et
3218 3299 3357 3358 ﬁlius
3393 3304 3561 3361 David

1973 3366 2204 3421 maxime
2252 3369 2448 3426 dicitur
2493 3378 2783 3433 secundum
2836 3396 3049 3439 carnem
3075 3428 3089 3449 ,
3134 3391 3254 3459 quia
3298 3402 3349 3447 et
3387 3394 3559 3454 Lucas

1974 3456 2291 3525 ascendens,
2317 3470 2369 3513 et
2387 3462 2663 3519 Matthaeus
2681 3468 3032 3536 descendens,
3060 3477 3110 3529 in
3144 3456 3307 3537 David
3334 3485 3433 3540 sibi
3461 3489 3559 3543 ob-

1971 3547 2109 3601 viam
2141 3550 2261 3605 facti
2291 3563 2433 3608 sunt.
2462 3556 2752 3625 Oportebat
2777 3564 2917 3618 enim
2941 3574 2998 3620 ut
3018 3581 3367 3630 evacuatnrus
3390 3580 3557 3635 sacri—

1972 3641 2089 3696 ﬁcia
2109 3684 2123 3708 ,
2157 3661 2275 3713 qua:
2304 3650 2596 3706 secundum
2639 3654 2881 3712 ordinem
2922 3659 3099 3716 Aaron
3146 3664 3199 3718 in
3231 3666 3441 3725 levitico
3468 3685 3555 3729 sa-

1969 3737 2207 3793 cerdotio
2236 3739 2451 3810 ﬁebant,
2475 3760 2579 3800 non
2600 3757 2743 3803 esset
2766 3749 2833 3804 de
2863 3751 2999 3807 tribtt
3031 3754 3175 3821 Levi,
3200 3774 3267 3813 ne
3295 3762 3360 3815 ad
3384 3764 3552 3832 ipsam

1968 3832 2193 3899 tribum,
2237 3845 2292 3889 et
2330 3836 2394 3890 ad
2423 3839 2593 3907 ipsum
2629 3845 2982 3902 sacerdotium
3019 3851 3159 3921 quod
3186 3858 3557 3924 temporaliter

1966 3923 2151 3977 umbra
2181 3936 2297 3980 erat
2324 3927 2505 3993 futuri,
2535 3934 2804 4002 pertinere
2828 3938 3100 3997 videretur
3127 3923 3402 4003 mundatio
3423 3964 3550 4019 pec-

1964 4025 2199 4073 calorum
2227 4061 2241 4085 ,
2285 4037 2441 4093 quam
2493 4025 2749 4084 Dominus
2795 4032 3062 4090 oblatione
3108 4036 3399 4096 bolocausti
3442 4045 3546 4114 sui,

1962 4111 2104 4180 quod
2128 4113 2177 4166 in
2202 4116 2366 4168 veteri
2388 4118 2688 4176 sacerdotio
2711 4121 3048 4194 ﬁgurabatur,
3074 4128 3311 4200 implevit
3333 4151 3347 4186 :
3369 4143 3423 4190 et
3447 4111 3547 4193 bo;

1968 4204 2188 4260 locansti
2215 4206 2329 4276 ejus
2358 4207 2641 4279 imaginem
2671 4214 2692 4243 ²
2718 4214 2784 4267 ad
2812 4218 3122 4273 memoriam
3146 4225 3407 4290 passionis
3434 4241 3547 4285 sum

1963 4295 2015 4348 in
2044 4296 2277 4351 Ecclesia
2310 4299 2681 4357 celebrandam
2713 4304 2888 4374 dedit,
2931 4318 2987 4362 ut
3027 4325 3168 4365 esset
3211 4316 3461 4373 sacerdos
3490 4320 3545 4375 in

1960 4395 2235 4453 aaternnm,
2272 4405 2377 4443 non
2410 4395 2699 4449 secundum
2726 4398 2968 4455 ordinem
2996 4404 3194 4469 Aaron,
3228 4406 3321 4461 sed
3353 4421 3546 4466 secun-

1962 4493 2081 4534 cum
2110 4480 2351 4537 ordinem
2381 4483 2765 4543 Melchisedech
2796 4488 2993 4563 (Hebr.
3017 4510 3091 4560 v1,
3119 4496 3243 4567 20).
3275 4497 3437 4568 Cujus
3465 4503 3543 4558 rei

1960 4583 2349 4629 sacramentum
2391 4576 2695 4648 diligentius
2744 4582 2918 4638 adhuc
2960 4587 3288 4643 considerari
3345 4600 3539 4660 potest.

1961 4662 2065 4718 Sed
2096 4675 2312 4734 propter
2339 4667 2472 4721 duos
2506 4669 2677 4737 pisces
2699 4712 2715 4739 ,
2761 4672 2814 4727 in
2855 4674 3045 4742 quibus
3082 4676 3215 4732 duas
3243 4693 3499 4748 personas
3521 4724 3538 4751 ,

1967 4749 2170 4820 regiam
2190 4759 2243 4807 et
2272 4755 2660 4811 sacerdotalem
2692 4757 2951 4828 ﬁguratas
2974 4778 3093 4819 esse
3121 4765 3375 4833 diximus,
3420 4749 3550 4826 hac-

1964 4844 2123 4896 tenus
2152 4840 2278 4897 hinc
2302 4850 2592 4901 tractatum
2615 4862 2735 4903 esse
2758 4850 3009 4906 sutIiciat.

2032 4933 2085 4988 5.
2115 4935 2266 5003 Quod
2295 4948 2473 4993 autem
2507 4957 2669 5013 super
2693 4943 2874 4999 fenum
2906 4948 3063 5003 turba
3092 4950 3184 5004 illa
3220 4951 3496 5007 discubuit
3519 4994 3541 5022 ,

1958 5024 2323 5096 signiﬁcateos
2334 5032 2423 5101 qui
2439 5032 2844 5092 Testamentum
2859 5040 3027 5097 Vetus
3044 5050 3393 5112 acceperant;
3411 5044 3541 5115 quia

1956 5134 2179 5190 regnum
2212 5122 2291 5178 eis
2330 5127 2622 5195 temporale
2650 5139 2705 5183 et
2742 5128 3041 5187 Jerusalem
3069 5134 3385 5202 temporalis
3406 5153 3539 5208 pro-

1953 5211 2289 5277 mittebatur,
2332 5213 2386 5267 in
2412 5229 2504 5285 spe
2544 5220 2746 5275 carnali
2777 5222 3065 5278 collocatos
3107 5222 3292 5279 fuisse.
3346 5225 3535 5284 Omnis

1950 5302 2094 5357 enim
2117 5320 2238 5358 caro
2260 5304 2458 5373 fenum,
2485 5317 2531 5362 et
2553 5309 2765 5366 claritas
2795 5314 3015 5368 hominis
3040 5326 3094 5369 ut
3114 5318 3213 5387 ﬂos
3236 5321 3345 5390 feni
3366 5320 3526 5393 (lsat’.

1949 5411 2041 5461 xL,
2069 5394 2145 5468 6).
2185 5396 2335 5463 Quod
2360 5407 2537 5455 autem
2563 5403 2628 5457 de
2657 5404 2895 5473 reliquiis
2917 5404 3346 5477 fragmentorum
3390 5412 3527 5468 duo-

1948 5484 2122 5541 decim
2148 5488 2362 5559 c0phini
2394 5490 2754 5547 buccellarum
2777 5494 2966 5562 repleti
3012 5508 3158 5568 sunt,
3185 5500 3526 5572 signiﬁcabat

2012 5682 2034 5757 ξ
2064 5688 2115 5731 ¹¹¹
2133 5680 2528 5757 PRMF)?"
2552 5680 3077 5757 (φασξίοηιηηολιφι
3099 5696 3198 5757 (ἕξων
3225 5690 3320 5735 θιο·
3360 5756 3365 5757 ,
3445 5743 3459 5756 .

2012 5745 2034 5775 ²
2066 5743 2185 5793 Tres
2203 5743 2315 5809 tussi
2330 5743 2510 5809 _Regius
2527 5743 2841 5801 ,‘u'avarricus
2856 5752 2914 5809 et
2935 5743 3241 5809 Michaelinus
3257 5779 3273 5804 ,
3296 5743 3528 5809 magnitu-

1948 5801 2465 5913 ἔξῃῶ
2490 5812 2763 5870 Quanquam
2798 5808 2868 5859 ibi
2900 5801 3204 5858 Michaettnus
3220 5801 3357 5858 caret
3374 5801 3524 5869 copu-

1947 5866 2091 5917 lativa
2114 5866 2359 5927 particula,
2380 5871 2444 5916 et.

2011 5928 2084 5988 (a)
2119 5934 2135 5975 ι
2158 5933 2359 5977 Retract.
2384 5940 2493 5993 cap.
2512 5928 2593 5981 κ.
