4000 6336
426 515 488 569 Si

428 633 495 686 de
530 629 694 699 ipsius
738 623 895 695 L'egis
935 617 1279 688 adapertione
1319 621 1373 668 et
1411 607 1809 699 disputatione,
1847 613 2005 699 quam

426 691 598 781 Judaei
625 691 946 789 reliquerant
981 719 1036 767 et
1067 711 1444 770 deseruerant,
1475 701 1706 771 repletos
1741 696 1904 751 fuisse
1928 691 2009 747 di-

428 813 663 884 scipulos
701 805 952 872 Domini,
1009 804 1062 858 in
1115 801 1306 873 quibus
1349 793 1705 851 duodenarius
1753 800 2008 888 numerus

429 878 781 977 principatum
807 906 970 955 tenet.
1001 889 1247 951 Nondum
1273 890 1417 947 enim
1455 894 1568 976 erat
1590 878 2007 977 scriptura-Novi

426 972 792 1058 'l‘estamenti,
833 988 1045 1061 quando
1093 986 1379 1062 Dominus,
1425 972 1573 1050 quasi
1616 972 1906 1062 frangendo
1955 977 2009 1024 et

424 1085 867 1163 aperiendoquod
894 1073 1083 1140 durum
1110 1090 1163 1135 et
1185 1049 1425 1163 clausum
1450 1081 1563 1163 erat
1579 1071 1638 1163 in
1663 1067 1822 1139 Lege,
1848 1063 2006 1163 disci-

426 1151 580 1256 pulos
616 1151 883 1252 implevit,
912 1171 1032 1233 cu'm
1059 1165 1140 1246 eis
1167 1157 1288 1244 post
1331 1151 1772 1250 resurreclimieni
1803 1157 2008 1231 aperuit

425 1251 730 1347 Scripturas
757 1284 986 1337 veteres,
1011 1253 1319 1337 incipien'sa
1341 1251 1520 1334 Moyse
1542 1268 1594 1315 et
1613 1255 1861 1350 omnibus
1889 1254 2011 1350 Pro-

426 1345 622 1442 phetis,
651 1369 1005 1436 interpretans
1035 1353 1139 1416 illis
1161 1361 1211 1414 in
1231 1355 1476 1414 omnibus
1497 1345 1784 1440 scripturis
1805 1347 1920 1419 qua:
1941 1345 2008 1442 de

427 1440 543 1532 ipso
588 1469 758 1517 erant.
797 1457 927 1513 Nam
957 1447 1014 1511 'et
1060 1465 1184 1508 tunc
1222 1466 1343 1506 eum
1384 1445 1490 1503 duo
1529 1445 1739 1500 illorum
1777 1441 1830 1498 in
1859 1440 2008 1512 panis

424 1549 689 1606 frac'tione
718 1539 1078 1619 cognoverunt
1101 1544 1256 1615 (Lac.
1287 1556 1434 1608 xxiv,
1459 1538 1688 1608 27-51).
1723 1607 1726 1612 ι
1971 1535 1978 1540 ’

497 1643 549 1697 4.
585 1641 650 1697 Ει
683 1641 804 1696 ideo
844 1637 1072 1694 secunda
1106 1637 1274 1706 pastio
1312 1629 1526 1706 populi,
1560 1645 1677 1701 quae
1707 1625 1774 1683 de
1804 1634 2008 1697 septem

426 1729 653 1806 panibus
679 1726 811 1788 facta
832 1731 938 1799 'est,
967 1727 1031 1785 ad
1061 1730 1197 1785 Novi
1225 1719 1548 1783 Testamenti
1578 1722 2008 1795 prsedicationem

424 1839 571 1883 recte
604 1825 915 1896 intelligitur
944 1823 1234 1893 pertinere.
1262 1809 1380 1875 Non
1401 1817 1540 1896 enim
1558 1811 1628 1871 ab
1654 1815 1829 1884 aliquo
1851 1828 2013 1867 evan-

423 1919 608 1989 gelista
633 1911 839 1971 dictum
877 1923 958 1969 est
987 1913 1127 1983 quod
1154 1909 1241 1966 isti
1271 1897 1439 1980 panes
1479 1901 1763 1962 hordeacei
1794 1903 2008 1969 fuerint,

425 2011 563 2065 sicut
589 2010 655 2063 de
687 2008 790 2062 illis
821 2008 1052 2077 quinque
1077 2004 1210 2059 dixit
1247 2003 1499 2058 Joannes.
1528 1999 1656 2054 Hrec
1682 1994 1812 2068 'ergo
1839 1995 2010 2067 pastio

423 2103 488 2157 de
521 2101 746 2171 panibus
772 2108 975 2170 septem
1004 2098 1069 2152 ad
1095 2095 1314 2168 gratiam
1342 2097 1571 2168 pertinet
1589 2083 1863 2155 Ecclesiae,
1893 2103 2013 2158 qua:

425 2195 704 2250 notissima
729 2193 813 2246 illa
842 2191 1139 2260 septenaria
1163 2183 1328 2242 saneti
1351 2183 1577 2254 Spiritus
1599 2183 1905 2252 Operatione
1927 2197 2013 2236 re-

424 2288 562 2344 fecta
593 2286 611 2319 ί
640 2285 996 2356 cognoscitur.
1033 2281 1101 2336 Et
1131 2281 1250 2336 ideo
1283 2297 1385 2334 non
1410 2277 1494 2331 hic
1514 2275 1619 2331 duo
1647 2273 1818 2356 pisces
1849 2273 2012 2328 fuisse

422 2381 733 2436 scribuntur
758 2419 773 2442 ,
821 2376 957 2430 sicut
989 2374 1040 2428 in
1080 2372 1244 2426 veteri
1278 2370 1418 2442 lege,
1452 2367 1540 2422 ubi
1568 2367 1673 2421 duo
1703 2365 1800 2420 soli
1841 2359 2012 2433 unge-

423 2471 639 2536 bantur,
668 2485 759 2523 rex
791 2478 846 2523 et
876 2466 1158 2530 sacerdos;
1189 2463 1281 2519 sed
1311 2461 1464 2533 pauci
1490 2460 1682 2530 pisces,
1711 2457 1763 2513 id
1791 2466 1892 2522 est,
1922 2456 2013 2527 qui

423 2562 581 2636 primi
621 2561 845 2615 Domino
887 2557 1013 2613 Jesu
1060 2556 1278 2611 Christo
1321 2553 1695 2618 crediderunt,
1725 2551 1778 2606 et
1805 2552 1858 2604 in
1899 2548 2013 2618 ejus

424 2659 640 2713 nomine
670 2655 814 2712 uncti
851 2639 995 2719 sun't,
1030 2662 1084 2709 et
1109 2652 1256 2707 missi
1301 2651 1364 2706 ad
1405 2648 1799 2720 prmdicandnm
1836 2647 2012 2702 Evan-

422 2751 617 2821 gelium
639 2791 654 2815 ,
689 2759 744 2804 et
782 2750 848 2802 ad
892 2739 1261 2802 sustinendum
1293 2742 1651 2797 turbulentum
1685 2755 1827 2794 mare
1855 2735 2015 2808 hujus

423 2842 628 2908 smculi,
661 2850 717 2895 ut
745 2856 840 2910 pro
873 2841 987 2910 ipso
1025 2855 1216 2909 magno
1254 2837 1418 2907 pisce,
1453 2835 1504 2889 id
1539 2829 1640 2898 est,
1673 2848 1768 2914 pro
1803 2831 2015 2914 Christo

421 2933 689 3005 legatione
717 2931 1100 3002 fungerentur,
1152 2921 1290 2985 sicut
1339 2928 1533 2983 Paulus
1575 2913 1845 2996 apostolus
1888 2913 2017 2978 dicit

425 3023 502 3098 (li
533 3024 649 3078 Cor.
694 3041 745 3088 v,
787 3020 910 3096 ‘20).
942 3022 1126 3093 Neque
1155 3017 1212 3075 in
1245 3022 1363 3092 ipsa
1401 3020 1552 3074 turba
1584 3020 1817 3088 quinque
1843 3017 2017 3072 millia

425 3118 699 3172 hominum
740 3113 974 3182 fuerunt,
1007 3117 1144 3169 sicut
1170 3115 1299 3180 illic,
1332 3113 1422 3168 ubi
1453 3112 1696 3167 carnales
1719 3111 1889 3181 legem
1913 3107 2014 3166 ac-

413 3212 700 3281 'cipientes,
731 3209 785 3266 id
807 3218 905 3275 est,
939 3210 1169 3280 quinque
1195 3206 1439 3264 sensibus
1463 3205 1638 3262 carnis
1657 3201 1819 3259 dediti
1845 3201 2013 3274 signi-

423 3302 682 3368 ﬁcantur;
714 3304 808 3359 sed
845 3310 1072 3374 quatuor
1101 3302 1262 3356 millia
1292 3301 1496 3371 potius,
1538 3315 1644 3368 quo
1673 3313 1900 3352 numero
1939 3295 2013 3351 si-

421 3394 744 3466 gniﬁcantur
760 3395 1078 3464 spirituales,
1094 3401 1311 3462 pr0pter
1334 3400 1562 3463 quatuor
1582 3389 1742 3444 animi
1765 3390 2010 3455 virtutes,

422 3486 614 3557 quibus
642 3485 693 3540 in
723 3485 824 3540 hac
860 3485 969 3540 vita
1007 3485 1354 3554 spiritualiter
1383 3484 1575 3538 vivitur
1599 3523 1611 3546 ,
1644 3480 2011 3550 prudentiam,
2059 3525 2068 3554 ,

425 3571 834 3648 temperantiam
857 3620 870 3642 ,
917 3577 1281 3631 fortitudinem
1303 3619 1319 3644 ,
1364 3584 1420 3632 et
1458 3573 1739 3644 justitiam.
1771 3565 2013 3638 Quarum

423 3669 596 3740 prima
635 3679 720 3726 est
755 3669 987 3740 cognitio
1032 3686 1207 3724 rerum
1247 3668 1666 3739 appetendarum
1710 3678 1762 3722 et
1805 3665 2015 3737 fugien-

715 3765 980 3830 secunda,
1022 3763 1310 3818 refrenatio
1351 3762 1656 3831 cupiditatis
1691 3761 1760 3838 ab
1802 3755 1866 3815 iis
1895 3775 2015 3830 quae

421 3856 792 3926 temporaliter
819 3856 1085 3910 delectant
1111 3875 1124 3910 :
1158 3853 1308 3909 tertia
1330 3897 1344 3922 ,
1379 3853 1599 3908 firmitas
1626 3835 1789 3908 animi
1817 3853 2013 3908 adver-
2041 3835 2082 3900 ξ’

422 3963 520 4005 sus
548 3965 610 4004 ea
648 3965 766 4020 qum
799 3950 1160 4019 temporaliter
1202 3949 1422 4003 molesta
1459 3955 1620 4001 sunt:
1651 3957 1868 4018 quarta,
1897 3963 2016 4018 qua:
2055 3949 2074 4008 ἶ-

415 4047 522 4112 pe‘r
559 4053 783 4097 caeteras
809 4057 995 4097 omnes
1039 4041 1390 4109 diffunditur,
1433 4041 1646 4096 dilectio
1681 4041 1774 4097 Dei
1799 4048 1854 4097 et
1892 4035 2017 4112 pro-
2057 4057 2062 4062 '

2032 4149 2036 4151 ·
2125 4135 2232 4190 sub
2253 4135 2451 4192 Gratia.
2482 4135 2547 4189 Et
2569 4133 2816 4204 quoniam
2838 4141 3081 4203 quartum
3109 4131 3282 4186 adhuc
3305 4140 3491 4196 restat,
3513 4147 3616 4202 quo
3643 4130 3710 4186 ad

424 3762 613 3818 darum
656 3783 669 3818 :

423 4134 574 4187 ximi.

495 4225 550 4282 5.
565 4215 718 4282 sine
745 4235 800 4282 et
820 4225 890 4283 ibi
917 4226 1155 4298 quinque
1175 4223 1338 4283 millia
1367 4227 1666 4295 hominum,
1694 4236 1748 4284 et
1777 4225 1866 4283 hic
1885 4243 2017 4299 qua-

413 4309 546 4374 ‘tuor
575 4311 736 4374 millia
767 4319 1008 4389 exceptis
1055 4321 1369 4375 mulieribus
1407 4329 1462 4375 et
1492 4320 1670 4394 pueris
1712 4319 1872 4376 fuisse
1903 4335 2017 4376 me-
2064 4383 2072 4392 _

424 4422 704 4466 morantur
733 4412 750 4481 (
774 4407 960 4465 Matth.
993 4403 1087 4478 xv,
1118 4403 1314 4484 '54-'58)
1340 4429 1352 4463 :
1384 4411 1521 4481 quod
1551 4411 1678 4465 mihi
1710 4411 1921 4466 videtur
1947 4411 2015 4466 ad

417 4499 528 4556 hoc
547 4499 823 4572 pertinere
849 4543 862 4568 ,
904 4499 961 4556 ut
1003 4501 1361 4572 intelligamus
1394 4511 1448 4557 et
1487 4502 1539 4556 in
1583 4503 1778 4573 populo
1806 4501 2014 4557 Veteris

423 4593 752 4650 Testamenti
796 4597 958 4652 fuisse
1001 4596 1261 4665 quosdam
1302 4595 1541 4652 infirmos
1582 4598 1647 4651 ad
1694 4595 2013 4666 implendam

420 4685 679 4757 justitiam
723 4703 841 4757 qua:
879 4687 1171 4743 secundum
1217 4689 1387 4758 legem
1437 4699 1551 4755 est,
1587 4690 1635 4742 in
1683 4687 2012 4758 quajustitia

424 4779 701 4848 apostolus
742 4779 936 4834 Paulus
976 4781 1090 4834 sine
1129 4779 1342 4849 querela
1381 4795 1439 4835 se
1482 4787 1854 4836 conversatum
1895 4769 2014 4836 esse

425 4870 553 4926 dicit
579 4869 848 4942 (Philipp.
883 4889 959 4938 III,
994 4873 1096 4943 6);
1127 4871 1287 4929 fuisse
1317 4875 1440 4929 item
1479 4875 1611 4928 alios
1633 4875 1720 4945 qui
1753 4875 1903 4930 facile
1925 4891 2013 4930 se—

411 4961 750 5017 ‘dueerentur
777 4963 828 5016 in
867 4963 1063 5018 cultum
1098 4964 1382 5020 idolorum.
1410 4963 1538 5032 Qua:
1569 4966 1673 5021 duo
1698 4983 1889 5038 genera
1912 5010 1926 5034 ,
1961 4967 2012 5022 id

413 5057 528 5119 'est,
557 5054 880 5110 infirmitatis
909 5065 962 5110 et
982 5057 1201 5123 erroris,
1223 5059 1503 5112 mulierum
1525 5057 1588 5112 et
1607 5075 1887 5130 puerorum
1913 5075 2011 5113 no-

415 5137 660 5199 'minibu's
700 5145 919 5217 ﬁgurata
961 5135 1104 5203 sunt.
1147 5141 1394 5204 Infirmus
1429 5157 1511 5203 est
1551 5149 1692 5204 enim
1729 5151 2011 5206 mulierum

419 5223 588 5291 "sexus
615 5237 680 5292 ad
711 5240 949 5295 actiones
973 5284 986 5306 ,
1015 5252 1069 5296 ct
1112 5241 1279 5296 facilis
1310 5242 1374 5296 ad
1401 5242 1574 5296 lusum
1605 5243 1846 5310 pueritia.
1875 5245 2011 5310 Quid

421 5331 600 5382 autem
624 5328 765 5386 lusui
792 5333 982 5401 puerili
1013 5343 1116 5387 tam
1143 5333 1314 5387 simile
1335 5343 1435 5396 est,
1464 5350 1619 5402 quam
1644 5335 1780 5388 idola
1801 5336 2008 5401 colere;

423 5413 637 5490 quando
667 5432 721 5478 et
747 5425 1036 5494 Apostolus
1067 5425 1131 5478 ad
1163 5423 1262 5478 hoc
1301 5426 1478 5478 retulit
1511 5425 1610 5480 hoc
1636 5442 1801 5496 genus
1827 5441 2011 5496 snper-

424 5513 680 5582 stitionis,
709 5533 830 5571 cum
857 5517 948 5582 ait,
984 5516 1164 5589 Neque
1194 5519 1342 5572 idolis
1372 5519 1652 5586 servientes,
1687 5521 2011 5589 quemadmo-

421 5605 541 5658 dum
571 5607 778 5675 quidam
805 5625 995 5674 eorum,
1037 5609 1165 5662 sicut
1189 5609 1430 5679 scriptum
1465 5618 1566 5676 est,
1612 5611 1755 5665 Sedit
1794 5612 2011 5680 populus

423 5701 735 5754 manducare
773 5709 821 5754 et
846 5698 1007 5753 bibere
1026 5742 1041 5766 ,
1072 5709 1116 5755 et
1140 5714 1462 5757 surrexerunt
1502 5702 1676 5756 ludere
1707 5701 1762 5776 (1
1790 5701 1906 5756 Cor.
1947 5721 2006 5774 ι,

423 5792 529 5863 7)?
571 5792 879 5848 Mulieribu's
913 5807 1040 5863 ergo
1081 5791 1282 5850 similes
1310 5805 1494 5865 erant,
1526 5797 1617 5868 qni
1649 5797 1705 5852 in
1735 5795 2005 5855 laboribus

420 5887 871 5957 exspectationis,
901 5903 1006 5958 quo
1041 5905 1209 5960 usque
1237 5890 1303 5944 ad
1340 5892 1599 5958 promissa
1634 5895 1724 5948 Dei
1767 5897 2010 5963 perveni-

486 6001 506 6034 ι
537 6001 767 6063 verbum,
790 6001 988 6068 refecta,
1010 6006 1289 6059 restitutum
1309 6005 1390 6060 hic
1408 6012 1486 6059 est
1507 6018 1574 6060 ex
1594 6005 1778 6073 aliquot
1798 6017 1901 6062 Mss.

1136 497 1224 554 os
1264 490 1574 550 DIVERSIS
1612 469 2129 559 QUASSTIONIBUS
2166 463 2449 549 LXXXIII,
2489 481 2548 538 s.
2586 479 2954 540 AUGUSTINI

3631 481 3702 540 52

2115 585 2260 660 rent,
2292 611 2396 651 non
2431 596 2653 653 viriliter
2681 591 3087 668 perseverantes
3115 589 3453 655 tentaverunl
3482 589 3651 656 Deum
3678 618 3693 655 :

2115 689 2294 759 pueris
2321 698 2495 744 autem
2518 732 2531 755 ,
2574 691 2662 760 qui
2699 691 2948 746 sederunt
2974 703 3294 748 manducare
3319 701 3372 748 et
3402 693 3606 759 bibere,
3641 703 3696 749 et

2116 792 2456 837 surrexerunt
2483 783 2682 839 ludere.
2713 783 2826 839 Non
2858 786 3029 841 solum
3059 787 3234 842 autem
3264 783 3337 842 ibi
3359 830 3372 854 ,
3403 785 3497 843 s'ed
3536 781 3698 843 etiam

2115 867 2168 932 in
2193 877 2384 948 populo
2415 877 2551 934 Novi
2579 877 2904 934 TeStanlenii
2937 875 3028 952 'qul
3057 873 3160 935 noli
3190 877 3479 950 perdurant
3501 881 3695 937 decur-

2115 987 2234 1027 rere
2261 973 2312 1027 in
2344 974 2513 1028 virum
2543 969 2834 1046 perfectum
2862 969 3086 1047 (Ephcs.
3119 973 3322 1048 Iv,l5),
3358 973 3436 1030 'vel
3465 977 3700 1031 infirmi-

2116 1078 2224 1124 tate
2250 1071 2460 1140 virium,
2487 1072 2573 1125 vel
2598 1072 2789 1126 mentis
2825 1061 3058 1138 levitate,
3093 1069 3408 1126 'mulie'rihus
3435 1083 3487 1126 et
3518 1071 3696 1142 pueris

2116 1163 2458 1232 Comparandi
2485 1173 2626 1217 sunt.
2655 1161 2787 1218 Nam
2809 1163 2932 1240 illis
2957 1163 3151 1240 dicitur
3170 1206 3183 1228 ,
3215 1163 3275 1218 Si
3303 1174 3464 1219 tamen
3499 1163 3698 1218 initium

2115 1253 2405 1310 substantia:
2424 1257 2530 1330 ejus
2549 1272 2704 1327 usque
2724 1256 2776 1310 in
2798 1239 2948 1325 ﬁnem
2970 1239 3170 1326 ﬁrmum
3191 1258 3490 1312 retineamus
3512 1255 3698 1329 (Hebr.

2114 1363 2190 1414 III,
2225 1347 2361 1419 H);
2394 1347 2497 1403 illis
2525 1343 2734 1417 autem,
2777 1346 2954 1402 Nolite
2990 1349 3132 1420 pueri
3171 1349 3292 1420 eﬂici
3319 1349 3542 1403 sensibus
3563 1393 3577 1414 ,
3611 1350 3700 1404 sed

2116 1441 2308 1494 malitia
2335 1441 2553 1509 infantes
2583 1451 2758 1508 estote,
2783 1435 2842 1494 ut
2865 1437 3090 1495 sensibus
3116 1442 3324 1512 perfecti
3351 1443 3461 1496 sitis
3497 1423 3554 1513 (l
3578 1442 3697 1496 Cor.

2080 1523 2234 1598 ‘xw,
2263 1533 2385 1605 20).
2421 1533 2486 1589 Et
2531 1534 2650 1590 ideo
2692 1552 2864 1605 neque
2902 1536 2954 1590 in
2994 1533 3218 1599 Vetere,
3252 1551 3424 1606 neque
3455 1537 3508 1590 in
3547 1523 3696 1591 Novo

2113 1615 2463 1702 Testamento
2495 1629 2625 1684 tales
2645 1627 2997 1684 admittuntur
3025 1627 3092 1683 ad
3128 1645 3442 1696 numerum;
3474 1627 3567 1683 sed
3591 1629 3703 1684 sive

2114 1711 2188 1774 ibi
2221 1721 2452 1792 quinque
2483 1723 2645 1776 millia
2667 1764 2682 1790 ,
2724 1724 2836 1778 sive
2864 1721 2950 1778 hic
2987 1731 3216 1793 quatuor
3245 1705 3432 1798 millia,
3463 1722 3701 1798 exceptis

2117 1805 2431 1867 mulieribus
2456 1823 2509 1868 et
2537 1814 2716 1884 pueris
2737 1809 2903 1872 fuisse
2930 1813 3182 1871 dicuntur
3209 1795 3434 1886 (Matth.
3463 1830 3578 1880 xw,
3606 1795 3696 1882 2i,

2117 1913 2162 1958 et
2195 1920 2284 1968 xv,
2319 1905 2440 1974 ⁷58).

2188 1993 2240 2051 6.
2272 1995 2525 2063 Quamvis
2547 2013 2674 2055 vero
2699 2008 2754 2055 et
2777 1999 2885 2078 illic
2909 1995 2964 2056 et
2992 1999 3080 2056 hic
3109 2009 3325 2072 propter
3351 2001 3521 2070 ipsum
3551 1998 3705 2056 Chri-

2119 2097 2256 2144 Stum
2276 2130 2290 2152 ,
2321 2089 2411 2159 qui
2445 2091 2655 2146 assidue
2693 2092 2744 2146 in
2777 2092 3062 2162 Scripturis
3105 2109 3261 2148 mons
3289 2094 3617 2164 appellatur,
3647 2102 3706 2149 ut

2119 2185 2473 2251 cengruentcr
2523 2184 2574 2236 in
2617 2194 2798 2240 monte
2827 2196 3050 2254 uterque
3097 2187 3325 2256 populus
3365 2195 3702 2257 pascerctur;

2120 2273 2205 2328 hic
2237 2284 2411 2329 tamen
2443 2292 2546 2330 non
2576 2276 2626 2330 in
2669 2277 2788 2331 feno
2814 2277 3194 2342 discumbitur,
3226 2259 3320 2332 sed
3356 2279 3408 2332 in
3437 2287 3597 2330 terra.
3627 2277 3705 2333 lbi

2120 2369 2263 2423 enim
2302 2369 2562 2424 celsitudo
2601 2369 2798 2426 Christi
2845 2380 3061 2440 propter
3099 2371 3340 2426 carnales
3370 2371 3615 2427 homines
3652 2379 3709 2427 et

2120 2461 2414 2516 Jerusalem
2440 2471 2705 2518 terrenam
2735 2465 2935 2518 carnali
2967 2479 3062 2535 spe
3086 2474 3140 2520 et
3165 2447 3436 2520 desiderio
3466 2467 3661 2536 tegitur
3687 2483 3703 2521 :

2122 2553 2210 2608 hic
2247 2564 2423 2608 autem
2455 2563 2659 2636 remota
2696 2537 2842 2638 omni
2885 2557 3173 2628 cupiditate
3198 2559 3421 2625 carnali,
3454 2559 3706 2615 convivas

2120 2647 2250 2702 Novi
2304 2635 2625 2704 Testamenti
2653 2691 2666 2714 ,
2717 2635 2828 2719 spei
2875 2651 3234 2720 permanentis
3272 2635 3704 2719 firmamentum,

2122 2747 2372 2811 tanquam
2415 2741 2580 2811 ipsius
2615 2742 2812 2797 montis
2837 2742 3100 2810 soliditas,
3129 2742 3276 2798 nullo
3316 2741 3440 2798 feno
3469 2743 3707 2814 interpo-

2122 2833 2226 2887 sito
2250 2831 2572 2889 continebat.
3025 2903 3050 2912 ,ι
3555 2905 3568 2914 ,

2197 2925 2246 2978 7.
2299 2927 2366 2980 Ει
2399 2927 2649 2997 quoniam
2688 2927 2987 2983 rectissime
3015 2927 3147 2983 dicit
3181 2927 3507 2998 Apostolus,
3559 2927 3709 2984 Prius

2123 3028 2291 3074 autem
2340 3036 2491 3089 quam
2541 3021 2728 3074 veniret
2772 3019 2934 3088 ﬁdes,
2986 3019 3078 3074 sub
3131 3018 3264 3092 Lege
3307 3019 3711 3074 custodiebamur

2124 3112 2320 3186 (Galat.
2353 3129 2431 3179 III,
2461 3112 2598 3184 25);
2632 3113 2733 3168 hoc
2763 3111 3065 3183 significare
3094 3113 3306 3168 videtur
3343 3122 3397 3168 ct
3429 3114 3706 3183 Dominus,

2129 3220 2249 3260 cum
2271 3204 2491 3260 dicitde
2519 3205 2600 3260 his
2625 3220 2758 3276 quos
2789 3206 3020 3276 quinque
3045 3205 3271 3276 panibus
3297 3214 3542 3277 pasturus
3570 3214 3704 3273 erat,

2129 3293 2252 3350 Non
2289 3312 2417 3366 Opus
2463 3297 2644 3351 habent
2692 3298 2799 3363 ire;
2843 3298 2932 3351 sed
2965 3297 3082 3352 date
3123 3298 3225 3352 illis
3270 3313 3356 3352 vos
3405 3297 3710 3352 manducare

2127 3383 2352 3462 (Matth.
2402 3405 2517 3454 XIV,
2556 3388 2678 3461 16).
2719 3389 2829 3446 Sub
2870 3390 2953 3446 his
2991 3400 3170 3448 autem
3210 3393 3385 3448 verbis
3420 3391 3712 3462 figuraliter

2129 3489 2376 3552 tanquam
2416 3481 2802 3560 custodiendi:
2832 3483 3170 3560 detinentur,
3215 3499 3335 3540 cum
3381 3485 3481 3539 hoc
3527 3483 3713 3538 admo-

2121 3574 2366 3652 lnuissent
2394 3574 2658 3644 discipuli,
2687 3583 2743 3629 ut
2767 3575 3055 3631 dimitteret
3091 3590 3204 3630 eos.
3239 3575 3409 3644 Hujus
3438 3590 3567 3630 vero
3594 3585 3710 3630 tur-

2121 3667 2222 3735 bae,
2258 3684 2377 3738 quae
2406 3667 2473 3723 ad
2503 3676 2707 3738 septem
2739 3684 2904 3739 panes
2932 3669 3178 3739 pertinet,
3210 3667 3353 3722 ultro
3379 3683 3436 3722 se
3465 3665 3711 3723 misereri

2122 3758 2289 3826 dixit,
2330 3760 2473 3829 quod
2497 3761 2609 3832 jam
2652 3763 2841 3817 tertius
2870 3760 2986 3815 dies
3026 3768 3206 3826 esset,
3239 3775 3302 3813 ex
3327 3774 3434 3830 quo
3460 3759 3509 3814 ei
3541 3758 3711 3828 jejuni

2122 3850 2424 3909 hzesissent.
2459 3853 2518 3908 In
2557 3862 2669 3910 toto
2698 3853 2840 3909 enim
2877 3852 3072 3907 saeculo
3103 3851 3315 3921 generis
3357 3850 3573 3906 humani
3602 3857 3714 3906 ter-

2127 3947 2254 4001 tium
2285 3957 2498 4018 tempus
2525 3957 2628 4014 est,
2660 3963 2766 4018 quo
2787 3945 2906 4001 fidei
2932 3929 3237 4000 Christianae
3257 3947 3427 4016 gratia
3454 3947 3579 4002 data
3604 3955 3708 4002 est.

2123 4042 2358 4096 Primum
2382 4055 2458 4097 est
2488 4051 2609 4098 ante
2630 4041 2848 4111 Legem,
2871 4039 3161 4094 secundum
3190 4039 3289 4094 sub
3316 4039 3476 4110 Lege,
3497 4041 3711 4096 tertium

2140 4225 2495 4298 plenissimam
2535 4240 2721 4296 pacem
2757 4225 3051 4282 Jerusalem
3094 4225 3329 4281 cmlestis
3366 4227 3576 4282 venturi
3617 4237 3711 4279 su-

2131 4336 2272 4388 mus,
2304 4335 2410 4390 quo
2443 4319 2610 4372 tendit
2634 4319 2874 4389 quisquis
2923 4325 3068 4373 recte
3093 4318 3264 4374 credit
3311 4318 3365 4372 in
3399 4318 3709 4382 Christum;

2122 4421 2403 4484 propterea
2429 4427 2488 4467 se
2516 4412 2646 4468 dicit
2677 4411 2885 4468 turbam
2913 4411 3054 4466 illam
3086 4412 3310 4467 reﬁcere
3341 4411 3614 4476 Dominus,
3644 4426 3713 4466 ne

2122 4505 2372 4562 deficiant
2410 4506 2465 4560 in
2505 4507 2611 4561 via.
2637 4505 2744 4562 lsta
2773 4507 2926 4562 'enim
2969 4506 3296 4575 dispensatio
3321 4506 3383 4570 ’2,
3423 4519 3526 4574 qua
3558 4503 3712 4560 nobis

2123 4598 2382 4654 Dominus
2422 4598 2790 4669 temporaliter
2818 4607 2873 4654 et
2904 4598 3184 4653 visibiliter
3220 4598 3271 4652 in
3303 4595 3518 4651 homine
3542 4603 3708 4666 appa-

2121 4706 2241 4747 rere
2266 4691 2514 4762 dignatus
2534 4701 2636 4760 est,
2665 4701 2720 4748 et
2743 4692 2892 4749 dedit
2909 4692 3072 4748 nobis
3099 4692 3287 4762 pignus
3310 4690 3565 4760 Spiritum
3587 4703 3711 4743 san-

2119 4792 2284 4846 ctum,
2318 4785 2470 4854 cujus
2489 4785 2802 4855 operatione
2831 4785 3133 4856 septenaria
3155 4791 3548 4853 vegetaremur,
3581 4797 3713 4851 apo-

2121 4877 2305 4932 stolica
2347 4879 2666 4935 auctoritate
2707 4878 2860 4949 quasi
2905 4889 3196 4948 paucorum
3250 4875 3472 4944 piscium
3519 4888 3711 4942 sapore

2119 4972 2408 5042 conjuncto
2441 4991 2452 5027 :
2484 4973 2753 5043 haec'ergo
2777 4971 3103 5040 diSpensatio
3127 4967 3253 5039 quid
3280 4966 3575 5038 aliud-agit,
3601 4968 3710 5023 nisi

2123 5075 2182 5120 ut
2204 5067 2271 5120 ad
2301 5067 2531 5136 palmam
2553 5078 2800 5133 superna:
2823 5062 3121 5116 vocationis
3147 5062 3262 5115 sine
3279 5058 3490 5114 defectu
3513 5059 3708 5112 virium

2121 5158 2403 5228 pervenire
2447 5154 2749 5225 possimus?
2799 5152 2900 5208 Per
2928 5152 3082 5223 ﬁdem
3111 5153 3243 5206 enim
3270 5150 3623 5216 ambulamus,
3661 5157 3710 5203 et

2121 5268 2222 5305 non
2259 5266 2347 5319 per
2379 5250 2593 5319 speciem
2625 5247 2708 5318 (il
2749 5247 2868 5300 Cor.
2898 5262 2951 5312 vt,
2987 5246 3040 5310 5,
3069 5245 3162 5314 Ἷι).
3192 5245 3256 5297 Et
3279 5243 3395 5312 ipSe
3425 5242 3710 5312 apostolus

2121 5344 2315 5398 Paulus
2343 5342 2576 5395 nondum
2600 5355 2656 5395 se
2681 5339 2810 5393 dicit
2836 5336 3310 5408 comprehendisse
3331 5349 3555 5408 regnum
3579 5335 3706 5403 *Dei,

2121 5435 2228 5490 Sed
2259 5451 2317 5488 ea
2336 5449 2450 5503 qua!
2477 5443 2609 5486 retro
2647 5441 2764 5486 sunt
2793 5431 2993 5496 oblitus,
3023 5429 3161 5483 inea
3187 5443 3302 5498 qua:
3329 5437 3444 5482 ante
3471 5438 3587 5482 sunt
3615 5443 3708 5481 ca:-

2121 5537 2317 5591 tentus,
2350 5528 2622 5581 secundum
2667 5528 2992 5581 intentionem
3013 5521 3207 5598 aequor
3231 5567 3244 5590 ,
3273 5525 3468 5594 inquit,
3499 5521 3567 5574 ad
3598 5522 3713 5591 pal-

2119 5641 2255 5678 mam
2274 5638 2507 5693 supcrna:
2531 5623 2827 5676 vocationis.
2867 5619 3222 5675 Verumtamen
3245 5620 3300 5672 in
3324 5619 3459 5687 quod
3487 5616 3712 5686 perveni-

2119 5735 2250 5786 mus,
2283 5720 2334 5772 in
2355 5735 2413 5771 eo
2438 5717 2751 5772 ambulemus
2779 5713 3054 5790 (Philipp.
3091 5731 3166 5780 III,
3193 5711 3425 5784 15-16);
3455 5712 3576 5782 quia
3609 5710 3712 5766 ter-

2182 5882 2200 5952 ξ
2234 5880 2308 5930 sic
2327 5877 2496 5952 plures
2525 5887 2630 5952 Mss.
2667 5878 2786 5952 Editi
2816 5891 2966 5952 vero,
2990 5881 3219 5952 umquam

2117 5947 2287 6064 “’vl-it‘.
2318 5938 2522 6059 eum,
2555 5949 2646 5994 (sta
2666 5948 2738 5996 est
2760 5940 2888 5994 enim
2909 5938 3217 6006 dispensatio.
3237 5942 3381 5993 —sic
3398 5942 3544 5992 etiam
3561 5938 3708 6004 Lugd.

2229 6020 2311 6060 en.

3743 5823 3756 5886 ἰ
