4000 6336
275 449 344 534 εξ
1709 432 1876 492 LlBEl

1985 433 2154 494 mus.
2709 481 2716 486 .
3507 457 3583 520 α

282 578 352 631 tio
379 573 468 630 die
513 572 754 628 Domino
783 567 1126 625 adhaerentes
1149 572 1206 622 et
1241 564 1310 622 ab
1333 563 1428 622 illo
1451 564 1618 636 pasti,
1647 571 1754 613 non
1777 556 1875 613 «ιρ-

282 669 524 726 ﬁciemus
543 667 598 720 in
619 666 730 720 via.

355 765 408 821 8.
443 761 622 816 Etiam
667 758 760 814 hic
795 772 930 814 sane
968 756 1232 828 perveniri
1267 755 1336 811 ad
1367 753 1682 810 comedendi
1721 751 1884 808 tinem

290 876 396 917 non
437 855 643 929 potuit,
677 853 778 910 sed
803 853 1008 909 relicta:
1033 859 1159 907 sunt
1183 865 1340 906 escae.
1377 849 1492 905 Non
1519 848 1660 904 enim
1689 845 1884 902 frustra

291 956 359 1010 de
385 955 570 1008 futuro
595 949 800 1005 dictum
825 958 932 1014 est,
969 945 1221 1012 Putasne,
1251 945 1450 1000 veniens
1475 943 1642 998 Filius
1668 943 1885 998 hominis

289 1049 507 1105 incutiet
531 1047 546 1078 ⁸
572 1045 730 1115 ﬁdem
754 1059 910 1111 super
931 1051 1116 1096 terram
1145 1040 1304 1111 (Luc.
1329 1055 1480 1104 xvtn,
1508 1038 1618 1112 8)?
1638 1039 1700 1093 Et
1723 1037 1884 1093 credo

290 1147 364 1199 ita
391 1142 628 1197 futurum
649 1180 664 1205 ,
694 1145 920 1208 propter
955 1136 1207 1191 mulieres
1235 1143 1290 1189 et
1315 1149 1532 1204 pueros.
1572 1133 1676 1189 Sed
1699 1142 1885 1188 “tamen

291 1246 496 1306 septem
525 1241 742 1303 sportas
773 1229 1017 1298 reliquiae
1056 1228 1470 1298 fragmentormu
1514 1227 1878 1293 impleverunt,

292 1329 357 1383 ad
374 1340 509 1397 quas
534 1324 776 1380 Ecclesia
799 1320 1148 1392 septiformis,
1171 1336 1292 1390 qua:
1308 1321 1361 1375 in
1382 1319 1884 1390 Apocalypsi-etiam

294 1419 621 1475 describitur
650 1415 847 1489 (Apoc.
879 1429 920 1478 ι,
958 1413 1047 1484 4),
1095 1414 1340 1483 pertinet,
1375 1412 1425 1467 id
1455 1422 1555 1474 est,
1589 1412 1765 1467 omnis
1785 1413 1884 1482 'qni

293 1511 723 1584 perseveraverit
763 1524 935 1580 usque
963 1509 1016 1562 in
1049 1507 1228 1562 ﬁnem.
1278 1508 1368 1561 Ille
1411 1508 1553 1561 enim
1585 1507 1672 1577 qui
1714 1506 1880 1576 dixit,

304 1609 551 1670 Putasne,
597 1605 798 1659 ueniens
837 1600 1010 1656 Filius
1038 1601 1253 1654 hominis
1297 1600 1511 1653 inveniet
1541 1599 1693 1669 fidem
1736 1605 1886 1673 super

303 1703 522 1759 terram?
555 1699 876 1771 significavit
903 1697 1116 1768 quidem
1146 1697 1195 1749 iu
1225 1703 1466 1750 extremo
1493 1695 1722 1749 convivii
1746 1695 1770 1726 ’³
1795 1705 1887 1752 re-

299 1799 455 1868 linqui
491 1809 650 1866 posse
685 1804 748 1850 'et
774 1793 963 1848 deseri
993 1805 1144 1846 escas
1173 1805 1298 1845 suas
1323 1808 1335 1843 :
1366 1789 1460 1846 sed
1491 1791 1740 1859 quoniam
1767 1791 1886 1860 ipse

293 1891 418 1946 item
447 1889 600 1948 dixit,
635 1885 734 1952 Qui
757 1885 1146 1954 perseveraverit
1169 1900 1325 1952 usque
1347 1884 1398 1937 in
1424 1885 1575 1952 ﬁnem
1601 1883 1642 1950 ³,
1675 1885 1756 1937 hic
1779 1883 1888 1937 sab-

291 1997 382 2035 t-us
405 1981 500 2034 erit
527 1978 749 2048 (Matth.
776 1993 928 2040 ΠΝ,
961 1975 1092 2046 15);
1115 1975 1428 2045 significavit
1455 1989 1558 2029 non
1581 1973 1884 2030 defuturam

297 2073 631 2135 Ecclesiam,
672 2085 788 2140 qum
819 2068 1128 2140 septenario
1157 2082 1382 2123 numero
1417 2067 1634 2122 eosdem
1678 2075 1884 2137 septem

299 2179 480 2234 panes
504 2163 841 2217 abundantius
853 2161 1106 2232 recipiat,
1130 2171 1184 2216 et
1205 2161 1484 2216 latitudine
1505 2157 1740 2227 cordis“,
1765 2175 1884 2230 quae

295 2259 474 2326 ipsam
499 2256 948 2325 perseverantiam
980 2255 1034 2310 in
1073 2253 1272 2324 sportis
1299 2254 1511 2308 videtur
1537 2251 1839 2323 signiﬁcare
1861 2291 1879 2319 ,

293 2349 586 2406 cont'nea't.

291 2465 449 2522 LXII.
487 2467 569 2520 *De
595 2483 651 2520 eo
676 2465 820 2536 'quod
844 2466 1087 2538 scriptum
1113 2475 1185 2520 est
1203 2467 1260 2519 in
1293 2463 1586 2537 Evangelia,
1615 2461 1746 2532 Quia
1791 2463 1886 2518 ba-

361 2560 590 2629 ptizabat
617 2559 772 2614 Jesus
797 2560 980 2629 plures
1009 2575 1165 2629 quam
1197 2559 1463 2626 Joannes;
1493 2559 1733 2632 quamvis
1771 2557 1884 2626 ipse

361 2665 464 2706 non
491 2649 810 2721 baptiza'ret,
835 2651 931 2707 sed
953 2651 1194 2721 discipuli
1223 2653 1338 2722 ejus
1363 2633 1542 2722 (Joan.
1576 2670 1648 2720 tv,
1677 2652 1724 2713 l,
1759 2649 1837 2722 ‘2).

359 2763 626 2833 Quaeritur
647 2776 826 2820 utrum
850 2767 939 2837 qui
971 2767 1218 2837 baptizati
1242 2778 1362 2823 sunt
1385 2769 1476 2823 illo
1510 2781 1744 2837 tempore
1775 2786 1880 2840 quo

293 2858 541 2927 scriptu'm
563 2868 642 2912 eet
665 2858 953 2913 Dominum
990 2875 1086 2930 per
1113 2861 1401 2929 discipulos
1431 2877 1556 2916 suos
1586 2861 1881 2933 baptizasse

289 2952 466 3020 plures
503 2968 663 3022 quam
704 2952 940 3008 Joannes
961 2996 974 3020 ,
1002 2955 1306 3024 acceperint
1333 2955 1585 3024 Spiritum
1615 2966 1877 3012 sanctum.

288 3048 403 3101 Alio
431 3048 576 3102 enim
617 3049 738 3103 loco
777 3039 1050 3118 Evangelii
1096 3051 1174 3104 sic
1218 3050 1410 3104 dicitur
1438 3069 1451 3106 :
1482 3050 1702 3121 Spiritus
1748 3053 1880 3106 enim

287 3141 508 3195 nondum
551 3152 661 3195 erat
690 3141 842 3195 datus
865 3183 881 3209 ,
913 3144 1030 3212 quia
1057 3142 1209 3198 Iesus
1235 3143 1458 3197 nondum
1487 3154 1593 3197 erat
1621 3145 1880 3214 clariﬁca-

289 3244 362 3287 ιω
385 3233 493 3306 (ιιι.
515 3277 530 3302 ,
565 3250 670 3299 vn,
707 3233 822 3306 '59).
859 3235 923 3290 Et
953 3235 1199 3290 facillime
1229 3237 1444 3307 quidem
1479 3237 1546 3292 ita
1585 3239 1880 3309 responde-

290 3333 384 3390 tur,
416 3327 559 3398 quod
591 3327 852 3382 Dominus
889 3327 1044 3383 Jcsus
1064 3372 1078 3396 ,
1122 3330 1210 3399 qui
1241 3331 1403 3385 etiam
1446 3343 1683 3386 mortuus
1713 3333 1881 3387 susci-

288 3419 464 3486 tabat,
513 3431 729 3492 poterat
755 3421 1026 3477 neminem
1058 3423 1268 3480 illorum
1297 3425 1432 3479 mori
1471 3425 1646 3480 sinere
1666 3467 1680 3492 ,
1709 3425 1880 3483 donec

289 3523 404 3584 post
439 3515 557 3584 ejus
598 3515 1060 3582 clarificationcm,
1116 3516 1168 3571 id
1215 3529 1319 3585 est,
1369 3519 1819 3574 resurrectionem
1847 3533 1877 3573 a

290 3610 510 3662 mortuis
539 3617 592 3664 et
618 3609 989 3664 ascensionem
1030 3610 1082 3663 in
1110 3611 1325 3676 caelum,
1372 3612 1675 3680 acciperent
1704 3611 1875 3681 Spiri-

283 3711 390 3755 tum
413 3710 683 3756 sanctum.
710 3701 816 3756 Sed
843 3703 1073 3757 occurrit
1097 3703 1276 3758 animo
1301 3703 1437 3758 latro
1459 3704 1544 3758 illc
1564 3704 1647 3758 cui
1676 3705 1876 3760 dictum

278 3804 379 3860 est,
447 3795 606 3847 Amen
655 3794 768 3847 dico
814 3795 929 3861 tibi,
981 3793 1129 3848 hodie
1170 3811 1364 3856 mecum
1393 3797 1492 3849 eris
1521 3796 1572 3850 in
1600 3796 1877 3866 paradiso;

277 3887 366 3957 qui
401 3904 505 3943 nec
536 3889 712 3958 ipsum
753 3887 1091 3958 Baptismum
1129 3898 1406 3958 acceperat
1435 3887 1530 3962 (ιι).
1563 3889 1874 3958 Quanquam

277 3981 593 4046 Cornelius,
624 3991 678 4035 et
716 3981 804 4051 qui
840 3996 960 4036 cum
1001 3997 1066 4037 eo
1096 3997 1159 4036 ex
1200 3981 1461 4037 Gentibus
1499 3983 1871 4049 crediderant,

276 4074 536 4146 Spiritum
563 4087 806 4130 sanctum
828 4076 988 4132 etiam
1016 4075 1322 4146 priusquam
1354 4075 1752 4143 baptizarentur
1779 4090 1872 4132 ac-

275 4173 522 4241 ceperint
550 4171 686 4240 (Act.
709 4187 774 4236 ι,
809 4171 898 4238 44,
925 4170 1015 4242 47)
1042 4189 1054 4225 :
1081 4187 1184 4226 non
1217 4181 1394 4226 tamen
1424 4170 1581 4226 video
1604 4171 1873 4241 quomodo

275 4273 326 4319 et
373 4265 462 4320 ille
502 4265 643 4319 latro
686 4265 800 4320 sine
827 4263 1027 4334 Spiritu
1058 4273 1243 4320 sancto
1270 4264 1447 4320 dicere
1477 4265 1726 4334 potuerit,
1757 4262 1872 4318 Me-

275 4369 445 4412 mento
467 4359 585 4422 mei,
623 4355 856 4424 Domine,
885 4357 1006 4410 dum
1026 4358 1217 4412 veneris
1243 4358 1295 4412 in
1319 4375 1531 4428 regnum
1562 4368 1698 4412 luam
1720 4357 1869 4428 (Luc.

271 4465 427 4515 mu,
459 4451 555 4516 45,
582 4448 700 4519 42).
739 4448 903 4503 Nemo
939 4449 1080 4504 enim
1115 4450 1272 4518 dicit,
1307 4449 1556 4504 Dominus
1592 4449 1763 4514 Iesus,
1799 4450 1873 4504 ait

268 4543 594 4611 Apostolus,
620 4542 720 4595 nisi
752 4542 804 4596 in
831 4542 1032 4612 Spiritu
1061 4553 1232 4597 sancto
1264 4541 1306 4616 (l
1328 4541 1446 4598 Cor.
1476 4559 1568 4606 xu,
1601 4542 1676 4615 '5).
1708 4543 1869 4613 Cujus

265 4632 396 4688 fidei
420 4633 656 4688 fructum
686 4635 800 4704 ipse
821 4634 1078 4690 Dominus
1105 4636 1419 4690 monstravit
1456 4635 1640 4690 dicens
1662 4679 1678 4704 ,
1711 4636 1870 4691 Amen

266 4725 385 4778 dico
410 4726 528 4791 tibi,
550 4725 698 4779 hodie
735 4744 928 4781 mecum
957 4728 1053 4780 eris
1077 4727 1128 4781 in
1154 4729 1410 4799 paradiso.
1438 4715 1715 4798 Quomodo
1741 4746 1868 4801 ergo

266 4817 536 4872 ineffabili
593 4826 853 4887 potestate
902 4819 1224 4876 dominantis
1277 4821 1414 4876 Dei3
1465 4832 1623 4892 atque
1665 4821 1868 4891 justitia

263 4908 592 4979 deputatum
639 4920 718 4966 est
755 4912 919 4966 etiam
963 4913 1228 4983 Baptisma
1280 4913 1518 4968 credenti
1560 4914 1768 4980 latroni,
1816 4923 1871 4970 et

263 5019 368 5073 pro
391 5013 622 5074 accepto
661 5005 897 5060 habitum
939 5007 993 5062 in
1021 5008 1198 5062 animo
1233 5008 1434 5072 libero,
1476 5006 1616 5078 quod
1655 5007 1707 5062 in
1749 5024 1867 5062 cor-

263 5111 404 5164 pore
443 5095 702 5151 crucitixo
739 5097 908 5167 accipi
947 5113 1053 5152 non
1092 5107 1300 5168 poterat
1323 5099 1342 5130 ⁶
1395 5099 1472 5153 sic
1527 5101 1688 5153 etiam
1746 5098 1868 5168 Spi-

259 5189 405 5241 ritus
463 5197 686 5242 sanctus
746 5189 974 5244 latenter
1039 5189 1264 5246 dabatur
1309 5199 1430 5246 ante
1493 5190 1702 5246 Domini
1753 5191 1866 5246 cla-

257 5281 668 5348 riticationem;
734 5291 854 5351 post
905 5281 1388 5338 manifestationem
1440 5291 1618 5340 autem
1671 5283 1865 5339 divini-

325 5417 345 5448 ι
361 5422 568 5489 .nat._ac
587 5415 758 5480 plures
773 5425 906 5489 stas,
933 5425 1135 5470 mnam
1163 5417 1316 5471 veniet
1335 5417 1488 5470 ruitis
1501 5418 1702 5470 hominis
1721 5428 1764 5473 et
1787 5420 1864 5472 tn-

257 5479 440 5527 teniet.
457 5480 535 5527 sic
554 5479 747 5530 rursum
771 5479 911 5528 infra.

325 5543 345 5608 ξ
373 5541 520 5608 inditi,
549 5541 774 5593 convivio.
803 5549 856 5591 At
874 5549 979 5591 Mss.
1009 5541 1250 5608 plerique,
1277 5541 1490 5608 cont'it'ii.
1725 5607 1732 5608 ί
1807 5563 1809 5567 ‘

321 5603 346 5676 ξ
373 5601 613 5676 fierique
623 5611 754 5676 elisis."
781 5601 1056 5676 seatus‘qiti
1077 5601 1442 5676 perseveraverit
1463 5619 1609 5676 usque
1630 5608 1686 5676 in
1700 5607 1861 5673 ﬁnem

319 5665 344 5694 δ
371 5665 829 5732 Hﬁti,kttﬂttdinem
852 5665 1031 5732 cordis.
1055 5665 1336 5720 Coacinnius
1355 5679 1482 5732 Mss,
1497 5665 1745 5723 latitudine
1759 5687 1866 5724 cor-

255 5725 374 5797 dis:
385 5727 486 5797 Sed
506 5741 567 5776 ex
591 5729 668 5797 his
691 5727 860 5797 plures
882 5731 1364 5797 sicq‘vrosequuntur_:
1390 5725 1498 5796 quin
1520 5733 1623 5797 ipsa
1648 5749 1864 5797 perseve-

255 5789 425 5854 rando
443 5789 497 5854 in
521 5789 895 5854 sportis—videtur
917 5789 1197 5854 signiﬁcari,
1221 5789 1468 5846 contineat.

319 5853 346 5914 ξ
367 5857 421 5900 In
441 5852 624 5914 aliquot
645 5862 754 5903 uss.
782 5852 1048 5913 omittitur,
1064 5853 1168 5905 Dei.

322 5913 346 5944 ⁸
373 5913 568 5977 septem
595 5925 721 5975 ttss.,
741 5928 842 5977 non
862 5919 1028 5977 potest.

319 5975 397 6038 (α)
428 5975 669 6032 instrata.
691 5991 803 6044 cap.

1995 555 2116 611 tatis
2172 556 2288 626 ejus
2345 561 2681 621 manifestius
2730 564 2886 622 datus
2921 575 3024 622 est.
3089 568 3158 624 Et
3216 569 3320 638 hoc
3379 571 3580 632 dictum

1991 658 2104 715 est,
2147 648 2371 722 Spiritus
2414 663 2580 709 autem
2620 657 2844 712 nandum
2867 668 2975 714 erat
3012 659 3162 715 datus
3183 678 3202 716 :
3223 662 3277 719 id
3304 671 3408 732 est,
3438 680 3578 722 non-

1990 743 2115 799 dum
2159 746 2235 802 sic
2261 758 2601 818 apparuerat,
2635 760 2696 806 ut
2722 767 2908 808 omnes
2949 769 3070 810 eum
3116 757 3299 812 datum
3343 773 3462 815 esse
3501 759 3580 816 fa-

1993 846 2251 895 terentur.
2291 838 2440 896 Sicut
2477 843 2637 898 etiam
2681 843 2938 902 Dominus
2973 847 3208 905 nondum
3239 858 3356 905 erat
3377 850 3579 907 clariﬁ-

1989 941 2142 988 catus
2161 933 2300 989 inter
2327 934 2590 1004 homines,
2618 937 2712 994 sed
2739 947 2916 995 tamen
2944 940 3256 998 clariﬁcatio
3279 943 3395 1013 ejus
3423 956 3580 1000 aeter-

1992 1043 2059 1082 na
2086 1045 2353 1099 nunquam
2380 1047 2499 1087 esse
2531 1031 2751 1088 destitit.
2801 1034 2951 1090 Sicut
2982 1046 3037 1091 et
3059 1037 3318 1093 adventus
3344 1038 3460 1109 ejus
3513 1054 3580 1095 ea

1991 1120 2102 1191 ipsa
2129 1121 2326 1176 dicitur
2347 1123 2734 1181 demonstratio
2763 1127 2816 1182 in
2837 1143 2998 1184 carne
3029 1130 3258 1185 mortali.
3287 1129 3419 1186 Nam
3451 1131 3578 1188 illuc

1990 1215 2153 1282 venit,
2188 1215 2274 1270 ubi
2299 1229 2413 1270 erat
2441 1236 2454 1270 :
2484 1219 2606 1288 quia
2634 1220 2687 1274 in
2711 1236 2805 1274 sua
2851 1221 3059 1292 prapria
3095 1224 3260 1290 venit;
3291 1233 3363 1289 et,
3401 1224 3454 1278 in
3481 1226 3579 1278 hoc

1991 1307 2179 1362 mundo
2199 1319 2328 1375 erat,
2351 1318 2398 1362 et
2421 1310 2635 1365 mundus
2651 1327 2741 1381 per
2751 1314 2918 1383 ipsum
2947 1314 3111 1383 factus
3127 1325 3196 1369 est
3215 1311 3392 1388 (Joan.
3415 1332 3452 1381 ι,
3485 1318 3574 1384 Η,

1992 1398 2101 1472 10).
2122 1400 2404 1472 Sicutergo
2422 1403 2628 1458 Domini
2643 1404 2903 1460 adventus
2916 1405 3224 1477 intelligitur
3247 1407 3577 1462 demonstra-

1991 1496 2065 1551 tio
2090 1498 2399 1567 corporalis,
2426 1508 2600 1554 tamen
2623 1509 2746 1555 ante
2773 1499 2912 1555 hanc
2932 1500 3440 1557 demonstrationem
3463 1501 3578 1572 ipse

1990 1591 2042 1644 in
2084 1591 2329 1646 omnibus
2379 1592 2660 1660 Prophetis
2701 1594 2901 1650 sanctis
2941 1603 3190 1666 tanquam
3221 1596 3313 1650 Dei
3344 1595 3578 1651 Verbum

1989 1691 2042 1737 et
2067 1684 2155 1740 Dei
2184 1684 2452 1754 Sapientia
2483 1685 2688 1741 locutus
2733 1696 2816 1742 est
2840 1705 2854 1741 :
2885 1687 2960 1741 sic
2985 1695 3040 1741 et
3065 1687 3324 1743 adventus
3347 1686 3577 1758 Spiritus

1991 1779 2155 1833 sancti
2198 1779 2583 1835 demonstratio
2631 1779 2860 1850 Spiritus
2909 1780 3079 1836 sancti
3105 1789 3189 1837 est
3241 1782 3370 1852 ipsis
3417 1780 3576 1836 etiam

1989 1871 2157 1923 oculis
2201 1872 2428 1936 carneis,
2478 1872 2689 1942 quando
2727 1873 2873 1927 visus
2911 1883 2992 1927 est
3022 1873 3155 1944 ignis
3183 1873 3382 1930 divisus
3419 1887 3582 1944 super

1990 1976 2104 2028 eos,
2133 1972 2188 2018 et
2215 1971 2491 2032 coeperunt
2520 1963 2664 2033 loqui
2693 1964 2886 2033 linguis
2913 1963 3049 2037 (Act.
3083 1981 3139 2031 tt,
3172 1965 3223 2028 5,
3263 1963 3341 2037 4).
3369 1965 3500 2019 Nam
3531 1963 3581 2020 si

1991 2074 2095 2113 non
2128 2067 2243 2111 erat
2279 2058 2330 2112 in
2359 2057 2663 2112 hominibus
2690 2058 2917 2128 Spiritus
2957 2067 3171 2114 sanctus
3211 2067 3334 2113 ante
3366 2058 3578 2113 Domini

1991 2149 2252 2206 visibilem
2281 2149 2738 2219 clarificationem,
2766 2150 3035 2220 quomodo
3059 2150 3241 2207 dicere
3266 2150 3436 2221 potuit
3467 2149 3573 2204 Da-

1988 2241 2097 2308 vid,
2129 2241 2196 2295 Et
2227 2242 2477 2312 Spiritum
2503 2255 2736 2297 sanctum
2762 2254 2902 2296 tuum
2923 2259 2985 2296 ne
3013 2244 3218 2312 auferas
3242 2260 3274 2296 a
3299 2259 3381 2296 me
3402 2241 3576 2314 (Psal.

1989 2352 2040 2403 L,
2074 2337 2200 2404 l3)?
2227 2338 2332 2390 Aut
2360 2336 2628 2406 quomodo
2647 2336 2861 2406 impleta
2882 2345 2963 2390 est
2994 2335 3264 2390 Elisabeth
3294 2345 3347 2389 et
3376 2333 3582 2390 Zacha-

1987 2429 2095 2484 rias
2124 2430 2204 2483 vir
2240 2429 2355 2499 ejus
2381 2439 2437 2483 ut
2463 2428 2861 2498 prophetarent,
2885 2437 2935 2484 et
2965 2429 3138 2495 Anna,
3171 2438 3225 2484 et
3246 2429 3484 2496 Simeon,
3511 2428 3581 2484 do

1988 2521 2180 2592 quibus
2203 2521 2451 2577 omnibus
2470 2520 2724 2592 scriptum
2750 2531 2830 2577 est
2851 2521 2990 2591 quod
3010 2522 3212 2592 impleti
3231 2520 3428 2593 Spiritu
3450 2536 3579 2577 san-

1987 2622 2094 2681 cto,
2120 2613 2204 2668 illa
2223 2631 2341 2683 quae
2368 2614 2421 2669 in
2439 2613 2726 2684 Evangelio
2740 2616 2964 2686 legimus
2985 2615 3217 2670 dixerint
3242 2613 3390 2687 (Luc.
3414 2631 3451 2678 t,
3475 2615 3575 2670 41-

1987 2705 2076 2770 45,
2102 2704 2294 2769 60-79,
2326 2716 2380 2760 et
2406 2723 2461 2768 tt,
2489 2706 2682 2779 25-58)
2704 2707 2727 2761 ‘3
2749 2705 2818 2763 Ut
2845 2718 3026 2763 autem
3047 2708 3290 2779 quiedam
3327 2708 3574 2775 latenter,

1987 2796 2230 2868 quaedam
2253 2813 2379 2854 vero
2405 2814 2501 2870 per
2523 2810 2823 2854 creaturam
2849 2799 3110 2854 visibilem
3135 2800 3415 2856 visibiliter
3438 2800 3578 2855 Deus

1987 2897 2271 2959 operetur,
2321 2891 2555 2962 pertinet
2605 2890 2672 2944 ad
2722 2891 3159 2962 gubernationem
3208 2892 3574 2962 providentiar,

1985 2998 2090 3053 qua
2137 2999 2325 3039 omnes
2365 2984 2558 3038 divina:
2598 2986 2835 3039 actiones
2875 2986 3113 3040 locorum
3171 2995 3577 3056 temporumque

1986 3074 2204 3130 ordine‘
2232 3090 2296 3130 ac
2329 3075 2668 3131 distinctione
2697 3076 3054 3146 pulcherrima
3081 3085 3425 3149 peraguntur,
3453 3092 3575 3132 cum

1985 3163 2098 3234 ipsa
2129 3165 2374 3221 divinitas
2404 3181 2502 3222 nec
2541 3176 2785 3222 teneatur
2809 3184 2906 3224 nec
2934 3169 3124 3240 migret
3149 3169 3300 3235 locis,
3331 3185 3429 3225 nec
3457 3178 3576 3224 ten-

1985 3257 2142 3312 datur
2171 3260 2470 3313 varicturvc
2512 3261 2857 3330 temporibus.
2909 3261 3189 3328 Quomodo
3241 3271 3417 3318 autem
3461 3266 3574 3333 ipse

1987 3349 2244 3403 Dominus
2273 3365 2452 3404 secum
2485 3350 2714 3406 habebat
2742 3354 2920 3423 utique
2956 3354 3211 3424 Spiritum
3237 3365 3479 3410 sanctum
3517 3355 3574 3410 in

1984 3439 2099 3510 ipso
2133 3441 2346 3495 homine
2377 3457 2533 3511 quem
2583 3443 2819 3513 gerebat,
2867 3445 3080 3513 quando
3107 3455 3165 3500 ut
3207 3447 3570 3516 baptizaretur

1985 3533 2124 3588 venit
2141 3533 2207 3587 ad
2223 3533 2504 3600 Joannem,
2520 3543 2574 3589 ct
2592 3543 2766 3590 tamen
2786 3545 3130 3608 posteaquam
3147 3537 3444 3610 baptizatus
3461 3549 3565 3608 est,

1981 3625 2306 3682 descendere
2337 3627 2390 3681 in
2425 3643 2545 3682 cum
2569 3627 2796 3698 Spiritus
2824 3641 3040 3685 sanctus
3076 3630 3220 3686 visus
3244 3638 3328 3686 est
3375 3631 3429 3686 in
3471 3646 3570 3686 co-

1982 3719 2179 3773 lumba:
2206 3720 2386 3790 specie
2427 3709 2642 3792 (Matth.
2668 3721 2745 3789 ul,
2790 3721 2978 3794 iii-l6)
3007 3740 3018 3776 :
3059 3723 3136 3778 sic
3166 3722 3571 3796 intelligendum

1981 3823 2063 3869 est
2091 3823 2145 3869 et
2172 3824 2296 3870 ante
2325 3814 2664 3870 manifestum
2691 3824 2746 3871 et
2773 3815 3036 3872 visibilem
3074 3817 3363 3874 adventum
3393 3817 3568 3889 Spiri-

1983 3915 2064 3961 tus
2090 3908 2256 3962 sancti
2295 3923 2658 3979 quoscumque
2687 3907 2933 3966 homines
2957 3920 3170 3966 sanctos
3198 3926 3321 3967 eum
3343 3911 3572 3967 latenter

1980 3997 2178 4053 habere
2215 4000 2467 4069 potuisse.
2507 3999 2584 4055 ita
2621 4016 2752 4057 sane
2785 4001 2886 4058 hoc
2918 4001 3171 4070 diximus,
3201 4012 3258 4057 ut
3304 4003 3571 4074 intelliga-

1975 4106 2096 4146 mus
2123 4091 2282 4146 etiam
2327 4091 2425 4145 ista
2461 4094 2571 4163 ipsa
2620 4092 2810 4147 visibili
2846 4092 3302 4149 demonstratione
3337 4093 3569 4166 Spiritus

1978 4183 2182 4248 sancti,
2217 4183 2306 4254 qui
2331 4183 2590 4237 adventus
2621 4182 2738 4254 ejus
2762 4183 2974 4251 dicitur,
3005 4183 3254 4240 ineffabili
3277 4183 3435 4239 modo
3461 4185 3568 4239 lar-

1976 4273 2093 4344 gius
2125 4273 2178 4328 in
2207 4272 2480 4328 hominum
2501 4273 2660 4330 corda
2687 4274 2771 4330 vel
2791 4275 2950 4331 etiam
2977 4274 3300 4348 incogitabili
3331 4275 3563 4347 plenitu-

1975 4363 2155 4422 dinem
2186 4365 2302 4436 ejus
2323 4363 2569 4421 infusam.

2512 4449 2696 4513 LXlll.
2737 4455 2819 4513 De
2845 4455 3027 4514 Verbo.

2045 4549 2112 4604 In
2131 4551 2382 4630 principio
2408 4559 2513 4606 erat
2547 4549 2765 4605 Verbum
2798 4548 2979 4622 (Joan.
3001 4566 3050 4620 ι,
3085 4548 3164 4626 1).
3203 4539 3360 4620 ’ρυοά
3384 4567 3558 4624 grzcce

1929 4695 1938 4702 .
1977 4655 2104 4713 λόγος
2134 4646 2343 4712 dicitur,
2373 4645 2534 4700 latine
2573 4655 2630 4701 et
2655 4645 2916 4701 rationem
2945 4641 3001 4702 et
3025 4646 3246 4702 verbum
3275 4637 3558 4718 signiﬁcat.

1975 4737 2079 4793 Sed
2106 4739 2205 4793 hoc
2232 4738 2349 4794 loco
2376 4738 2568 4793 melius
2595 4739 2815 4794 verbum
2854 4739 3284 4810 interpretamur,
3316 4751 3372 4795 ut
3401 4741 3562 4811 signi-

1975 4834 2160 4887 licetur
2190 4849 2296 4888 non
2323 4833 2494 4890 solum
2527 4832 2592 4887 ad
2633 4831 2844 4889 Patrem
2888 4841 3164 4904 respectus
3185 4877 3201 4902 ,
3233 4834 3326 4890 sed
3371 4834 3436 4888 ad
3469 4834 3558 4890 illa

1973 4928 2129 4982 etiam
2175 4942 2293 4997 qum
2337 4941 2432 4996 per
2479 4924 2708 4981 Verbum
2758 4924 2895 4982 facta
2925 4935 3048 4981 sunt
3073 4927 3340 4997 operativa
3371 4933 3558 4994 poten-

1974 5020 2064 5074 tia.
2095 5019 2250 5074 Ratio
2274 5027 2450 5074 autem
2469 5058 2487 5086 ,
2516 5019 2617 5074 etsi
2645 5017 2777 5074 nihil
2804 5034 2899 5089 per
2924 5019 3066 5075 illam
3101 5019 3217 5086 fiat,
3246 5026 3390 5074 recte
3415 5017 3559 5076 ratio

1971 5112 2183 5168 dicitur.

2288 5201 2473 5258 LXIV.
2515 5201 2594 5259 De
2628 5203 2841 5260 muliere
2877 5201 3227 5260 Samaritana.
3352 5277 3354 5280 ι

2043 5301 2094 5354 i.
2136 5297 2452 5369 Evangelica
2495 5307 2828 5354 sacramenta
2869 5298 2922 5352 in
2971 5295 3176 5350 Domini
3210 5299 3379 5354 nostri
3424 5299 3552 5356 Jesu

1969 5391 2163 5447 Christi
2191 5390 2348 5446 dictis
2375 5389 2634 5462 factisque
2673 5390 2875 5460 signata
2917 5402 3020 5442 non
3061 5389 3306 5446 omnibus
3337 5403 3550 5463 patent,

1969 5493 2020 5541 et
2039 5500 2102 5540 ea
2129 5483 2368 5539 nonnulli
2414 5484 2587 5538 minus
2615 5481 2895 5551 diligenter
2922 5481 3203 5554 minusque
3247 5485 3424 5540 sobrie
3464 5484 3552 5541 in-

1970 5575 2338 5645 terpretando,
2385 5573 2610 5628 afferunt
2655 5571 2965 5643 plerumque
2997 5585 3104 5644 .pro
3147 5575 3317 5630 salute
3363 5577 3546 5646 perni-
3584 5621 3593 5662 ξ

1957 5672 2101 5726 ciem
2125 5714 2138 5736 ,
2169 5678 2222 5726 et
2249 5683 2342 5739 pro
2366 5667 2664 5737 cognitione
2683 5666 2923 5723 veritatis
2952 5682 3188 5724 errorem
3215 5686 3228 5720 :
3263 5669 3400 5724 inter
3420 5685 3540 5740 qua:

1964 5763 2096 5818 illud
2123 5771 2204 5817 est
2222 5768 2607 5815 sacramentum
2627 5801 2643 5828 ,
2665 5760 2809 5831 quod
2831 5760 3083 5831 scriptum
3113 5768 3229 5825 est,
3260 5760 3542 5816 Dominum
3588 5818 3594 5824 ,

2027 5922 2042 5954 ι
2079 5920 2213 5978 man,
2232 5917 2426 5985 ordines
2456 5933 2472 5970 :
2497 5933 2585 5984 pro
2605 5933 2702 5985 quo
2723 5921 2932 5972 Vaticani
2953 5919 3130 5970 codicis
3159 5918 3543 5968 auctoritatem-

1962 5985 2196 6046 ponimus,
2207 5981 2393 6034 ordine.
