4000 6336
506 347 579 405 55
756 292 759 297 i
1242 343 1331 402 DE
1371 344 1678 403 DIVERSIS
1715 340 2237 417 QUASSTIONIBUS
2274 346 2573 420 LXXXIII,
2616 353 2673 410 S.
2711 356 3079 417 AUGUSTINI
3408 409 3413 417 ρ
3708 375 3773 432 56

506 466 642 521 hora
667 462 773 519 diei
800 470 949 521 sexta
974 462 1188 521 venisse
1211 463 1279 518 ad
1308 474 1523 533 puteum
1562 463 1727 519 Jacob
1746 506 1761 532 ,
1792 462 2095 533 fessumque

506 558 794 614 abitinere
817 558 1021 616 sedisse
1043 600 1058 625 ,
1097 567 1151 613 et
1188 573 1219 612 a
1262 548 1487 614 muliere
1532 557 1866 613 Samaritana
1908 568 2091 628 potum

503 650 736 721 petisse,
761 659 816 705 et
838 659 1034 705 caetera
1062 666 1180 721 quae
1209 651 1265 705 in
1303 650 1493 706 eodem
1537 649 1928 719 Scripturarum
1974 651 2092 705 loco

504 741 835 796 discutienda
859 751 914 797 et
941 742 1313 811 pertractanda
1360 742 1627 796 dicuntur.
1675 742 1749 796 De
1794 756 1897 811 qua
1935 757 1994 796 re
2038 742 2091 796 id

503 834 676 902 primo
722 834 1009 889 tenendum
1053 843 1167 902 est,
1219 834 1358 904 quod
1406 834 1460 888 in
1509 834 1756 889 omnibus
1800 833 2090 904 Scripturis

500 942 709 984 summa
730 928 995 1000 vigilantia
1036 929 1288 984 custodiri
1319 937 1564 999 oportet,
1598 936 1656 983 ut
1681 928 1976 984 secundum
2021 928 2087 984 ﬁ-

501 1022 623 1078 dem
650 1024 720 1078 sit
744 1023 1060 1078 sacramenti
1091 1022 1253 1077 divini
1279 1024 1561 1093 expositio.

567 1116 622 1170 2.
650 1117 785 1171 llora
814 1117 971 1187 igitur
997 1116 1101 1172 diei
1128 1127 1276 1172 sexta
1296 1117 1442 1171 venit
1469 1116 1535 1171 ad
1567 1124 1783 1186 puteum
1826 1116 2082 1172 Dominus

494 1220 698 1267 noster.
727 1210 894 1266 Video
944 1211 999 1265 in
1050 1219 1209 1279 puteo
1258 1209 1598 1265 tenebrosam
1645 1209 2079 1279 profunditatem.

491 1303 801 1358 Admoneor
829 1317 954 1373 ergo
988 1302 1282 1372 intelligere
1321 1303 1499 1356 mundi
1531 1302 1687 1370 hujus
1719 1302 1927 1356 inﬁmas
1957 1317 2080 1371 par-

492 1404 573 1451 tes
592 1438 606 1463 ,
647 1396 699 1450 id
729 1404 846 1465 est,
877 1405 1150 1464 terrenas,
1179 1412 1285 1467 quo
1314 1396 1459 1451 venit
1487 1396 1743 1450 Dominus
1769 1396 1921 1451 Jesus
1947 1396 2079 1452 hora

444 1468 455 1521 έ
489 1497 642 1546 sexta
663 1532 679 1557 ,
708 1490 759 1544 id
789 1498 890 1557 est,
918 1501 1065 1546 sexta
1096 1498 1252 1546 aetate
1290 1491 1499 1560 generis
1539 1490 1794 1557 humani,
1827 1500 2074 1562 tanquam

491 1601 543 1638 ιη
571 1591 843 1641 senectute
868 1586 1062 1640 veteris
1095 1585 1351 1650 hominis,
1396 1599 1501 1653 quo
1545 1584 1794 1653 jubemur
1833 1586 1988 1652 exui,
2020 1595 2078 1643 ut

446 1678 449 1679 ⁷
487 1681 773 1734 induamur
835 1694 1001 1746 novo,
1064 1679 1155 1750 qui
1194 1678 1485 1735 secundum
1530 1679 1696 1734 Deum
1745 1688 1954 1735 creatus
1992 1690 2075 1736 est.

446 1796 449 1797 ν
486 1776 704 1847 (Ep/tes.
749 1792 819 1842 IV,
864 1774 1081 1847 22-24).
1120 1776 1254 1830 Nam
1297 1784 1444 1830 sexta
1485 1783 1615 1830 aetas
1658 1788 1907 1832 senectus
1947 1786 2069 1842 est;

483 1870 732 1938 quoniam
761 1869 962 1938 prima,
996 1868 1246 1933 infantia;
1280 1868 1545 1935 secunda,
1594 1870 1847 1938 pueritia;
1880 1871 2067 1938 tertia,

481 1960 873 2024 adolescentia;
947 1970 1160 2031 quarta,
1210 1962 1488 2030 juventus;
1547 1962 1758 2031 quinta,
1815 1964 2066 2033 gravitas.

481 2051 689 2106 Veteris
718 2055 895 2123 itaque
916 2054 1149 2109 hominis
1173 2056 1308 2117 vita,
1350 2070 1470 2125 qure
1510 2056 1807 2111 secundum
1851 2073 2068 2112 carnem

485 2145 760 2210 temporali
778 2145 1079 2200 conditione
1095 2148 1381 2215 peragitur,
1400 2156 1554 2201 sexta
1581 2158 1738 2202 aetate
1757 2159 2031 2204 senectute
2047 2151 2065 2181 ί

477 2235 831 2291 concluditur.
888 2236 1001 2303 Qua
1055 2246 1359 2304 senectute,
1396 2248 1454 2293 ut
1475 2239 1583 2293 dixi
1608 2281 1623 2306 ,
1655 2240 1869 2294 humani
1899 2257 2064 2312 gene-

475 2327 551 2381 ris
576 2328 832 2383 Dominus
858 2337 1042 2384 noster
1067 2338 1121 2385 et
1149 2341 1357 2385 creator
1383 2331 1534 2386 nobis
1564 2341 1619 2386 et
1650 2342 1922 2402 reparator
1964 2334 2062 2419 ad-

475 2423 621 2476 venit
644 2440 659 2488 ;
695 2430 752 2477 ut
786 2424 1047 2480 moriente
1075 2425 1278 2480 scilicet
1304 2436 1484 2481 vetere
1505 2427 1719 2482 homine
1739 2470 1753 2493 ,
1784 2444 1978 2482 novum
2008 2429 2063 2484 in

472 2532 533 2571 se
560 2518 936 2586 censtitueret,
966 2535 1123 2589 quem
1152 2529 1367 2575 exutum
1406 2521 1523 2576 labe
1560 2531 1769 2577 terrena
1802 2523 1853 2576 in
1898 2524 2062 2577 coele-

470 2610 572 2665 stia
592 2626 757 2682 regna
786 2610 1120 2666 transferret.
1150 2613 1289 2684 Ergo
1327 2629 1467 2667 nunc
1508 2622 1700 2683 puteus
1719 2654 1734 2679 ,
1767 2623 1825 2668 ut
1856 2616 2059 2683 dictum

470 2709 585 2766 est,
617 2704 800 2757 mundi
848 2704 1004 2775 hujus
1032 2712 1299 2759 terrenum
1345 2706 1581 2761 laborem
1611 2714 1665 2760 et
1706 2722 1942 2765 errorem
1976 2719 2058 2767 te-

469 2795 698 2850 nebrosa
721 2796 1074 2864 profunditate
1100 2797 1363 2867 signiﬁcat
1389 2801 1429 2851 ².
1459 2797 1528 2852 Ει
1552 2806 1801 2870 quoniam
1824 2809 2058 2865 exterior

466 2898 549 2944 est
580 2890 740 2944 homo
769 2900 920 2946 vetus
940 2934 955 2958 ,
995 2902 1048 2947 et
1078 2910 1244 2949 novus
1274 2896 1532 2964 interior;
1578 2899 1776 2958 dictum
1804 2913 1887 2959 est
1912 2906 2055 2961 enim

465 2982 534 3036 ab
563 2982 820 3051 Apostolo
840 3025 855 3049 ,
884 2984 952 3038 Et
979 2987 1022 3039 si
1055 2988 1272 3041 exterior
1312 2990 1460 3044 homo
1499 3002 1666 3047 noster
1693 2999 2049 3068 corrumpitur,

464 3074 553 3127 sed
580 3076 790 3131 interior
813 3089 1079 3132 renovatur
1103 3080 1165 3133 de
1189 3082 1270 3135 die
1291 3082 1345 3136 in
1384 3083 1515 3138 diem
1548 3102 1565 3138 :
1597 3088 1891 3143 rectissime
1933 3105 2054 3146 om-

460 3166 591 3220 nino
614 3166 883 3239 (quoniam
906 3171 1080 3224 omnia
1104 3171 1329 3228 visibilia
1354 3174 1418 3228 ad
1441 3179 1760 3233 exteriorem
1781 3180 2052 3239 hominem

460 3261 763 3330 pertinent,
812 3264 1001 3333 quibus
1041 3265 1329 3323 christiana
1370 3268 1648 3340 disciplina
1693 3275 2049 3349 renuntiatur)

460 3351 593 3408 hora
620 3363 771 3410 sexta
801 3358 944 3411 venit
987 3359 1241 3415 Dominus
1270 3361 1334 3415 ad
1371 3371 1617 3430 puteum,
1649 3364 1699 3418 id
1727 3373 1839 3431 est,
1876 3368 2056 3424 medio

458 3445 571 3514 die,
601 3449 741 3505 unde
765 3450 873 3519 jam
898 3452 1083 3522 incipit
1100 3454 1181 3508 sol
1212 3454 1311 3507 iste
1337 3454 1559 3511 visibilis
1583 3457 1850 3513 declinare
1879 3460 1931 3513 in
1964 3476 2055 3516 oc-

458 3552 641 3594 casum
670 3560 682 3594 :
711 3544 960 3612 quoniam
987 3554 1040 3599 et
1062 3546 1215 3600 nobis
1238 3548 1436 3601 vocatis
1465 3563 1494 3601 a
1524 3548 1738 3603 Christo
1764 3552 2049 3608 visibilium

460 3629 753 3685 delectatio
774 3634 1047 3697 minuitur,
1080 3644 1137 3689 ut
1163 3636 1507 3690 invisibilium
1551 3653 1733 3693 amore
1772 3639 1932 3696 homo
1971 3643 2054 3698 in-

457 3723 624 3777 terior
647 3722 669 3753 ³
697 3735 991 3794 recreatus,
1020 3726 1085 3779 ad
1115 3727 1418 3783 interiorem
1440 3729 1612 3784 lucem
1642 3746 1760 3801 quae
1782 3750 2049 3803 nunquam

458 3814 686 3879 occidit,
732 3827 1046 3884 revertatur,
1088 3820 1379 3873 secundum
1420 3823 1764 3891 apostolicam
1810 3824 2049 3894 discipli-

458 3921 583 3961 nam
602 3947 616 3973 ,
649 3922 755 3962 non
782 3924 1028 3977 quaerens
1058 3927 1172 3980 qute
1201 3911 1451 3976 videntur,
1493 3915 1581 3967 sed
1614 3931 1728 3986 qua:
1755 3932 1855 3969 non
1878 3917 2050 3970 viden-

459 4007 543 4053 tur
572 4014 592 4053 :
615 4015 729 4070 qua:
771 4002 903 4055 enim
942 4002 1185 4067 videntur,
1217 4006 1515 4075 temporalia
1557 4018 1676 4061 sunt
1687 4026 1708 4073 ;
1736 4025 1850 4079 qute
1886 4019 2050 4064 autem

458 4109 559 4147 non
589 4092 840 4161 videntur,
877 4105 1064 4150 wterna
1091 4107 1206 4151 sunt
1234 4097 1299 4169 (II
1328 4096 1445 4153 Cor.
1477 4116 1549 4165 ιν,
1581 4103 1647 4156 16
1672 4144 1687 4169 ,
1719 4104 1832 4175 18).

531 4186 585 4240 5.
612 4186 763 4254 Quod
792 4196 967 4243 autem
994 4188 1245 4259 fatigatus
1266 4192 1413 4246 venit
1442 4192 1509 4247 ad
1543 4204 1755 4264 puteum
1777 4239 1791 4263 ,
1826 4196 2049 4255 inﬁrmi-

458 4286 620 4335 tatem
652 4282 829 4335 carnis
870 4282 1167 4353 signiﬁcat;
1213 4284 1355 4355 quod
1405 4287 1571 4355 sedit,
1621 4289 1977 4348 humilitatem
2030 4311 2045 4349 :

456 4372 579 4443 quia
603 4382 659 4428 et
697 4374 1114 4433 imbecillitatem
1139 4382 1314 4435 carnis
1365 4396 1462 4451 pro
1505 4382 1661 4437 nobis
1690 4386 1959 4456 suscepit,
1994 4396 2045 4444 et

454 4467 618 4523 homo
638 4468 941 4525 heminibus
962 4480 1067 4525 tam
1097 4473 1370 4529 humiliter
1393 4491 1653 4545 apparere
1672 4478 1918 4551 dignatus
1939 4492 2042 4539 est.

454 4561 533 4617 De
575 4561 675 4617 hac
721 4562 1025 4619 inﬁrmitate
1054 4565 1230 4620 carnis
1275 4567 1527 4637 propheta
1570 4570 1741 4626 dicit:
1785 4573 1954 4628 Homo
1992 4576 2047 4630 in

457 4657 610 4728 plaga
630 4658 839 4728 positus,
855 4668 901 4709 et
926 4657 1086 4713 sciens
1097 4663 1229 4730 ferre
1253 4660 1639 4718 imbecillitatem
1658 4664 1808 4735 (Isai.
1834 4683 1943 4733 LIII,
1964 4669 2065 4743 5).’

455 4750 535 4805 De
564 4749 858 4804 humilitate
890 4765 1018 4804 vero
1040 4751 1325 4820 Apostolus
1353 4754 1584 4824 loquitur
1609 4757 1791 4813 dicens
1816 4778 1829 4813 :
1858 4760 2047 4817 Humi-

457 4840 597 4894 liavit
625 4857 704 4906 se,
734 4840 896 4908 factus
922 4839 1150 4894 subditus
1176 4859 1330 4913 usque
1357 4846 1426 4897 ad
1449 4856 1658 4901 mortem
1692 4847 1947 4922 (Philipp.
1982 4869 2039 4920 ll,

457 4932 535 5003 8).
560 4932 870 5003 Quanquam
919 4933 1045 4987 illud
1089 4936 1227 5005 quod
1256 4936 1424 5003 sedit,
1470 4942 1718 5009 quoniam
1761 4945 1935 4999 solent
1959 4961 2044 5002 se-

458 5025 585 5080 dere
630 5026 1128 5097 doctores,‘possit
1166 5029 1270 5084 alio
1310 5032 1577 5087 intellectu
1621 5051 1727 5091 non
1774 5038 2043 5094 humilita-

457 5121 527 5174 tis
564 5121 879 5177 modestiam
898 5164 913 5189 ,
942 5121 1036 5177 sed
1058 5124 1293 5193 magistri
1323 5125 1693 5183 demonstrare
1736 5148 2038 5201 personam.

526 5215 581 5270 4.
622 5214 726 5271 Sed
765 5220 928 5287 quaeri
962 5228 1136 5290 potest
1163 5235 1327 5291 quare
1357 5237 1387 5277 a
1424 5226 1645 5283 muliere
1675 5228 2037 5305 Samaritana,

457 5322 576 5379 quae
605 5306 808 5378 hydria:
834 5326 968 5382 aqua
999 5312 1281 5382 implenda:
1326 5316 1492 5385 gratia
1538 5331 1757 5376 venerat
1789 5326 1826 5390 ί,
1857 5327 2042 5386 bibere

455 5400 839 5471 postulaverit,
881 5418 1003 5459 cum
1050 5408 1164 5476 ipse
1206 5417 1391 5476 postea
1440 5408 1730 5479 Spiritualis
1772 5414 1936 5475 fontis
1964 5421 2042 5478 af-

518 5536 538 5569 ι
562 5536 636 5587 sic
652 5542 759 5587 Mss.
785 5542 842 5587 At
863 5537 997 5599 editi,
1023 5545 1163 5594 (etate
1179 5544 1447 5598 senectutis.

516 5600 537 5631 ³
560 5599 710 5671 Editi,
748 5599 1074 5663 profunditate
1109 5610 1155 5656 et
1191 5605 1473 5661 obscuritate
1504 5607 1760 5678 signiﬁcat.
1799 5616 1965 5683 Abest,
1995 5628 2044 5676 et

454 5661 757 5722 obscuritate,
777 5674 804 5710 a
828 5670 933 5712 Mss.

521 5725 541 5756 ³
564 5731 637 5798 er.
661 5732 730 5798 et
760 5728 1136 5798 Lov.,_ea:terior
1166 5742 1184 5779 :
1227 5737 1610 5798 repugnantibus
1638 5746 1743 5793 Mss.
1784 5751 1836 5795 et
1855 5750 1956 5798 ttat.
1979 5774 2037 5791 ι·-

455 5786 613 5850 Lugd.
626 5793 679 5837 et
701 5796 838 5847 \~‘cn.,
865 5796 920 5838 ut
942 5796 1012 5838 Er.
1033 5797 1085 5840 et
1106 5798 1215 5843 ιον.
1283 5786 1337 5843 it.

522 5848 545 5881 ί
567 5848 756 5914 Aliquot
779 5858 906 5915 Mss,
929 5864 1039 5916 quae
1055 5866 1196 5918 aqua:
1218 5855 1504 5913 haurienda:
1520 5869 1679 5926 gratia
1701 5876 1909 5924 venerat.

2206 462 2474 521 ﬂuentiam
2500 482 2556 523 se
2586 473 2886 540 petentibus
2915 476 3041 533 dare
3070 494 3227 549 posse
3251 482 3648 552 praedicaverit?
3669 490 3773 549 Sed

2199 558 2401 614 scilicet
2426 562 2637 618 sitiebat
2676 566 2929 625 Dominus
2970 573 3208 631 mulieris
3253 576 3391 632 illius
3434 578 3625 649 ﬁdem,
3657 600 3771 655 qua:

2199 650 2446 717 quoniam
2470 652 2801 712 Samaritana
2820 669 2954 726 erat,
2974 672 3028 717 et
3053 665 3190 720 solet
3217 666 3452 723 Samaria
3467 650 3770 733 idololatria:

2198 741 2482 814 imaginem
2508 751 2775 807 sustinere
2800 771 2813 807 :
2844 754 2944 823 ipsi
2967 757 3108 811 enim
3134 764 3359 828 separati
3388 777 3418 815 a
3444 766 3639 833 populo
3683 768 3771 823 Ju-

2197 833 2452 906 dworum,
2502 841 2798 899 simulacris
2852 857 3119 904 mutorum
3168 854 3501 921 animalium,
3550 858 3601 911 id
3654 870 3766 929 est,

2193 929 2367 982 vaccis
2382 932 2558 985 aureis
2583 935 2877 990 animarum
2903 954 3119 994 suarum
3143 942 3306 999 decus
3318 945 3659 1004 addixerant:
3682 968 3768 1007 ve-

2104 1074 2111 1081 ,
2192 1029 2344 1074 nerat
2380 1031 2555 1078 autem
2583 1025 2839 1082 Dominus
2863 1040 3047 1085 noster
3071 1032 3224 1088 Jesus
3246 1078 3259 1100 ,
3290 1044 3347 1089 ut
3376 1039 3608 1105 gentium
3638 1042 3768 1095 mul-

2193 1110 2470 1168 titudinem
2493 1158 2509 1183 ,
2531 1133 2661 1187 quae
2687 1121 2987 1177 simulacris
3017 1126 3313 1191 serviebat;
3357 1129 3421 1182 ad
3469 1132 3764 1188 munimen-

2188 1210 2298 1258 tum
2329 1206 2345 1236 ί
2374 1205 2497 1262 ﬁdei
2533 1210 2837 1268 christiana:
2865 1225 2918 1270 et
2953 1216 3277 1289 incorruptae
3304 1223 3573 1292 religionis
3600 1227 3760 1282 addu-

2188 1306 2349 1353 ceret.
2384 1299 2505 1355 Non
2538 1313 2610 1358 est
2628 1308 2769 1360 enim
2793 1349 2809 1374 ,
2842 1309 3044 1379 inquit,
3074 1330 3202 1383 opus
3231 1316 3369 1368 sanis
3400 1319 3621 1381 medicus
3640 1361 3654 1383 ,
3682 1320 3766 1376 sed

2184 1388 2317 1443 male
2354 1391 2648 1449 habentibus
2675 1396 2886 1469 (Matth.
2918 1417 3004 1466 Ix,
3048 1402 3161 1474 12).
3207 1406 3401 1460 Eorum
3444 1422 3571 1477 ergo
3614 1410 3766 1465 ﬁdem

2184 1479 2327 1549 sitit,
2359 1499 2456 1553 pro
2480 1487 2671 1555 quibus
2695 1492 3003 1560 sanguinem
3044 1495 3200 1550 fudit.
3230 1497 3373 1552 Dixit
3398 1516 3528 1569 ergo
3550 1501 3615 1556 ad
3646 1517 3763 1559 eam

2182 1572 2337 1630 Jesus
2371 1594 2383 1629 :
2418 1576 2624 1647 Mulier,
2656 1582 2723 1636 da
2751 1584 2873 1637 mihi
2902 1586 3082 1641 bibere.
3117 1588 3184 1642 Et
3212 1599 3268 1644 ut
3297 1593 3512 1647 noveris
3539 1595 3661 1664 quid
3692 1597 3764 1651 si-

2182 1665 2347 1722 tiebat
2384 1669 2637 1728 Dominus
2676 1686 2879 1744 noster,
2913 1688 3034 1747 post
3064 1682 3329 1749 paululum
3358 1686 3580 1741 veniunt
3605 1688 3764 1743 disci-

2180 1756 2291 1825 puli
2324 1758 2468 1827 ejus,
2502 1762 2590 1831 qui
2620 1777 2965 1833 perrexerant
3001 1770 3052 1823 in
3083 1773 3349 1827 civitatem
3371 1783 3426 1828 ut
3451 1777 3598 1832 cibos
3622 1794 3764 1833 eme-

2178 1862 2332 1920 rent,
2361 1855 2615 1912 etdicunt
2639 1860 2727 1915 ei:
2761 1861 2924 1917 Rabbi
2940 1906 2953 1931 ,
2989 1867 3257 1922 manduca.
3294 1868 3398 1925 Ille
3431 1882 3601 1928 autem
3628 1876 3756 1929 dixit

2179 1945 2249 1999 eis
2271 1962 2292 1999 :
2322 1946 2434 2018 Ego
2460 1950 2617 2006 habeo
2634 1970 2799 2009 escam
2816 1960 3142 2027 manducare,
3160 1979 3309 2031 quam
3326 1982 3411 2021 vos
3429 1970 3646 2023 nescitis.
3670 1969 3762 2023 Di-

2178 2045 2296 2090 cunt
2318 2056 2437 2109 ergo
2456 2042 2695 2113 discipuli
2717 2049 2826 2115 ejus
2844 2049 2912 2101 ad
2931 2052 3228 2107 alterutrum
3247 2072 3264 2110 :
3298 2055 3564 2129 Numquid
3581 2061 3764 2132 aliquis

2176 2130 2342 2183 attulit
2364 2132 2410 2185 ei
2430 2137 2733 2192 manducare
2750 2141 2775 2192 ?
2800 2140 2942 2195 Dixit
2960 2146 3031 2198 eis
3050 2146 3199 2202 Jesus
3222 2165 3241 2202 :
3271 2149 3421 2205 Cibus
3447 2169 3584 2205 meus
3612 2130 3683 2208 est
3712 2163 3765 2208 ut

2180 2224 2365 2291 faciam
2408 2227 2517 2297 ejus
2559 2230 2864 2285 voluntatem
2894 2236 2979 2305 qui
3005 2254 3083 2289 me
3112 2240 3279 2305 misit,
3322 2251 3372 2294 et
3414 2253 3467 2295 ut
3504 2247 3766 2312 perﬁciam

2174 2332 2302 2386 opus
2331 2317 2460 2387 ejus.
2492 2318 2754 2391 Numquid
2798 2323 2882 2378 hic
2913 2326 3224 2398 intelligitur
3253 2331 3351 2384 alia
3388 2334 3636 2388 voluntas
3665 2336 3764 2389 Pa-

2175 2405 2302 2471 tris,
2334 2408 2422 2476 qui
2464 2424 2585 2463 cum
2628 2411 2808 2477 misit,
2857 2424 2909 2470 et
2939 2432 3073 2487 opus
3103 2420 3218 2488 ejus
3243 2421 3385 2491 quod
3414 2438 3473 2478 se
3501 2425 3763 2494 perﬁcere

2172 2500 2308 2555 velle
2351 2504 2661 2572 respondit,
2693 2506 2794 2560 nisi
2822 2516 2876 2561 ut
2902 2525 2998 2565 nos
3025 2512 3092 2565 ad
3126 2512 3279 2568 ﬁdem
3312 2529 3462 2570 suam
3504 2532 3535 2570 a
3584 2520 3763 2588 perni-

2171 2592 2317 2647 cioso
2338 2596 2521 2649 mundi
2550 2612 2733 2654 errore
2756 2606 3129 2659 converteret?
3154 2606 3334 2672 Qualis
3358 2620 3440 2664 est
3465 2626 3593 2681 ergo
3612 2613 3762 2670 cibus

2171 2688 2286 2755 ejus
2307 2728 2320 2752 ,
2352 2688 2470 2742 talis
2514 2699 2567 2745 et.
2612 2703 2786 2759 potus.
2832 2695 3165 2767 Quapropter
3196 2700 3296 2757 hoc
3326 2704 3376 2756 in
3409 2705 3497 2758 illa
3538 2709 3760 2765 muliere

2170 2780 2416 2847 sitiebat,
2454 2790 2510 2835 ut
2552 2783 2748 2839 faceret
2777 2787 2829 2840 in
2859 2802 2920 2842 ea
2950 2790 3274 2848 voluntatem
3317 2794 3489 2851 Patris
3509 2839 3525 2864 ,
3555 2809 3610 2852 et
3637 2816 3759 2869 pcr-

2169 2873 2351 2928 ﬁcerct
2368 2890 2501 2944 opus
2521 2877 2655 2945 ejus.
2681 2878 2784 2934 Sed
2813 2883 3096 2939 carnaliter
3119 2886 3415 2957 intelligens
3446 2893 3757 2961 respondit:

2168 2960 2248 3017 Tu
2274 2981 2386 3018 cum
2426 2968 2493 3021 sis
2526 2967 2769 3036 Judteus,
2796 2975 3045 3042 quomodo
3082 2994 3114 3030 a
3153 2994 3230 3032 me
3271 2980 3433 3035 bibere
3463 2985 3618 3053 petis,
3648 3003 3760 3039 cum

2166 3057 2263 3111 sim
2289 3059 2470 3115 mulier
2493 3060 2857 3119 Samaritana?
2880 3066 3001 3121 Non
3022 3070 3155 3123 enim
3176 3084 3455 3129 coutuntur
3478 3075 3650 3132 Judwi
3670 3076 3743 3134 Sa

2165 3153 2449 3208 maritanis.
2483 3155 2576 3210 Cui
2604 3158 2859 3214 Dominus
2884 3171 3067 3217 noster
3095 3164 3226 3220 dixit
3258 3185 3270 3221 :
3302 3167 3363 3222 Si
3386 3171 3545 3226 scires
3573 3173 3760 3227 donum

2164 3244 2295 3313 Dei,
2319 3258 2365 3300 et
2390 3249 2499 3318 quis
2528 3260 2598 3303 est
2624 3253 2707 3322 qui
2730 3254 2849 3307 dicit
2882 3256 3002 3323 tibi,
3030 3257 3108 3312 Da
3133 3260 3257 3313 mihi
3285 3261 3450 3317 bibere
3470 3282 3491 3329 ;
3521 3276 3573 3319 tu
3603 3269 3758 3339 magis

2163 3338 2370 3407 petisses
2401 3340 2461 3392 ab
2492 3358 2580 3409 eo,
2610 3352 2657 3396 et
2695 3344 2910 3400 dedisset
2953 3349 3042 3401 tibi
3085 3366 3270 3421 aquam
3307 3355 3475 3409 vivam
3497 3374 3516 3411 :
3553 3367 3610 3413 ut
3636 3338 3759 3415 hinc

2163 3432 2211 3486 ei
2234 3434 2568 3502 ostenderet,
2614 3452 2718 3493 non
2748 3454 2806 3495 se
2847 3442 3005 3497 talem
3041 3459 3232 3515 aquam
3280 3450 3517 3519 petisse,
3546 3454 3754 3524 qualem

2160 3524 2275 3593 ipsa
2339 3526 2708 3595 intellexerat;
2776 3532 2871 3587 sed
2950 3535 3069 3604 quia
3136 3538 3249 3606 ipse
3310 3540 3532 3597 sitiebat
3597 3545 3755 3599 tidem

2158 3618 2316 3687 ejus,
2377 3621 2656 3694 eidemque
2720 3608 2935 3681 sitienti.
2986 3629 3240 3698 Spiritum
3308 3645 3557 3690 sanctum
3626 3638 3755 3693 dare

2159 3711 2423 3780 cupiebat.
2478 3714 2625 3769 Ilanc
2662 3718 2803 3772 enim
2851 3727 2996 3775 recte
3046 3722 3388 3792 intelligimus
3429 3741 3623 3796 aquam
3671 3730 3751 3783 vi-

2157 3820 2279 3858 vam
2301 3846 2315 3869 ,
2350 3806 2491 3876 quod
2541 3816 2624 3863 cst
2670 3809 2870 3866 donum
2894 3813 3022 3879 Dei,
3057 3814 3192 3869 sicut
3217 3816 3328 3886 ipse
3357 3818 3467 3885 ait,
3504 3820 3565 3874 Si
3602 3823 3753 3877 scires

2159 3897 2349 3952 donum
2378 3899 2491 3955 Dei.
2517 3902 2584 3955 Et
2611 3903 2748 3958 sicut
2783 3905 2926 3959 idem
2956 3906 3186 3962 Joannes
3215 3909 3546 3979 evangelista
3590 3921 3752 3967 testa-

2158 3998 2243 4045 tur
2266 3992 2372 4045 alio
2404 3994 2519 4048 loco
2545 3994 2728 4051 dicens
2756 4014 2769 4049 :
2803 3998 2945 4067 quod
2978 3999 3141 4053 stabat
3185 4000 3363 4067 Jesus,
3391 4010 3436 4055 et
3464 4006 3746 4071 clamabat,

2159 4082 2221 4137 Si
2244 4086 2356 4154 quis
2381 4087 2484 4139 sitit
2504 4130 2519 4155 ,
2553 4090 2717 4142 veniat
2738 4100 2783 4142 et
2810 4090 2942 4144 bibat
2964 4108 2982 4144 :
3004 4093 3088 4162 qui
3109 4094 3266 4148 credit
3287 4095 3341 4148 in
3371 4113 3483 4163 me,
3518 4102 3645 4152 sicut
3666 4099 3747 4152 di-

2155 4176 2223 4229 cit
2247 4177 2545 4248 Scriptura,
2576 4182 2789 4250 ﬂumina
2820 4183 2881 4235 de
2903 4192 3072 4236 ventre
3102 4187 3211 4255 ejus
3245 4187 3403 4255 ﬂuent
3429 4206 3578 4258 aqua:
3602 4191 3744 4245 vitae.

2154 4267 2556 4340 Consequcnter
2590 4273 2809 4327 omnino
2833 4315 2845 4337 ,
2882 4273 2982 4341 Qui
3007 4275 3196 4341 credit,
3228 4275 3416 4345 inquit,
3440 4278 3493 4333 in
3528 4298 3622 4344 me,
3646 4283 3749 4351 [lu-

2157 4360 2292 4413 mina
2334 4360 2396 4413 de
2441 4370 2609 4415 ventre
2651 4364 2761 4433 ejus
2807 4365 2966 4432 ﬂuent
3013 4380 3157 4427 aqua:
3207 4366 3330 4419 viva:
3360 4384 3378 4421 :
3404 4371 3527 4438 quia
3573 4372 3745 4440 primo

2155 4453 2424 4507 credimus
2443 4494 2457 4518 ,
2485 4463 2542 4507 ut
2572 4455 2685 4510 lucc
2706 4455 2844 4510 dona
2874 4472 3193 4512 mereamur.
3225 4458 3349 4516 IIsrc
3372 4477 3499 4532 ergo
3524 4463 3745 4520 ﬁumina
3782 4522 3785 4525 ,

2154 4560 2304 4616 aqua:
2335 4546 2469 4600 vlva:
2499 4563 2617 4617 qua:
2659 4549 2731 4602 illi
2764 4550 2974 4604 mulieri
2999 4551 3211 4606 volebat
3238 4553 3365 4608 dare
3385 4597 3399 4621 ,
3432 4572 3639 4613 merces
3666 4568 3747 4614 est
3780 4544 3783 4551 v

2157 4636 2279 4691 ﬁdei
2307 4653 2466 4707 quam
2496 4639 2643 4707 prius
2670 4640 2723 4694 in
2754 4640 2840 4695 illa
2872 4641 3104 4697 sitiebat.
3134 4643 3297 4715 Cujus
3326 4662 3477 4717 aqum
3509 4651 3642 4704 vivae
3666 4652 3745 4703 in-

2155 4730 2584 4798 terpretationem
2638 4732 2707 4786 ita
2751 4734 2966 4804 subjicit
2995 4753 3009 4789 :
3042 4734 3158 4790 Hoc
3202 4749 3397 4805 autem,
3434 4740 3635 4809 inquit,
3661 4744 3743 4796 di-

2154 4823 2294 4877 cebat
2346 4824 2407 4878 de
2469 4824 2670 4897 Spiritu
2722 4845 2865 4898 quem
2925 4831 3186 4895 accepturi
3235 4841 3375 4885 erant
3431 4835 3485 4886 hi
3543 4836 3632 4904 qui
3691 4838 3745 4891 in

2156 4933 2269 4970 eum
2314 4918 2555 4971 credituri
2629 4928 2793 4972 erant.
2876 4918 3125 4972 Nondum
3184 4930 3352 4975 autem
3413 4933 3519 4977 erat
3571 4924 3744 4996 Spiri-

2155 5020 2235 5064 tus
2300 5010 2482 5076 datus,
2539 5011 2656 5079 quia
2714 5011 2866 5064 .Iesus
2927 5013 3152 5066 nondum
3206 5017 3372 5084 fuerat
3434 5017 3743 5085 clari/icatus

2152 5100 2331 5171 (Joan.
2361 5117 2432 5155 vn
2459 5142 2471 5163 ,
2500 5098 2709 5173 57-59);
2738 5101 2848 5156 Hoc
2877 5102 3054 5171 itaque
3094 5104 3297 5158 donum
3318 5106 3544 5175 Spiritus
3574 5116 3739 5169 sancti

2151 5204 2268 5259 est,
2292 5194 2431 5264 quod
2458 5202 2578 5263 post
2607 5208 2755 5247 suam
2784 5194 3215 5250 elariﬁcationcm
3258 5198 3405 5254 dedit
3443 5201 3698 5260 Ecclesiae
3720 5248 3736 5275 ,

2151 5287 2287 5343 sicut
2306 5286 2405 5340 alia
2436 5285 2707 5355 Scriptura
2728 5286 2855 5340 dicit
2879 5305 2891 5340 :
2917 5287 3201 5343 Ascendens
3225 5291 3277 5344 in
3304 5292 3464 5347 altum
3490 5297 3736 5365 captivam

2152 5381 2296 5435 duxit
2315 5379 2686 5450 captivitatem;
2716 5379 2852 5432 dedit
2881 5380 3017 5435 dona
3041 5381 3328 5440 hominibus
3356 5386 3529 5458 (Psal.
3561 5406 3739 5461 vatt,

2151 5474 2253 5543 l9;
2284 5472 2477 5543 Ephes.
2500 5488 2571 5539 ιν,
2595 5472 2673 5541 8).

2222 5568 2275 5622 5.
2306 5565 2409 5621 Sed
2435 5565 2607 5620 adhuc
2632 5565 2719 5620 illa
2758 5567 2948 5622 mulier
2973 5571 3258 5627 carnaliter
3283 5575 3419 5644 sapit
3443 5592 3456 5640 ;
3490 5572 3568 5628 sic
3596 5575 3734 5633 enim

2148 5659 2420 5732 reSpondit
2449 5678 2461 5716 :
2490 5658 2704 5714 Domine
2724 5701 2737 5727 ,
2772 5678 2928 5732 neque
2954 5663 3289 5719 hauritorium
3336 5666 3515 5733 habes,
3563 5675 3609 5720 et
3639 5684 3731 5738 pu-

2149 5882 2169 5929 ⁸
2213 5815 2230 5847 ι
2258 5822 2365 5866 Mss.
2389 5814 2586 5881 aliquot,
2612 5817 2678 5869 ad
2696 5824 3067 5873 monumentum.
3094 5824 3147 5872 Et
3165 5821 3377 5886 quidam,
3396 5822 3463 5874 ad
3481 5833 3739 5875 monimen-

2171 5888 2268 5927 um.

2171 5888 2268 5927 um.
