4000 6336
187 394 251 454 57
1126 382 1129 385 λ
1636 387 1840 447 LIBER
1878 385 2081 449 UNUS.
2480 426 2493 468 χ
2742 470 2747 477 ,
3445 417 3516 478 53

193 524 297 566 teut
336 507 487 564 altus
539 512 654 573 est;
704 504 848 562 unde
894 507 1019 561 mihi
1063 507 1212 561 habes
1245 506 1366 561 dare
1402 521 1587 576 aquam
1614 506 1817 560 vivam?

198 602 471 671 Numquid
504 610 563 653 tu
592 600 761 669 major
787 616 839 653 es
870 607 1015 669 patre
1038 608 1205 652 nostro
1232 597 1392 651 Iacob
1412 641 1426 665 ,
1451 599 1537 668 qui
1562 596 1699 651 dedit
1723 614 1815 651 no-

201 696 267 748 bis
309 694 451 745 hunc
500 701 750 761 puteum,
782 700 829 744 et
861 692 972 760 ipse
996 707 1056 745 ex
1080 708 1135 745 eo
1166 690 1312 757 bibit,
1356 699 1401 744 et
1443 690 1542 759 ﬁlii
1577 692 1717 758 ejus,
1771 698 1818 745 et

203 802 377 857 pecora
409 785 567 854 ejus?
606 783 757 839 Nunc
797 799 931 838 vero
974 784 1082 855 jam
1130 784 1387 839 Dominus
1428 784 1646 853 exponit
1690 784 1817 855 quid

205 879 414 934 dixerit.
444 876 669 944 Omnis,
704 878 913 948 inquit,
940 879 1026 949 qui
1058 877 1232 931 biberit
1270 878 1333 932 de
1365 895 1497 948 aqua
1521 879 1651 945 ista,
1682 879 1817 933 sitiet

205 976 375 1027 iterum
403 988 423 1026 :
444 974 534 1041 qui
566 982 741 1025 autem
769 972 943 1026 biberit
972 972 1033 1025 de
1050 988 1182 1039 aqua
1201 988 1353 1041 quam
1377 989 1469 1043 ego
1490 972 1693 1038 dedero,
1714 988 1815 1027 non

203 1070 325 1121 sitiet
346 1068 401 1120 in
424 1067 837 1137 sempiternum;
864 1065 953 1119 sed
972 1082 1101 1134 aqua
1124 1064 1214 1118 illa
1236 1082 1385 1136 quant
1410 1065 1592 1119 dedero
1612 1108 1626 1132 ,
1656 1067 1740 1134 ﬁet
1762 1067 1813 1120 in

205 1178 254 1215 eo
294 1166 409 1231 fons
460 1176 614 1230 aqute
660 1161 893 1214 salientis
934 1162 987 1213 in
1017 1160 1168 1212 vitam
1196 1170 1459 1213 (sternam.
1506 1159 1615 1214 Sed
1640 1158 1813 1214 adhuc

206 1258 388 1311 mulier
420 1254 770 1324 prudentiam
797 1254 975 1307 carnis
1005 1253 1359 1323 amplectitur.
1386 1253 1522 1321 Quid
1552 1253 1692 1306 enim
1722 1267 1811 1308 re-

206 1348 450 1419 spondit?
494 1347 754 1412 Domine,
787 1347 855 1400 da
897 1347 1019 1399 mihi
1044 1348 1174 1400 hanc
1198 1363 1385 1417 aquam
1405 1388 1420 1413 ,
1458 1356 1515 1398 ut
1553 1362 1709 1416 neque
1741 1346 1810 1398 si-

208 1443 347 1503 tiam,
372 1458 535 1511 neque
561 1443 764 1494 veniam
795 1443 894 1493 huc
918 1441 1138 1493 haurire.
1177 1439 1311 1493 Dicit
1337 1441 1382 1493 ei
1401 1438 1550 1494 Jesus
1579 1455 1597 1492 :
1634 1437 1805 1506 Vade,

207 1548 319 1586 uoca
346 1535 513 1586 virum
544 1542 729 1597 tuum,
760 1542 808 1585 et
844 1533 952 1586 veni
982 1533 1098 1585 huc.
1127 1532 1259 1585 Cum
1294 1531 1454 1585 sciret
1487 1546 1603 1585 eam
1636 1531 1804 1585 virum

214 1642 313 1681 non
342 1627 539 1681 habere
558 1666 574 1689 ,
603 1641 703 1680 cur
730 1625 834 1679 hoc
862 1625 1086 1689 dixerit,
1116 1624 1388 1694 quaeritur.
1422 1623 1660 1693 Namque
1682 1638 1805 1677 cum

212 1721 393 1775 mulier
417 1720 693 1786 dixisset,
747 1718 869 1772 Non
917 1718 1073 1771 habeo
1115 1717 1316 1781 virum;
1356 1716 1483 1770 dicit
1526 1717 1573 1771 ei
1611 1716 1802 1783 Jesus,

205 1812 333 1865 Βεηε
358 1813 541 1866 dixisti
573 1828 678 1865 non
720 1810 905 1864 habere
940 1819 988 1863 te
1024 1810 1224 1864 virum:
1251 1810 1468 1879 quinque
1505 1810 1638 1863 enim
1676 1809 1807 1863 viros

206 1906 441 1972 habuisti,
467 1916 513 1960 et
542 1922 678 1959 nunc
697 1921 845 1975 quem
867 1903 1019 1957 habes
1039 1920 1138 1957 non
1160 1912 1229 1957 est
1254 1912 1368 1955 tuus
1389 1903 1495 1965 vir;
1518 1901 1611 1954 hoc
1638 1916 1806 1954 verum

202 1998 394 2051 dixisti.
424 1997 537 2052 Sed
578 2012 682 2051 non
728 2004 853 2049 sunt
898 1995 1013 2050 haec
1056 1994 1337 2049 carnaliter
1365 1992 1669 2063 accipienda
1691 2034 1705 2056 ,
1736 2007 1805 2047 ne

200 2090 326 2146 huic
367 2090 481 2160 ipsi
524 2090 695 2144 adhuc
720 2089 933 2143 mulieri
975 2088 1319 2143 Samaritana;
1348 2086 1550 2141 similes
1576 2100 1696 2139 esse
1724 2085 1804 2138 vi-

193 2183 455 2238 deamur.
489 2181 595 2238 Sed
625 2182 685 2236 de
708 2182 794 2236 illo
819 2181 964 2236 dono
996 2181 1085 2235 Dei
1112 2181 1155 2236 si
1184 2179 1383 2253 aliquid
1418 2179 1529 2252 jam
1567 2179 1802 2250 gustavi-

199 2291 317 2330 mus
338 2315 354 2340 ,
392 2274 745 2344 spiritualiter
775 2274 875 2328 ista
907 2283 1212 2329 tractemus.

266 2367 318 2421 6.
349 2366 609 2436 Quinque
645 2365 817 2431 viros,
862 2366 1095 2436 quinque
1132 2366 1295 2420 libros
1324 2364 1413 2435 qui
1452 2378 1549 2435 per
1587 2363 1807 2435 Moysen

203 2460 485 2513 ministrati
530 2470 692 2523 sunt,
738 2460 979 2513 nonnulli
1008 2458 1290 2529 accipiunt.
1321 2458 1472 2525 Quod
1509 2467 1685 2512 autem
1719 2456 1806 2513 di-

205 2561 342 2606 ctum
385 2560 501 2614 est,
554 2550 627 2603 Et
672 2567 805 2603 nunc
852 2567 999 2621 quem
1053 2550 1236 2615 habes,
1283 2567 1383 2603 non
1423 2562 1496 2604 est
1539 2558 1656 2603 tuus
1694 2549 1806 2614 vir;

204 2643 267 2697 de
294 2660 351 2697 se
395 2645 516 2713 ipso
562 2642 848 2696 Dominum
894 2642 1092 2697 dixisse
1137 2642 1473 2713 intelligunt,
1521 2650 1579 2696 ut
1608 2641 1708 2696 iste
1737 2641 1808 2696 sit

206 2752 386 2792 sensus
418 2755 433 2790 :
466 2737 654 2791 Primo
694 2737 928 2807 quinque
973 2736 1121 2791 libris
1146 2737 1348 2809 Moysi,
1381 2735 1530 2806 quasi
1571 2736 1806 2807 quinque

204 2831 325 2884 viris
351 2830 570 2884 scrvisti
593 2846 610 2895 ;
642 2845 784 2884 nunc
808 2838 984 2883 autem
1006 2844 1164 2899 quem
1192 2828 1357 2882 habes
1375 2869 1390 2894 ,
1423 2827 1475 2882 id
1501 2834 1613 2892 est,
1646 2842 1805 2897 quem

205 2923 346 2976 audis
369 2965 383 2987 ,
417 2923 513 2993 qui
559 2922 797 2991 loquitur
829 2932 1029 2988 tecum,
1062 2936 1166 2974 non
1199 2928 1282 2973 est
1310 2928 1431 2974 tuus
1476 2919 1559 2973 vir
1587 2918 1629 2986 ί,
1677 2919 1799 2989 quia

174 3020 179 3027 λ
204 3017 432 3071 nondum
467 3018 521 3070 in
543 3032 671 3071 eum
699 3016 993 3071 credidisti.
1026 3014 1127 3070 Sed
1154 3014 1405 3085 quoniam
1432 3014 1667 3069 nondum
1693 3028 1805 3070 cre-

204 3109 327 3165 dens
350 3110 576 3165 Christo
593 3153 609 3177 ,
638 3110 815 3165 adhuc
836 3111 1015 3179 utique
1041 3110 1249 3164 illorum
1276 3110 1507 3180 quinque
1533 3111 1768 3164 virorum
1785 3150 1801 3178 ,

206 3201 255 3256 id
278 3204 627 3273 estquinque
659 3203 914 3256 librorum
945 3201 1279 3271 copulatione
1301 3202 1599 3267 tenebatur,
1630 3210 1806 3271 potest

207 3309 411 3348 movere
441 3292 724 3364 quomodo
764 3292 867 3347 dici
914 3294 1175 3361 potuerit,
1207 3293 1439 3366 Quinque
1464 3296 1597 3349 viros
1625 3295 1807 3348 habui-

206 3386 295 3452 sti,
317 3386 471 3456 quasi
496 3400 645 3440 nunc
671 3400 766 3440 eos
793 3385 905 3455 jam
938 3400 1042 3440 non
1075 3385 1329 3454 haberet,
1354 3402 1474 3441 cum
1502 3387 1674 3442 adhuc
1702 3388 1805 3441 uti-

206 3494 300 3548 que
328 3481 462 3551 ipsis
486 3479 704 3535 subdita
745 3480 971 3535 viveret.
1005 3479 1206 3535 Deinde
1245 3496 1366 3535 cum
1406 3482 1639 3552 quinque
1680 3482 1803 3538 libri

201 3569 362 3643 Moysi
410 3571 545 3625 nihil
591 3571 737 3625 aliud
778 3586 939 3642 quam
975 3567 1244 3626 Christum
1297 3571 1620 3643 praedicent,
1666 3573 1805 3629 sicut

204 3665 313 3732 ipse
338 3665 445 3727 ait,
472 3664 537 3718 Si
554 3664 827 3719 crederetis
846 3664 1036 3736 Moysi,
1054 3665 1319 3720 crederetis
1341 3669 1556 3739 forsitan
1576 3676 1623 3722 et
1645 3668 1804 3736 mihi;

202 3756 280 3810 ille
295 3758 435 3811 enim
463 3757 528 3811 de
554 3775 634 3811 me
650 3759 856 3828 scripsit
882 3757 1061 3828 (Joan.
1091 3775 1141 3825 v,
1171 3757 1261 3831 46)
1291 3777 1305 3825 ;
1334 3760 1603 3830 quomodo
1628 3771 1806 3831 potest

200 3850 417 3921 intelligi
453 3866 487 3904 a
528 3851 764 3920 quinque
790 3850 897 3905 illis
935 3850 1083 3906 libris
1111 3851 1364 3907 recedere
1400 3852 1671 3908 hominem
1697 3896 1713 3922 ,
1740 3864 1801 3912 ut

198 3943 259 3997 ad
287 3943 573 3998 Christum
621 3952 893 4009 transeat,
924 3959 1044 3999 cum
1096 3945 1186 4001 ille
1232 3946 1320 4016 qui
1348 3947 1519 4003 credit
1559 3949 1612 4003 in
1644 3948 1802 4005 Chri-

199 4047 369 4103 stum,
419 4055 532 4093 non
580 4038 967 4109 relinquendos
1013 4039 1248 4110 quinque
1292 4041 1413 4095 illos
1460 4042 1657 4109 libros,
1702 4044 1800 4100 sed

200 4132 547 4200 spiritualiter
614 4130 1027 4202 intelligendos,
1104 4132 1273 4188 multo
1323 4132 1531 4190 avidius
1595 4136 1801 4208 ample-

199 4232 370 4278 ctatur
382 4226 407 4278 ?

264 4318 317 4369 7.
351 4316 452 4371 Est
482 4332 616 4387 ergo
643 4317 780 4373 alius
809 4316 1139 4383 intellectus,
1178 4324 1233 4373 ut
1256 4318 1490 4390 quinque
1514 4320 1614 4376 viri
1644 4320 1801 4377 intel-

196 4408 427 4479 ligantur
456 4410 697 4479 quinque
721 4410 963 4480 corporis
993 4425 1181 4466 sensus
1208 4429 1221 4465 :
1253 4426 1391 4466 unus
1406 4413 1494 4482 qui
1521 4412 1587 4467 ad
1615 4413 1799 4470 oculos

200 4502 462 4569 pertinet,
494 4516 602 4570 quo
632 4500 805 4555 lucem
839 4502 994 4556 istam
1040 4502 1304 4558 visibilem
1331 4512 1385 4558 et
1408 4504 1675 4575 quoslibet
1703 4520 1797 4561 co-

198 4590 331 4646 lum
365 4592 677 4662 formasque
713 4608 1000 4663 corporum
1045 4594 1351 4662 cernimus;
1388 4597 1523 4652 alter
1550 4598 1757 4653 aurium
1778 4638 1795 4667 ,

198 4699 293 4752 quo
320 4700 524 4739 vocum
563 4693 619 4740 et
645 4688 886 4740 omnium
914 4701 1168 4742 sonorum
1195 4699 1465 4743 momenta
1496 4691 1793 4759 sentimus;

200 4778 383 4829 tertius
408 4777 623 4831 narium
642 4818 657 4843 ,
690 4793 797 4848 quo
825 4778 970 4832 varia
1009 4778 1231 4834 odorum
1271 4782 1529 4836 suavitate
1557 4781 1795 4837 delecta-

199 4882 346 4933 mur;
380 4877 609 4938 quartus
636 4870 687 4923 in
718 4885 811 4925 ore
834 4880 1041 4941 gustus,
1070 4872 1162 4941 qui
1190 4872 1363 4927 dulcia
1383 4882 1438 4929 et
1462 4889 1642 4928 amara
1665 4890 1793 4930 sen-

201 4958 285 5023 tit,
313 4969 372 5014 et
396 4960 640 5013 omnium
693 4976 945 5031 saporum
972 4961 1135 5019 habet
1164 4979 1420 5031 examen;
1450 4966 1664 5036 quintus
1700 4983 1796 5037 per

199 5056 361 5102 totum
382 5064 586 5119 corpus
607 5052 872 5121 tangendo
892 5053 1144 5123 diiudicat
1170 5055 1341 5110 calida
1361 5064 1415 5110 et
1436 5055 1645 5128 frigida,
1661 5060 1796 5115 mol-

201 5138 259 5195 lia
297 5152 355 5198 et
390 5142 563 5210 dura,
596 5144 730 5199 levia
774 5153 829 5199 et
863 5158 1083 5215 aspera,
1128 5155 1184 5201 et
1224 5147 1479 5217 quidquid
1523 5148 1666 5204 aliud
1709 5160 1793 5206 est

199 5235 335 5303 quod
398 5236 675 5306 tangendo
733 5237 1013 5293 sentimus.
1074 5239 1192 5295 lstis
1244 5240 1423 5310 itaque
1490 5242 1794 5299 carnalibus

198 5331 423 5401 quinque
454 5331 705 5386 sensibus
735 5330 908 5401 prima
957 5332 1186 5388 hominis
1232 5316 1364 5389 tetas
1408 5334 1662 5389 imbuitur
1691 5351 1791 5392 ne-

198 5423 442 5478 cessitate
472 5433 678 5478 natura:
700 5422 946 5478 mortalis
969 5439 1071 5495 qua
1094 5425 1167 5479 ita
1189 5435 1310 5495 post
1335 5434 1608 5494 peccatum
1632 5427 1789 5497 primi

200 5514 422 5572 hominis
445 5519 554 5573 nati
587 5533 769 5573 sumus
790 5560 805 5585 ,
839 5527 901 5574 ut
930 5518 1165 5574 nondum
1195 5519 1399 5576 reddita
1428 5521 1546 5576 luce
1571 5522 1786 5589 mentis,

199 5610 494 5664 carnalibus
522 5611 772 5665 sensibus
799 5611 1032 5677 subditi,
1053 5614 1321 5668 carnalem
1350 5614 1511 5668 vitam
1538 5614 1653 5669 sine
1679 5615 1788 5671 ulla

202 5703 791 5776 reritatisintelligentia
806 5705 1321 5761 transeamus.Tales
1336 5722 1554 5762 necesse
1570 5717 1652 5764 est
1668 5724 1789 5765 esse

257 5839 277 5912 ξ
297 5844 397 5912 ξυμ
413 5845 464 5891 et
485 5841 658 5912 plures
676 5849 790 5897 uss.
815 5857 958 5912 quem
978 5844 1244 5910 audis,non
1258 5848 1329 5899 est
1351 5850 1461 5899 tuus
1478 5860 1571 5909 vir,
1584 5849 1783 5912 omimo,

197 5897 658 5965 σεάιοσωτίεοωη.

1926 510 2155 569 infantes
2184 519 2239 570 et
2262 518 2511 586 parvulos
2532 534 2727 593 pueros
2744 566 2759 593 ,
2794 526 2885 597 qui
2910 526 3145 585 nondum
3168 544 3392 603 possunt
3416 552 3514 593 ac-

1926 606 2102 676 cipere
2129 609 2413 666 rationem.
2461 614 2530 669 Et
2570 618 2693 687 quia
2724 622 2993 677 naturales
3018 633 3142 679 sunt
3166 625 3251 681 isti
3279 643 3468 687 sensus
3491 674 3509 703 ,

1923 698 2010 767 qui
2040 699 2265 769 primam
2293 712 2505 760 zetatem
2530 718 2751 779 regunt,
2786 720 2841 767 et
2867 713 2975 769 Deo
2995 716 3196 773 artifice
3224 720 3377 775 nobis
3403 698 3505 779 tri;

1922 790 2033 846 buli
2057 802 2200 861 sunt,
2221 805 2365 852 recte
2380 798 2625 857 dicuntur
2641 802 2764 871 viri,
2786 806 2835 859 id
2859 817 2939 862 est
2960 811 3155 879 mariti,
3178 820 3423 886 tanquam
3441 819 3511 874 le.

1921 885 2089 954 gitimi
2106 903 2120 950 ;
2150 892 2399 959 quoniam
2426 909 2527 948 non
2560 911 2653 952 eos
2681 915 2834 954 error
2861 902 2990 956 vitio
3019 907 3235 975 pr0prio
3253 949 3269 975 ,
3291 885 3392 964 sed
3416 911 3516 967 Dei

1921 979 2144 1035 artiﬁcio
2176 992 2360 1039 natura
2391 990 2695 1046 contribuit.
2742 993 2873 1048 Cum
2915 1006 3090 1052 autem
3137 1002 3364 1073 quisque
3406 1020 3505 1061 ve-

1920 1073 2060 1126 nerit
2087 1073 2151 1128 ad
2178 1091 2294 1131 eam
2327 1088 2558 1147 aetatem,
2590 1093 2647 1137 ut
2670 1084 2778 1155 jam
2810 1089 2978 1157 possit
3002 1106 3167 1161 capax
3199 1110 3319 1151 esse
3339 1099 3511 1154 ratio-

1921 1162 2042 1230 nis,
2090 1167 2133 1220 si
2181 1171 2459 1227 veritatem
2507 1177 2684 1230 statim
2729 1183 3191 1251 comprehendere
3240 1193 3505 1260 potuerit,

1920 1269 2025 1308 non
2052 1256 2161 1325 jam
2194 1260 2296 1315 illis
2332 1265 2576 1320 sensibus
2602 1271 2899 1327 rectoribus
2927 1284 3134 1342 utetur;
3168 1256 3261 1334 sed
3296 1256 3515 1339 habebit

1917 1346 2111 1413 virum,
2143 1353 2385 1420 spiritum
2418 1358 2749 1425 rationalem,
2781 1365 2863 1417 cui
2895 1381 3084 1421 sensus
3110 1368 3227 1423 illos
3258 1372 3308 1425 in
3339 1372 3512 1429 famu-

1916 1436 2078 1492 latum
2104 1443 2327 1513 redigat,
2364 1449 2600 1503 servituti
2630 1453 2915 1523 SllllleiBnS
2949 1472 3141 1525 corpus
3165 1476 3317 1516 suum
3345 1482 3357 1516 :
3387 1479 3509 1521 cum

1915 1529 2088 1583 anima
2121 1548 2224 1587 non
2257 1535 2365 1604 jam
2388 1540 2619 1610 quinque
2640 1543 2785 1609 viris,
2820 1546 2869 1599 id
2892 1558 2991 1612 est,
3012 1551 3243 1621 quinque
3269 1556 3513 1623 corporis

1914 1622 2159 1677 sensibus
2199 1627 2405 1681 subdita
2444 1638 2527 1684 est
2556 1674 2569 1697 ,
2624 1634 2717 1688 sed
2766 1634 2999 1693 Verbum
3054 1641 3288 1697 divinum
3344 1622 3508 1702 habet

1914 1710 2207 1782 legitimum
2235 1719 2404 1775 virum
2425 1764 2439 1788 ,
2471 1724 2555 1777 cui
2592 1726 2836 1794 copulata
2875 1739 2929 1785 et
2971 1731 3265 1799 inhaerens,
3298 1752 3418 1791 cum
3449 1746 3506 1793 et

1914 1801 2028 1871 ipse
2065 1807 2283 1875 spiritus
2323 1810 2551 1868 hominis
2611 1816 2826 1873 laeserit
2871 1819 3117 1889 Christo,
3175 1828 3296 1895 quia
3345 1839 3506 1897 caput

1913 1894 2010 1948 viri
2034 1895 2275 1954 Christus
2323 1912 2405 1955 cst
2445 1903 2485 1973 (l
2516 1902 2634 1959 Cor.
2677 1924 2751 1973 si,
2804 1910 2838 1962 5
2864 1909 2905 1981 ),
2937 1894 3201 1980 amplexu
3235 1894 3496 1985 Spiritu:tli

1912 1995 2112 2041 aeterna
2152 1991 2257 2044 vita
2297 1992 2413 2048 sine
2443 1994 2552 2049 ullo
2581 2000 2931 2066 separationis
2966 2004 3154 2059 timore
3195 2008 3504 2075 perfruitur.

1913 2080 2042 2148 Quis
2090 2099 2188 2138 nos
2225 2087 2367 2141 enim
2407 2104 2658 2159 separare
2700 2095 2895 2162 poterit
2934 2111 2963 2150 a
3008 2097 3267 2156 charitate
3311 2101 3507 2161 Christi

1913 2173 2089 2245 (Rom.
2124 2193 2233 2245 vui,
2263 2180 2394 2250 55)?
2421 2183 2522 2237 Sed
2544 2186 2794 2253 quoniam
2826 2188 2909 2241 illa
2940 2191 3132 2246 mulier
3152 2208 3336 2250 errore
3366 2206 3506 2253 tene-

1911 2268 2068 2322 batur
2094 2270 2219 2339 qui1
2248 2270 2580 2341 signiﬁcabat
2606 2278 3003 2335 multitudinem
3036 2284 3216 2339 saeculi
3245 2288 3395 2342 vanis
3424 2304 3507 2344 su-

1910 2362 2314 2431 perstitionibus
2358 2367 2640 2439 subjugati,
2693 2380 2811 2440 post
2855 2382 3094 2443 tempora
3140 2377 3230 2431 illa
3274 2380 3507 2451 quinque

1912 2456 2200 2510 carnalium
2244 2473 2514 2525 sensuum,
2548 2461 2738 2530 quibus
2779 2466 2949 2535 prima
2979 2477 3129 2534 tetas,
3168 2479 3227 2525 ut
3252 2470 3500 2541 diximus,

1912 2549 2143 2617 regitur,
2196 2566 2301 2606 non
2332 2568 2449 2607 eam
2480 2553 2714 2610 Verbum
2756 2557 2848 2612 Dei
2893 2570 3174 2630 acceperat
3216 2564 3268 2617 in
3314 2565 3506 2635 conju-

1910 2640 2116 2710 gium’,
2164 2642 2258 2697 sed
2284 2646 2565 2713 complexu
2603 2647 2906 2703 adulterino
2932 2650 3175 2707 diabolus
3200 2653 3498 2711 obtinebat.

1914 2734 2097 2815 itaque
2123 2737 2199 2791 illi
2230 2737 2486 2794 Dominus
2524 2739 2673 2806 dicit,
2701 2741 2889 2798 videns
2917 2758 3034 2797 eam
3062 2760 3182 2801 esse
3202 2747 3499 2818 carnalem,

1912 2827 1966 2883 id
1996 2838 2098 2896 est,
2130 2830 2414 2886 carnaliter
2450 2847 2677 2902 sapere:
2710 2833 2883 2903 Vade,
2916 2852 3037 2891 voca
3060 2839 3221 2893 virum
3247 2850 3421 2907 tuum,
3458 2850 3508 2897 et

1911 2923 2023 2978 veni
2052 2924 2187 2989 huc;
2213 2924 2263 2979 id
2286 2933 2398 2989 est,
2427 2935 2739 2983 removete
2767 2930 2836 2984 ab
2861 2930 3142 2988 all‘ectione
3171 2936 3404 3002 carnali,
3452 2936 3505 2993 in

1912 3031 2015 3087 qua
2053 3032 2194 3072 nunc
2238 3019 2524 3073 constituta
2570 3035 2660 3085 es,
2691 3021 2834 3078 unde
2873 3039 2977 3078 non
3020 3036 3171 3095 potes
3214 3027 3507 3099 intelligere

1912 3126 2030 3181 qua:
2056 3111 2278 3182 loquor:
2309 3122 2355 3167 et
2378 3130 2501 3167 voca
2524 3115 2686 3169 virum
2714 3125 2874 3182 tuum,
2907 3117 2955 3172 id
2973 3127 3072 3184 est,
3103 3121 3290 3189 spiritu
3313 3122 3507 3177 intellio

1909 3204 2103 3274 gentia:
2126 3203 2148 3235 ³
2176 3219 2412 3274 ρηεεθηε
2432 3215 2567 3261 esto.
2602 3208 2697 3262 Est
2721 3210 2863 3262 enim
2893 3211 3084 3265 anima:
3108 3214 3256 3282 quasi
3285 3215 3507 3271 maritus

1911 3295 2141 3364 quodam
2184 3296 2344 3350 modo
2374 3297 2593 3367 spiritus
2635 3298 2867 3355 hominis
2887 3343 2901 3365 ,
2932 3303 3020 3371 qui
3051 3304 3336 3359 animalem
3370 3305 3502 3363 alle-

1910 3386 2141 3442 ctionem
2172 3396 2421 3459 tanquam
2451 3390 2731 3459 conjugem
2776 3392 2929 3460 regit.
2978 3392 3093 3447 Non
3144 3395 3231 3450 ille
3279 3395 3507 3464 Spiritus

1911 3490 2159 3547 sanctus,
2192 3482 2283 3552 qui
2322 3497 2443 3536 eum
2484 3482 2641 3538 Patre
2670 3491 2725 3537 et
2750 3482 2886 3538 Filio
2916 3484 3365 3543 incommutabilis
3392 3505 3505 3544 ma-

1910 3582 2035 3641 net,
2085 3584 2140 3629 et
2182 3573 2353 3644 dignis
2396 3573 2588 3628 animis
2631 3574 3132 3630 incommutabiliter
3176 3578 3376 3635 datur:
3409 3581 3505 3637 sed

1910 3665 2126 3737 spiritus
2170 3665 2431 3733 hominis,
2459 3666 2526 3721 de
2559 3682 2665 3738 quo
2694 3667 2975 3737 Apostolus
3003 3668 3163 3738 dicit,
3202 3670 3367 3727 Nemo
3411 3674 3505 3728 scit

1908 3775 2022 3829 qua:
2048 3759 2245 3813 suntin
2284 3759 2514 3823 homine,
2560 3759 2658 3812 nisi
2696 3760 2899 3830 spiritus
2946 3762 3184 3817 hominis.
3233 3762 3364 3817 Nam
3414 3764 3504 3821 ille

1908 3850 2136 3920 Spiritus
2183 3859 2429 3917 sanctus,
2479 3850 2708 3920 Spiritus
2760 3851 2853 3907 Dei
2891 3859 3009 3919 est;
3051 3853 3119 3908 de
3161 3870 3266 3924 quo
3307 3856 3502 3912 iterum

1908 3942 2037 3999 dicit
2065 3943 2141 3998 sic
2171 3959 2182 3994 :
2214 3940 2284 3996 Et
2309 3958 2421 4013 qua:
2444 3941 2541 3996 Dei
2556 3953 2670 3997 sunt
2699 3960 2842 3998 nemo
2869 3946 2993 4011 scit,
3029 3946 3127 3999 nisi
3151 3946 3376 4017 Spiritus
3405 3947 3504 4003 Dei

1907 4034 1954 4106 (Ι
1984 4034 2101 4089 Cor.
2126 4051 2185 4101 η,
2216 4035 2325 4101 ll).
2370 4035 2469 4090 Hic
2510 4050 2641 4106 ergo
2690 4037 2911 4106 spiritus
2954 4036 3184 4093 hominis
3214 4055 3332 4094 cum
3365 4057 3503 4111 prte-

1907 4143 2034 4183 sens
2057 4134 2171 4194 est,
2201 4126 2255 4182 id
2282 4135 2389 4193 est,
2426 4127 2660 4183 intentus
2679 4170 2694 4196 ,
2724 4137 2779 4183 et
2803 4144 2862 4184 se
2891 4130 3086 4200 pietate
3114 4132 3331 4202 subjicit
3357 4134 3497 4204 Deo,

1906 4220 2154 4291 intelligit
2176 4220 2339 4276 homo
2368 4236 2486 4291 qua:
2511 4222 2856 4291 spiritualiter
2877 4222 3143 4280 dicuntur.
3164 4225 3298 4281 Cum
3321 4237 3497 4284 autem

1905 4314 2100 4370 diaboli
2129 4329 2300 4379 error,
2333 4322 2583 4384 tanquam
2625 4315 2844 4369 absente
2874 4316 3151 4372 intellectu
3175 4360 3189 4384 ,
3229 4320 3282 4373 in
3320 4321 3497 4375 anima

1905 4406 2241 4475 dominatur,
2290 4406 2499 4461 adulter
2543 4414 2645 4461 est.
2696 4405 2834 4460 Voca
2880 4421 3030 4477 ergo,
3082 4411 3296 4480 inquit,
3336 4412 3497 4467 virum

1906 4509 2068 4567 tuum,
2098 4500 2151 4555 id
2180 4508 2283 4567 est,
2313 4500 2557 4571 spiritum
2588 4501 2676 4573 qui
2707 4501 2760 4555 in
2791 4510 2842 4556 te
2865 4510 2979 4568 est,
3006 4519 3110 4573 quo
3140 4513 3315 4573 potest
3337 4505 3498 4561 homo

1904 4594 2204 4664 intelligere
2243 4593 2541 4663 spiritualia
2563 4636 2578 4660 ,
2609 4594 2653 4649 si
2684 4609 2804 4649 eum
2833 4595 2922 4649 lux
2954 4596 3192 4650 veritatis
3234 4597 3494 4666 illustret;

1904 4687 2017 4757 ipse
2042 4687 2199 4750 adsit,
2231 4701 2351 4742 cum
2381 4687 2569 4757 loquor
2593 4686 2687 4742 tibi
2707 4729 2722 4750 ,
2755 4696 2812 4741 ut
2851 4688 3179 4758 spiritualem
3210 4691 3382 4759 possis
3409 4707 3497 4748 ac-

1903 4779 2083 4848 cipere
2111 4793 2321 4848 aquam.
2356 4777 2425 4833 Et
2449 4794 2570 4832 eum
2599 4778 2683 4832 illa
2714 4778 2936 4845 diceret,
2970 4779 3090 4833 Non
3120 4781 3276 4835 habeo
3296 4784 3497 4849 virum;

1901 4869 2056 4936 Bene,
2087 4869 2289 4940 inquit,
2322 4871 2495 4923 dixisti
2521 4887 2539 4924 :
2566 4872 2786 4942 quinque
2819 4871 2951 4924 enim
2988 4871 3123 4926 viros
3164 4872 3409 4938 habuisti,
3441 4873 3495 4927 id

1902 4972 1986 5019 est
2031 4965 2264 5035 quinque
2306 4978 2497 5019 sensus
2534 4965 2742 5029 carnis,
2790 4963 2878 5034 qui
2922 4971 2975 5018 te
3023 4965 3075 5019 in
3125 4964 3294 5035 prima
3337 4972 3495 5021 aetate

1901 5065 2183 5121 rexerant;
2215 5065 2260 5110 et
2298 5071 2429 5110 nunc
2472 5072 2619 5127 quem
2664 5056 2842 5121 habes,
2876 5073 2975 5110 non
3005 5066 3076 5111 est
3106 5066 3220 5109 tuus
3246 5056 3339 5123 vir,
3370 5056 3495 5126 quia

1900 5167 2006 5208 non
2037 5160 2121 5207 est
2145 5151 2198 5205 in
2228 5158 2282 5206 te
2307 5151 2560 5222 spiritus,
2589 5150 2677 5222 qui
2718 5151 2965 5221 intelligit
3003 5151 3201 5215 Deum,
3232 5164 3353 5203 cum
3386 5165 3493 5221 quo

1900 5249 2196 5320 legitimum
2237 5248 2411 5318 possis
2442 5246 2639 5302 habere
2664 5246 3017 5309 connubium;
3052 5243 3149 5299 sed
3181 5259 3336 5299 error
3372 5245 3491 5299 dia-

1899 5343 2005 5399 boli
2035 5343 2212 5414 potius
2240 5341 2563 5408 dominatur,
2590 5342 2676 5413 qui
2724 5347 2779 5395 te
2824 5337 3119 5394 adulterina
3162 5340 3491 5395 contamina-

1898 5438 2045 5495 tione
2071 5436 2386 5507 corrumpit.

1960 5598 1978 5631 ¹
1999 5601 2096 5647 Μία
2118 5602 2179 5668 ,εί
2200 5595 2589 5669 Ρέθτῗίῐυθ.
2600 5601 2739 5669 ‘W’:
2750 5597 2969 5669 ΤΗΨῖνὲ
2994 5602 3057 5669 9}
3070 5589 3154 5669 Ρίὲ
3171 5589 3490 5669 cedetis!!-

1895 5673 2059 5722 canus,
2086 5652 2323 5722 signiﬁcat
2337 5652 2689 5705 multitudinem
2711 5652 2965 5718 pravortar:
2986 5652 3169 5705 acculi.
3191 5653 3487 5712 Navarricus,

1895 5713 2248 5774 multitudinem
2280 5730 2553 5788 puerorum.
2712 5713 2768 5788 ’μ
2867 5786 2873 5788 _
2977 5786 3010 5788 μ
3131 5777 3141 5788 .
3287 5777 3297 5787 .

1958 5788 1978 5817 ι
2012 5775 2309 5850 Fr._etbov.',
2343 5779 2405 5850 in_
2428 5779 2693 5850 coniugem.
2724 5786 2777 5831 At
2800 5775 3482 5850 Rat.etMss.,inconjugittut.

1892 5846 2125 5918 ._‘Lu‘gd.
2156 5841 2711 5918 et‘venaneqnjuqem
2774 5851 2828 5893 Μ.

1959 5909 1982 5945 ⁸
2002 5902 2194 5970 Aliquot
2214 5913 2340 5969 3155.,
2366 5902 2676 5972 intelligente.
