4000 6336
488 473 560 534 59
1184 461 1276 518 ns
1313 453 1628 516 DlVERSlS
1665 429 2184 523 QUIESTIONI'BUS
2220 449 2526 528 LXXXIII,
2556 457 2615 516 s.
2638 459 3008 520 mensum

557 589 610 646 8.
643 588 714 645 Et
737 585 965 643 fortasse
990 571 1487 654 utintelligcntibus
1515 577 1771 634 iudicaret
1795 618 1812 645 ,
1841 573 2079 647 quinque

487 689 811 740 memoratos
852 677 1094 749 corporis
1127 690 1316 732 sensus
1341 673 1574 744 quinque
1599 670 1831 726 virorum
1861 669 2079 725 nomine

483 774 806 848 signiﬁcari,
851 781 973 844 post
1010 770 1243 842 quinque
1279 766 1658 838 responsiones
1697 764 1935 820 carnales
1974 765 2078 820 ista

483 868 674 923 mulier
727 873 876 920 sexta
923 863 1275 935 responsione
1319 861 1559 915 nominat
1602 858 1893 913 Christum.
1941 856 2074 912 Nam

483 963 650 1034 prima
693 961 808 1032 ejus
847 959 1123 1029 responsio
1160 967 1276 1024 est,
1316 955 1397 1011 Tu
1425 973 1540 1010 cum
1564 955 1632 1010 sis
1657 953 1909 1023 Judteus,
1939 971 2068 1025 quo-

482 1055 630 1110 modo
681 1072 713 1108 a
763 1071 841 1109 me
871 1053 1031 1107 bibere
1085 1050 1252 1123 petis?
1301 1049 1574 1114 Secunda,
1625 1047 1870 1112 Domine,
1915 1064 2074 1114 neque

479 1149 811 1203 hauritorium
837 1145 1016 1211 habes,
1045 1154 1092 1200 et
1120 1154 1296 1217 puteus
1324 1144 1459 1198 altus
1483 1153 1574 1196 est.
1604 1142 1801 1206 Tertia,
1835 1142 2062 1207 Domine,

481 1243 549 1296 da
591 1242 715 1295 mihi
755 1240 886 1295 hanc
926 1255 1142 1310 aquam,
1187 1246 1242 1290 ut
1283 1253 1440 1310 neque
1465 1237 1663 1301 sitiam,
1693 1251 1851 1306 neque
1877 1236 2071 1289 veniam

480 1335 578 1388 huc
607 1333 830 1387 haurire.
860 1330 1079 1399 Quarta,
1099 1327 1222 1385 Non
1251 1329 1406 1383 habeo
1435 1330 1612 1383 virum.
1642 1327 1832 1396 Quinta
1853 1370 1868 1396 ,
1913 1325 2068 1383 Video

477 1427 596 1496 quia
640 1424 886 1496 prapheta
924 1439 977 1478 es
1007 1438 1026 1477 :
1056 1431 1224 1494 patres
1249 1421 1406 1476 nostri
1434 1422 1488 1475 in
1515 1429 1681 1475 monte
1703 1421 1797 1474 hoc
1824 1421 2067 1475 adorans-

477 1527 615 1572 runt.
661 1517 792 1572 Nam
836 1524 891 1571 et
932 1516 1030 1571 ista
1059 1515 1341 1586 responsio
1366 1514 1595 1569 carnalis
1621 1522 1722 1569 est.
1755 1513 2068 1570 Carnalibus

478 1609 618 1664 enim
662 1608 820 1662 datus
865 1606 1034 1662 fuerat
1053 1605 1209 1662 locus
1238 1614 1479 1660 terrenus
1503 1647 1517 1672 ,
1549 1605 1638 1660 ubi
1663 1617 1877 1659 orarent
1907 1623 1919 1658 :
1953 1605 2065 1673 spi-

477 1702 693 1757 rituales
726 1709 904 1756 autem
931 1701 984 1754 in
1015 1699 1202 1769 spiritu
1227 1707 1281 1754 et
1303 1699 1524 1754 veritate
1547 1707 1791 1754 oraturos
1814 1699 2068 1755 Dominus

477 1794 629 1848 dixit.
678 1793 829 1860 Quod
872 1803 1213 1862 posteaquam
1253 1791 1462 1847 locutus
1504 1800 1616 1858 est,
1651 1801 1796 1847 sexta
1828 1792 2068 1848 mulieris

477 1886 754 1954 responsio
781 1884 1044 1939 Christum
1078 1883 1274 1938 fatetur
1299 1883 1536 1936 omnium
1569 1884 1789 1938 istorum
1816 1899 1936 1939 esse
1963 1884 2065 1939 do-

475 1986 676 2032 ctorem
709 1996 722 2031 :
754 1977 881 2031 dicit
917 1978 1058 2032 enim
1080 2018 1095 2044 ,
1131 1977 1251 2031 Seio
1275 1978 1394 2048 quia
1427 1977 1638 2031 Messias
1664 1980 1848 2043 veniet,
1879 1979 1966 2050 qui
1991 1979 2068 2033 di-

476 2069 606 2121 citur
653 2069 880 2122 Christus
928 2084 947 2123 :
984 2085 1098 2122 cum
1140 2070 1362 2133 venerit,
1413 2069 1522 2141 ipse
1567 2069 1709 2125 nobis
1753 2071 2068 2126 annuntiabit

476 2163 664 2216 onmia.
715 2164 818 2217 Sed
863 2163 1035 2217 adhuc
1077 2174 1250 2230 errat,
1301 2165 1421 2233 quia
1453 2179 1572 2218 cum
1599 2181 1756 2233 quem
1785 2175 2066 2222 venturum

477 2263 680 2324 sperat,
707 2257 918 2310 venisse
945 2271 1052 2310 non
1073 2256 1235 2311 videt.
1259 2257 1636 2312 Verumtamen
1664 2259 2024 2314 misericordia
2048 2261 2064 2292 ί

479 2344 690 2400 Domini
738 2361 880 2403 nunc
920 2362 1072 2402 error
1112 2348 1212 2403 iste
1251 2357 1500 2418 tanquam
1527 2350 1737 2404 adulter
1761 2351 2064 2420 expellitur.

477 2439 614 2494 Dicit
651 2439 795 2494 enim
835 2440 884 2496 ei
921 2440 1076 2496 Jesus
1106 2459 1120 2495 :
1154 2441 1265 2510 Ego
1293 2458 1404 2495 sum
1429 2445 1516 2512 qui
1541 2451 1699 2496 tecum
1725 2443 1919 2513 loquor.
1946 2444 2066 2511 Quo

473 2531 656 2586 audito
696 2532 786 2588 illa
824 2548 928 2588 non
973 2533 1275 2604 respondit,
1319 2535 1411 2589 scd
1447 2534 1634 2590 statim
1667 2537 1847 2591 relicta
1880 2537 2066 2608 hydria

475 2646 572 2686 sua
617 2630 747 2686 abiit
787 2645 840 2685 in
883 2627 1150 2686 civitatem
1189 2627 1452 2687 festinans
1475 2670 1488 2696 ,
1535 2637 1593 2685 ut
1632 2629 1975 2704 Evangelinm
2010 2636 2068 2686 et

476 2723 686 2777 Domini
733 2722 1050 2790 adventum,
1096 2737 1202 2780 non
1245 2731 1450 2778 tantum
1473 2723 1748 2791 crederet,
1781 2723 1875 2778 sed
1904 2723 2064 2778 etiam

474 2814 813 2883 praedicaret.
860 2813 971 2870 Nec
1017 2814 1120 2870 hoc
1155 2815 1296 2885 quod
1331 2817 1514 2870 relicta
1555 2815 1744 2887 hydria
1777 2815 2024 2870 discessit
2045 2858 2060 2883 ,

477 2909 806 2978 negligenter
843 2908 1275 2978 praetereundum
1310 2919 1412 2964 est.
1440 2909 1637 2980 Hydria
1663 2909 1808 2963 enim
1835 2907 2065 2964 fortasse

477 3009 713 3057 antorem
741 3003 921 3058 saeculi
953 3002 1110 3073 hujus
1130 3003 1424 3073 signiﬁcat,
1449 3003 1508 3057 id
1536 3011 1647 3069 est,
1679 3003 2020 3074 cupiditatem
2045 3047 2061 3071 ,

475 3110 576 3164 qua
624 3095 723 3150 sibi
766 3095 1011 3151 homines
1051 3095 1120 3150 de
1166 3096 1442 3152 tenebrosa
1479 3095 1882 3166 .profunditate,
1914 3096 2065 3164 cujus

476 3187 762 3256 imaginem
803 3201 992 3258 puteus
1019 3189 1195 3260 gerit,
1223 3189 1325 3244 hoc
1355 3199 1435 3244 est
1459 3231 1474 3256 ,
1503 3188 1570 3244 de
1601 3199 1810 3244 terrena
1837 3201 2065 3244 conver-

475 3290 680 3334 satIone
710 3280 958 3335 hauriunt
979 3281 1301 3350 voluptatem
1333 3297 1348 3335 :
1379 3296 1481 3351 qua
1513 3291 1759 3350 percepta
1791 3281 1982 3335 iterum
2009 3279 2063 3334 in

477 3371 594 3441 ejus
619 3374 910 3442 appetitum
931 3372 1277 3427 'inardescant
1299 3413 1313 3436 ,
1343 3375 1482 3427 sicut
1510 3371 1574 3426 de
1601 3389 1734 3443 aqua
1749 3372 1849 3426 illa
1873 3371 1961 3440 qui
1985 3369 2063 3424 bi-

475 3464 626 3526 berit,
673 3465 881 3534 inquit,
928 3465 1058 3518 sitiet
1099 3466 1281 3518 iterum
1302 3463 1486 3535 (Joan.
1515 3480 1570 3519 tv
1591 3507 1604 3529 ,
1636 3465 1812 3533 5-54).
1836 3463 2065 3534 Oporte-

477 3554 564 3608 bat
606 3565 780 3610 antem
828 3565 886 3611 ut
923 3556 1136 3612 Christo
1175 3555 1433 3623 credens,
1469 3557 1668 3612 smculo
1693 3557 2063 3623 renuntiaret,

476 3654 529 3698 et
566 3646 748 3699 relicta
781 3646 968 3715 hydria
995 3646 1340 3715 cupiditatem
1370 3649 1678 3702 saecularem
1705 3662 1764 3703 se
1789 3648 2066 3718 reliquisse

477 3743 802 3789 monstraret
827 3751 842 3800 ;
885 3751 991 3790 non
1035 3737 1209 3792 solum
1239 3738 1400 3792 corde
1429 3739 1654 3793 credens
1679 3738 1743 3794 ad
1766 3739 2026 3808 justitiam
2047 3782 2064 3808 ,

478 3824 572 3880 sed
615 3827 772 3880 etiam
819 3827 884 3880 ad
927 3828 1151 3884 salutem
1179 3845 1273 3884 ore
1295 3828 1606 3886 confessum
1635 3839 1690 3886 et
1715 3830 2067 3900 praedicatum

477 3916 620 3985 quod
647 3917 873 3972 credidit
897 3918 1070 3988 (Rom.
1103 3937 1168 3985 ιι,
1203 3921 1314 3992 10).

829 4009 988 4064 LXV.
1019 4011 1094 4065 De
1111 4014 1474 4067 resurrectione
1497 4013 1702 4068 Lazari.

547 4103 856 4174 Quanquam
886 4106 1174 4160 secundum
1187 4108 1546 4176 evangelicam
1573 4109 1853 4165 historiam
1882 4125 2068 4166 resus-

479 4196 696 4250 citatum
740 4197 999 4254 Lazarum
1068 4202 1221 4270 plena
1255 4201 1356 4256 ﬁde
1385 4211 1696 4269 teneamus;
1726 4212 1905 4260 tamen
1927 4206 2067 4262 etin

478 4287 729 4358 allegoria
777 4289 1075 4360 signiﬁcare
1116 4292 1314 4362 aliquid
1357 4287 1464 4348 non
1504 4293 1706 4349 dubito.
1738 4295 1918 4366 Neque
1943 4311 2066 4351 cum

476 4395 564 4434 res
606 4379 756 4434 facta:
792 4383 1231 4453 allegorizanturr,
1274 4394 1436 4454 gestae
1475 4386 1552 4441 rei
1599 4387 1755 4442 ﬁdem
1791 4389 2065 4444 amittunt.

478 4469 626 4525 Sicut
649 4471 875 4527 duorum
901 4475 1126 4529 ﬁliorum
1157 4476 1386 4531 Abralne
1416 4478 1724 4548 allegoriam
1754 4481 1947 4536 Paulus
1973 4497 2068 4538 cx-

477 4563 625 4632 ponit
667 4563 774 4619 duo
811 4579 929 4620 esse
959 4565 1296 4622 Testamenta
1327 4567 1518 4638 (Gatat.
1549 4571 1582 4624 4
1601 4610 1615 4635 ,
1643 4570 1832 4643 2224)
1861 4589 1874 4636 ;
1905 4588 2066 4628 num-

478 4654 603 4722 quid
634 4655 754 4712 ideo
775 4697 792 4723 ,
824 4666 914 4711 aut
938 4658 1204 4714 Abraham
1232 4676 1337 4715 non
1366 4659 1498 4729 fuit,
1529 4672 1620 4717 aut
1645 4663 1763 4718 illos
1793 4664 1931 4721 ﬁlios
1958 4680 2064 4722 non

483 4745 703 4802 habuit?
743 4749 885 4818 Ergo
927 4759 982 4805 et
1018 4751 1070 4805 in
1101 4752 1348 4822 allegoria
1374 4756 1694 4824 accipiamus
1727 4757 1984 4813 Lazarum
2011 4760 2067 4815 in

477 4852 855 4907 monumento,
905 4844 1136 4899 animam
1182 4848 1408 4902 terrenis
1445 4849 1676 4918 peccatis
1704 4852 1978 4918 obrutam,
2011 4851 2066 4908 id

476 4942 591 4998 est,
623 4949 780 4990 omne
807 4933 1094 4991 humanum
1122 4953 1290 5008 genus
1313 4957 1327 4992 :
1356 4955 1513 5010 quam
1540 4943 1644 4997 alio
1669 4943 1787 4999 loco
1810 4945 2066 5002 Dominus

477 5042 573 5096 per
609 5043 762 5084 ovem
783 5031 1051 5100 .perditam
1080 5033 1368 5103 signiﬁcat,
1402 5048 1617 5107 propter
1640 5055 1798 5109 quam
1829 5041 2066 5099 liberan-

479 5121 600 5176 dam
639 5123 838 5178 relictis
877 5126 1162 5195 nonaginta
1197 5144 1387 5184 novem
1425 5131 1477 5185 in
1507 5133 1808 5202 montibus,
1835 5135 2064 5192 descen-

477 5213 620 5269 disse
658 5232 717 5273 se
751 5217 879 5273 dicit
921 5217 1068 5290 (Luc.
1111 5236 1183 5274 xv
1207 5263 1220 5288 ,
1265 5222 1347 5293 4).
1386 5222 1536 5292 Quod
1570 5233 1746 5288 autem
1775 5228 2066 5299 interrogat

476 5303 661 5361 dicens
683 5347 698 5372 ,
745 5308 841 5364 Ubi
877 5327 990 5366 eum
1020 5312 1298 5382 posuistis?
1325 5316 1652 5370 vocationem
1683 5325 1918 5372 nostram
1945 5335 2065 5390 quae

421 5472 428 5478 ‘
476 5394 536 5448 lit
590 5397 640 5450 in
687 5401 933 5464 occulto,
983 5403 1215 5458 arbitror
1265 5405 1584 5476 signiﬁcare.
1658 5407 2064 5466 Prmdestinatio

425 5479 437 5487 ’
475 5488 618 5542 enim
658 5491 950 5547 vocationis
981 5504 1176 5549 nostra:
1201 5498 1407 5566 occulta
1435 5506 1519 5554 est
1545 5516 1558 5552 :
1587 5501 1737 5570 cujus
1768 5503 1962 5558 secreti
1992 5502 2065 5557 si-

473 5593 635 5650 gnum
681 5592 760 5636 est
797 5583 1137 5654 interrogatio
1174 5589 1381 5644 Domini
1423 5592 1570 5661 quasi
1598 5595 1912 5660 nescientis,
1939 5599 2062 5651 cum

473 5672 572 5743 ipsi
602 5675 896 5730 nesciamus
921 5693 934 5743 ;
960 5678 1096 5732 sicut
1125 5681 1252 5736 dicit
1277 5683 1564 5754 Apostolus
1586 5729 1600 5753 ,
1630 5687 1696 5741 Ut
1723 5702 2056 5757 cognoscam,

473 5767 604 5820 sicut
629 5776 675 5820 et
705 5768 930 5838 cognitus
953 5785 1066 5824 sum
1095 5771 1138 5840 (Ι
1167 5772 1285 5829 Cor.
1313 5791 1404 5832 xm
1425 5819 1440 5846 ,
1473 5779 1582 5849 12).
1619 5779 1711 5832 Vel
1733 5779 1875 5848 quod
1905 5779 2059 5850 igno-

538 5903 940 5980 iqua‘tuortlssw
967 5920 1116 5978 quem
1139 5915 1422 5980 prensantem
1443 5912 1628 5966 videbat
1643 5918 1898 5968 murum
1913 5949 1928 5980 ,
1954 5929 2060 5970 mc-

471 5963 894 6020 morabahTamen
911 5963 1260 6035 adsericoidia,
1288 5978 1384 6024 etc.

3699 471 3782 533 ω

2185 587 2305 629 rare
2329 590 2388 631 se
2416 585 2723 647 peccatores
2745 580 2849 636 alio
2876 581 2994 638 loco
3015 583 3270 640 Dominus
3293 575 3526 645 ostendit
3551 589 3735 650 dicens
3754 634 3776 662 ,

2185 666 2307 724 Non
2336 671 2449 724 novi
2478 687 2562 726 vos
2587 671 2801 745 (Matth.
2832 690 2940 742 vn,
2970 674 3062 748 25)
3095 677 3278 746 :quod
3305 678 3637 750 signiﬁcabat
3662 683 3778 740 La-

2182 778 2337 821 zarus
2379 767 2653 835 sepultus;
2696 768 2820 838 quia
2863 768 2916 823 in
2959 769 3236 839 disciplina
3264 780 3320 827 et
3346 776 3626 846 praeceptis
3653 777 3779 849 ejus

2183 870 2289 910 non
2320 865 2443 912 sunt
2473 849 2713 928 peccata.
2743 859 2877 915 Huic
2906 861 3305 932 interrogationi
3333 865 3504 921 simile
3529 877 3612 924 est
3641 870 3775 927 illud

2180 947 2233 1002 in
2270 945 2496 1015 Genesi,
2537 951 2701 1004 Adam
2730 952 2816 1006 ubi
2845 970 2896 1008 es
2925 951 3074 1023 (Gen.
3104 971 3198 1022 ιιι,
3229 956 3332 1025 9)?
3356 957 3618 1026 Quoniam
3645 979 3775 1032 pec-

2178 1051 2422 1107 caverat,
2451 1051 2505 1097 et
2527 1059 2585 1099 se
2609 1044 2965 1101 absconderat
2992 1063 3019 1102 a
3049 1047 3181 1103 facie
3204 1050 3316 1105 Dei.
3339 1051 3507 1120 Quam
3530 1057 3768 1112 occulta-

2177 1135 2377 1190 tionem
2419 1136 2507 1191 hic
2549 1138 2819 1207 sepultura
2862 1139 3124 1205 signiﬁcat
3151 1159 3167 1196 :
3193 1152 3248 1196 ut
3277 1146 3544 1211 peccantis
3575 1146 3773 1204 habeat

2177 1227 2577 1284 similitudinem
2620 1231 2891 1298 moriens;
2931 1234 3168 1302 sepultus
3188 1276 3203 1299 ,
3243 1235 3541 1292 absconditi
3571 1254 3599 1291 a
3629 1237 3773 1296 facie
3803 1253 3808 1256 '

2179 1319 2295 1374 Dei.
2337 1320 2548 1392 Auferte
2572 1331 2750 1378 autem
2783 1323 3002 1395 lapidem
3027 1365 3040 1388 ,
3074 1325 3215 1394 quod
3245 1327 3350 1392 ait,
3383 1328 3502 1382 illos
3533 1341 3658 1398 puto
3687 1331 3768 1384 si-

2173 1413 2425 1483 gniﬁcare
2448 1455 2463 1482 ,
2505 1414 2594 1485 qui
2635 1415 2968 1470 venientibus
2995 1416 3060 1470 ad
3095 1417 3385 1473 Ecclesiam
3414 1435 3481 1474 ex
3505 1419 3770 1477 Gentibus

2175 1519 2310 1560 onus
2343 1505 2764 1562 circumcisionis
2794 1507 3068 1577 imponere
3098 1510 3386 1575 volebant;
3418 1523 3602 1566 contra
3629 1529 3768 1582 quos

2175 1597 2540 1667 multipliciter
2560 1598 2745 1654 scribit
2769 1599 3058 1668 Apostolus
3081 1599 3272 1672 (Galat.
3304 1600 3364 1671 II)
3400 1620 3412 1656 :
3441 1603 3524 1656 vel
3553 1619 3646 1658 eos
3672 1604 3766 1673 qui

2171 1689 2224 1742 in
2248 1690 2484 1746 Ecclesia
2509 1701 2757 1763 corrupte
2782 1693 2966 1747 vivunt
2985 1736 2998 1758 ,
3024 1703 3078 1749 et
3105 1693 3382 1749 offensioni
3405 1705 3526 1750 sunt
3543 1697 3768 1754 credere

2173 1784 2496 1841 volentibus.
2545 1786 2682 1842 Dicit
2721 1787 2799 1842 illi
2841 1787 3046 1843 Martha
3094 1806 3108 1842 :
3153 1788 3399 1856 Domine,
3433 1791 3547 1860 jam
3582 1799 3768 1860 quarta

2173 1877 2278 1931 dies
2331 1887 2436 1943 est,
2488 1889 2534 1932 et
2585 1888 2742 1950 putet.
2802 1879 3056 1935 Ultimum
3101 1891 3326 1952 quatuor
3372 1883 3766 1940 elementorum

2175 1976 2315 2023 terra
2343 1977 2425 2024 est
2453 1988 2466 2025 :
2501 1971 2766 2042 signiﬁcat
2791 1988 2917 2042 ergo
2943 1982 3184 2042 putorem
3213 1984 3541 2030 terrenorum
3570 1991 3766 2046 pecca-

2173 2069 2380 2128 torum,
2428 2063 2481 2118 id
2518 2072 2600 2119 est
2635 2065 2984 2135 cupiditatum
3021 2067 3335 2123 carnalium.
3381 2067 3536 2122 Terra
3560 2085 3642 2133 es,
3675 2068 3765 2122 in-

2171 2152 2286 2222 quit
2327 2153 2455 2207 Adae
2494 2155 2781 2217 Dominus,
2824 2171 2945 2211 cum
2981 2167 3279 2226 peccasset,
3307 2167 3353 2212 et
3378 2159 3430 2212 in
3456 2168 3641 2212 terram
3669 2159 3768 2214 ibis

2172 2246 2192 2313 (
2216 2245 2304 2298 Id.
2353 2263 2440 2312 III,
2491 2248 2604 2318 l9).
2638 2248 2704 2302 Et
2732 2249 2942 2303 sublato
2969 2251 3144 2319 lapide
3168 2252 3297 2304 exiit
3319 2251 3386 2306 de
3414 2261 3766 2308 monumento

2171 2337 2440 2394 involutus
2462 2341 2705 2395 manibus
2730 2350 2781 2396 et
2808 2342 3050 2411 pedibus,
3081 2352 3134 2396 ct
3158 2341 3323 2397 facies
3349 2342 3464 2412 ejus
3487 2353 3625 2399 tecta
3644 2353 3770 2401 erat

2161 2431 2406 2486 sudario.
2452 2431 2605 2506 Quod
2643 2442 2819 2488 autem
2849 2435 2986 2489 exiit
3022 2433 3088 2489 de
3120 2446 3494 2504 monumento,
3523 2436 3768 2494 animam

2127 2567 2130 2570 ι
2169 2523 2434 2593 signiﬁcat
2479 2525 2814 2581 recedentem
2859 2541 2890 2580 a
2930 2527 3233 2585 carnalibus
3260 2527 3420 2587 vitiis.
3449 2528 3601 2601 Quod
3629 2550 3765 2592 vero

2169 2618 2366 2674 institis
2409 2619 2723 2686 obvolutus,
2765 2618 2870 2678 hoc
2897 2630 3010 2687 est,
3041 2623 3182 2694 quod
3208 2624 3366 2679 etiam
3396 2640 3426 2679 a
3456 2628 3762 2684 carnalibus

2169 2712 2479 2769 recedentes
2503 2723 2558 2769 et
2584 2723 2760 2770 mente
2789 2717 3080 2772 servientes
3104 2718 3202 2788 legi
3229 2720 3353 2785 Dei,
3373 2721 3558 2776 adhuc
3579 2731 3759 2779 tamen

2169 2806 2221 2860 in
2253 2819 2481 2874 corpore
2509 2807 2778 2862 constituti
2809 2807 2964 2863 alieni
2987 2810 3293 2866 amolcsliis
3314 2814 3492 2867 carnis
3509 2829 3626 2870 esse
3648 2831 3758 2870 non

2167 2914 2471 2970 possumus,
2491 2900 2699 2955 dicente
2715 2902 3168 2972 Apostolo,Mente
3178 2905 3336 2959 servio
3358 2905 3452 2977 legi
3471 2907 3585 2974 Dei,
3601 2923 3758 2964 carne

2168 3001 2334 3045 autem
2355 2992 2450 3062 legi
2466 2994 2656 3062 peccati
2679 2991 2852 3066 (Rom.
2873 3010 2962 3060 vn,
2979 2993 3069 3065 25)
3081 2997 3251 3063 .Quod
3268 3007 3441 3052 autem
3461 2997 3623 3054 facies
3639 3001 3758 3069 ejus

2167 3083 2382 3138 sudario
2414 3092 2550 3139 tecta
2577 3094 2726 3154 erat,
2764 3085 2864 3142 hoc
2887 3093 2998 3154 est,
3030 3088 3171 3157 quod
3201 3088 3252 3142 in
3285 3089 3385 3144 hac
3409 3091 3513 3145 vita
3541 3092 3758 3160 plenam

2167 3179 2526 3247 cognitionem
2581 3179 2773 3236 habere
2825 3197 2928 3235 non
2959 3197 3239 3252 possumus
3267 3225 3281 3249 ,
3310 3184 3447 3239 sicut
3472 3185 3760 3255 Apostolus

2168 3269 2297 3326 dicit
2324 3289 2336 3325 :
2372 3270 2525 3326 Nunc
2547 3275 2767 3342 videmus
2791 3293 2880 3344 per
2898 3276 3157 3347 speculum
3181 3277 3236 3331 in
3257 3279 3522 3348 tenigmate
3539 3321 3553 3344 ,
3583 3289 3760 3350 postea

2174 3372 2342 3417 autem
2366 3365 2498 3437 facie
2517 3365 2586 3418 ad
2611 3369 2790 3436 faciem
2816 3368 2857 3437 (i
2887 3365 3004 3422 Cor.
3037 3385 3128 3423 xm
3146 3409 3160 3435 ,
3185 3368 3298 3440 12).
3325 3370 3392 3424 Ει
3409 3370 3541 3424 dixit
3560 3371 3716 3426 Jesus
3740 3389 3754 3426 :

2172 3453 2368 3510 Soluite
2403 3472 2516 3510 eum
2539 3498 2554 3524 ,
2595 3466 2642 3512 et
2679 3459 2826 3512 sinite
2863 3459 2935 3513 ire
2964 3458 3143 3533 (Joan.
3177 3477 3258 3528 XI,
3287 3463 3439 3532 144)
3465 3482 3478 3524 ;
3507 3463 3608 3518 hoc
3635 3473 3755 3533 est,

2171 3544 2314 3616 quod
2355 3555 2474 3616 post
2515 3547 2652 3602 hanc
2689 3549 2851 3604 vitam
2894 3551 3198 3606 anferentur
3221 3554 3396 3608 omnia
3423 3556 3756 3624 velamenta,

2171 3646 2229 3692 ut
2257 3637 2389 3693 facie
2414 3637 2481 3692 ad
2509 3637 2696 3695 faciem
2726 3641 3017 3697 videamus.
3049 3642 3312 3710 Quantum
3341 3653 3516 3698 autem
3547 3645 3764 3704 intersit

2170 3729 2310 3787 inter
2357 3731 2628 3787 hominem
2679 3749 2837 3804 quem
2888 3735 2980 3790 Dei
3023 3734 3290 3805 Sapientia
3331 3735 3616 3807 gestabat,
3655 3755 3763 3808 'per

2171 3838 2329 3892 quem
2360 3824 2567 3880 liberati
2592 3839 2776 3881 sumus
2795 3867 2810 3894 ,
2833 3837 2887 3882 et
2910 3836 3133 3882 caeteros
3159 3828 3399 3883 homines
3423 3871 3437 3897 ,
3462 3828 3583 3884 hinc
3605 3831 3765 3886 intel-

2171 3918 2349 3990 ligitur
2371 3959 2386 3986 ,
2417 3919 2560 3990 quod
2591 3920 2824 3976 Lazarus
2849 3922 2947 3976 nisi
2977 3923 3161 3978 exiens
3187 3923 3255 3978 de
3280 3936 3625 3981 monumento
3649 3943 3761 3984 non

2170 4012 2431 4080 solvitur;
2469 4013 2522 4068 id
2552 4023 2668 4082 est,
2695 4016 2851 4070 etiam
2877 4024 3061 4070 renata
3090 4017 3264 4073 anima
3293 4018 3396 4072 nisi
3425 4021 3755 4077 resolutione

2171 4105 2411 4174 corporis
2459 4104 2628 4161 libera
2671 4106 2738 4160 ab
2779 4107 2923 4162 omni
2972 4117 3190 4176 peccato
3224 4118 3278 4164 et
3320 4111 3612 4180 ignorantia
3637 4127 3763 4169 esse

2172 4212 2276 4251 non
2323 4205 2531 4266 potest,
2582 4200 2830 4269 quamdiu
2876 4215 2972 4270 per
3007 4203 3281 4270 speculum
3320 4205 3452 4259 etin
3479 4207 3764 4275 aenigmate

2173 4291 2314 4345 videt
2363 4292 2644 4347 Dominum
2687 4311 2700 4346 :
2743 4294 2882 4350 illius
2917 4303 3097 4350 autem
3129 4297 3144 4327 ί
3187 4298 3488 4355 linteamina
3517 4308 3572 4354 et
3596 4299 3764 4353 suda-

2172 4386 2308 4441 rium
2331 4427 2344 4450 ,
2389 4388 2476 4458 qui
2521 4399 2792 4457 peccatum
2821 4406 2927 4445 non
2953 4390 3110 4459 fecit,
3141 4402 3196 4448 et
3224 4392 3353 4446 nihil
3383 4393 3640 4462 ignoravit
3664 4433 3678 4457 ,
3707 4393 3763 4449 in

2170 4489 2517 4535 monumento
2543 4481 2754 4536 inventa
2780 4493 2904 4537 sunt
2927 4482 3034 4556 (Id.
3063 4500 3131 4538 xx
3151 4525 3165 4550 ,
3199 4485 3273 4554 7).
3302 4485 3419 4554 lpse
3448 4487 3588 4541 enim
3613 4485 3765 4542 solus

2174 4570 2227 4623 ill
2256 4585 2420 4624 carne
2449 4586 2551 4626 ηοιι
2586 4581 2791 4628 tantum
2821 4583 3166 4630 monumento
3189 4591 3294 4630 non
3323 4584 3406 4630 851
3430 4592 3718 4647 oppressus
3745 4621 3762 4646 ,

2173 4671 2230 4717 ut
2257 4662 2469 4732 aliquod
2497 4672 2768 4734 peccatum
2800 4667 2854 4720 in
2879 4681 2943 4720 eo
2968 4666 3293 4722 inveniretur
3321 4666 3470 4736 (Isai.
3501 4685 3590 4724 un
3609 4709 3624 4735 ,
3657 4667 3717 4737 9)
3743 4711 3758 4735 ,

2171 4753 2268 4809 sed
2293 4770 2392 4810 nec
2416 4754 2594 4812 linteis
2624 4758 2926 4826 implicatus
2946 4799 2962 4827 ,
2990 4767 3046 4814 ut
3071 4773 3194 4815 eum
3214 4759 3411 4829 aliquid
3439 4761 3644 4825 lateret,
3668 4770 3767 4816 aut

2170 4846 2238 4902 ab
2266 4847 2455 4903 itinere
2484 4848 2796 4905 retardaret.

2171 4939 2350 4995 LXVI.
2401 4939 2479 4994 De
2519 4957 2576 4996 eo
2603 4942 2739 5013 quod
2762 4941 3005 5012 scriptum
3021 4949 3126 5006 est,
3150 4941 3230 4996 An
3255 4941 3533 5009 ignoratis,
3570 4942 3764 5002 fratres

2245 5032 2552 5105 (scientibus
2577 5034 2718 5088 enim
2735 5032 2929 5104 Legem
2953 5031 3308 5106 loquor),quia
3328 5033 3438 5087 Lex
3453 5033 3766 5094 dominatur

2244 5123 2444 5178 homini
2465 5165 2480 5188 ,
2520 5123 2572 5176 in
2607 5132 2862 5193 quantum
2915 5132 3120 5193 tempus
3163 5122 3330 5177 vivit?
3361 5141 3515 5194 usque
3543 5125 3610 5178 ad
3636 5144 3754 5181 cum

2241 5216 2407 5271 locum
2454 5217 2507 5270 in
2545 5233 2646 5286 quo
2675 5217 2919 5289 scriptum
2961 5227 3068 5283 est,
3099 5217 3392 5273 Viviﬁcabit
3437 5227 3494 5274 et
3515 5223 3763 5280 mertalia

2240 5322 2462 5378 corpora
2505 5317 2684 5363 vestra
2731 5323 2826 5378 per
2865 5308 3250 5364 inhabitantem
3276 5309 3530 5381 Spiritum
3557 5314 3674 5383 ejus
3705 5315 3763 5371 in

2237 5401 2386 5456 vobis
2409 5401 2586 5471 (Rom.
2615 5417 2839 5468 vn—vut,
2872 5401 2986 5474 il).

2239 5493 2293 5548 1.
2321 5493 2608 5562 Apostolus
2639 5493 2692 5547 in
2719 5493 2820 5549 hac
2843 5494 3192 5552 similitudine
3216 5537 3230 5562 ,
3260 5496 3313 5552 in
3340 5512 3442 5568 qua
3470 5499 3538 5554 de
3563 5498 3679 5553 viro
3703 5511 3763 5557 et

2166 5583 2387 5640 muliere
2429 5585 2696 5655 loquitur,
2739 5587 2993 5658 quoniam
3029 5589 3220 5645 mulier
3247 5599 3456 5645 tenetur
3479 5590 3593 5660 lege
3620 5592 3758 5662 viri,

2164 5677 2264 5731 tria
2307 5677 2550 5748 quaedam
2594 5681 2978 5738 consideranda
3018 5682 3396 5748 commendat;
3439 5684 3714 5743 mulierem
3738 5731 3759 5760 ,

2165 5772 2335 5826 virum
2359 5814 2373 5839 ,
2417 5782 2470 5828 et
2499 5774 2672 5844 legem
2703 5794 2714 5830 :
2744 5779 3019 5834 mulierem
3046 5779 3252 5833 scilicet
3280 5779 3613 5850 subjugatam
3639 5782 3762 5836 viro

2157 5873 2262 5936 per
2279 5866 2548 5923 vinculum
2571 5871 2700 5940 legis
2725 5914 2738 5938 ,
2763 5881 2873 5941 quo
2897 5869 3110 5927 vinculo
3139 5873 3310 5928 I't‘Ib'rte
3336 5873 3433 5930 viri
3464 5875 3758 5948 liberatur,

2229 5982 2365 6032 ιω.
2389 5983 3267 6050 οιετηαιωηὶθιηαωυὶάαυῡοηιὶιή
3295 5993 3478 6040 autem.
