4000 6336
116 472 169 552 ὁὶ
1630 466 1779 541 'LiB'E

3403 501 3475 560 σε

1888 592 2008 655 dem
2042 617 2054 653 :
2084 613 2202 671 quae
2228 599 2360 657 fides
2391 600 2434 657 si
2456 598 2568 659 nos
2598 604 2698 672 sit,
2724 602 2876 677 jubet
2896 602 3103 665 unum
3128 608 3217 668 res
3238 636 3257 680 -,
3290 610 3346 671 δι
3368 618 3476 672 ‘uo‘n

1888 695 2170 764 implentes
2193 697 2341 767 jussa
2359 740 2373 763 ,
2397 714 2521 755 reos
2542 698 2691 757 te'ne't
2714 744 2728 767 ,
2754 694 2815 756 u‘t
2840 708 2932 758 eo‘s
2954 702 3236 774 ’gem'ebtes
3258 709 3275 740 ¹
3298 719 3349 763 ει
3371 722 3476 766 non

1886 786 2125 842 Valentes
2152 788 2374 858 implere
2402 798 2519 860 qua:
2544 792 2691 863 jussa
2720 794 2845 850 sunt
2868 838 2883 863 ,
2911 794 2977 851 ad
3002 796 3225 869 gratiam
3254 796 3477 857 Libera-

1888 879 2017 934 toris
2042 880 2328 949 aliquando
2352 894 2646 939 convertat.

121 631 170 677 ut
207 596 291 675 cui
336 592 477 669 vult
522 590 742 670 nubat.
782 590 888 668 rSic
929 610 1071 668 enim
1115 604 1285 664 dicit:
1314 584 1505 661 Mulier
1531 603 1664 660 enim
1687 602 1780 658 sub

125 717 251 777 viro,
295 690 423 763 vivo
480 708 736 773 marito,
772 708 966 773 juncta
1008 712 1078 757 est
1118 701 1214 772 legi
1247 716 1265 754 :
1294 699 1337 753 si
1362 708 1527 753 autem
1554 706 1780 750 mortuus

138 807 269 881 fuerit
314 804 400 856 vir
453 782 589 872 ejus
614 843 631 868 ,
684 809 931 855 cvacuata
971 806 1041 850 est
1067 814 1097 849 a
1122 795 1228 864 lege
1253 792 1363 846 viri.
1397 790 1563 860 Igitur
1591 789 1781 842 vivente

142 902 229 956 εξτο
256 892 543 950 vocabitur
569 893 819 946 adultera
841 933 855 955 ,
886 890 930 943 si
957 887 1100 961 fuerit
1128 902 1240 938 cum
1261 884 1359 936 alio
1382 883 1485 935 viro
1509 898 1525 935 :
1548 881 1590 934 si
1613 888 1779 933 autem

148 1003 359 1047 mortuus
408 988 589 1060 fuerit
637 986 720 1041 vir
764 986 876 1055 ejus
900 1026 914 1047 ,
949 966 1155 1035 liberata
1184 987 1252 1031 est
1282 994 1312 1029 η
1338 977 1444 1047 lege
1466 1018 1480 1043 ,
1509 976 1564 1029 ut
1590 991 1688 1027 non
1714 974 1778 1028 sit

155 1086 369 1140 adultera
391 1126 408 1147 ,
440 1082 489 1134 si
524 1081 695 1152 fuerit
723 1096 838 1130 cum
870 1076 971 1129 alio
999 1074 1121 1128 viro.
1155 1070 1267 1126 lluc
1295 1084 1458 1139 usque
1484 1066 1775 1123 similitudo

158 1190 245 1235 est.
290 1173 515 1230 Deinde
568 1172 770 1241 incipit
813 1182 924 1223 rem
972 1167 1143 1236 loqui,
1192 1163 1277 1219 eui
1322 1161 1668 1231 explananda
1714 1175 1776 1215 ac

162 1270 441 1344 probandae
473 1264 901 1322 similitudinem
931 1259 1151 1314 induxit.
1186 1256 1240 1309 ln
1270 1271 1368 1325 qua
1398 1254 1555 1308 etiam
1588 1268 1646 1308 re
1677 1253 1775 1305 tria

167 1367 395 1422 similiter
448 1356 796 1415 attendeuda
843 1362 1012 1418 sunt;
1056 1348 1255 1409 homo,
1306 1356 1579 1418 peccatum
1607 1387 1619 1409 ,
1666 1346 1770 1399 lex.

170 1460 376 1518 Tamdiu
419 1456 578 1512 enim
624 1452 756 1507 dicit
786 1448 885 1503 sub
908 1448 1024 1516 lege
1050 1459 1167 1498 esse
1193 1441 1498 1506 hominem,
1524 1436 1773 1509 quamdiu

172 1555 285 1608 vivit
304 1558 535 1622 peccato
562 1566 579 1611 ;
616 1538 1070 1616 quemadmodum
1102 1534 1298 1589 tamdiu
1325 1532 1515 1585 mulier
1539 1530 1635 1585 sub
1659 1529 1774 1600 lege

177 1647 273 1701 viri
296 1620 410 1707 est,
438 1638 711 1711 quamdiu
738 1633 867 1688 vivit
891 1630 970 1685 vir
993 1632 1032 1683 ί.
1061 1629 1167 1684 lloc
1194 1635 1368 1680 autem
1393 1626 1665 1694 peccatum
1688 1620 1775 1676 hic

175 1733 580 1808 intelligendum
601 1742 705 1796 est,
730 1726 874 1799 quod
896 1722 1121 1780 accessit
1144 1735 1235 1791 per
1259 1719 1449 1787 legem.
1474 1714 1623 1783 Quod
1650 1728 1773 1808 pec-

170 1805 357 1888 catum:
387 1830 525 1884 dicit
564 1840 729 1895 supra
774 1819 993 1875 modum
1042 1829 1193 1878 esse;
1240 1810 1490 1882 quoniam
1518 1822 1639 1861 cum
1664 1805 1773 1875 jam

170 1931 424 1995 appareat
448 1936 577 1977 esse
602 1922 884 1989 peccatum
910 1953 927 1977 ,
957 1911 1015 1962 lit
1038 1916 1215 1961 tamen
1233 1946 1247 1969 ,
1278 1911 1331 1957 ct
1359 1900 1604 1995 adjuncta
1633 1912 1772 1966 prte-

171 1992 502 2075 varicatione
550 2010 850 2068 cumulatur
878 2006 923 2056 ².
970 2001 1065 2057 Ubi
1114 1999 1246 2054 enim
1287 2013 1385 2049 non
1425 2002 1493 2045 est
1518 1992 1598 2045 lea:
1623 2032 1637 2055 ,
1686 2004 1774 2041 nec

168 2104 579 2186 prevaricatiol
604 2104 742 2159 Rom.
771 2114 859 2166 IV,
882 2096 996 2165 15).
1017 2094 1084 2148 Ει
1110 2092 1211 2146 hoc
1238 2098 1318 2143 est
1346 2084 1483 2186 quod
1512 2083 1669 2148 dicit,
1706 2079 1774 2135 Ut

166 2179 253 2278 fat
303 2222 483 2274 supra
529 2199 720 2255 modum
756 2201 1025 2267 peccator,
1055 2194 1141 2241 aut
1174 2191 1429 2256 peccatum
1458 2179 1479 2211 ³
1510 2195 1598 2278 per
1625 2193 1772 2229 man-

169 2270 388 2356 datum;
416 2297 755 2365 Quapropter
782 2288 957 2357 legem
978 2326 992 2351 ,
1024 2278 1262 2351 quamvis
1292 2291 1320 2330 a
1350 2270 1616 2345 peccando
1648 2283 1774 2339 pro-

172 2397 371 2459 hibeat,
388 2406 503 2446 non
537 2398 715 2442 tamen
747 2382 825 2435 sic
850 2378 980 2433 dicit
1008 2375 1205 2437 datam,
1230 2377 1285 2423 ut
1310 2366 1563 2467 liberaret
1592 2377 1621 2416 a
1654 2376 1774 2467 pec-

169 2498 325 2551 cato;
372 2483 467 2539 sed
518 2482 581 2535 ut
623 2476 1016 2532 demonstraret
1059 2472 1367 2536 peccatum,
1414 2474 1499 2513 cut
1535 2470 1774 2512 servuens

170 2583 346 2638 anima
370 2578 536 2633 debet
563 2588 626 2628 se
652 2570 718 2625 ad
746 2566 969 2639 gratiam
994 2557 1319 2616 Liberatoris
1345 2559 1658 2609 convertere
1676 2590 1688 2613 ,
1718 2556 1775 2602 ut

168 2692 199 2729 a
244 2680 465 2745 peccato
517 2666 797 2722 liberetur.
843 2657 946 2712 Per
987 2657 1143 2724 legem
1180 2650 1313 2703 enim
1342 2645 1559 2717 cognitio
1587 2641 1775 2714 peccati

173 2740 280 2841 (Id.
326 2780 424 2829 ιιι,
470 2761 594 2826 21).
648 2756 715 2809 Et
753 2751 858 2807 alio
898 2750 1015 2803 loco
1055 2745 1221 2799 dicit:
1257 2740 1361 2795 Sed
1391 2745 1652 2841 peccatum
1675 2774 1690 2801 ,
1722 2740 1775 2786 ut

173 2829 414 2932 appareat
446 2859 719 2927 peccatum
742 2890 757 2914 ,
786 2863 875 2918 per
900 2843 1083 2897 bonum
1108 2845 1382 2932 operatum
1394 2840 1465 2887 est
1492 2829 1622 2932 mihi
1641 2844 1776 2881 mor-

326 2950 430 3007 Ubi
475 2942 612 3016 ergo
650 2957 756 2997 non
789 2946 871 2994 est
892 2934 1059 3006 gratia
1091 2927 1446 2990 Liberatoris,
1476 2930 1631 2993 auget
1658 2936 1777 3016 pec-

173 3044 323 3102 candi
370 3015 711 3097 desiderium
755 3028 1044 3102 prohibitio
1078 3031 1437 3095 peccatorum.
1474 3016 1624 3084 Quod
1660 3015 1779 3085 qui-

179 3138 293 3193 dem
324 3134 396 3188 ad
427 3132 541 3185 hoc
566 3128 700 3183 utile
729 3133 845 3190 est,
876 3130 935 3176 ut
962 3118 1153 3174 sentiat
1176 3114 1350 3170 anima
1381 3125 1438 3165 se
1471 3109 1639 3195 ipsam
1670 3122 1777 3162 non

177 3230 264 3284 sibi
309 3225 570 3283 sufﬁcere
610 3220 681 3274 ad
727 3213 1115 3274 extrahendum
1165 3225 1223 3265 se
1265 3207 1333 3263 de
1368 3206 1622 3262 servitute
1654 3217 1779 3272 pec-

174 3322 269 3376 cati
296 3339 313 3385 ;
360 3328 531 3389 atque
571 3315 681 3369 hoc
718 3310 881 3366 modo
913 3307 1308 3363 detumescente
1333 3309 1491 3371 atque
1518 3298 1778 3353 exstincta

176 3418 311 3472 omni
353 3411 617 3484 superbia
639 3450 653 3472 ,
702 3406 959 3463 subdatur
986 3399 1276 3456 Liberatori
1308 3412 1407 3452 suo
1430 3438 1444 3461 ,
1477 3394 1781 3449 sinceriter-

174 3526 268 3580 que
314 3508 486 3563 homo
532 3503 709 3566 dicat,
758 3496 988 3552 Adlttesit
1025 3494 1193 3547 anima
1232 3507 1343 3543 mea
1386 3498 1493 3556 post
1533 3497 1579 3541 te
1606 3485 1780 3557 (Psal.

174 3621 317 3671 tm,
372 3600 431 3669 9)
482 3617 498 3651 :
549 3595 695 3667 quod
743 3603 826 3649 est
846 3591 965 3662 jam.
985 3603 1089 3643 non
1118 3602 1235 3642 esse
1264 3584 1362 3639 sub
1392 3583 1509 3651 lege
1538 3581 1778 3652 peccati,

173 3699 260 3755 sed
302 3699 358 3753 in
401 3696 527 3765 lege
553 3689 808 3763 .justitice.
838 3687 947 3742 Lex
978 3692 1153 3739 autem
1180 3680 1379 3752 peccati
1409 3680 1603 3733 dicitur
1627 3718 1640 3742 ,
1674 3693 1779 3732 non

174 3792 287 3862 quia
337 3790 431 3845 lex
482 3788 602 3855 ipsa
648 3790 929 3854 peccatum
974 3787 1092 3839 est,
1134 3774 1229 3830 sed
1258 3775 1379 3844 quia
1410 3770 1781 3842 peccatoribus

175 3881 488 3952 imponitur.
542 3876 671 3931 ldeo
720 3873 879 3928 etiam
929 3870 1013 3924 lex
1056 3866 1268 3931 mortis,
1320 3865 1442 3934 quia
1478 3863 1783 3933 stipendium

179 3973 361 4043 peccati
388 4012 406 4036 ,
449 3985 593 4023 mors
629 3966 807 4037 (Rom.
846 3978 897 4017 vi
921 4004 936 4029 ,
964 3960 1057 4033 ‘23)
1085 3978 1103 4025 ,'
1134 3957 1338 4013 aculeus
1367 3960 1542 4011 mortis
1565 3998 1578 4021 ,
1608 3973 1784 4027 pecca-

180 4075 317 4130 tum;
356 4064 527 4117 virtus
563 4068 735 4113 autem
774 4054 1000 4126 peccati,
1032 4055 1113 4107 lex
1140 4049 1182 4121 (1
1214 4049 1330 4104 Cor.
1365 4066 1437 4103 xv
1458 4090 1471 4114 ,
1500 4047 1615 4120 56).
1648 4048 1783 4103 Pec-

179 4156 342 4211 eando
382 4154 539 4209 enim
577 4148 647 4204 ad
686 4155 914 4203 mortem
952 4144 1197 4199 labimur.
1229 4140 1610 4196 Vehementius
1638 4138 1782 4193 enim

181 4262 459 4318 peccamus
507 4244 629 4313 lege
676 4238 1025 4309 prohibente,
1064 4249 1222 4306 quam
1264 4232 1309 4287 si
1338 4232 1480 4303 nulla
1510 4232 1622 4301 lege
1654 4245 1775 4300 pro-

180 4342 516 4397 biberemur.
556 4332 858 4389 Accedente
907 4336 1082 4383 autem
1126 4325 1321 4397 gratia,
1368 4324 1597 4394 idipsum
1636 4322 1779 4395 quod

182 4436 257 4489 lex
295 4444 540 4487 onerose
577 4428 845 4497 iusserat,
873 4422 985 4491 jam
1014 4421 1129 4476 sine
1154 4433 1319 4474 onere
1342 4431 1406 4471 ac
1433 4415 1785 4472 libentissime

184 4524 487 4595 implemus.
536 4521 646 4576 Lex
681 4532 809 4588 ergo
846 4514 1048 4585 peccati
1088 4522 1142 4568 et
1180 4513 1405 4577 mortis,
1434 4510 1485 4566 id
1514 4519 1635 4578 est,
1665 4524 1785 4579 qua:

186 4617 429 4687 imposita
476 4622 563 4668 est
605 4609 951 4682 peccantibus
988 4614 1147 4677 atque
1186 4605 1535 4660 morientibus
1559 4645 1573 4669 ,
1626 4603 1780 4673 jubet

187 4721 386 4766 tantum
427 4724 503 4764 ne
541 4705 1011 4775 concupiscamus,
1052 4710 1104 4755 et
1134 4709 1307 4755 tamen
1337 4698 1781 4768 concupiscimus.

189 4802 287 4858 Lex
326 4811 519 4857 autem
560 4798 778 4868 spiritus
822 4796 978 4857 vita),
1022 4808 1139 4862 quae
1172 4791 1400 4862 pertinet
1425 4790 1491 4844 ad
1516 4789 1739 4859 gratiam
1765 4829 1780 4855 ,

189 4904 236 4948 et
274 4895 469 4949 liberat
516 4907 545 4944 a
588 4890 704 4960 lege
732 4886 932 4958 peccati
961 4896 1013 4940 et
1041 4884 1227 4939 mortis
1246 4926 1261 4948 ,
1292 4882 1415 4938 facit
1438 4890 1497 4935 ut
1520 4896 1628 4935 non
1657 4895 1787 4935 con-

194 4991 563 5058 cupiscamus,
587 4993 641 5039 et
667 4983 986 5053 impleamus
1004 4979 1149 5048 jussa
1180 4978 1310 5057 legis
1330 5018 1344 5042 ,
1376 4990 1480 5029 nou
1506 4974 1616 5043 jam
1645 4976 1785 5029 servi

190 5080 313 5151 legis
360 5095 463 5150 per
512 5078 788 5143 timorem,
840 5072 937 5127 sed
984 5070 1137 5125 amici
1191 5085 1283 5140 per
1331 5068 1682 5129 charitatetn,
1733 5074 1788 5122 et

193 5173 321 5226 servi
361 5169 587 5241 justitiae
636 5166 779 5222 unde
825 5165 912 5220 illa
958 5164 1039 5218 lex
1072 5161 1399 5232 promulgata
1426 5168 1529 5215 est.
1558 5159 1787 5215 Justitia:

190 5276 361 5318 autem
395 5278 504 5317 non
535 5259 800 5316 serviliter
821 5299 836 5322 ,
866 5255 962 5311 sed
989 5254 1278 5309 liberaliter
1306 5251 1646 5307 serviendum
1673 5259 1783 5317 est,

194 5355 238 5409 id
281 5365 365 5409 est
385 5398 399 5416 .
439 5354 701 5408 charitate
731 5351 910 5421 potius
934 5363 1091 5417 quam
1116 5347 1327 5401 timore.
1363 5344 1589 5415 Ideoque
1619 5346 1788 5399 veris-

194 5448 320 5501 sime
366 5447 567 5501 dictum
611 5453 691 5498 est
714 5486 728 5509 ,
764 5441 949 5512 Legem
988 5457 1104 5511 ergo
1144 5455 1446 5493 evacuamus
1477 5455 1565 5508 per
1589 5437 1787 5507 fidem?

195 5541 325 5593 Absit
375 5556 392 5593 :
432 5538 524 5592 sed
549 5539 709 5607 legem
737 5534 1003 5590 statuimus
1031 5531 1205 5603 (Rom.
1235 5547 1289 5585 ιιι
1314 5573 1331 5597 ,
1363 5528 1475 5602 51).
1506 5529 1618 5585 Hoc
1644 5530 1786 5586 enim

194 5632 351 5684 enim
383 5629 552 5695 ﬁdes,
582 5628 723 5699 quod
746 5628 830 5681 lex
854 5626 1024 5695 jubet.
1057 5624 1317 5679 Statuitur
1338 5638 1464 5694 ergo
1480 5622 1573 5677 'lex
1600 5639 1695 5694 per
1724 5623 1788 5677 ll-

252 5770 267 5797 ⁸
289 5774 390 5815 ttat.
420 5772 473 5814 et
497 5773 699 5827 quatuor
718 5771 853 5822 Mss,
872 5760 990 5827 viro.

252 5830 272 5859 ³
304 5831 381 5877 sic
410 5820 624 5890 potiores
654 5820 768 5877 Mss.
812 5820 870 5875 at
892 5824 1045 5885 editi,
1085 5821 1411 5885 cumulatum;
1443 5820 1525 5873 vel
1571 5821 1788 5874 cumula-

166 5966 169 5979 ί
194 5887 442 6022 “abditi,
485 5956 566 5999 aut
596 5963 800 6022 peccans
817 5954 1086 6022 peccatum.
1105 5950 1313 6001 Verbum
1331 5983 1346 6012 ,
1372 5960 1604 6014 peccans,
1620 5960 1662 6001 ea
1678 5940 1788 6002 MSS.

198 6010 1077 6079 maagrawtexuupostolt.

1950 972 2170 1028 2.1mm
2214 976 2342 1044 ergo
2376 970 2479 1032 'tria
2516 978 2759 1049 quaedam
2800 980 2852 1035 in
2886 980 2977 1037 illa
3016 970 3360 1041 similitudine
3392 988 3477 1041 vi-

1884 1064 2102 1122 deamus
2122 1110 2136 1133 ,
2169 1070 2443 1125 mulierem
2466 1113 2481 1137 ,
2513 1074 2685 1127 virum
2708 1117 2721 1140 ,
2764 1086 2817 1130 et
2848 1077 3015 1147 legem
3044 1095 3058 1141 ;
3090 1089 3143 1134 et
3180 1097 3389 1136 rursum
3422 1084 3475 1137 in

1884 1155 1983 1212 hac
2004 1156 2064 1214 'i'c
2092 1160 2309 1230 propter
2335 1176 2491 1229 quam
2516 1158 2810 1220 similitudo
2830 1167 3061 1224 adhibita
3085 1179 3185 1236 est,
3214 1170 3337 1237 tria,
3362 1174 3478 1227 ani-

1884 1263 2058 1316 mam,
2091 1262 2400 1321 peccatum,
2442 1266 2494 1309 et
2536 1256 2708 1327 legem
2754 1260 3000 1330 peccati:
3034 1262 3137 1318 hoc
3176 1262 3346 1319 solum
3388 1264 3478 1324 hic
3546 1264 3553 1269 ’

1882 1336 2149 1398 diversum
2195 1357 2309 1413 est,
2359 1346 2499 1417 quod
2543 1350 2594 1403 in
2632 1351 2716 1406 illa
2749 1354 3093 1410 similitudine
3120 1357 3202 1411 vir
3226 1362 3473 1427 ‘m‘oritur,

1882 1441 1941 1488 ut
1964 1436 2131 1491 'nubat
2158 1440 2350 1495 mulier
2375 1442 2458 1495 cui
2487 1442 2649 1508 volet,
2683 1454 2732 1499 et
2763 1460 2791 1500 a
2822 1446 2937 1517 lege
2966 1451 3062 1503 viri
3093 1453 3358 1519 solvatur;
3388 1454 3477 1511 hic
3533 1436 3553 1485 ¹

1882 1524 2058 1581 autem
2093 1529 2203 1599 ipsa
2234 1531 2407 1586 anima
2433 1534 2658 1588 moritur
2684 1544 2922 1605 peccato,
2946 1540 3013 1593 ‘ut
3042 1541 3473 1609 nubat'Christo;
3544 1526 3551 1583 εί

1881 1628 1998 1672 cum
2030 1628 2206 1676 autem
2241 1626 2465 1679 muritur
2486 1632 2738 1695 peccato,
2766 1630 2996 1685 moritu'r
3023 1633 3182 1687 etiam
3218 1634 3322 1705 legi
3352 1651 3476 1705 pec-

1880 1712 2003 1768 cati.
2037 1712 2248 1786 Itaque,
2295 1720 2397 1786 ait,
2439 1722 2620 1791 fratres
2657 1724 2753 1776 mei
2774 1766 2787 1789 ,
2820 1722 2867 1777 c‘t
2896 1740 2981 1778 vos
3007 1729 3191 1781 mortui
3220 1730 3337 1783 estis
3379 1728 3478 1801 legi

1883 1826 1971 1878 per
1994 1829 2176 1879 corpus
2198 1812 2410 1882 “Christi,
2441 1828 2494 1871 ut
2516 1819 2626 1874 sitis
2650 1821 2857 1875 alterius
2882 1823 2967 1891 qui
2991 1840 3053 1878 ea:
3075 1826 3283 1879 mortuis
3304 1836 3477 1879 resur-

1879 1904 2026 1970 rca‘il,
2051 1908 2107 1959 ut
2133 1906 2491 1976 fructiﬁcemus
2518 1908 2643 1965 Deo.
2670 1908 2794 1967 Cum
2820 1915 2952 1967 enim
2980 1932 3198 1969 essemus
3226 1918 3277 1969 in
3303 1933 3473 1983 carne,

1882 1994 2086 2066 inquit,
2124 1997 2177 2053 id
2208 2008 2319 2065 est,
2351 2002 2652 2056 carnalibus
2682 2002 2959 2058 desideriis
2990 2006 3227 2061 obstricti
3258 2004 3475 2062 tenere-

1880 2092 2029 2151 mur,
2060 2091 2318 2160 passiones
2358 2102 2677 2163 peccatorum
2716 2110 2828 2165 qua:
2857 2111 2947 2166 per
2986 2096 3143 2166 legem
3174 2108 3317 2162 sunt,
3354 2114 3478 2167 ope-

1880 2178 2123 2233 rabt'mtur
2150 2182 2202 2235 in
2230 2184 2461 2237 membris
2490 2185 2674 2239 nostris
2696 2228 2710 2252 ,
2740 2192 2799 2239 ut
2834 2188 3057 2257 'fructum
3096 2188 3281 2257 ferrent
3306 2191 3474 2243 morti.

1881 2264 2049 2327 Aucta
2074 2275 2503 2343 concupiscentia
2526 2318 2540 2341 ,
2571 2288 2729 2345 quam
2774 2277 2859 2331 lex
2902 2278 3154 2347 prohibet
3176 2276 3220 2344 ⁵,
3252 2281 3338 2335 ubi
3372 2296 3478 2335 non

1881 2374 1994 2419 erat
2022 2365 2173 2430 fides,
2202 2377 2256 2421 et
2279 2368 2343 2421 ad
2369 2369 2637 2423 cumulum
2665 2379 3003 2439 peccatorum
3024 2373 3479 2442 'przevaricationis

1882 2459 2081 2513 crimen
2115 2469 2195 2515 est
2226 2461 2491 2531 adjectum
2524 2480 2537 2516 :
2567 2464 2689 2533 quia
2729 2465 2815 2518 ubi
2846 2474 2947 2518 non
2976 2474 3046 2519 est
3073 2465 3187 2532 lex,
3220 2482 3309 2520 nec
3349 2482 3480 2536 prte—

1880 2554 2139 2607 vttrictttio.
2172 2554 2278 2609 Has
2320 2554 2449 2609 dicit
2490 2557 2793 2625 passiones,
2828 2572 2947 2627 quas
2990 2572 3087 2628 per
3118 2554 3293 2629 legem
3333 2569 3477 2624 sunt,

1881 2645 2174 2712 operatusa
2218 2646 2271 2699 in
2315 2646 2572 2701 membris
2620 2648 2849 2714 nostris;
2890 2658 2951 2703 ut
2992 2648 3229 2704 Tractum
3279 2649 3482 2705 ferrent

1881 2735 2059 2789 murti.
2086 2736 2201 2791 Sub
2232 2736 2345 2791 istis
2372 2737 2731 2807 passionibus,
2763 2748 3011 2809 tanquam
3040 2740 3139 2796 sub
3162 2742 3277 2795 viro
3304 2739 3479 2795 domi-

1883 2836 2077 2895 nante,
2125 2829 2313 2899 agebat
2360 2831 2536 2885 anima
2584 2840 2868 2902 antequam
2916 2835 3123 2888 veniret
3167 2833 3337 2904 gratia
3388 2840 3482 2903 per

1885 2918 2065 2974 ﬁdem.
2099 2920 2194 2974 llis
2225 2936 2353 2992 ergo
2382 2922 2720 2992 passionibus
2748 2925 3006 2991 moritur,
3048 2925 3135 2995 qui
3174 2925 3282 2995 jam
3319 2927 3483 2981 servit

1884 3016 2064 3067 metite
2114 3011 2213 3083 legi
2264 3014 2394 3079 Dei;
2452 3016 2695 3085 quamvis
2742 3015 2869 3085 ipsa:
2920 3017 3199 3085 passiones
3240 3016 3483 3074 nondum

1884 3104 2258 3170 mortiue‘sint,
2281 3104 2533 3174 quamdiu
2556 3120 2717 3160 carne
2739 3106 2903 3160 servit
2926 3106 3026 3177 legi
3046 3108 3275 3177 peccati.
3296 3106 3484 3164 Restat

1885 3202 2013 3266 ergo
2055 3196 2229 3251 adhuc
2258 3196 2464 3268 aliquid
2506 3198 2553 3253 ei
2589 3199 2677 3268 qui
2715 3207 2796 3253 est
2829 3199 2928 3254 sub
2958 3200 3157 3270 gratia,
3192 3200 3330 3268 quod
3352 3206 3483 3256 ’eum

1886 3303 1991 3343 non
2028 3290 2235 3355 vincat,
2280 3298 2383 3345 nec
2421 3292 2688 3360 captiVum
2716 3290 2906 3358 ducat,
2939 3292 3110 3347 donec
3134 3286 3485 3354 mor‘tillcevur

1886 3386 2053 3435 totum
2068 3382 2215 3450 quod
2238 3382 2625 3437 consuetudine
2648 3396 2805 3452 prava
2830 3385 3139 3439 roboratam
3164 3396 3247 3441 est
3269 3396 3321 3441 et
3343 3387 3485 3443 unde

1885 3475 2080 3543 corpus
2119 3474 2278 3527 etiam
2316 3478 2462 3528 nunc
2494 3476 2765 3529 mortuum
2809 3488 2929 3530 esse
2961 3475 3199 3543 'dicitur,
3233 3478 3484 3546 quamdiu

1889 3580 1992 3620 non
2024 3564 2257 3635 perfecte
2292 3565 2457 3620 servit
2496 3564 2722 3636 spiritui.
2756 3566 3038 3635 Continget
3065 3576 3242 3622 autem
3272 3576 3328 3621 ut
3357 3583 3484 3637 per-

1882 3660 2026 3715 iecte
2061 3659 2295 3725 serviat,
2340 3668 2462 3714 cum
2500 3659 2668 3715 fuerit
2708 3667 2765 3715 et
2806 3659 2983 3731 ipsum
3024 3660 3253 3716 mortale
3289 3674 3484 3731 corpus

1886 3752 2231 3808 viviﬂeatum.

1961 3846 2012 3899 5.
2046 3844 2126 3899 Ex
2159 3854 2264 3915 quo
2292 3843 2795 3915 comprehendimus
2814 3855 3051 3915 quatuor
3078 3860 3198 3903 esse
3228 3836 3483 3905 differen-

1884 3937 1990 3991 tias
2015 3936 2174 3991 etiam
2204 3937 2256 3991 in
2285 3950 2391 3990 uno
2417 3936 2650 3999 homine,
2668 3936 2866 4006 quibus
2889 3936 3148 4007 gradatim
3177 3938 3403 4007 peractis
3430 3938 3484 3996 in

1887 4030 1996 4085 vita
2026 4038 2223 4083 tetema
2246 4028 2569 4083 manebitur.
2598 4029 2730 4095 Quia
2761 4029 2904 4083 enim
2935 4028 3217 4098 oportebat
3245 4038 3402 4098 atque
3424 4028 3486 4085 id

1885 4123 2086 4194 justum
2130 4130 2281 4187 erat,
2310 4131 2365 4176 ut
2406 4130 2751 4193 posteaquam
2778 4131 2970 4177 natura
3006 4131 3183 4177 nostra
3220 4123 3483 4192 peccavit,

1888 4215 2083 4270 amissa
2131 4213 2454 4269 beatitudine
2500 4215 2779 4284 spirituali,
2822 4228 2940 4285 quas
2993 4213 3225 4285 paradisi
3260 4215 3487 4270 nomine

1890 4311 2237 4384 signiﬁcatur,
2262 4310 2517 4365 animales
2536 4310 2889 4380 carnalesque
2914 4322 3286 4374 nasceremur;
3315 4310 3485 4378 prima

1884 4413 1974 4459 est
2000 4403 2148 4458 actio
2184 4410 2309 4456 ante
2332 4400 2528 4471 Legem
2551 4444 2565 4467 ,
2599 4400 2830 4455 secunda
2870 4402 2970 4455 sub
2996 4401 3134 4469 Lege
3155 4443 3168 4467 ,
3202 4400 3355 4454 tertia
3387 4398 3485 4455 sub

1886 4496 2078 4567 gratia,
2101 4505 2287 4564 quarta
2304 4494 2361 4547 in
2380 4508 2535 4564 pace.
2560 4494 2699 4548 Ante
2716 4493 2914 4564 Legem
2937 4494 3074 4548 actio
3097 4502 3197 4558 cst,
3220 4506 3339 4547 cum
3364 4506 3487 4562 pec-

1882 4596 2064 4643 ‘catnm
2088 4588 2421 4656 ignaramus,
2449 4594 2505 4642 et
2534 4587 2807 4657 sequimur
2832 4586 3076 4641 carnales
3104 4586 3487 4655 concupiscen—

1890 4683 2014 4737 tia's.
2036 4680 2153 4738 Sub
2180 4680 2321 4751 L'cgc
2346 4688 2433 4734 est
2460 4681 2620 4747 actio,
2646 4695 2768 4735 cum
2796 4679 2903 4750 jam
2937 4679 3282 4749 prohibemur
3309 4694 3337 4732 a
3364 4694 3487 4749 pec-

1888 4782 2047 4839 cato,
2094 4782 2148 4828 et
2193 4781 2368 4827 tamen
2413 4771 2796 4827 consuetudine
2844 4772 2959 4840 ejus
3003 4772 3128 4826 victi
3178 4786 3482 4842 peccamus,

1884 4864 2142 4936 quoniam
2175 4879 2271 4919 nos
2298 4863 2535 4919 nondum
2566 4863 2778 4935 adjuvat
2812 4863 2965 4919 tldes.
2996 4865 3173 4919 Tertia
3210 4864 3347 4918 actio
3382 4872 3482 4927 est,

1886 4958 2107 5029 quando
2146 4960 2254 5028 jam
2292 4957 2606 5027 pleniSsime
2636 4956 2912 5013 credimus
2944 4957 3245 5013 Liberaturi
3277 4958 3481 5019 nostro,

1886 5058 1996 5108 nec
2017 5053 2220 5107 meritis
2238 5052 2442 5106 noswis
2462 5050 2663 5121 aliquid
2684 5051 2986 5117 tribuimus,
3019 5052 3111 5107 sed
3134 5051 3253 5120 ejus
3277 5050 3487 5103 miseri-

1886 5145 2130 5201 lcolrdiam
2177 5142 2481 5215 diligendo,
2519 5144 2627 5215 jam
2674 5154 2781 5199 non
2828 5144 3091 5199 vincimur
3134 5141 3487 5198 delectatione

1886 5237 2289 5294 ‘coiisuetudinis
2332 5236 2671 5302 malecycum
2718 5236 2785 5291 ad
2825 5243 3100 5306 peccatum
3150 5247 3245 5287 nos
3289 5232 3488 5289 ducere

1884 5333 2079 5386 έιιῖιίιιιι·
2096 5330 2228 5395 ;sed
2246 5338 2427 5385 tatuen
2450 5329 2623 5384 adhuc
2642 5340 2760 5384 eam
2780 5326 3207 5396 interpellantem
3231 5326 3484 5396 patimur,

1884 5424 2137 5495 *quamvis
2180 5424 2228 5478 ei
2272 5430 2387 5477 non
2435 5421 2723 5481 tradamur.
2762 5420 2964 5487 Quarta
3005 5426 3096 5473 'cs‘t
3145 5420 3312 5484 actio,
3363 5433 3485 5474 cum

1896 5516 2114 5570 omnino
2134 5514 2267 5570 ’nihil
2284 5523 2376 5569 δεδι
2394 5513 2453 5568 ‘in
2480 5512 2695 5567 homine
2721 5509 2859 5580 quod
2878 5510 3095 5567 resistat
3120 5512 3327 5582 spiritui
3348 5554 3361 5577 ,
3391 5510 3485 5564 sed

1888 5608 2073 5663 omnia
2114 5606 2330 5662 sibimet
2373 5602 2712 5660 concorditer
2744 5602 2928 5672 juncta
2950 5612 3012 5659 et
3038 5616 3285 5660 connexa
3316 5608 3485 5657 unum

1963 5761 1980 5791 ι
2018 5760 2205 5824 Aliquot
2220 5766 2347 5825 Mss,
2369 5754 2695 5825 gemiscetttes.
2782 5818 2785 5819 ν
2980 5822 2988 5825 _
3114 5816 3119 5823 .

1960 5824 1981 5853 ¹
2016 5816 2128 5871 octo
2297 5816 2599 5883 utTructam
2624 5818 2805 5882 ferrent
2846 5822 2989 5871 morti
3026 5816 3215 5883 auctam
3256 5816 3483 5883 concupi-

1894 5884 2125 5935 scentiam
2143 5918 2155 5941 ,
2183 5896 2292 5931 cum
2315 5880 2396 5932 leto
2418 5880 2651 5943 prohibet.
2677 5884 2872 5941 Quidam
2898 5894 3034 5943 vero,
3064 5882 3353 5947 prohiberet.

1964 5948 1984 5978 ³
2018 5952 2090 5994 Er.
2128 5940 2180 5994 et
2213 5952 2319 5995 Iov.
2339 5980 2352 6003 ,
2382 5940 2608 6007 operam}.
2636 5947 2805 5996 Melius
2824 5952 2953 6011 Mss,
2978 5940 3215 6011 operatus.
3240 5969 3299 5985 —-
3335 5940 3467 6009 [md

1902 6016 1953 6062 et
1986 6017 2125 6071 vom,
2148 6000 2389 6072 operatte,
2412 6000 2471 6059 ut
2487 6013 2565 6060 Er.
2592 6013 2645 6059 et
2664 6014 2773 6061 ων.
2860 6000 2952 6057 ᾗ(
3006 6000 3019 6011 ’
3396 6000 3431 6009 ⁷
3482 6010 3483 6013 ‘
