4000 6336
433 465 507 522 63
861 384 877 472 ’ν
1133 450 1226 508 DE
1262 384 1583 507 DIVERSIS.
1610 431 2132 513 ρυιΕεΤιοΝιΒυε
2170 431 2478 508 LXXXIII,
2505 436 2566 494 S.
2606 436 2978 499 AUGUSTINI
3650 450 3731 515 σι

434 581 633 656 aliquid
659 581 813 636 ﬁrma
840 589 971 650 pace
999 572 1303 631 custodiunt
1329 587 1343 624 :
1371 567 1513 640 quod
1542 566 1633 622 lict
1668 560 1879 656 mortali
1906 574 2030 615 cor-

431 654 565 751 pore
590 673 874 737 viviﬁcato,
908 684 1029 726 eum
1059 662 1405 734 corruptibile
1447 660 1548 714 hoc
1585 654 2032 751 induerithincor-

435 749 772 841 ruptionem,
813 773 868 821 et
904 762 1130 819 mortale
1167 758 1271 815 hoc
1303 754 1536 811 induerit
1576 749 2029 809 immortalitatem

438 866 480 935 (1
509 864 626 920 Cor.
648 878 742 929 xv,
773 860 863 923 54,
896 856 1008 926 55).

510 958 563 1011 4.
595 954 678 1011 Ad
708 953 932 1023 primam
962 948 1223 1005 actionem
1253 937 1723 1000 demonstrandam
1753 936 1852 992 ista
1882 934 2033 990 testi-

384 1050 387 1053 ’
436 1049 615 1104 monia
644 1046 855 1102 interim
885 1048 1171 1100 occurrunt
1203 1058 1215 1093 :
1249 1039 1352 1093 Per
1381 1053 1537 1091 unum
1574 1034 1824 1088 hominem
1856 1045 2032 1102 pecca-

440 1150 545 1196 tum
572 1142 625 1194 in
662 1138 793 1193 hunc
830 1135 1076 1191 mundum
1101 1131 1338 1196 intravit,
1372 1138 1417 1183 et
1449 1146 1537 1198 per
1575 1135 1835 1198 peccatum
1860 1138 2031 1188 mors;

438 1244 486 1290 et
512 1236 583 1288 sic
613 1249 701 1305 per
728 1247 897 1286 onmes
927 1228 1151 1283 homines
1181 1224 1501 1297 pertransiit,
1536 1222 1590 1276 in
1616 1237 1714 1291 quo
1742 1234 1910 1274 omnes
1939 1217 2031 1269 ho-

438 1326 596 1380 mines
627 1329 970 1393 peccaverunt.
1011 1318 1180 1389 Usque
1218 1316 1286 1369 ad
1318 1317 1476 1386 legem
1514 1314 1645 1366 enim
1684 1321 1940 1382 peccatum
1978 1310 2032 1363 in

441 1421 535 1475 hoc
561 1417 751 1472 mundo
776 1417 893 1486 fuit.
927 1413 1195 1469 Peccatum
1219 1419 1388 1465 autem
1414 1426 1514 1463 non
1541 1406 1896 1479 deputabatur,
1920 1420 2032 1457 cum

439 1513 523 1567 lea:
550 1527 651 1565 non
679 1519 801 1564 esset
844 1507 1016 1579 (Rom.
1048 1521 1101 1571 v,
1134 1504 1202 1559 12
1222 1546 1237 1568 ,
1268 1501 1380 1573 15).
1412 1502 1477 1555 Ει
1504 1501 1695 1555 iterum
1726 1517 1739 1552 :
1775 1497 1900 1553 Sine
1927 1497 2034 1567 lege

438 1604 568 1660 enim
607 1612 867 1674 peccatum
906 1606 1159 1653 mortuum
1199 1605 1311 1660 est;
1349 1610 1439 1665 ego
1481 1602 1648 1647 autem
1685 1590 1904 1645 vivebam
1933 1590 2033 1644 ali-

438 1695 641 1767 quando
670 1696 778 1749 sine
806 1692 931 1763 lege.
961 1691 1114 1758 Quod
1143 1690 1285 1746 enim
1327 1687 1413 1743 hic
1453 1686 1609 1753 dicit,
1642 1692 1897 1738 mortuum
1923 1690 1995 1735 est
2012 1699 2033 1747 ,-

439 1790 541 1843 hoc
568 1797 651 1843 est
677 1785 817 1859 quod
849 1785 1092 1856 superius
1121 1783 1283 1851 dicit,
1311 1798 1413 1836 non
1440 1779 1776 1850 deputabatur
1794 1821 1810 1846 ,
1852 1778 1904 1833 id
1929 1786 2032 1845 εει,

440 1882 657 1937 latebat.
702 1880 854 1948 Quod
896 1878 1201 1934 manifestat
1241 1878 1293 1932 iu
1336 1876 1783 1947 consequentibus
1831 1872 2032 1939 dicens,

440 1974 547 2031 Sed
577 1984 869 2044 peccatum,
899 1982 951 2028 ut
983 1980 1228 2045 appareat
1266 1981 1521 2041 peccatum
1541 2012 1556 2037 ,
1588 1988 1677 2041 per
1704 1970 1886 2023 bonum
1912 1984 2035 2037 ope-

437 2080 607 2124 ratum
634 2080 708 2124 est
736 2070 861 2123 mihi
888 2078 1093 2122 mortem
1120 2084 1137 2121 :
1166 2067 1219 2121 id
1246 2074 1357 2132 est,
1390 2081 1486 2137 per
1512 2065 1716 2134 legem;
1747 2064 1866 2134 quia
1898 2061 2036 2117 bona

371 2144 379 2154 ’
439 2170 523 2216 est
551 2162 653 2223 lex,
680 2161 722 2215 si
746 2161 865 2230 quis
887 2176 949 2215 ea
971 2160 1206 2229 legitime
1226 2168 1405 2212 utatur
1431 2157 1475 2227 (ι
1496 2156 1630 2209 Tim.
1659 2170 1696 2219 ι,
1722 2153 1799 2225 8).
1830 2153 1885 2208 Si
1908 2168 2037 2222 ergo

441 2251 529 2306 hic
557 2252 659 2316 ait,
692 2260 749 2305 ut
785 2259 1033 2319 appareat
1071 2258 1365 2319 peccatum;
1394 2247 1730 2301 manifestum
1774 2252 1855 2299 cst
1893 2243 2037 2314 quod

441 2342 684 2413 superius
716 2341 836 2396 ideo
865 2340 1075 2396 dicebat
1098 2348 1367 2395 mortuum
1396 2347 1450 2394 et
1474 2353 1581 2392 non
1605 2336 1849 2407 deputari
1868 2378 1883 2404 ,
1912 2336 2037 2407 quia

439 2452 545 2491 non
563 2436 851 2506 apparebat
871 2444 1153 2507 antequam
1172 2434 1289 2505 lege
1312 2432 1625 2504 prohibente
1642 2431 2033 2487 ostenderetur.

510 2530 563 2583 5.
599 2528 675 2583 Ad
722 2528 1010 2584 secundam
1050 2527 1316 2581 actionem
1355 2526 1456 2580 ista
1498 2525 1798 2581 testimonia
1836 2538 2034 2579 conve-

439 2620 592 2675 niunt
619 2638 632 2674 :
663 2618 772 2675 Lex
813 2628 982 2673 autem
1024 2619 1355 2694 subintravit,
1397 2625 1450 2669 ut
1480 2616 1757 2670 abundaret
1796 2616 2037 2671 delictum

443 2712 616 2785 (Rom.
642 2728 698 2779 v,
726 2710 841 2783 20).
870 2712 1104 2766 Accessit
1131 2710 1274 2765 enim
1301 2717 1355 2764 et
1373 2708 1760 2779 prmvarieatio,
1788 2724 1905 2778 quas
1928 2722 2036 2764 non

437 2814 571 2863 erat.
609 2807 677 2860 Et
705 2805 833 2860 illud
876 2805 1017 2875 quod
1057 2804 1167 2874 jam
1214 2810 1689 2859 commemoratum
1731 2810 1813 2856 est
1853 2819 1866 2856 :
1909 2799 2037 2856 Cum

438 2915 656 2953 essemus
685 2899 815 2952 enim
845 2899 897 2952 in
927 2915 1078 2952 carne
1096 2941 1111 2965 ,
1155 2898 1412 2967 passiones
1454 2904 1774 2967 peccatorum
1807 2912 1919 2965 qua:
1947 2913 2037 2967 per

439 2992 596 3062 legem
622 3000 758 3055 sunt,
790 2990 1129 3059 aperabantur
1152 2990 1205 3042 in
1233 2988 1466 3043 membris
1492 2989 1676 3042 nostris
1693 3029 1706 3053 ,
1740 2996 1793 3042 ut
1816 2992 2036 3059 fructum

439 3086 625 3155 ferrent
663 3083 829 3136 morti.
864 3082 934 3136 Et
963 3080 1087 3135 illud
1120 3100 1132 3135 :
1163 3080 1300 3147 Quid
1339 3097 1469 3159 ergo
1495 3081 1758 3135 dicemus?
1783 3079 1891 3135 Lea:
1917 3098 2035 3152 pec-

438 3184 605 3228 catum
644 3174 757 3228 est?
798 3174 937 3227 Absit
974 3189 992 3226 :
1031 3172 1121 3227 sed
1148 3182 1406 3242 peccatum
1436 3188 1536 3226 non
1576 3172 1783 3243 cognovi
1822 3173 1920 3226 nisi
1948 3189 2038 3243 per

438 3268 617 3339 legem.
644 3265 784 3320 Nam
804 3266 1260 3337 concupiscentiam
1282 3266 1582 3332 nesciebam,
1608 3266 1706 3319 nisi
1726 3266 1809 3319 lea:
1829 3265 2032 3333 diceret,

440 3360 564 3416 Non
591 3361 931 3432 concupisces.
972 3360 1251 3415 Occasione
1289 3370 1456 3414 autem
1495 3370 1734 3429 accepta,
1776 3368 2037 3429 peccatum

438 3469 528 3521 per
554 3452 852 3506 ntandatum
881 3460 1144 3522 operatum
1170 3460 1242 3505 est
1272 3450 1325 3504 in
1350 3467 1429 3505 me
1452 3467 1651 3504 omnem
1676 3450 2037 3521 concupiscen-

440 3546 581 3600 tiam.
614 3545 683 3600 Et
710 3546 866 3615 paulo
892 3554 1009 3614 post
1038 3562 1051 3597 :
1083 3544 1403 3609 Adveniente,
1436 3544 1623 3614 inquit,
1652 3544 1891 3599 mandato
1915 3562 2035 3616 pec-

438 3651 607 3693 catum
634 3642 831 3695 revixit.
861 3640 973 3711 Ego
1002 3649 1170 3694 autem
1197 3650 1422 3695 mortuus
1445 3656 1586 3707 sum,
1616 3650 1661 3693 et
1687 3641 1940 3694 inventum
1962 3648 2037 3695 est

442 3733 568 3785 mihi
596 3732 894 3786 mandatum
931 3733 1064 3803 quod
1101 3743 1205 3785 erat
1238 3732 1305 3785 ad
1332 3732 1483 3786 vitam
1504 3773 1519 3799 ,
1549 3732 1643 3786 hoc
1669 3749 1773 3787 esse
1800 3733 1867 3786 ad
1894 3749 2035 3787 mor-

446 3835 557 3880 tem.
596 3825 867 3879 Peccatum
905 3826 1038 3879 enim
1079 3826 1339 3879 occasione
1366 3835 1573 3896 accepta
1603 3843 1691 3897 per
1718 3826 2032 3891 mandatum,

439 3920 621 3991 fefellit
648 3938 741 3986 me,
777 3930 822 3975 et
849 3937 938 3991 per
961 3920 1091 3975 illud
1113 3920 1316 3974 occidit.
1340 3918 1490 3988 Quod
1523 3935 1649 3991 ergo
1673 3920 1766 3984 ait,
1801 3918 2037 3975 Mortuus

440 4031 586 4080 sum;
618 4015 731 4068 vult
761 4014 1020 4084 intelligi,
1047 4023 1313 4069 mortuum
1344 4029 1432 4070 me
1460 4029 1579 4069 esse
1612 4014 1835 4085 cognovi
1868 4033 1880 4069 :
1913 4017 2035 4085 quia

437 4107 550 4178 jam
579 4107 735 4161 etiam
763 4107 1195 4176 praevaricatione
1222 4115 1422 4177 peccat,
1454 4106 1541 4177 qtti
1572 4106 1719 4163 videt
1746 4123 1840 4177 per
1865 4107 2036 4178 legem

441 4199 566 4269 quid
598 4199 770 4254 facere
802 4216 906 4253 non
930 4199 1150 4263 debeat,
1192 4207 1246 4255 et
1284 4210 1460 4255 tamen
1502 4197 1645 4253 facit.
1676 4198 1827 4267 Quod
1858 4209 2036 4256 autem

442 4290 544 4356 ait,
576 4290 781 4361 Fefellit
820 4306 898 4344 me
927 4301 1190 4363 peccatum
1208 4333 1223 4359 ,
1251 4292 1511 4346 occasione
1535 4303 1739 4362 accepta
1774 4310 1863 4364 per
1885 4310 2037 4348 man-

444 4383 618 4438 datum
650 4399 669 4438 :
705 4385 822 4442 sive
863 4385 985 4455 quia
1026 4386 1202 4440 suasio
1246 4385 1613 4440 delectationis
1652 4386 1718 4441 ad
1761 4395 2038 4455 peccatum

444 4476 812 4532 vehementior
826 4484 927 4544 est,
951 4492 1071 4532 cum
1092 4476 1244 4532 adest
1263 4476 1579 4548 prohibitio;
1601 4478 1713 4535 sive
1734 4478 1855 4549 quia
1877 4480 2037 4535 etiam

445 4567 489 4621 si
518 4567 640 4636 quid
670 4567 827 4621 homo
860 4567 1042 4624 fecerit
1079 4568 1371 4624 secundum
1406 4568 1554 4639 jussa
1596 4569 1758 4639 legis,
1789 4570 1835 4625 si
1863 4569 2039 4626 adhuc

445 4673 551 4712 non
580 4659 645 4712 sit
675 4658 826 4726 ﬁdes,
850 4676 969 4731 quae
996 4661 1239 4731 in'gratia
1266 4670 1367 4727 est,
1392 4661 1507 4716 vult
1530 4662 1630 4718 sibi
1655 4662 1755 4717 hoc
1778 4662 2032 4734 tribuere,

446 4766 549 4804 non
579 4752 716 4816 Deo,
751 4762 805 4806 et
842 4754 1199 4823 superbiendo
1228 4754 1347 4823 plus
1378 4762 1578 4823 peccat.
1610 4754 1859 4826 Sequitur
1887 4771 2034 4827 ergo,

446 4852 498 4897 et
522 4843 650 4897 dicit
680 4862 691 4897 :
724 4843 903 4914 Itaque
944 4847 1025 4900 lex
1051 4847 1249 4916 quidem
1275 4856 1479 4914 sancta,
1509 4856 1555 4901 et
1589 4851 1887 4902 mandatum
1913 4864 2035 4903 san-

444 4946 578 4991 ctum
598 4978 613 4999 ,
642 4946 688 4991 et
707 4938 929 5008 justum,
963 4948 1009 4992 et
1038 4937 1239 4992 bonum.
1269 4940 1417 5005 Quod
1438 4956 1559 5012 ergo
1584 4940 1769 4995 bonum
1795 4948 1886 5006 est,
1915 4940 2040 4994 mihi

444 5033 633 5101 factum
662 5040 731 5086 est
760 5031 936 5085 mors?
960 5030 1101 5085 Absit
1130 5048 1149 5085 :
1175 5032 1264 5087 sed
1292 5042 1550 5102 peccatum
1576 5042 1631 5086 ut
1658 5040 1902 5105 appareat
1925 5048 2041 5103 pec-

444 5132 645 5189 catum,
680 5140 769 5191 per
797 5122 981 5177 bonum
1020 5133 1284 5194 operatum
1322 5133 1395 5179 est
1434 5124 1557 5179 mihi
1597 5134 1833 5193 mortent,
1863 5134 1918 5179 ut
1947 5126 2038 5195 ﬁat

445 5230 602 5281 supra
640 5216 843 5270 modum
887 5225 1153 5287 peccator,
1194 5226 1280 5271 aut
1318 5227 1578 5288 peccatum
1619 5218 1909 5288 delinquens
1951 5234 2042 5289 per

446 5306 760 5360 mandatum.
797 5309 1000 5363 Scimus
1039 5319 1204 5364 autem
1232 5309 1351 5380 quia
1380 5310 1461 5366 lea:
1495 5311 1776 5381 spiritualis
1814 5320 1886 5365 est
1907 5351 1921 5376 ,
1950 5326 2041 5381 ego

447 5406 615 5451 autem
644 5400 863 5455 carnalis
891 5418 1033 5467 sum,
1065 5400 1115 5454 id
1141 5408 1255 5467 est,
1288 5402 1434 5457 carni
1465 5402 1774 5467 consentio,
1807 5399 2041 5456 nondum

449 5490 707 5559 Spirituali
737 5492 906 5560 gratia
936 5494 1187 5549 liberatus
1210 5488 1287 5568 (ὰ)
1314 5513 1327 5551 :
1350 5494 1679 5549 venumdatus
1703 5492 1794 5549 sub
1817 5503 2040 5564 peccato,

450 5583 500 5637 id
527 5593 628 5647 est,
665 5598 889 5652 peccans
916 5587 1090 5653 pretio
1119 5588 1492 5659 temporalium
1517 5586 1865 5656 voluptatum.
1895 5584 2046 5651 Quod

448 5679 584 5733 enim
610 5694 808 5748 operor,
838 5679 1014 5750 ignoro
1041 5697 1060 5735 :
1089 5682 1137 5737 id
1164 5691 1264 5744 est,
1294 5697 1398 5737 non
1426 5696 1655 5753 agnosco
1680 5697 1800 5737 esse
1831 5682 1881 5735 in
1912 5697 2049 5752 prie-

449 5772 620 5839 copiis
647 5772 883 5826 veritatis
902 5816 917 5839 ,
952 5774 1036 5829 ubi
1063 5783 1144 5830 est
1168 5792 1291 5830 vera
1320 5776 1560 5831 scientia.
1584 5773 1887 5831 Secundum
1911 5774 2050 5832 hanc

449 5864 775 5919 locutionem
802 5865 930 5921 dicit
955 5867 1211 5925 Dominus
1237 5870 1626 5940 peccatoribus,
1655 5868 1779 5926 Non
1802 5869 1918 5925 novi
1940 5884 2047 5927 vos.

511 5974 592 6038 (α)
625 5982 642 6027 ι
665 5982 869 6033 Retract.
886 5990 992 6044 cap.
1019 5977 1096 6033 κ.

2136 551 2254 608 Non
2281 555 2423 610 enim
2449 570 2570 611 eum
2595 556 2796 628 aliquid
2818 558 2967 627 latet,
2998 557 3093 615 sed
3117 558 3242 632 quia
3264 566 3483 633 peccata
3503 577 3614 623 non
3639 568 3727 627 in-

2135 648 2417 703 veniuntur
2436 648 2491 703 in
2510 650 2707 721 regulis
2729 661 3137 722 praeceptorum,
3164 670 3295 726 quas
3321 656 3481 714 habet
3498 662 3724 732 veritas,

2134 740 2254 796 ideo
2298 744 2411 813 ipsa
2450 741 2659 799 Veritas
2694 747 3060 814 peccatoribus
3098 747 3258 817 dicit,
3300 750 3424 808 Non
3463 756 3577 809 novi
3615 771 3725 813 vos.

2133 834 2279 890 Sicut
2307 836 2451 891 enim
2492 839 2727 893 tenebrae
2767 841 2932 895 oculis
2970 858 3076 897 non
3117 844 3381 914 videndo,
3413 848 3484 903 ita
3512 860 3730 919 peccata

2132 936 2314 983 mente
2345 929 2636 1000 ignorando
2662 933 2982 988 sentiuntur.
3006 934 3088 989 Ex
3114 937 3213 991 ista
3235 938 3502 995 locutione
3526 941 3730 999 dictum

2132 1020 2364 1075 arbitror
2394 1023 2445 1076 in
2476 1023 2723 1088 Psalmis,
2755 1025 2951 1080 Delicta
2979 1029 3090 1098 quis
3114 1029 3345 1102 intelligit
3375 1031 3547 1102 (Psal.
3571 1052 3727 1105 xvut,

2134 1114 2221 1184 1⁸5)
2243 1116 2265 1167 ?
2301 1115 2421 1169 Non
2446 1119 2577 1171 enim
2600 1119 2735 1188 quod
2755 1121 2887 1189 volo,
2916 1123 3010 1175 hoc
3036 1140 3133 1194 ago
3156 1140 3174 1189 ;
3199 1126 3288 1180 sed
3309 1128 3445 1199 quod
3470 1131 3575 1194 odi,
3598 1131 3733 1185 illud

2135 1208 2287 1278 facio.
2320 1209 2381 1263 Si
2409 1220 2575 1263 autem
2600 1212 2737 1281 quod
2766 1213 2902 1277 nolo,
2936 1215 3031 1268 hoc
3059 1233 3175 1286 ago,
3205 1221 3458 1274 consentio
3484 1222 3581 1292 legi
3606 1240 3735 1294 quo-

2135 1301 2270 1352 niam
2315 1300 2444 1354 bona
2488 1310 2577 1356 est.
2611 1303 2764 1358 Nunc
2792 1315 2959 1359 autem
2981 1309 3095 1378 jam
3121 1326 3221 1363 non
3250 1328 3340 1381 ego
3369 1330 3549 1384 operor
3576 1316 3729 1381 illud,

2134 1394 2223 1447 sed
2246 1394 2300 1446 id
2324 1394 2461 1465 quod
2484 1396 2535 1448 in
2562 1412 2641 1449 me
2667 1396 2854 1450 habitat
2883 1410 3160 1469 peccatum.
3186 1401 3305 1457 Scio
3331 1406 3463 1458 enim
3486 1409 3603 1477 quia
3628 1426 3735 1464 non

2136 1484 2324 1537 habitat
2356 1486 2407 1537 in
2436 1502 2531 1552 me,
2565 1487 2658 1539 hoc
2684 1497 2754 1541 est
2784 1490 2835 1541 in
2859 1506 3009 1544 carne
3033 1508 3163 1556 mea,
3194 1493 3398 1548 bonum.
3438 1495 3576 1552 Velle
3599 1501 3735 1553 enim

2135 1576 2335 1647 adjacet
2367 1577 2520 1644 mihi,
2553 1579 2790 1647 perﬁcere
2818 1591 2986 1636 autem
3025 1584 3207 1637 bonum
3239 1601 3339 1639 non
3368 1587 3581 1642 invenio.
3609 1590 3738 1645 Non

2072 1680 2077 1683 '
2136 1671 2267 1723 enim
2308 1670 2443 1739 quod
2486 1672 2596 1724 volo
2617 1713 2632 1738 ,
2677 1677 2809 1743 facio
2840 1674 3059 1742 bonum;
3101 1679 3189 1731 sed
3213 1680 3349 1748 quod
3374 1682 3490 1735 nolo
3518 1685 3733 1750 malum,

2137 1760 2230 1814 hoc
2254 1777 2371 1831 ago.
2408 1761 2470 1816 Si
2496 1773 2660 1815 autem
2690 1765 2826 1834 quod
2855 1769 3002 1833 nolo,
3036 1768 3130 1823 hoc
3160 1772 3332 1841 facio;
3364 1774 3473 1843 jam
3513 1791 3611 1842 non
3639 1793 3737 1847 ego

2136 1866 2319 1919 Operor
2356 1852 2485 1905 illud
2506 1893 2520 1916 ,
2558 1854 2645 1907 sed
2672 1856 2726 1907 id
2753 1857 2889 1927 quod
2918 1859 3107 1912 habitat
3137 1861 3189 1914 in
3218 1879 3297 1916 me
3323 1874 3597 1933 peccatum.
3634 1866 3738 1921 In-

2137 1944 2278 1997 venio
2309 1960 2427 2015 ergo
2458 1946 2615 2015 legem
2653 1948 2777 2000 mihi
2813 1950 2997 2003 volenti
3034 1956 3200 2022 facere
3239 1953 3456 2021 bonum,
3498 1959 3742 2027 quoniam

2138 2035 2327 2088 malum
2367 2038 2491 2089 mihi
2519 2038 2740 2105 adjacet.
2774 2039 3102 2097 Condelector
3137 2046 3267 2098 enim
3296 2045 3393 2116 legi
3426 2047 3521 2100 Dei
3554 2066 3741 2104 secun-

2140 2129 2262 2181 dant
2293 2130 2581 2184 interiorem
2611 2133 2865 2187 hominem
2893 2151 2910 2189 :
2935 2136 3078 2191 video
3106 2148 3272 2193 autem
3307 2142 3460 2194 aliam
3495 2143 3652 2212 legem
3680 2144 3744 2197 in

2138 2219 2373 2273 membris
2400 2222 2543 2286 meis,
2577 2236 2941 2294 repugnantem
2969 2226 3066 2297 legi
3106 2231 3282 2283 mentis
3311 2247 3432 2284 mea:
3450 2274 3464 2296 ,
3497 2243 3543 2285 et
3569 2234 3744 2305 capti-

2137 2318 2335 2364 vantem
2376 2327 2455 2365 me
2490 2312 2543 2365 in
2572 2312 2680 2383 lege
2720 2318 2942 2383 peccati,
2972 2334 3085 2389 qut:
3118 2330 3190 2372 est
3230 2322 3285 2374 in
3319 2324 3553 2379 membris
3589 2328 3743 2382 meis.

2138 2401 2252 2455 Huc
2295 2416 2462 2471 usque
2505 2412 2629 2457 sunt
2669 2407 2834 2461 verba
2880 2406 3111 2463 hominis
3151 2410 3251 2465 sub
3289 2412 3404 2483 lege
3432 2417 3740 2488 constituti,

2138 2492 2372 2546 nondum
2420 2494 2521 2549 sub
2558 2497 2758 2565 gratia;
2790 2498 2877 2566 qui
2921 2500 3128 2555 etiamsi
3168 2504 3301 2557 nolit
3330 2519 3583 2573 peccare,
3612 2508 3743 2562 vin-

2137 2584 2275 2638 citur
2303 2600 2333 2638 a
2363 2594 2603 2655 peccato.
2637 2588 2861 2643 lnvaluit
2889 2591 3030 2645 enim
3071 2597 3399 2651 consuetudo
3427 2600 3656 2654 carnalis
3682 2608 3745 2657 et

2138 2676 2378 2731 naturale
2400 2678 2418 2708 ί
2448 2677 2713 2734 vinculum
2741 2682 3096 2751 mortalitatis,
3127 2702 3233 2756 quo
3257 2687 3323 2742 de
3348 2690 3514 2744 Adam
3543 2707 3742 2763 propa-

2137 2767 2243 2838 gati
2287 2784 2492 2824 sumus.
2524 2770 2779 2841 Imploret
2816 2789 2944 2844 ergo
2982 2777 3269 2846 auxilium,
3302 2781 3390 2850 qui
3424 2782 3502 2837 sic
3533 2786 3740 2853 positus

2137 2867 2253 2925 est,
2287 2869 2343 2915 et
2371 2864 2578 2917 noverit
2609 2879 2763 2919 suum
2794 2866 2958 2922 luisse
3000 2869 3142 2938 quod
3174 2871 3399 2938 cecidit,
3432 2890 3541 2930 non
3579 2892 3740 2932 suum

2138 2965 2258 3007 esse
2284 2954 2427 3023 quod
2456 2957 2643 3026 surgit.
2674 2956 2793 3011 Jam
2825 2959 2967 3014 enim
2996 2960 3253 3018 liberatus
3286 2980 3578 3035 agnoscens
3614 2983 3741 3037 gra-

2126 3044 2265 3098 tiam
2295 3044 2622 3102 Liberatoris
2651 3049 2733 3103 sui
2762 3049 2892 3105 dicit
2919 3070 2932 3106 :
2967 3051 3126 3106 Miser
3165 3071 3257 3124 ego
3286 3056 3466 3123 homo,
3508 3060 3618 3127 quis
3656 3076 3744 3115 me

2136 3136 2364 3193 liberabit
2388 3140 2453 3195 de
2475 3158 2686 3211 corpore
2712 3146 2886 3198 mortis
2912 3145 3106 3217 hujus?
3132 3146 3309 3203 Gratia
3332 3150 3425 3205 Dei
3448 3169 3537 3223 per
3554 3152 3741 3210 Iesum

2137 3225 2392 3283 Christum
2414 3230 2690 3286 Dominum
2719 3244 2968 3295 nostrum,

2209 3320 2262 3375 6.
2295 3322 2363 3379 Et
2401 3323 2661 3393 incipiunt
2695 3326 2806 3395 jam
2837 3328 2996 3382 verba
3028 3329 3129 3384 dici
3173 3331 3404 3387 hominis
3441 3333 3538 3387 sub
3563 3335 3741 3404 gratia

2137 3415 2449 3484 constituti,
2478 3417 2530 3470 in
2560 3419 2769 3473 actione
2799 3436 2957 3491 quam
2989 3424 3197 3478 tertiam
3228 3426 3738 3499 demonstravimus,

2137 3521 2256 3576 quae
2285 3506 2447 3562 habet
2481 3509 2694 3579 quidem
2732 3512 3083 3570 reluctantem
3124 3520 3499 3573 mortalitatem
3528 3522 3734 3591 carnis,

2139 3597 2235 3652 sed
2266 3614 2372 3653 non
2401 3599 2701 3656 vincentem
2732 3613 2892 3675 atque
2931 3608 3283 3677 captivantem
3319 3611 3385 3664 ad
3424 3614 3744 3669 consensio-

2139 3705 2262 3744 nem
2302 3692 2575 3761 peccandi.
2607 3694 2695 3750 Sic
2723 3698 2865 3751 enim
2897 3698 3023 3753 dicit
3064 3717 3077 3753 :
3122 3700 3291 3772 Igitur
3318 3704 3426 3773 ipse
3453 3720 3542 3775 ego
3571 3716 3747 3763 mente

2136 3783 2296 3837 servio
2337 3784 2435 3853 legi
2466 3784 2591 3853 Dei,
2634 3804 2786 3842 carne
2823 3799 2989 3844 autem
3029 3793 3126 3863 legi
3167 3797 3375 3865 peccati.
3411 3796 3576 3851 Nulla
3614 3816 3743 3871 ergo

2140 3876 2491 3929 condemnatio
2521 3886 2593 3931 est
2634 3895 2769 3933 nunc
2802 3881 2880 3935 his
2908 3883 2994 3951 qui
3016 3895 3132 3937 sunt
3156 3887 3206 3939 in
3230 3885 3429 3941 Christo
3453 3888 3598 3943 Iesu.
3625 3888 3747 3947 Lex

2138 3966 2270 4018 enim
2290 3968 2498 4037 spiritus
2520 3969 2633 4024 vita:
2652 3971 2703 4024 in
2725 3972 2921 4027 Christo
2937 3966 3081 4042 Iesu,
3107 3976 3329 4032 liberavit
3349 3997 3426 4035 me
3445 3998 3475 4034 a
3496 3982 3602 4053 lege
3621 4000 3746 4052 pec-

2138 4061 2239 4114 cati
2260 4071 2307 4115 et
2328 4063 2522 4117 mortis.
2550 4065 2700 4131 Quod
2720 4068 2850 4121 enim
2871 4070 3178 4141 impossibile
3199 4085 3305 4127 erat
3325 4076 3442 4146 legi,
3466 4075 3517 4129 in
3541 4092 3636 4145 quo
3657 4079 3751 4130 in-

2137 4154 2439 4225 ﬁrmabatur
2472 4174 2560 4227 per
2586 4174 2810 4225 carnem,
2839 4161 2893 4216 id
2921 4174 3022 4229 est,
3054 4181 3149 4234 per
3172 4167 3434 4222 desideria
3466 4168 3701 4223 carnalia
3723 4188 3742 4226 :

2138 4248 2261 4304 ideo
2280 4249 2422 4304 enim
2446 4266 2552 4305 non
2575 4251 2895 4324 implebatur
2916 4257 3021 4324 lex,
3046 4260 3165 4326 quia
3188 4260 3353 4329 ipsius
3373 4262 3590 4330 justitim
3612 4276 3747 4318 non-

2138 4339 2263 4395 dum
2290 4352 2406 4396 erat
2432 4341 2686 4409 charitas,
2716 4362 2835 4416 qum
2865 4348 3121 4404 interiore
3148 4350 3504 4409 delectatione
3533 4363 3745 4411 teneret

2139 4442 2373 4489 mentem
2395 4436 2439 4502 ⁸,
2468 4451 2537 4491 ηε
2555 4436 2621 4490 ad
2642 4446 2917 4507 peccatum
2943 4439 3299 4498 delectatione
3322 4459 3497 4499 rerum
3528 4456 3741 4515 tempo-

2138 4524 2330 4580 ralium
2361 4526 2679 4584 traheretur.
2710 4530 2851 4602 Ergo
2877 4531 3244 4589 inﬁrmabatur
3269 4536 3351 4591 lex
3378 4552 3474 4607 per
3495 4553 3739 4606 carnem,

2138 4614 2194 4671 id
2232 4625 2342 4683 est,
2387 4633 2493 4673 non
2526 4619 2788 4677 efﬁciebat
2812 4622 2987 4694 justos
3016 4624 3225 4679 deditos
3261 4628 3429 4681 carni.
3464 4627 3569 4683 Sed
3598 4625 3744 4686 Deus

2138 4706 2337 4764 Filium
2362 4727 2511 4766 suum
2540 4714 2673 4768 misit
2700 4715 2756 4769 in
2780 4716 3161 4773 similitudinem
3187 4721 3354 4775 carnis
3384 4722 3591 4791 peccati.
3619 4717 3743 4778 Non

2137 4803 2282 4858 enim
2318 4820 2443 4862 caro
2478 4809 2681 4877 peccati
2721 4819 2863 4877 erat,
2912 4827 3032 4881 quas
3079 4828 3185 4868 non
3232 4814 3297 4868 de
3342 4814 3543 4869 carnali
3586 4812 3743 4872 dele-

2140 4897 2372 4952 ctatione
2414 4909 2535 4953 nata
2577 4908 2725 4963 erat;
2770 4900 2863 4955 sed
2912 4910 3087 4957 tamen
3134 4903 3306 4957 inerat
3353 4905 3403 4959 ei
3448 4904 3745 4963 similitudo

2139 4991 2317 5046 carnis
2345 4994 2580 5061 peccati,
2612 4994 2735 5065 quia
2774 4996 3014 5050 mortalis
3033 5010 3159 5051 caro
3182 5004 3299 5051 erat
3328 5013 3342 5050 :
3373 5004 3602 5053 mortem
3633 5014 3741 5054 au-

2142 5092 2249 5139 tem
2280 5098 2384 5138 non
2410 5084 2607 5139 meruit
2628 5084 2799 5139 Adam
2830 5087 2930 5141 nisi
2959 5086 3230 5156 peccando
3256 5086 3297 5140 ⁸.
3332 5086 3437 5142 Sed
3464 5087 3588 5158 quid
3617 5087 3748 5147 fecit

2144 5174 2441 5231 Dominus?
2493 5172 2571 5230 De
2600 5186 2803 5246 peccato
2854 5177 3111 5232 damnavit
3161 5189 3418 5250 peccatum
3462 5181 3516 5234 in
3554 5196 3750 5238 carne:

2145 5268 2198 5323 id
2250 5276 2365 5334 est,
2397 5269 2737 5340 suscipiendo
2781 5284 2995 5327 carnem
3045 5270 3277 5326 hominis
3329 5273 3653 5344 peccatoris,
3694 5284 3750 5330 et

2145 5359 2386 5415 docendo
2449 5360 2899 5431 quemadmodum
2962 5364 3299 5432 viveremus,
3358 5374 3635 5436 peccatum
3692 5365 3750 5420 in

2150 5455 2263 5525 ipsa
2290 5469 2450 5510 carne
2469 5454 2775 5525 damnavit,
2801 5465 2865 5513 ut
2891 5466 3216 5515 mternorum
3242 5459 3502 5515 charitate
3530 5458 3750 5529 Spiritus

2148 5547 2378 5619 ﬂagrans
2421 5563 2527 5603 non
2557 5548 2845 5606 duceretur
2871 5554 3113 5623 captivus
3157 5553 3208 5606 in
3240 5553 3646 5608 consensionem
3676 5550 3748 5606 li-

2148 5641 2362 5699 bidinis.
2396 5642 2466 5698 Ut
2500 5644 2705 5715 justitia
2727 5688 2743 5713 ,
2776 5646 2947 5718 inquit
2965 5688 2981 5716 ,
3011 5647 3135 5719 legis
3162 5647 3458 5717 impleretur
3496 5645 3549 5699 in
3578 5644 3746 5715 nobis,

2214 5737 2231 5768 ί
2268 5736 2455 5799 Aliquot
2470 5745 2600 5799 Mss,
2614 5737 2791 5791 natale.

2214 5802 2234 5832 ²
2255 5801 2328 5849 Sic
2350 5806 2423 5849 Fr.
2448 5810 2500 5852 et
2519 5810 2724 5864 quatuor
2743 5812 2846 5854 MSS.
2874 5804 2958 5854 Alii
2972 5817 3084 5855 cum
3102 5810 3221 5863 Rat,
3243 5803 3472 5854 interiore
3494 5800 3753 5857 dilectione

2151 5867 2647 5989 ιωξῖἕδῗιεβὲἓῧιέι
2669 5873 2799 5928 Lov.,
2823 5866 3078 5920 dilectione
3099 5872 3279 5919 teneret
3299 5864 3532 5919 interiora
3551 5870 3747 5920 matus.

2218 5985 2293 6049 (α)
2325 5985 2563 6038 lhétract.
2587 6003 2693 6053 cap.
2715 5987 2793 6041 30.
