4000 6336
134 355 195 411 65
952 332 959 371 ί
1048 332 1052 337 ’
1606 361 1810 420 LIBER
1851 363 2049 424 unus.
2402 364 2405 367 λ
3397 377 3467 435 56

142 465 218 537 qui
238 480 343 521 non
380 465 695 521 secundum
741 482 954 523 carnem
982 467 1329 536 ambulamus,
1372 472 1460 526 sed
1501 475 1774 531 secundum
1885 494 2005 550 qute
2038 480 2279 551 corporis
2319 482 2709 543 resurrectione
2749 491 2805 542 et
2844 485 3208 547 immutatione
3253 497 3339 549 est
3377 490 3465 549 fu-

147 560 395 631 spiritum.
449 557 664 630 Itaque
711 571 985 631 praecepta
1022 561 1153 633 legis
1197 577 1289 632 per
1315 561 1625 620 charitatem
1675 566 1778 621 im-
1885 580 2025 628 tura.

153 657 277 727 picta
302 661 438 707 sunt
457 694 477 720 ,
512 668 648 723 qua:
669 668 773 724 per
805 654 1051 709 timorem
1084 669 1187 708 non
1213 662 1477 724 poterant.
1512 655 1613 721 Qui
1642 658 1777 711 enim
1955 664 2007 717 7.
2035 663 2223 721 Restat
2250 682 2379 739 ergo
2409 677 2466 724 ut
2490 669 2557 726 de
2583 670 2694 743 ipsa
2720 687 2851 743 pace
2879 672 3021 730 dicat
3063 677 3465 736 resurrectionis

158 748 418 805 εεεαηάκπι
463 762 693 801 mum
736 756 854 802 διατι
874 788 890 815 ι
920 762 1033 818 qua?
1068 746 1235 802 εανηίε
1281 756 1397 802 δυηι
1442 749 1645 818 δαμίαηι
1676 764 1696 803 -‘
1724 747 1778 804 id
1882 759 2140 827 corporis,
2173 777 2292 831 quae
2333 771 2521 833 quarta
2552 775 2632 820 est
2658 767 2823 834 actio;
2873 768 2917 821 si
2952 780 3124 823 tamen
3153 784 3269 825 eam
3296 771 3467 826 actio-

163 852 263 909 est,
293 840 543 896 carnalia
596 839 745 895 bona
782 854 885 909 pro
928 838 1151 894 summis
1178 838 1334 894 bonis
1371 838 1773 911 concupiscunt.

169 935 254 1001 Qui
282 943 461 987 autem
507 932 803 987 secundum
841 931 1105 1003 spiritum,
1134 947 1246 1001 qute
1272 940 1388 987 sunt
1423 932 1628 1003 spiritus
1662 947 1779 985 sen-

164 1028 295 1079 tiunt.
320 1022 632 1078 Prudentia
677 1025 815 1077 enim
853 1023 1023 1076 carnis
1047 1037 1181 1076 mors
1208 1030 1282 1076 est
1324 1038 1344 1075 :
1389 1020 1657 1094 prudentia
1681 1038 1777 1075 au-

164 1130 247 1172 tem
270 1118 491 1187 spiritus
516 1118 629 1171 vita
665 1125 714 1170 et
742 1131 865 1187 pax.
914 1116 1044 1182 Quia
1074 1114 1341 1183 prudentia
1368 1116 1535 1169 carnis
1571 1114 1777 1168 inimica

162 1211 302 1264 estin
334 1208 536 1262 Deum.
595 1207 719 1278 Ipse
766 1206 1002 1262 ostendit
1020 1206 1147 1276 quid
1173 1205 1397 1273 dixerit,
1435 1206 1639 1259 inimica
1667 1222 1681 1259 :
1708 1219 1776 1262 ne

164 1304 267 1372 quis
322 1311 553 1371 putaret
605 1316 676 1355 ex
740 1299 972 1353 adverso
1017 1298 1157 1354 aliud
1210 1299 1395 1353 venire
1431 1298 1771 1371 principium.

164 1396 439 1465 Subjungit
485 1394 639 1449 enim
658 1434 676 1461 ,
707 1403 761 1447 et
785 1393 948 1461 dicit,
995 1391 1116 1464 Legi
1140 1392 1273 1447 enim
1302 1391 1395 1445 Dei
1438 1409 1540 1446 non
1564 1402 1634 1447 est
1658 1392 1775 1448 sub-

166 1493 315 1554 iecta;
368 1505 462 1543 nec
522 1490 664 1543 enim
705 1496 888 1557 potest.
938 1486 1075 1555 Ergo
1114 1484 1289 1541 facere
1332 1495 1515 1540 contra
1562 1485 1771 1555 legem,

166 1583 268 1637 hoc
312 1594 393 1637 est
422 1580 717 1635 inimicum
749 1593 871 1633 esse
913 1578 964 1631 in
998 1578 1163 1633 Deum
1199 1596 1211 1632 :
1240 1593 1344 1632 non
1384 1578 1505 1647 quia
1536 1577 1644 1631 Deo
1674 1577 1773 1630 ali-

172 1678 292 1748 quid
340 1690 541 1730 noeere
571 1682 787 1744 potest,
834 1671 927 1726 sed
958 1671 1057 1726 sibi
1111 1679 1267 1725 nocet
1293 1670 1532 1740 quisquis
1571 1670 1773 1725 resistit

170 1768 418 1823 Voluntati
453 1766 553 1820 Dei
590 1785 605 1820 :
639 1765 745 1818 hoc
781 1771 865 1818 est
908 1762 1050 1817 enim
1075 1762 1329 1818 adversus
1355 1763 1627 1817 stimulum
1659 1763 1772 1817 cal-

166 1876 245 1916 ces
273 1861 522 1923 mittere,
553 1869 611 1912 ut
638 1857 804 1911 Paulo
832 1855 1093 1925 apostolo,
1122 1870 1243 1910 cum
1273 1855 1446 1909 adlmc
1476 1854 1771 1910 Ecclesium

163 1960 588 2023 persequeretur
609 1989 626 2014 ,
656 1947 916 2002 divinitus
944 1946 1143 2002 dictum
1171 1957 1252 2001 est
1279 1946 1413 2019 (Act.
1444 1963 1499 2001 ιιι
1520 1989 1535 2015 ,
1568 1946 1646 2018 5).
1679 1947 1769 2003 Sic

164 2054 455 2099 astantem
508 2042 742 2106 dictum,
773 2038 898 2111 Legi
936 2038 1069 2092 enim
1113 2038 1207 2092 Dei
1251 2056 1351 2092 non
1395 2048 1467 2093 est
1515 2039 1771 2111 subjecta;

163 2154 245 2191 uec
275 2138 431 2189 enim
462 2144 626 2205 potest
650 2151 666 2187 :
697 2143 944 2203 tanquam
969 2132 1014 2185 si
1042 2132 1307 2187 diceretur
1326 2173 1341 2198 ,
1370 2131 1471 2187 Nix
1498 2149 1601 2186 non
1624 2132 1767 2186 cale-

161 2232 325 2296 facit;
354 2246 468 2285 nec
497 2230 637 2284 enim
674 2235 867 2297 potest.
897 2225 1159 2294 Quamdiu
1185 2226 1327 2281 enim
1374 2226 1463 2279 nix
1508 2234 1588 2280 est
1613 2268 1627 2289 ,
1662 2241 1769 2280 non

161 2322 452 2378 calefacit:
484 2320 583 2375 sed
626 2318 821 2374 resolvi
865 2326 1042 2388 potest
1088 2327 1141 2372 et
1188 2317 1425 2383 fervere,
1467 2326 1526 2371 ut
1571 2315 1769 2371 calefa-

162 2415 293 2477 ciat;
326 2413 423 2468 sed
448 2428 579 2467 cum
611 2411 713 2465 hoc
737 2410 862 2464 facit
881 2451 896 2474 ,
922 2409 1031 2479 jam
1061 2409 1149 2463 nix
1178 2424 1282 2462 non
1314 2418 1416 2463 est.
1444 2408 1532 2463 Sic
1561 2417 1616 2463 et
1643 2424 1770 2477 pru-

161 2507 336 2562 dentia
363 2506 549 2562 carnis
592 2503 831 2569 dicitur,
876 2517 998 2556 cum
1044 2502 1218 2555 anima
1248 2515 1342 2570 pro
1389 2500 1592 2569 magnis
1618 2500 1772 2555 bonis

162 2599 471 2669 temporalia
525 2595 669 2650 bona
715 2593 1063 2663 concupiscit.
1094 2591 1356 2661 Quamdiu
1387 2593 1529 2647 enim
1569 2592 1775 2661 appeti-

162 2700 244 2747 tus
282 2693 402 2746 talis
455 2691 607 2745 inest
650 2688 884 2755 animae,
935 2686 1036 2757 legi
1078 2687 1171 2741 Dei
1209 2686 1448 2755 subjecta
1494 2701 1615 2741 csse
1662 2702 1771 2741 non

163 2791 367 2855 potest;
418 2781 475 2836 id
524 2790 646 2847 est,
690 2795 797 2835 non
845 2787 1020 2849 potest
1058 2778 1281 2847 implere
1319 2794 1438 2849 qua:
1482 2779 1567 2833 lex
1600 2778 1767 2848 jubet.

166 2877 263 2933 Sed
287 2893 409 2932 cum
434 2875 748 2946 Spiritualia
778 2873 916 2928 bona
935 2871 1239 2927 desiderare
1266 2871 1519 2940 coeperit,
1551 2880 1605 2926 et
1632 2880 1772 2927 tem-

166 2971 357 3040 poralia
387 2977 787 3033 contemnere,
829 2965 1038 3020 desinet
1089 2980 1207 3019 cssc
1238 2964 1417 3019 carnis
1446 2962 1727 3033 prudentia
1751 3005 1768 3032 ,

166 3062 448 3133 ειερίῐὶιυί
479 3074 595 3113 non
642 3058 877 3113 resistet.
918 3055 1115 3111 Eadem
1161 3071 1389 3126 namque
1431 3056 1605 3110 anima
1650 3070 1772 3111 cum

168 3154 406 3210 interiora
452 3151 693 3223 appetit,
726 3149 1060 3220 prudentiam
1105 3148 1283 3203 carnis
1314 3148 1511 3202 habere
1534 3147 1768 3216 dicitur;

169 3261 272 3302 cum
296 3246 625 3316 superiora,
656 3242 995 3312 prudentiam
1047 3240 1265 3311 spiritus
1297 3257 1311 3293 :
1344 3256 1449 3295 non
1474 3243 1597 3311 quia
1646 3257 1773 3311 pru-

169 3338 331 3393 dentia
356 3337 548 3393 carnis
596 3334 898 3389 substantia
926 3340 1040 3397 est,
1074 3349 1175 3400 qua
1221 3331 1457 3386 induitur
1488 3332 1663 3385 anima
1685 3331 1770 3389 vel

167 3432 400 3496 emitur;
429 3427 536 3485 sed
568 3427 739 3497 ipsius
776 3425 970 3479 anima:
1012 3422 1221 3478 aﬂ‘ectio
1261 3432 1376 3486 est,
1406 3438 1524 3493 quae
1550 3422 1769 3479 omnino

166 3537 275 3576 esse
299 3521 554 3584 desinet,
589 3533 717 3573 cum
761 3531 821 3571 se
861 3524 1026 3570 totam
1072 3513 1139 3569 ad
1166 3529 1394 3584 superna
1420 3515 1766 3570 converterit.

170 3611 259 3678 Qui
281 3625 463 3665 autem
490 3611 542 3663 in
581 3624 739 3663 carne
763 3616 915 3671 sunt,
942 3607 1140 3675 inquit,
1176 3604 1279 3659 Deo
1308 3606 1503 3673 placere
1529 3622 1629 3659 non
1653 3621 1770 3675 pos-

166 3714 267 3757 sunt
291 3721 310 3758 :
339 3704 395 3758 id
444 3714 566 3769 est,
600 3701 693 3771 qui
729 3698 1088 3768 voluptatibus
1114 3699 1131 3729 ¹
1179 3699 1357 3753 carnis
1399 3698 1765 3768 acquiescunt.

164 3795 230 3852 Ne
254 3798 379 3868 quis
404 3796 558 3850 enim
589 3793 661 3848 de
693 3792 776 3847 bis
802 3791 1002 3846 dictum
1032 3800 1268 3861 putaret,
1316 3792 1405 3860 qui
1433 3791 1501 3845 dc
1529 3790 1631 3845 hac
1661 3791 1767 3845 vita

166 3890 394 3945 nondum
418 3892 821 3951 excesserunt,
845 3884 1295 3953 opportunissime
1318 3883 1589 3952 subjunxit
1616 3901 1628 3936 :
1671 3881 1768 3937 Vos

161 3994 320 4039 altera
348 4000 456 4037 non
485 3980 612 4034 estis
642 3979 693 4032 in
720 3993 905 4044 carne,
935 3976 1023 4030 sed
1049 3976 1102 4029 in
1143 3975 1343 4046 spiritu.
1376 3974 1565 4044 Utique
1594 3974 1767 4030 adhuc

164 4078 211 4131 in
230 4076 329 4132 hac
348 4076 465 4130 vita
493 4070 806 4127 constitutis
831 4067 1083 4138 loquitur.
1114 4066 1171 4121 In
1200 4067 1388 4136 spiritu
1413 4067 1557 4121 cnim
1587 4076 1759 4134 erant,

160 4172 273 4241 quia
297 4172 353 4224 in
383 4169 500 4223 ﬁde
527 4176 581 4222 et
607 4180 704 4235 spe
732 4174 787 4219 et
810 4161 1070 4218 charitate
1095 4160 1451 4231 spiritualium
1478 4176 1655 4214 rerum
1677 4175 1768 4215 ac-

161 4263 512 4335 quiescebant
533 4261 578 4312 ³.
612 4256 673 4313 Si
702 4266 900 4321 tamen,
947 4253 1144 4324 inquit,
1179 4251 1406 4321 Spiritus
1440 4250 1536 4305 Dei
1574 4251 1766 4306 habitat

127 4406 135 4427 ,
160 4356 207 4409 in
227 4356 392 4410 vobis.
420 4354 485 4408 Si
517 4352 631 4421 quis
651 4360 820 4404 autem
851 4347 1103 4418 Spiritum
1128 4344 1318 4401 Christi
1342 4362 1443 4399 non
1475 4344 1651 4410 habet,
1684 4345 1765 4399 hic

162 4463 253 4501 seu
274 4459 351 4501 est
374 4448 515 4517 ejus.
564 4443 629 4498 Si
663 4452 832 4496 autem
861 4437 1090 4495 Christus
1130 4438 1184 4492 in
1212 4437 1379 4504 vobis,
1434 4453 1617 4506 corpus
1655 4439 1766 4507 qui-

163 4541 267 4596 dem
286 4550 557 4594 mortuum
577 4546 650 4590 est
676 4545 881 4605 propter
908 4541 1194 4603 peccatum,
1225 4531 1433 4601 spiritus
1460 4540 1625 4585 autem
1662 4532 1765 4585 vita

163 4644 225 4689 est
253 4642 470 4705 prapter
486 4629 769 4701 justitiam.
798 4626 1066 4681 Mortuutn
1094 4640 1287 4693 corpus
1314 4623 1475 4691 dicit,
1510 4623 1765 4694 quamdiu

164 4727 258 4782 tale
286 4736 411 4794 est,
461 4734 530 4779 ut
569 4721 859 4793 indigentia
902 4734 1076 4773 rerum
1120 4717 1476 4787 corporalium
1518 4717 1765 4773 molestet

165 4824 392 4877 animam
426 4819 540 4889 (a),
570 4827 626 4872 et
651 4812 971 4887 quibusdam
1004 4812 1234 4866 motibus
1259 4826 1325 4865 ex
1371 4810 1485 4879 ipsa
1520 4808 1762 4880 indigen-

166 4914 227 4968 tia
254 4910 605 4969 venientibus
623 4949 640 4977 ,
662 4907 730 4962 ad
758 4904 1056 4976 appetenda
1088 4912 1298 4959 terrena
1340 4901 1607 4956 sollicitet.
1635 4900 1764 4969 Qui-

166 5003 255 5061 διε
284 5015 472 5058 tamen
504 4999 746 5072 quamvis
788 4995 1138 5052 existentibus
1164 5008 1315 5048 mens
1346 4990 1414 5047 ad
1458 4990 1637 5046 illicita
1679 4989 1763 5046 fa-

167 5096 364 5152 cienda-
396 5112 511 5151 non
537 5092 841 5157 consentit,
875 5104 994 5160 quae
1033 5091 1141 5154 jam
1194 5085 1361 5141 servit
1407 5084 1510 5154 legi
1538 5083 1667 5149 Dei,
1708 5092 1764 5140 et

174 5191 463 5263 subgratia
505 5188 794 5245 constituta
850 5192 952 5240 est.
985 5181 1065 5237 Ad
1097 5183 1198 5236 hoc
1237 5179 1382 5235 enim
1434 5178 1575 5234 valet
1621 5177 1764 5249 quod

168 5296 317 5356 supra
345 5285 557 5339 dictum
584 5289 694 5348 est,
726 5278 898 5333 Mente
920 5270 1099 5330 servio‘
1117 5272 1216 5343 legi
1244 5270 1339 5325 Dei
1359 5311 1376 5335 ,
1419 5285 1569 5324 carne
1595 5280 1764 5325 autem

168 5379 258 5449 legi
318 5376 538 5448 peccati.
599 5374 667 5429 Et
725 5371 815 5426 ille
871 5368 1030 5423 homo
1084 5380 1224 5420 nunc
1284 5360 1604 5418 describitur
1641 5376 1763 5420 esse

170 5472 259 5529 sub
302 5472 513 5545 gratia,
558 5467 653 5540 qui
696 5461 938 5521 nondum
991 5458 1152 5515 habet
1200 5454 1490 5528 perlectam
1541 5469 1759 5527 pacem,

226 5689 245 5755 .
265 5671 519 5755 asia:
529 5671 678 5755 sua,
696 5681 804 5755 .pa
824 5688 872 5731 ει
886 5676 1111 5752 ειιιετίιαρί
1129 5671 1452 5755 sumussic

174 5735 677 5815 Mugiuné;
688 5735 1035 5815 e-Naimic‘is,
1052 5741 1114 5815 Ain
1151 5735 1251 5809 ﬁde
1267 5748 1313 5795 et
1343 5748 1429 5800 spe
1456 5742 1502 5788 et
1530 5735 1762 5792 charitate

504 5813 658 5864 rebus
692 5803 1079 5880 acgnttiescebam.

222 5877 289 5943 (ε)
316 5885 574 5936 tacitast.
597 5886 715 5938 capo
740 5870 825 5923 πο

1882 866 2003 906 nem
2040 850 2146 906 dici
2192 862 2430 923 oportet,
2458 872 2576 927 qua:
2600 872 2806 913 summa
2844 861 3054 929 requies
3079 869 3179 916 est.
3212 862 3463 932 Sequitur

1880 944 2020 999 enim
2040 986 2055 1011 ,
2096 954 2148 1001 et
2176 946 2305 1003 dicit
2336 965 2348 1001 :
2380 948 2440 1004 Si
2459 966 2575 1020 ergo
2602 951 2825 1022 Spiritus
2846 955 2959 1023 ejus
2979 955 3063 1022 qui
3096 957 3349 1010 suscitavit
3372 955 3465 1011 Je-

1880 1055 1991 1094 sum
2023 1058 2054 1094 a
2079 1042 2291 1097 mortuis
2309 1085 2324 1110 ,
2348 1044 2539 1097 habitat
2576 1045 2628 1098 in
2658 1046 2792 1100 vobis
2809 1062 2829 1112 ,'
2848 1048 2933 1116 qui
2952 1049 3209 1103 suscitavit
3234 1048 3409 1103 Iesum
3432 1066 3466 1104 a

1880 1134 2089 1187 mortuis
2110 1176 2125 1201 ,
2173 1135 2441 1205 uivi/icabit
2486 1147 2533 1191 et
2558 1140 2791 1192 mortalia
2822 1156 3037 1210 corpora
3073 1152 3233 1196 uestra
3271 1158 3359 1213 per
3385 1143 3465 1197 in-

1881 1223 2185 1279 habitantem
2211 1226 2461 1297 Spiritum
2479 1230 2587 1298 eius
2627 1232 2679 1283 in
2718 1231 2851 1284 vobis
2879 1231 3052 1303 (Rom.
3085 1248 3285 1287 vu-vttt
3304 1275 3319 1299 ,
3349 1234 3461 1305 Η).

1879 1312 1977 1369 Hic
2005 1324 2060 1371 et
2085 1316 2150 1371 de
2177 1320 2566 1377 resurrectione
2604 1322 2844 1392 corporis
2870 1322 3323 1378 evidentissimum
3382 1334 3466 1379 te-

1878 1406 2186 1464 stimonium
2217 1420 2332 1479 est,
2374 1422 2428 1468 ct
2454 1414 2583 1469 satis
2632 1424 2851 1485 apparet
2874 1417 3123 1487 quamdiu
3150 1418 3200 1472 in
3234 1417 3333 1474 hac
3359 1419 3464 1474 vita

1878 1515 2091 1570 sumus,
2125 1519 2227 1557 non
2254 1504 2441 1560 deesse
2467 1507 2738 1562 molestias
2770 1525 2863 1578 per
2888 1510 3167 1564 mortalem
3206 1526 3422 1565 carnem
3444 1550 3460 1577 ,

1878 1607 2052 1663 neque
2078 1595 2404 1652 titillationes
2432 1598 2688 1669 quasdam
2718 1598 3131 1655 delectatiOnum
3149 1602 3462 1656 carnalium.

1877 1683 2129 1752 Quamvis
2167 1688 2309 1742 cnim
2356 1704 2460 1744 non
2491 1690 2677 1756 cedat,
2704 1692 2793 1762 qui
2814 1692 2913 1747 sub
2954 1693 3120 1763 gratia
3147 1694 3465 1749 constitutus

1878 1786 2060 1832 mente
2117 1781 2279 1834 servit
2309 1781 2409 1852 legi
2439 1782 2531 1837 Dei
2552 1826 2566 1851 ,
2609 1790 2786 1838 tamen
2818 1800 2978 1840 carne
3019 1788 3181 1840 servit
3210 1786 3309 1856 legi
3342 1801 3466 1855 pec-

1877 1870 2002 1924 cati.
2034 1871 2124 1927 llis
2153 1874 2403 1943 gradibus
2444 1877 2658 1932 homine
2684 1878 2955 1947 perfecto,
2998 1881 3143 1934 nulla
3174 1881 3465 1937 substantia

1880 1962 2145 2020 invenitur
2174 1968 2370 2023 malum
2418 1988 2431 2023 :
2479 1986 2650 2040 neque
2677 1971 2785 2026 Lex
2827 1973 2962 2026 mala
2989 1982 3104 2040 est,
3137 1990 3253 2044 quae
3281 1983 3466 2028 osten-

1878 2054 1955 2109 dit
1983 2054 2183 2111 hontini
2223 2059 2273 2113 in
2301 2060 2490 2129 quibus
2530 2071 2870 2131 peccatorum
2915 2064 3139 2119 vinculis
3162 2064 3368 2135 jaceat,
3408 2074 3467 2121 ttt

1876 2162 1973 2217 per
2002 2148 2161 2204 tidem
2192 2150 2472 2220 implorato
2516 2153 2840 2209 Liberatoris
2863 2156 3088 2219 auxilio,
3116 2166 3171 2211 et
3213 2157 3380 2222 solvi,
3412 2164 3466 2212 et

1876 2239 2033 2307 erigi,
2084 2249 2137 2295 et
2172 2241 2399 2297 tirmisse
2430 2245 2675 2298 constitui
2720 2257 3005 2301 mereatur.
3036 2246 3096 2301 In
3140 2248 3308 2317 prima
3336 2263 3465 2317 ergo

1875 2332 2113 2400 actione,
2144 2350 2262 2404 quae
2300 2345 2381 2390 est
2418 2347 2539 2392 ante
2573 2338 2763 2408 Legem
2785 2381 2799 2406 ,
2838 2340 2980 2401 nulla
3024 2356 3197 2411 pugna
3236 2349 3316 2395 est
3344 2356 3466 2397 cum

1876 2424 2237 2493 voluptatibus
2288 2426 2445 2497 hujus
2494 2430 2672 2483 surculi
2729 2448 2741 2483 :
2796 2430 2847 2485 in
2896 2432 3158 2499 secunda,
3214 2448 3331 2502 quae
3362 2432 3463 2487 sub

1875 2513 2017 2585 Lege
2046 2525 2161 2583 est,
2192 2533 2485 2595 pugnamus
2506 2562 2521 2587 ,
2552 2520 2644 2576 sed
2670 2521 2932 2577 vincimur
2961 2539 2973 2574 :
3000 2523 3052 2577 in
3083 2523 3235 2578 tertia
3262 2539 3466 2594 pugna-

1877 2623 1997 2663 mus
2018 2620 2072 2664 et
2098 2610 2359 2666 vincimus
2390 2630 2404 2667 :
2435 2613 2487 2667 in
2513 2623 2699 2684 quarta
2732 2630 2835 2669 non
2865 2630 3161 2686 pugnamus
3181 2658 3194 2679 ,
3223 2616 3315 2670 sed
3346 2632 3467 2686 per-

1876 2701 2013 2757 fecta
2040 2711 2093 2758 et
2148 2713 2349 2760 reterns
2390 2720 2519 2776 pace
2569 2708 2972 2777 requiescimus.
3002 2708 3255 2763 Subditur
3282 2709 3298 2739 ί
3321 2709 3465 2764 enim

1875 2794 2029 2849 nobis
2055 2795 2195 2865 quod
2221 2796 2442 2853 inferius
2467 2806 2706 2854 nostrum
2742 2808 2852 2867 est,
2882 2800 3022 2871 quod
3051 2811 3328 2872 pr0pterca
3357 2817 3466 2858 non

1875 2887 2240 2957 subdebatur,
2293 2890 2417 2962 quia
2467 2892 2797 2963 superiorem
2850 2893 3007 2951 nobis
3058 2893 3467 2951 deserueramus

1877 2980 2069 3036 Deum.

1873 3073 2082 3131 LXVII.
2133 3076 2213 3132 De
2263 3094 2321 3133 eo
2368 3079 2503 3151 quod
2539 3081 2785 3151 scriptum
2828 3087 2932 3148 est,
2998 3078 3258 3136 Existimo
3323 3082 3466 3140 enim

1947 3169 2088 3239 quod
2111 3185 2216 3225 non
2234 3171 2342 3225 sint
2357 3172 2635 3243 condigna:
2658 3173 2931 3243 passiones
2952 3172 3108 3243 hujus
3125 3174 3379 3244 temporis
3397 3173 3465 3229 ad

1944 3260 2176 3316 futuram
2195 3262 2416 3334 gloriam
2434 3280 2552 3333 quas
2578 3263 2899 3319 revelabitur
2928 3265 2981 3318 in
3009 3266 3196 3331 nobis;
3226 3282 3383 3336 usque
3397 3264 3466 3318 ad

1944 3348 2021 3407 id~
2049 3355 2185 3424 quod
2238 3356 2426 3408 dictum
2452 3367 2553 3424 est,
2600 3356 2707 3426 Spe
2751 3356 2896 3410 enim
2939 3357 3071 3413 salvi
3118 3358 3244 3413 facti
3282 3372 3467 3413 sumus

1947 3447 2122 3520 (Rom.
2150 3463 2243 3503 vnt
2262 3488 2277 3515 ,
2309 3448 2508 3519 18-24).

1945 3542 1998 3597 l.
2042 3542 2155 3598 Hoc
2194 3542 2482 3611 capitulum
2528 3541 2813 3597 obscurum
2853 3550 2967 3608 est,
3014 3543 3137 3613 quia
3181 3557 3287 3598 non
3335 3544 3465 3599 satis

1871 3634 1962 3690 hic
1990 3642 2211 3707 apparet
2233 3649 2392 3705 quam
2420 3649 2560 3690 nunc
2604 3641 2759 3689 vocet
2794 3643 3112 3689 creaturam.
3145 3635 3345 3689 Dicitur
3371 3650 3466 3688 att-

1873 3736 1980 3785 tem
2008 3726 2300 3783 secundum
2328 3727 2645 3783 catholicam
2669 3726 3002 3797 disciplinam
3022 3737 3284 3793 creatura,
3312 3728 3467 3799 quid-

1872 3820 1997 3892 quid
2029 3818 2155 3877 t‘ccit
2202 3828 2259 3876 et
2303 3819 2543 3875 condidit
2567 3819 2707 3875 Deus
2746 3819 2938 3886 Pater,
2988 3835 3081 3889 per
3131 3820 3461 3891 unigenitum

1871 3913 2102 3983 Filium,
2143 3915 2199 3969 in
2225 3914 2425 3969 unitate
2466 3914 2693 3983 Spiritus
2720 3914 2908 3968 sancti.
2958 3912 3101 3984 Ergo
3150 3930 3255 3968 non
3286 3913 3461 3968 solum

1870 4020 2094 4077 corpora
2112 4047 2125 4071 ,
2149 4004 2244 4061 sed
2273 4006 2431 4060 etiam
2457 4005 2650 4059 anima:
2684 4013 2882 4059 nostra:
2910 4019 2972 4059 ac
3001 4005 3218 4074 spiritus
3246 4014 3461 4059 creatu-

1868 4115 1945 4154 rae
1987 4098 2201 4153 nomine
2236 4098 2600 4153 continentur.
2632 4096 2719 4151 Sic
2748 4105 2925 4151 autem
2953 4094 3150 4149 dictum
3181 4103 3298 4162 est,
3331 4094 3461 4164 Ipsa

1868 4203 2097 4247 creatura
2132 4189 2421 4245 liberabitur
2458 4207 2491 4243 a
2534 4190 2765 4244 servitute
2792 4188 3055 4255 interitus,
3091 4188 3142 4240 in
3182 4186 3459 4240 libertatem

1868 4284 2045 4356 gloria:
2083 4284 2302 4352 ﬁliorum
2348 4281 2441 4336 Dei
2470 4298 2488 4336 :
2522 4281 2673 4353 quasi
2714 4295 2812 4336 nos
2841 4296 2946 4335 non
2989 4281 3155 4335 simus
3174 4289 3413 4335 creatura
3439 4320 3457 4347 ,

1868 4376 1963 4432 sed
1994 4375 2083 4430 lilii
2117 4376 2245 4443 Dei,
2274 4375 2325 4430 in
2354 4390 2579 4445 quorum
2610 4374 2791 4445 gloriae
2819 4373 3117 4429 libertatem
3148 4373 3458 4429 liberabitur

1868 4486 1899 4525 a
1942 4468 2197 4525 servitute
2241 4479 2504 4524 creatura.
2539 4465 2668 4521 ltcm
2716 4465 2877 4532 dicit,
2932 4465 3135 4520 Scimus
3173 4466 3305 4518 enim
3338 4466 3459 4536 quia

1868 4564 2029 4618 omnis
2068 4574 2297 4617 creatura
2334 4560 2652 4631 congentiscit
2681 4567 2725 4613 et
2763 4560 2896 4612 dolet
2936 4575 3089 4628 usque
3125 4558 3327 4623 adhuc;
3357 4574 3459 4612 non

1867 4658 2030 4713 solum
2062 4664 2228 4710 autem
2256 4652 2374 4720 illa,
2404 4653 2495 4707 sed
2522 4660 2568 4706 et
2610 4667 2700 4704 nos
2724 4649 2825 4720 ipsi
2849 4666 2868 4705 :
2899 4657 3149 4719 tanquam
3192 4648 3335 4703 aliud
3380 4649 3458 4704 si-

1868 4768 1987 4808 mus
2015 4767 2111 4807 nos
2133 4794 2147 4819 ,
2179 4748 2321 4804 aliud
2360 4748 2536 4802 omnis
2564 4754 2825 4801 creatura.
2867 4744 3059 4799 Totum
3088 4759 3215 4815 ergo
3250 4744 3457 4814 capitu-
3483 4823 3486 4827 .

1868 4846 1978 4901 lum
2006 4844 2358 4916 particulatim
2384 4838 2828 4897 considerandum
2856 4846 2956 4893 est.
3368 4867 3372 4873 ν
3480 4836 3486 4878 ἲ

1938 4942 1993 4997 2.
2025 4940 2275 4995 Existimo
2312 4937 2480 5004 enim,
2525 4934 2728 5005 inqttit,
2773 4933 2906 5003 quod
2948 4932 3171 5003 indigna:
3196 4933 3295 4985 sint
3332 4948 3453 5002 pas-

1868 5034 2033 5090 siones
2058 5033 2214 5098 ltuius
2239 5028 2474 5100 temporis
2505 5026 2571 5079 ad
2598 5028 2823 5098 futuram
2849 5024 3094 5095 gloriam,
3122 5038 3235 5094 qua:
3266 5021 3456 5074 revela-

1870 5128 2003 5182 bitur
2021 5127 2074 5181 in
2094 5126 2272 5180 nobis:
2301 5121 2405 5178 hoc
2432 5118 2773 5175 manifestum
2808 5128 2910 5173 est.
2945 5117 3155 5171 Dixerat
3184 5114 3323 5167 enim
3367 5128 3457 5168 su-

1869 5220 2080 5292 perius,
2112 5218 2175 5274 Si
2212 5224 2379 5270 autem
2406 5214 2589 5284 spiritu
2624 5212 2761 5282 facta
2789 5209 2955 5264 carnis
2998 5206 3414 5274 mortiﬁcaveritis
3438 5248 3454 5273 ,

1868 5315 2056 5370 uinetis.
2113 5308 2265 5376 Quod
2293 5306 2408 5363 ﬁcri
2450 5321 2557 5361 non
2587 5313 2761 5375 potest
2804 5302 2919 5357 sine
2944 5298 3186 5353 molestia
3208 5341 3223 5366 ,
3252 5299 3333 5356 cui
3366 5315 3458 5369 pa-

1870 5405 2055 5463 tientia
2080 5400 2384 5458 necessaria
2406 5408 2507 5457 est.
2530 5397 2648 5465 Quo
2670 5394 2898 5467 pertinet
2917 5400 2970 5446 et
2995 5391 3134 5462 quod
3156 5392 3309 5462 paulo
3333 5402 3457 5447 ante

1868 5498 1965 5565 ait,
1982 5497 2044 5554 Si
2058 5505 2223 5552 tamen
2238 5494 2592 5566 compatimur,
2603 5498 2718 5543 utet
2734 5486 3169 5557 congloriﬁcemur
3185 5484 3346 5558 (Ibid.
3369 5486 3455 5551 l3,

1868 5591 1980 5665 17).
2011 5590 2165 5660 Quod
2192 5590 2369 5659 itaque
2392 5586 2487 5652 ait,
2507 5582 2648 5638 Nam
2666 5579 2968 5650 exspectatio
2997 5590 3238 5634 creatura:
3263 5576 3457 5632 revela—

1932 5733 1950 5766 ί
1977 5737 2076 5781 nat.
2104 5735 2157 5779 et
2180 5725 2402 5835 plerique
2431 5728 2562 5794 pass.”
2594 5716 2935 5790 Subiungitur;
2973 5723 3023 5766 et
3040 5714 3194 5773 infra,
3218 5725 3313 5762 non
3336 5708 3451 5782 sub-

1932 5793 2170 5835 moliatur.
2197 5788 2283 5835 Aln
2338 5796 2401 5835 uo
2418 5782 2557 5835 bbrt.
2592 5780 2914 5835 submittitur:
2938 5786 2990 5832 et
3008 5783 3141 5835 post.
3164 5787 3260 5827 ηοη
3282 5771 3451 5835 δυωκ-

1857 5771 2401 5909 ῥιέιῡάιὲέἦιιῖιῖ.ῗίῖίῖἆιιο
2418 5771 2560 5847 libri,
2592 5771 2881 5847 Subiug'atur
2894 5771 2928 5845 ;’
2938 5786 2990 5832 ει
3007 5783 3141 5843 post,
3164 5771 3260 5827 non
3282 5771 3451 5837 subju-

1864 5872 1899 5920 α
1962 5871 1992 5907 a
2045 5869 2087 5905 r.
