4000 6336
551 329 618 411 67
1259 326 1348 384 DE
1388 326 1704 386 mveasrs
1741 324 2266 412 QUESTlONIBU§
2302 324 2607 403 pxxxut,
2649 328 2708 386 ε.
2747 328 3111 387 AUGUSTlNl
3564 301 3583 331 "
3757 333 3829 407 σε

550 450 739 525 (fouent
760 446 983 516 filiorum
1017 445 1115 507 Dei
1150 456 1439 519 earspectat;
1479 448 1581 503 hoc
1611 461 1732 501 eum
1761 453 1887 523 puto
1933 444 2130 509 dicere.

547 538 676 593 Nam
721 548 774 594 et
818 540 917 595 hoc
945 540 1287 610 ipsumquod
1330 542 1382 594 in
1431 540 1584 595 nobis
1608 539 1786 605 dolet,
1834 554 1954 593 cum
2001 537 2139 619 facta

545 634 720 707 carnis
750 634 1165 709 mortiﬁcamus,
1213 634 1265 688 id
1293 644 1405 701 est,
1437 649 1559 689 cum
1590 634 1853 689 esurimus
1895 643 1985 709 aut
2021 634 2137 688 siti-

546 742 667 799 mus
696 744 791 803 per
814 728 1187 803 abstinentiam
1209 769 1224 795 ,
1258 728 1385 795 dum
1436 728 1704 784 frenamus
1731 728 2138 787 delectationem

544 822 856 879 concubitus
888 838 981 891 per
1004 822 1336 887 castitatem,
1359 821 1484 877 dum
1515 821 1826 891 injuriarum
1855 820 2134 877 laceratio-

546 930 643 977 nes
670 924 725 983 ct
744 915 1182 991 contumeliarum
1204 915 1416 971 aculeos
1447 930 1543 985 per
1563 915 1868 985 patientiam
1900 914 2130 987 sustine-

544 1023 700 1081 mus,
730 1007 854 1063 dum
898 1008 1152 1077 neglectis
1182 1016 1341 1077 atque
1389 1006 1605 1077 rejectis
1651 1008 2008 1075 voluptatibus
2047 1023 2139 1075 n0:

543 1099 669 1167 stris
697 1115 792 1168 pro
843 1099 1013 1155 fructu
1061 1101 1247 1154 matris
1294 1100 1548 1173 Ecclesia:
1590 1100 1929 1173 laboramus;
1974 1099 2129 1173 quid-

542 1192 669 1261 quid
699 1191 751 1245 in
780 1192 930 1256 nobis
959 1193 1009 1245 in
1034 1192 1133 1246 hac
1162 1203 1319 1264 atque
1346 1192 1645 1261 hujusmodi
1673 1194 1942 1263 attritione
1964 1193 2129 1269 dolet,

540 1292 785 1339 creatura
805 1292 903 1353 est.
939 1286 1249 1361 Doletenim
1273 1301 1467 1357 corpus
1496 1288 1739 1347 etanima
1762 1330 1775 1351 ,
1802 1303 1920 1358 qua:
1950 1289 2132 1359 utique

540 1386 783 1431 creatura
809 1388 910 1441 est,
941 1385 994 1431 et
1013 1387 1287 1447 exspectat
1318 1379 1695 1435 revelationem
1742 1380 1967 1435 ﬁliorum
1999 1380 2127 1445 Dei;

539 1466 593 1521 id
622 1477 699 1531 est
722 1510 734 1531 ,
760 1477 1033 1539 eXSpectat
1060 1470 1272 1538 quando
1296 1478 1549 1542 appareat
1572 1471 1713 1541 quod
1739 1479 1982 1527 vocatum
2012 1479 2095 1527 est
2112 1512 2126 1535 ,

540 1556 593 1612 in
623 1574 684 1614 ea
712 1560 875 1628 gloria
923 1560 985 1615 ad
1017 1576 1175 1630 quam
1207 1571 1450 1637 vocatum
1480 1570 1581 1637 est.
1626 1562 1758 1630 Quia
1788 1563 1931 1629 enim
1964 1561 2130 1627 Filius

539 1651 635 1723 Dei
663 1652 961 1721 unigenitus
988 1669 1092 1707 non
1135 1662 1309 1723 potest
1350 1654 1610 1727 appellari
1657 1663 1930 1729 creatura,
1962 1668 2130 1723 quan-

537 1742 822 1814 doquidem
854 1760 946 1815 per
986 1746 1157 1814 ipsum
1207 1745 1341 1825 facta
1386 1757 1510 1802 sunt
1555 1747 1731 1803 omnia
1776 1761 2133 1823 quaecumque,

537 1835 678 1903 Deus;
706 1834 850 1903 fecit,
881 1836 1128 1891 distincte
1153 1838 1314 1899 etiam
1336 1852 1430 1893 nos
1454 1853 1706 1893 vocamur
1731 1847 1973 1895 creatura
2002 1848 2133 1915 ante,

534 1924 679 1981 illam
730 1927 1047 1997 evidentiam
1090 1928 1273 1998 gloriie
1298 1970 1312 1997 ,
1354 1938 1411 1984 et
1451 1929 1697 2003 distincte
1725 1946 1977 1991 vocamur
2032 1930 2125 1985 lilii

516 2016 664 2083 .Dci,
695 2020 934 2089 quamvis
984 2020 1083 2074 hoc
1125 2020 1408 2089 adoptione
1457 2037 1754 2077 mercamur
1802 2039 1816 2074 :
1862 2006 1983 2077 nam
2036 2023 2125 2078 ille

532 2112 835 2189 unigenitus
880 2123 1067 2191 natura
1113 2115 1280 2191 Filius
1310 2124 1410 2170 est.
1459 2116 1595 2185 Ergo
1628 2118 1935 2193 exspectatio
1977 2133 2123 2183 crea-_

534 2210 660 2256 tura:
680 2186 711 2268 ,η
744 2203 793 2257 id
834 2186 947 2269 est,
979 2186 1304 2273 exspectatio
1331 2213 1510 2259 nostra
1552 2246 1565 2269 ,
1596 2186 1944 2260 reuelationem
1990 2194 2126 2273 ﬁlio-

530 2310 645 2347 rum
676 2293 770 2349 Dei
807 2303 1103 2375 exspectat;
1150 2294 1201 2348 id
1249 2304 1364 2360 est,
1415 2303 1687 2363 exspectat
1727 2296 1936 2375 quando
1962 2311 2123 2365 appa-

532 2396 647 2441 reat
667 2386 810 2456 quod
840 2370 1155 2455 promissum
1185 2394 1285 2449 est,
1319 2386 1532 2459 quando
1558 2402 1615 2440 re
1641 2387 1751 2457 ipsa
1782 2370 2121 2459 manifestum

530 2478 759 2553 sitquod
796 2493 934 2533 nunc
974 2492 1070 2548 spe
1122 2492 1323 2531 sumus.
1372 2458 1670 2547 ‘lf‘iliienim
1700 2458 2032 2546 Deisiunus,
2075 2488 2122 2557 et

530 2567 755 2635 nondum
795 2571 1033 2637 apparuit
1070 2568 1191 2638 quid
1220 2568 1421 2647 erimus.
1454 2568 1654 2623 Scimus
1672 2554 1847 2622 autem
1882 2572 2121 2642 quoniam

530 2676 645 2714 cum
668 2661 990 2730 apparuerit,
1022 2659 1210 2714 similes
1250 2662 1294 2713 ei
1321 2661 1539 2731 erimus,
1580 2662 1816 2737 quoniam
1846 2662 2121 2725 videbimus

528 2766 641 2804 eum
670 2752 815 2823 sicuti
840 2762 909 2805 est
938 2752 979 2822 (Ι
1010 2751 1166 2831 Joan.
1193 2768 1283 2833 ιιι,
1322 2750 1398 2820 2).
1429 2751 1545 2831 ipsa
1575 2760 1660 2809 est
1699 2754 1951 2824 revelatio
1988 2755 2121 2831 lilio-

528 2858 647 2917 rum
678 2843 786 2913 Dei,
818 2860 973 2913 quam
1004 2860 1143 2898 nunc
1170 2852 1445 2925 exspectat
1470 2846 1793 2912 exspectatio
1822 2854 2114 2909 creaturae:

528 2949 635 2988 non
687 2933 827 3004 quod
848 2932 1103 2989 creatura
1150 2933 1532 2989 rcvelationem
1578 2944 1851 3004 exSpcctet
1902 2937 2125 3015 alterius

528 3037 731 3105 natura:
757 3070 770 3093 ,
800 3044 919 3098 qua:
949 3043 1053 3101 non
1084 3028 1152 3081 sit
1180 3036 1457 3103 creatura;
1489 3027 1583 3081 sed
1621 3028 1731 3103 ipsa
1777 3029 1947 3109 qualis
1976 3016 2120 3111 nunc

528 3129 611 3173 est
637 3161 652 3185 ,
681 3128 961 3189 eXSpcctat
981 3118 1193 3189 quando
1214 3119 1282 3172 sit
1309 3118 1479 3188 qualis
1507 3116 1680 3197 futura
1708 3129 1789 3185 est
1818 3137 1833 3201 ξ
1868 3130 2115 3190 tanquam

526 3210 572 3267 si
602 3210 870 3281 diceretur
888 3252 900 3274 ,
932 3210 1197 3285 Operante
1223 3210 1423 3279 pictore
1446 3208 1700 3281 subjectis
1724 3209 1824 3265 sibi
1849 3212 2118 3268 coloribus

526 3309 581 3357 et
607 3301 672 3356 ad
694 3318 826 3371 opus
856 3302 971 3370 ejus
1002 3300 1199 3371 paratis
1219 3342 1234 3368 ,
1291 3300 1591 3369 expectatio
1617 3301 1860 3383 colorum
1889 3302 2117 3379 manife-

524 3399 809 3452 stationem
837 3396 1079 3465 imaginis
1094 3401 1514 3463 exspectatznon
1544 3394 1665 3464 quia
1693 3404 1819 3450 tunc
1844 3405 1966 3450 sunt
1990 3396 2114 3465 alii,

525 3499 580 3546 et
603 3490 691 3567 alii
719 3498 895 3567 erunt,
925 3496 1015 3567 aut
1045 3502 1148 3541 non
1179 3486 1385 3541 colores
1401 3496 1586 3561 erunt;
1617 3487 1711 3565 sed
1742 3496 1945 3567 tantum
1972 3490 2116 3561 quod

524 3582 681 3636 aliam
712 3582 1021 3651 dignitatem
1049 3578 1337 3655 habebunt.
1886 3570 1887 3573 “

596 3675 649 3727 5.
722 3673 944 3726 Vanitati
1000 3673 1159 3737 enim,
1222 3671 1424 3741 inquit,
1483 3681 1713 3725 creatura
1755 3674 1979 3744 subjecta
2018 3684 2113 3733 est.

525 3765 637 3833 Hoc
666 3773 748 3835 est
789 3764 917 3820 illud
947 3780 961 3816 :
1007 3762 1213 3817 Vanitas
1252 3762 1583 3833 vanitantium
1616 3765 1653 3829 ¹,
1684 3773 1729 3817 et
1768 3764 1935 3819 omnia
1968 3769 2114 3821 vani-

524 3869 621 3921 tas.
659 3858 784 3924 Quae
811 3855 1122 3908 abundantia
1165 3863 1238 3907 est
1289 3853 1478 3907 homini
1522 3855 1573 3907 in
1599 3856 1735 3908 omni
1778 3855 2111 3928 laboremsuo,

524 3965 669 4020 quem
698 3949 805 4018 ipse
833 3946 1026 3999 laborat
1064 3945 1154 3998 sub
1198 3944 1304 3999 sole
1358 3945 1550 4023 (Eccle.
1581 3932 1632 4013 t,
1680 3945 1715 3999 2
1735 3988 1747 4011 ,
1773 3946 1869 4018 5)?
1899 3949 1991 4025 Cui
2018 3950 2115 4004 .άί-

523 4054 667 4098 etum
683 4052 782 4105 cst,
814 4040 879 4093 In
910 4041 1078 4093 labore
1102 4040 1426 4094 manducabis
1453 4058 1636 4110 panem
1670 4051 1807 4117 tuum
1836 4041 1985 4114 (Gen.
2020 4060 2107 4112 ιιι,

525 4133 638 4204 19).
664 4116 899 4201 ⁸Υιιηὶιαιί
924 4146 1051 4201 ergo
1100 4141 1332 4183 creatura
1380 4132 1603 4201 subjecta
1633 4112 1737 4196 est,
1785 4112 1883 4186 non
1914 4144 2108 4203 sponte.

524 4224 668 4301 Bene
712 4224 945 4278 additum
976 4233 1089 4291 est,
1120 4239 1218 4275 non
1258 4233 1454 4293 sponte.
1491 4224 1659 4279 Homo
1688 4226 1883 4295 quippe
1924 4216 2112 4296 spente

524 4320 792 4391 peccavit,
836 4318 928 4373 sed
966 4332 1069 4371 non
1117 4326 1308 4386 sponte
1365 4316 1646 4371 damnatus
1698 4328 1796 4373 est.
1831 4318 2111 4375 Peccatum

522 4411 701 4482 itaque
750 4394 843 4465 fuit
896 4420 1281 4479 spontaneum,
1338 4419 1522 4463 contra
1575 4420 1893 4481 praeceptum
1937 4411 2112 4469 facere

522 4506 761 4561 veritatis
792 4523 803 4557 :
835 4502 1039 4575 peccati
1073 4511 1248 4556 autem
1277 4517 1433 4571 poena
1456 4544 1469 4568 ,
1504 4501 1690 4572 subjici
1721 4501 1961 4556 fallaciae.
1992 4503 2110 4559 Non

521 4613 649 4668 ergo
674 4608 861 4667 sponte
882 4604 1125 4650 creatura
1155 4594 1390 4663 subjecta
1415 4604 1496 4649 est
1520 4595 1733 4649 vanitati
1760 4613 1771 4649 :
1799 4596 1886 4649 sed
1908 4607 2111 4669 prapter

523 4668 635 4742 eum
654 4688 738 4759 qui
764 4687 970 4757 subjecit
998 4703 1107 4739 eam
1127 4686 1181 4739 in
1206 4702 1335 4754 spe;
1373 4686 1423 4739 id
1454 4672 1457 4677 ’
1485 4694 1567 4740 est
1586 4726 1600 4751 ,
1632 4697 1850 4756 propter
1879 4668 2007 4759 ejus
2019 4692 2108 4760 ju-

521 4782 717 4837 stillam
750 4790 907 4849 atque
936 4779 1269 4834 clementiam
1293 4821 1307 4844 ,
1336 4779 1424 4849 qui
1447 4794 1618 4847 neque
1641 4778 1954 4849 impunitum
1978 4784 2107 4838 reli-

521 4876 637 4944 quit
662 4882 957 4955 peccatum,
982 4887 1155 4942 neque
1188 4872 1537 4951 insanabilem
1562 4871 1725 4927 voluit
1747 4888 1865 4929 esse
1885 4889 2109 4944 peccan-

520 4975 627 5022 tem
643 5008 649 5017 .
876 4954 885 5007 ί
1900 4954 1905 4959 ’

591 5060 629 5115 4
681 5057 813 5124 Quia
854 5065 898 5135 et
926 5056 1039 5135 ipsa
1076 5064 1335 5135 creatura,
1383 5054 1433 5111 id
1460 5063 1579 5135 est,
1610 5056 1723 5126 ipse
1750 5056 1939 5127 homo,
1985 5075 2106 5117 cum

517 5152 625 5221 jam
670 5151 940 5231 signaculo
966 5150 1209 5227 imaginis
1234 5134 1450 5219 propter
1480 5160 1756 5219 peccatum
1784 5155 1980 5209 amisso
2022 5171 2109 5211 re-

521 5244 715 5297 mansit
742 5243 1105 5297 tantummodo
1126 5250 1366 5295 creatura
1395 5242 1473 5314 (a)
1507 5262 1519 5296 :
1548 5254 1594 5297 et
1624 5246 1735 5315 ipsa
1764 5246 1941 5318 itaque
1966 5264 2107 5302 crea-

522 5343 667 5399 tura,
704 5333 754 5386 id
806 5343 921 5401 cst,
965 5322 1017 5388 et
1046 5334 1155 5411 ipsa
1185 5349 1301 5404 qua:
1347 5336 1580 5390 nondum
1620 5347 1842 5393 vocatur
1874 5339 2103 5395 ﬁliorum

521 5425 688 5480 forma
722 5424 951 5493 perfecta
968 5465 983 5489 ,
1017 5425 1107 5480 sed
1134 5418 1337 5480 tantum
1362 5435 1580 5481 vocatur
1608 5438 1848 5483 creatura
1867 5472 1879 5493 ,
1922 5430 2107 5503 liberae

522 5517 655 5569 bitur
679 5532 709 5568 a
737 5515 969 5568 servitute
1010 5517 1256 5571 interitus.
1289 5518 1439 5586 Quod
1486 5520 1659 5590 itaque
1688 5521 1794 5589 ait,
1825 5532 1869 5575 et
1899 5523 2014 5593 ipsa
2042 5523 2104 5597 Iis

586 5652 605 5720 ξ
625 5647 1068 5720 mliti
1088 5659 1142 5700 Αι
1172 5658 1304 5712 Mss,
1327 5650 1656 5720 vanitantium.
1680 5656 1752 5720 sic
1767 5655 2023 5720 aliquando
2046 5672 2104 5709 se

520 5715 573 5789 in
592 5710 911 5789 latinlslihris
1143 5710 1349 5766 testatur
1374 5719 1684 5781 Augustinus,
1710 5716 1795 5769 lib.
1824 5710 2102 5783 i'ltetract.,

522 5773 707 5895 “ita”:
728 5841 933 5893 nam.
950 5846 1058 5899 cap.
1082 5834 1160 5888 se.

2249 443 2531 519 berabitur,
2574 446 2699 519 iacit
2744 449 2997 521 intelligi,
3030 458 3078 504 et
3103 450 3249 521 ipsa,
3279 450 3727 527 quemadmodum
3769 470 3826 520 et

2243 550 2369 601 nos,
2417 538 2472 592 id
2498 547 2610 611 est,
2659 540 2808 609 etde
2836 541 2965 609 ipsis
3001 557 3107 609 non
3134 551 3217 597 est
3259 541 3688 615 desperandum,
3733 551 3821 622 qui

2243 630 2479 699 nondum
2522 642 2778 689 vocantur
2827 635 2917 689 lilii
2965 636 3091 703 Dei,
3124 636 3243 707 quia
3294 638 3527 695 nondum
3576 641 3816 701 credide-

2241 733 2398 793 runt,
2431 725 2524 797 sed
2573 734 2774 799 tantum
2824 736 3067 785 creatura
3110 730 3275 801 :quia
3326 739 3381 797 et
3422 732 3523 801 ipsi
3573 734 3820 799 credituri

2242 824 2395 885 sunt,
2434 824 2488 873 et
2518 816 2881 877 liberabuntur
2905 834 2936 877 a
2972 821 3231 889 servitute.
3255 822 3529 893 interitus,
3572 830 3824 897 quemad-

2240 907 2457 961 modum
2502 923 2600 964 nos
2625 910 2715 980 qui
2746 910 2856 980 jam
2898 911 2993 983 filii
3022 912 3117 983 Dei
3156 930 3338 979 sumus
3358 956 3372 979 ,
3404 918 3646 985 quamvis
3689 934 3823 973 non-

2239 997 2363 1057 dum
2394 1003 2699 1071 apparuerit
2743 1003 2869 1072 quid
2921 1004 3139 1061 erimus.
3185 1007 3583 1064 Liberabuntur
3631 1027 3761 1081 ergo.
3793 1028 3821 1065 a

2238 1091 2496 1157 servitute
2534 1093 2813 1163 interitus,
2843 1096 2897 1150 in
2936 1096 3213 1154 libertatem
3240 1101 3417 1171 gloria:
3441 1103 3665 1170 ﬁliorum
3691 1103 3785 1158 Dei
3806 1122 3831 1168 ;_

2239 1180 2293 1235 id
2330 1190 2446 1247 est,
2499 1193 2554 1239 et
2589 1186 2689 1255 ipsi
2736 1196 2894 1259 erunt
2921 1204 2988 1245 ex
3013 1192 3182 1246 servis
3221 1192 3406 1259 liberi,
3452 1202 3506 1249 et
3570 1211 3638 1263 ex
3684 1211 3826 1249 mor-

2239 1272 2345 1327 tuis
2397 1273 2613 1345 gloriosi
2660 1276 2713 1331 in
2761 1277 2867 1333 vita
2908 1279 3181 1350 perfecta,
3214 1297 3374 1353 quam
3419 1282 3692 1343 habebunt
3731 1285 3823 1340 ﬁlii

2238 1362 2355 1431 Dei.

2307 1458 2360 1513 5.
2390 1457 2595 1514 Scimus
2620 1463 2751 1519 enim
2789 1463 2909 1535 quia
2952 1466 3114 1521 omnis
3152 1476 3381 1522 creatura
3423 1470 3744 1540 congemiscit
3780 1478 3827 1525 et

2234 1550 2370 1604 dolet
2391 1568 2545 1623 usque
2570 1556 2757 1609 adhuc.
2776 1556 2961 1627 Omnis
2987 1567 3229 1615 creatura
3249 1561 3303 1615 in
3330 1560 3545 1625 homine
3572 1577 3821 1617 numera-

2236 1650 2339 1708 tur,
2382 1661 2485 1703 non
2507 1647 2648 1717 quod
2678 1641 2732 1703 in
2758 1665 2822 1705 eo
2850 1650 2954 1705 sint
2982 1667 3171 1709 omnes
3192 1654 3380 1725 Angeli
3401 1697 3414 1719 ,
3445 1664 3499 1712 et
3525 1656 3822 1726 superemi-

2233 1742 2421 1797 nentes
2450 1736 2682 1795 Virtutes
2720 1755 2782 1796 ac
2805 1741 3103 1799 Potestates
3122 1787 3137 1811 ,
3165 1754 3257 1801 aut
3292 1746 3487 1805 caelum
3521 1758 3576 1804 et
3606 1758 3749 1807 terra
3772 1755 3826 1804 et

2232 1839 2380 1880 mare
2407 1834 2462 1882 et
2488 1830 2665 1895 omnia
2695 1848 2812 1902 qua:
2853 1834 2903 1886 in
2929 1835 3011 1903 eis
3029 1845 3180 1902 sunt;
3206 1837 3301 1893 sed
3322 1840 3444 1908 quia
3470 1839 3642 1903 omnis
3671 1854 3823 1896 crea-

2232 1922 2351 1971 tura
2382 1919 2571 1989 partim
2603 1922 2889 1995 spiritualis
2930 1935 3046 1993 est,
3076 1928 3265 1995 partim
3306 1929 3585 1999 animalis,
3630 1930 3823 2000 partim

2230 2011 2541 2077 corporalis.
2556 2012 2709 2079 Quod
2730 2023 2784 2068 ut
2804 2015 2877 2081 ab,
2896 2016 3237 2095 inferioribus
3255 2020 3679 2087 consideremus,
3705 2036 3824 2095 cor-

2230 2102 2425 2179 poralis
2441 2114 2682 2159 creatura
2709 2122 2805 2175 per
2832 2108 2949 2171 loca
2976 2110 3243 2179 tenditur;
3263 2113 3513 2187 animalis
3533 2112 3821 2179 autemvi-

2227 2191 2405 2248 viﬁcat
2429 2196 2790 2263 corporalem;
2812 2200 3103 2268 spiritualis
3131 2204 3413 2275 animalem
3443 2206 3597 2283 regit,
3620 2213 3677 2260 et
3699 2213 3824 2261 tunc

2226 2283 2364 2340 bene
2387 2287 2555 2357 regit,
2579 2303 2699 2343 cum
2730 2290 2839 2359 ipsa
2866 2293 3149 2363 regendam
3179 2310 3235 2349 se
3266 2296 3477 2366 subjicit
3504 2298 3611 2371 Deo
3642 2317 3657 2353 :
3699 2313 3824 2354 cum

2226 2384 2402 2432 autem
2468 2380 2852 2451 transgreditur
2905 2393 3169 2457 przecepla
3221 2387 3371 2457 ejus,
3431 2388 3705 2461 laboribus
3769 2397 3827 2465 et

2225 2470 2478 2535 aerumnis
2517 2487 2613 2541 per
2635 2474 2821 2529 eadem
2850 2476 2959 2545 ipsa
2984 2493 3102 2547 quae
3130 2494 3315 2549 regere
3338 2489 3544 2549 poterat
3575 2482 3825 2555 implicas

2228 2567 2330 2625 tur.
2373 2562 2474 2633 Qui
2520 2578 2646 2635 ergo
2687 2566 2817 2621 vivit
2859 2583 2923 2623 ex
2953 2584 3213 2641 corpore,
3254 2572 3485 2627 carnalis
3524 2572 3691 2637 homo
3737 2573 3822 2643 vel

2225 2646 2469 2727 animalis
2514 2666 2735 2739 vocatur
2764 2677 2777 2714 :
2809 2663 3038 2719 carnalis
3061 2705 3077 2730 ,
3117 2665 3239 2734 quia
3266 2667 3496 2739 carnalia
3540 2674 3818 2739 sectatur;

2224 2746 2470 2821 animalis
2494 2760 2669 2806 autem
2692 2792 2707 2817 ,
2740 2753 2861 2822 quia
2889 2754 3055 2823 fertur
3081 2756 3335 2819 dissoluta
3368 2759 3581 2829 lascivia
3623 2761 3821 2818 animm

2224 2851 2334 2901 sua:
2358 2879 2372 2903 ,
2400 2855 2559 2911 quam
2590 2858 2699 2921 noq
2726 2845 2861 2916 regit
2905 2847 3154 2917 spiritus,
3203 2864 3375 2919 neque
3416 2861 3629 2923 coercet
3683 2852 3822 2911 intra

2222 2940 2391 3011 metas
2428 2937 2686 2993 naturalis
2731 2938 2968 3005 ordinis;
3010 2941 3133 3011 quia
3177 2951 3229 2997 et
3272 2942 3386 3012 ipse
3415 2958 3473 3013 se
3501 2960 3607 3005 non
3639 2945 3821 3009 subdit

2222 3026 2513 3095 regendum
2543 3027 2670 3083 Deo.
2704 3028 2803 3096 Qui
2845 3040 3023 3087 autem
3057 3032 3247 3103 spiritu
3282 3035 3515 3101 animam
3557 3036 3733 3107 regit,
3767 3044 3822 3091 et

2221 3129 2327 3187 per.
2365 3118 2595 3185 animam
2641 3135 2837 3190 corpus
2869 3121 3035 3193 (quod
3076 3123 3251 3187 facere
3294 3141 3401 3201 non
3452 3134 3664 3199 potest,
3718 3126 3817 3193 nisi

2223 3206 2391 3285 Deum
2416 3209 2611 3271 habeat
2636 3221 2689 3267 et
2715 3214 2827 3284 ipse
2853 3224 3151 3283 rectorem,
3188 3218 3441 3293 quoniam
3482 3217 3618 3299 sicut
3655 3226 3820 3287 caput

2221 3300 2461 3379 mulieris
2487 3302 2590 3370 vir,
2622 3303 2693 3375 ita
2714 3316 2872 3376 caput
2900 3306 2999 3361 viri
3019 3307 3263 3379 Christus
3286 3318 3369 3379 est
3397 3307 3439 3382 [Ι
3468 3308 3584 3379 Cor.
3604 3326 3684 3373 xi,
3715 3309 3811 3384 5]),

2221 3400 2443 3469 vocatur.
2491 3395 2800 3464 spiritualis.
2848 3397 2978 3469 Qua;
3029 3399 3135 3469 vita
3175 3416 3297 3471 cum
3341 3402 3517 3481 aliqua
3568 3401 3817 3471 molestia

2220 3497 2363 3561 nunc
2386 3485 2579 3559 agitur,
2608 3496 2728 3561 post
2751 3496 2925 3543 autem
2952 3490 3150 3561 nullam
3194 3492 3437 3561 patietur.
3468 3491 3537 3565 Et
3560 3493 3816 3569 quoniam

2219 3579 2415 3649 summi
2440 3581 2627 3650 Angeli
2660 3582 3011 3651 spiritualiter
3037 3584 3252 3651 vivunt,
3281 3584 3446 3639 intimi
3482 3594 3658 3638 autem
3695 3585 3814 3640 ani-

2217 3670 2429 3726 maliter
2452 3671 2528 3743 (a)
2554 3713 2568 3735 ,
2598 3672 2785 3739 bestia:
2806 3690 2933 3739 vero
2962 3684 3015 3729 et
3047 3676 3219 3729 omnia
3260 3690 3448 3745 pecora
3487 3677 3810 3745 carnaliter,

2219 3773 2412 3830 corpus
2440 3770 2618 3818 autem
2642 3779 2747 3817 non
2777 3765 2937 3830 vivit,
2968 3766 3060 3820 sed
3087 3766 3417 3833 viviticatur;
3450 3768 3621 3837 omnis
3650 3784 3812 3841 crea:

2219 3857 2335 3915 tura
2364 3851 2418 3907 in
2443 3851 2659 3923 homine
2684 3862 2797 3925 est,
2827 3857 2950 3927 quia
2978 3866 3032 3911 et
3057 3856 3298 3929 intelligit
3326 3857 3512 3928 spiritu
3533 3900 3546 3921 ,
3590 3868 3644 3914 et
3683 3876 3813 3931 sena

2219 3945 2289 4005 ti:
2306 3945 2503 4019 abitus,
2536 3957 2589 4003 et
2619 3948 2858 4005 localiter
2882 3965 3105 4020 corpore
3126 3962 3387 4021 movetur.
3414 3950 3600 4017 Omnis
3629 3952 3811 4029 itaque

2218 4047 2459 4097 creatura
2504 4042 2555 4095 in
2585 4042 2799 4098 homine
2824 4044 3169 4113 congemiscit
3211 4054 3267 4099 et
3298 4044 3461 4119 dolet.
3502 4045 3623 4117 Non
3663 4048 3815 4121 enim

2219 4139 2404 4199 totam,
2434 4133 2529 4205 sed
2556 4148 2770 4203 omnem
2794 4135 2924 4189 dixit
2948 4153 2960 4188 :
2989 4144 3243 4207 tanquam
3264 4136 3307 4191 si
3334 4139 3453 4209 quis
3480 4136 3635 4200 dicat,
3664 4137 3809 4209 quod

2217 4223 2384 4289 solem
2410 4239 2595 4289 omnes
2626 4225 2868 4289 homines
2897 4226 3077 4309 vidpnt
3103 4228 3193 4297 qui
3224 4236 3346 4301 sunt
3372 4229 3677 4303 incolumes,
3715 4228 3809 4283 scd

2217 4330 2325 4389 non
2354 4317 2450 4371 toti
2473 4317 2687 4387 vident,
2711 4318 2833 4389 quia
2866 4327 3066 4387 tamum
3089 4320 3257 4373 oculis
3280 4319 3492 4391 vident:
3520 4321 3585 4383 ita
3619 4321 3668 4377 in
3708 4320 3808 4381 ho-

2216 4407 2358 4461 mine
2392 4408 2564 4462 omnis
2592 4417 2839 4483 creatura
2864 4419 2977 4485 est,
3009 4410 3128 4481 quia
3154 4420 3209 4465 et
3245 4410 3484 4480 intelligit
3521 4420 3577 4465 et
3603 4410 3732 4463 vivit
3758 4420 3810 4464 ct

2215 4512 2409 4567 corpus
2438 4498 2616 4571 habet;
2646 4500 2741 4573 sed
2768 4516 2871 4557 non
2906 4510 3012 4577 tota
3039 4511 3279 4556 creatura
3312 4502 3361 4553 in
3392 4502 3504 4569 ipso
3534 4488 3655 4579 est,
3684 4502 3807 4569 quia

2214 4602 2337 4647 sunt
2361 4603 2556 4662 praeter
2581 4593 2752 4662 ipsum
2780 4603 2835 4650 et
2864 4595 3050 4666 Angcli
3072 4637 3087 4661 ,
3117 4596 3204 4665 qui
3232 4595 3523 4665 intelligant
3550 4606 3600 4650 et
3622 4580 3807 4663 vivant

2214 4690 2268 4737 et
2296 4681 2419 4747 sint,
2451 4690 2504 4737 et
2533 4696 2722 4752 pecora
2753 4700 2869 4754 qua:
2898 4686 3078 4763 vivant
3107 4696 3159 4739 et
3187 4670 3320 4750 sint,
3349 4695 3400 4741 et
3428 4701 3651 4755 corpora
3683 4701 3805 4763 qua:

2213 4774 2579 4830 tantummodo
2608 4777 2739 4839 sint;
2770 4793 2889 4832 cum
2917 4778 3089 4849 ipsum
3120 4779 3296 4833 vivere
3330 4780 3495 4848 magis
3518 4780 3612 4844 sit,
3641 4794 3800 4847 quam

2212 4882 2319 4931 non
2346 4866 2551 4935 vivere,
2582 4878 2638 4943 et
2662 4870 2833 4939 ipsum
2860 4872 3152 4941 intelligere
3179 4871 3346 4939 magis
3368 4872 3463 4937 sit,
3495 4886 3650 4949 quam
3684 4872 3802 4949 sine

2213 4959 2489 5037 intellectu
2511 4960 2708 5017 vivere.
2735 4962 2864 5017 Cum
2902 4978 3028 5034 ergo
3072 4963 3233 5021 miser
3264 4962 3422 5039 homo
3452 4944 3811 5041 congemiscit

2212 5060 2268 5109 et
2292 5053 2469 5115 dolet,
2513 5054 2685 5113 omnis
2713 5063 2963 5131 creatura
2995 5054 3339 5125 congemiscit
3362 5063 3415 5109 et
3456 5053 3599 5108 dolet
3629 5070 3807 5131 usque

2211 5146 2404 5201 adhuc.
2435 5145 2601 5219 Usque
2621 5146 2787 5211 ad/tuc
2819 5128 2999 5225 autem
3034 5155 3175 5201 recte
3197 5147 3339 5225 dixit
3363 5163 3384 5203 :,
3408 5146 3525 5217 quia
3558 5128 3809 5201 etiamsi

2213 5237 2317 5291 sint
2354 5236 2513 5313 aliqui
2533 5236 2640 5305 jam
2667 5238 2720 5301 in
2750 5237 2870 5297 sinu
2903 5238 3131 5317 Abrahae
3157 5235 3305 5312 (Luc.
3332 5237 3603 5323 “1,23),
3636 5247 3686 5293 et
3715 5240 3807 5313 la;

2213 5335 2295 5389 tre
2345 5327 2431 5382 ille
2477 5343 2597 5381 cum
2655 5327 2882 5383 Domino
2929 5329 2981 5382 in
3030 5328 3277 5398 paradiso
3322 5331 3641 5409 constitutus
3683 5328 3792 5401 (Id.

2213 5433 2348 5475 χχιιι
2367 5461 2380 5482 ,
2411 5419 2524 5488 45),
2556 5420 2647 5474 illo
2671 5419 2757 5475 die
2781 5433 2887 5491 quo
2912 5419 3137 5477 credidit
3156 5462 3170 5488 ,
3200 5420 3383 5477 dolere
3404 5421 3682 5491 destiterit;
3712 5428 3796 5474 ta-

2210 5492 2331 5563 men
2361 5496 2529 5580 usque
2556 5510 2728 5564 adhuc
2751 5512 2926 5567 omnis
2955 5500 3195 5567 creatura
3225 5514 3569 5583 congcmiscit
3602 5520 3655 5568 et
3694 5509 3795 5564 do-

2211 5600 2325 5668 let,
2352 5602 2473 5671 quia
2499 5602 2550 5655 in
2578 5601 2639 5656 iis
2660 5603 2750 5672 qui
2786 5603 3018 5659 nondum
3050 5603 3259 5661 liberati
3290 5615 3446 5674 sunt,
3478 5604 3652 5665 omnis
3674 5612 3794 5673 est,

2209 5702 2428 5764 propter
2453 5693 2694 5777 spiritum
2722 5704 2775 5750 et
2798 5697 3028 5752 animam
3059 5706 3113 5754 et
3131 5712 3343 5769 corpus.

2272 5841 2346 5903 (a)
2370 5852 2387 5894 ι
2409 5850 2637 5901 Retract..
2652 5858 2758 5909 cap.
2782 5846 2860 5897 ω.
