4000 6336
160 332 222 395 σε)

227 454 276 510 6.
305 448 424 506 Non
445 446 623 503 solum
643 453 866 515 autem,
901 447 1097 519 inquit,
1128 445 1303 503 omnis
1325 454 1565 503 creatura
1594 459 1792 516 conge-

178 549 326 608 miscit
349 554 402 601 et
425 544 577 599 dolet
600 585 617 610 ,
648 544 748 598 sed
776 554 835 599 et
876 562 975 600 nos
997 545 1098 614 ipsi
1123 560 1143 599 :
1176 544 1227 599 id
1252 554 1333 600 est
1356 588 1369 608 ,
1404 560 1508 600 non
1534 546 1705 599 solum
1734 544 1787 599 in

178 644 370 699 homine
396 651 603 709 corpus
633 644 696 692 vt
720 638 913 692 anima
961 645 1017 692 et
1058 637 1275 708 Spiritus
1315 636 1475 691 simul
1500 636 1685 692 dolent
1720 652 1788 692 ex

180 732 565 792 difﬁcultatibus
588 732 852 802 corporis
873 774 887 795 ,
921 730 1017 787 sed
1046 740 1100 785 et
1128 744 1224 784 nos
1245 730 1377 799 ipsi,
1406 730 1643 799 exceptis
1670 745 1791 784 cor-

179 832 397 903 poribus,
424 828 480 880 in
503 826 657 879 nobis
692 826 826 895 ipsis
844 824 1263 896 congemiscimus
1281 865 1295 890 ,
1325 824 1572 893 primitias
1602 823 1787 878 haben-

178 936 238 979 tes
268 921 499 988 spiritus.
533 918 609 973 Et.
634 917 779 974 bene
802 917 975 982 dixit,
1007 917 1254 987 primitias
1276 916 1509 972 habentes
1533 918 1740 987 spiritus
1768 933 1787 972 .'

177 1017 220 1071 id
242 1024 337 1075 est,
358 1027 602 1083 quorum
620 1010 737 1081 jam
767 1010 992 1080 Spiritus
1018 1018 1264 1080 tanquam
1286 1009 1606 1065 sacriﬁcium
1622 1010 1785 1065 oblati

176 1117 285 1163 sunt
313 1106 428 1161 Deo
454 1148 470 1171 ,
495 1115 553 1159 et
576 1103 770 1158 divino
793 1102 1071 1158 cbaritatis
1098 1103 1217 1173 igne
1244 1102 1617 1172 comprehensi
1639 1110 1781 1158 sunt.

175 1201 256 1255 Ha:
281 1208 411 1253 sunt
438 1195 706 1267 primitus:
729 1195 997 1261 hominis;
1039 1194 1161 1265 quia
1188 1195 1387 1250 veritas
1420 1195 1650 1264 primum
1685 1196 1787 1265 spi-

174 1294 323 1347 ritum
360 1300 622 1345 nostrum
658 1287 905 1353 obtinet,
936 1296 996 1341 ut
1032 1302 1127 1356 per
1152 1285 1293 1341 hunc
1318 1294 1511 1341 caetera
1542 1302 1785 1356 compre-

178 1385 497 1441 hendantur.
528 1382 655 1438 Jam
684 1396 814 1452 ergo
841 1379 1000 1436 habet
1022 1380 1279 1449 primitias
1299 1380 1503 1437 oblatas
1530 1380 1663 1447 Deo,
1692 1382 1781 1451 qui

176 1477 295 1532 dicit
322 1497 338 1530 :
371 1474 553 1537 ﬂente
580 1475 747 1529 senio
786 1472 885 1543 legi
912 1471 1035 1540 Dei,
1065 1489 1215 1525 carne
1251 1482 1419 1527 autem
1456 1474 1553 1543 legi
1594 1476 1784 1543 peccati

182 1569 353 1638 (Rom.
382 1584 496 1633 vn,
532 1566 659 1636 25).
694 1566 761 1618 Et
785 1565 875 1634 qui
900 1564 1029 1623 dicit
1059 1582 1071 1617 :
1104 1563 1243 1618 Deus
1266 1565 1350 1618 cui
1390 1566 1545 1619 servio
1583 1567 1637 1619 in
1677 1568 1782 1636 spi-

183 1663 280 1715 ritu
314 1677 417 1713 meo
455 1657 575 1729 (Id.
611 1674 664 1723 ι,
692 1656 770 1728 9).
804 1656 871 1711 Et
911 1656 980 1711 de
1022 1672 1127 1726 quo
1154 1656 1348 1710 dicitur
1379 1676 1392 1710 :
1422 1657 1645 1725 Spiritus
1668 1660 1783 1728 qui-

179 1757 284 1808 dent
312 1763 588 1823 promptus
619 1760 694 1804 est
713 1792 728 1815 ,
756 1766 874 1803 caro
912 1758 1081 1802 autem
1112 1750 1318 1818 inﬁrma
1354 1748 1564 1823 (Matth.
1615 1768 1736 1806 xxw
1762 1795 1776 1820 ,

182 1850 279 1917 ll).
304 1848 415 1903 Sed
444 1848 707 1915 quoniam
734 1844 911 1898 adhuc
932 1842 1061 1898 dicit
1078 1883 1093 1905 ,
1121 1840 1317 1910 Infelix
1344 1859 1434 1913 ego
1458 1844 1605 1897 homo
1627 1886 1639 1909 ,
1672 1846 1782 1914 quis

178 1958 246 1995 me
272 1939 517 1993 liberabit
538 1939 601 1992 de
623 1952 835 2005 corpore
863 1936 1040 1995 mortis
1066 1934 1217 2005 hujus
1244 1934 1417 2005 (Rom.
1444 1950 1515 1989 vn
1532 1975 1546 2001 ,
1570 1934 1703 2006 24)?
1729 1945 1782 1989 ct

174 2037 340 2091 adhuc
369 2035 578 2090 talibus
609 2032 799 2088 dicitur
819 2074 834 2098 ,
887 2028 1173 2100 Viviﬁcabit
1208 2040 1255 2085 et
1296 2030 1533 2083 mortalia
1569 2046 1781 2100 corpora

174 2142 336 2185 eestm
361 2138 585 2199 propter
603 2127 841 2196 Spiritum
862 2134 1147 2179 manentem
1172 2125 1224 2177 in
1247 2124 1381 2178 vobis
1398 2122 1450 2196 (1
1458 2124 1509 2177 d.
1536 2140 1644 2189 vm,
1668 2124 1777 2197 ll);

173 2221 424 2275 nondum
449 2228 540 2274 est
571 2219 930 2273 holocaustum
964 2234 977 2269 :
1005 2215 1106 2271 erit
1130 2225 1306 2271 autem
1327 2256 1343 2282 ,
1379 2231 1499 2273 cum
1522 2216 1777 2271 absorbe-

177 2313 309 2367 bitur
339 2325 499 2365 mors
539 2311 591 2365 in
640 2309 955 2373 victoriam;
989 2322 1109 2362 eum
1149 2308 1197 2361 ei
1236 2307 1483 2373 dicetur,
1529 2306 1625 2363 Ubi
1666 2317 1776 2375 est,

177 2423 325 2471 mors,
346 2405 610 2459 conluuie
642 2403 770 2461 tua?
793 2402 880 2454 ubi
909 2410 983 2455 est
1002 2402 1021 2468 ,’
1043 2417 1197 2467 mors,
1219 2401 1423 2454 aculeus
1444 2410 1557 2454 tuus
1586 2400 1625 2473 (I
1656 2398 1774 2456 Cor.

178 2514 265 2564 xv,
282 2499 372 2562 Si,
399 2497 522 2567 55)?
549 2495 699 2549 Nunc
725 2509 874 2563 ergo,
901 2491 1089 2563 inquit,
1114 2508 1217 2545 non
1241 2492 1415 2546 solum
1433 2493 1608 2546 omnis
1626 2508 1781 2546 crea-

178 2600 290 2644 tura
312 2631 325 2657 ,
356 2588 409 2643 id
438 2598 548 2654 est,
578 2602 704 2641 cum
724 2600 972 2654 corpore,
1005 2584 1093 2638 sed
1112 2584 1265 2637 etiam
1292 2601 1385 2638 nos
1406 2584 1504 2653 ipsi
1534 2584 1780 2654 primitias

181 2685 408 2737 habentes
437 2682 655 2751 spiritus
683 2698 695 2733 :
724 2678 777 2733 id
803 2688 903 2743 est,
940 2693 1036 2731 nos
1063 2678 1289 2744 animai,
1322 2693 1442 2747 qum
1466 2678 1574 2745 jam
1609 2677 1780 2747 primi-

181 2778 273 2830 tias
293 2785 505 2829 mentes
528 2781 743 2827 nostras
764 2770 1058 2826 obtulimus
1089 2769 1226 2837 Deo,
1258 2770 1313 2823 in
1339 2770 1482 2823 nobis
1508 2771 1632 2838 ipsis
1660 2787 1780 2824 con-

183 2870 497 2938 gemiscismts
515 2907 531 2931 ,
558 2864 613 2917 id
640 2871 757 2929 est,
780 2872 979 2932 praeter
1003 2877 1193 2931 corpus
1221 2879 1237 2916 :
1265 2863 1587 2932 adoptionem
1604 2878 1781 2933 exspe-

185 2972 395 3028 ctantes,
442 2959 852 3029 redemptionem
891 2958 1117 3029 corporis
1155 2959 1347 3024 nostri,
1385 2958 1436 3012 id
1481 2969 1593 3023 est,
1626 2968 1681 3012 ut
1726 2967 1782 3013 et

184 3057 342 3126 ipsum
387 3070 594 3123 corpus
632 3053 901 3122 accipiens
954 3051 1267 3106 beneficium
1310 3052 1610 3122 adoptionis
1653 3053 1781 3109 ﬁlio-

185 3164 321 3214 rum,
360 3164 467 3219 qua
510 3147 691 3201 vocati
717 3159 939 3211 sumus,
969 3152 1108 3198 totos
1149 3159 1248 3199 nos
1274 3144 1558 3211 liberatos,
1603 3154 1781 3200 trans-

189 3243 303 3295 actis
326 3240 587 3301 omnibus
610 3238 877 3292 molestiis
894 3278 909 3300 ,
943 3250 1007 3291 ex
1031 3236 1173 3291 omni
1208 3246 1355 3306 parte
1379 3237 1469 3291 Dei
1499 3237 1638 3292 lilios
1661 3252 1780 3292 esse

189 3333 505 3388 manifestet.
537 3331 649 3402 Spe
671 3330 805 3384 enim
828 3329 957 3383 salui
972 3328 1092 3398 facti
1111 3344 1283 3383 sumus
1309 3344 1328 3383 :
1348 3344 1463 3399 spes
1483 3337 1646 3382 autem
1669 3344 1783 3400 quae

189 3426 368 3478 videtur
384 3466 402 3492 ,
422 3442 532 3479 non
548 3432 620 3478 est
641 3440 774 3491 spes.
796 3422 945 3475 Tunc
967 3437 1094 3491 ergo
1115 3421 1215 3476 erit
1235 3436 1321 3476 res
1350 3438 1470 3491 qua:
1492 3437 1633 3476 nunc
1656 3437 1783 3492 spes

190 3529 290 3584 est,
314 3536 431 3573 cum
457 3518 762 3589 apparuerit
790 3516 912 3587 quid
936 3517 1165 3581 erimus;
1204 3515 1257 3571 id
1286 3525 1369 3571 est
1390 3556 1405 3582 ,
1436 3515 1625 3570 similes
1662 3516 1741 3570 illi
1762 3556 1778 3585 ,

191 3614 418 3681 quoniam
447 3610 731 3664 uidebimus
758 3625 871 3663 eum
897 3606 1048 3661 sicuti
1069 3615 1160 3662 est.

253 3704 302 3757 7.
336 3703 453 3757 Hoc
478 3701 776 3771 capitulum
814 3700 859 3753 si
886 3698 990 3755 hoc
1015 3697 1208 3765 modo,
1240 3707 1298 3753 ut
1343 3706 1625 3759 tractatum
1659 3708 1739 3754 est
1764 3742 1779 3767 ,

192 3796 484 3864 aperiatur,
540 3810 647 3847 non
689 3792 975 3846 incidimus
1016 3791 1068 3844 in
1113 3791 1231 3846 illas
1257 3790 1562 3857 molestias,
1591 3791 1784 3860 quibus

194 3890 424 3959 plerique
469 3888 723 3943 homines
766 3885 946 3941 dicere
991 3894 1285 3954 coguntur,
1318 3899 1504 3938 omnes
1550 3872 1811 3954 Angelos!

192 3987 554 4054 sublimesque
582 3982 822 4036 Virtutes
851 3982 903 4034 in
929 3979 1113 4034 dolore
1137 3988 1188 4034 et
1215 3979 1497 4049 gemitibus
1518 3994 1655 4041 esse,
1686 3993 1784 4033 an-

195 4085 397 4147 tequam
427 4089 536 4129 nos
559 4073 768 4143 penitus
798 4071 1116 4133 liberemur,
1146 4068 1395 4139 quoniam
1425 4068 1623 4123 dictum
1662 4077 1743 4123 est
1765 4112 1781 4136 ,

196 4166 627 4222 Omniscreaturu
647 4164 967 4235 congemiscit
992 4171 1038 4215 et
1065 4162 1218 4216 dolet.
1242 4160 1496 4227 Quamvis
1521 4161 1660 4215 enim
1687 4161 1785 4215 ad-

188 4262 365 4331 juvent
412 4275 518 4315 nos
560 4274 657 4331 pro
692 4273 785 4313 sua
828 4256 1155 4311 sublimitate
1184 4258 1222 4320 ⁸,
1261 4255 1384 4310 dum
1417 4256 1787 4326 obtemperant

193 4354 316 4417 Deo,
344 4355 441 4424 qui
463 4368 563 4422 pro
585 4352 738 4406 nobis
766 4351 926 4405 etiam
949 4349 1159 4404 unicum
1193 4348 1383 4402 Filium
1422 4364 1575 4402 suum
1598 4347 1785 4418 digna-

192 4456 269 4502 tus
288 4457 378 4502 est
404 4446 657 4506 mittere;
685 4453 861 4498 tamen
889 4443 1005 4496 sine
1032 4442 1229 4512 gemitu
1253 4450 1307 4496 et
1327 4441 1601 4495 doloribus
1628 4440 1677 4495 id
1705 4441 1783 4495 l‘a-

193 4555 307 4595 cere
324 4537 591 4594 credendi
612 4545 752 4603 sunt,
776 4551 844 4591 ne
871 4534 1051 4589 miseri
1071 4534 1454 4599 existimentur,
1482 4534 1786 4605 feliciorqne

196 4633 257 4685 sit
283 4633 354 4687 de
380 4645 610 4685 numero
641 4638 822 4683 nostro
849 4627 1082 4683 Lazarus
1109 4627 1197 4681 ille
1225 4627 1311 4697 qui
1336 4626 1444 4697 jam
1476 4627 1528 4681 in
1560 4627 1787 4683 Abrahae

199 4724 305 4778 sinu
335 4722 654 4793 requiescit.
676 4721 979 4775 Prmsertim
1013 4718 1134 4788 quia
1161 4718 1322 4783 dixit,
1368 4718 1609 4774 eamdem
1640 4733 1789 4773 crea-

201 4825 362 4869 turam
389 4830 517 4884 quze
546 4813 890 4883 congemiscit
915 4821 967 4866 et
996 4811 1137 4866 dolet
1159 4853 1173 4877 ,
1202 4811 1419 4866 vanitati
1459 4827 1577 4867 esse
1612 4812 1790 4881 subje-

200 4920 351 4973 ctam;
386 4906 537 4979 quod
566 4906 635 4961 de
658 4906 881 4959 summis
906 4913 958 4957 et
982 4904 1362 4959 excellentibus
1390 4905 1651 4957 Virtutum
1683 4906 1787 4958 Po-

212 5004 567 5062 testatumque
589 5000 857 5048 creaturis
875 4996 1025 5045 uetas
1047 4998 1131 5045 est
1157 4990 1397 5045 credere.
1423 4988 1627 5045 Deinde
1647 4991 1785 5047 libe-

214 5088 427 5140 randam
464 5100 589 5151 eam
625 5084 760 5140 dixit
805 5100 835 5136 a
879 5081 1135 5141 servitute
1177 5082 1462 5146 interitus;
1508 5096 1616 5149 quo
1661 5081 1785 5137 illos

212 5177 587 5245 cecidisse,qui
614 5177 667 5230 in
694 5174 848 5230 cmlis
875 5180 1039 5242 agunt
1066 5174 1232 5227 vitam
1262 5174 1651 5237 beatissimam,
1672 5189 1781 5229 non

212 5280 483 5334 possumus
496 5267 739 5322 credere.
765 5263 971 5318 Tamen
994 5264 1125 5318 nihil
1139 5272 1339 5319 temere
1352 5264 1490 5319 conti
1500 5264 1783 5320 rmaudum

213 5370 302 5418 est,
332 5359 425 5415 sed
451 5360 539 5429 pia
565 5355 850 5427 diligentia
878 5356 1040 5415 etiam
1078 5364 1239 5424 atque
1269 5356 1435 5411 etiam
1482 5357 1649 5411 verba
1698 5356 1779 5411 di-

212 5451 317 5506 vina
341 5452 613 5509 tractanda
641 5457 812 5514 sunt;
844 5462 912 5502 ne
942 5446 1079 5502 forte
1097 5463 1217 5516 quae
1241 5448 1588 5519 congemiscit
1606 5455 1662 5502 et
1681 5448 1777 5504 do-

214 5543 272 5598 let
308 5555 361 5600 et
390 5546 607 5603 vanitati
648 5544 904 5613 subjecta
932 5550 1033 5606 est,
1062 5543 1231 5612 possit
1256 5542 1434 5612 aliquo
1486 5542 1643 5597 modo
1671 5544 1778 5599 alio

213 5633 424 5711 intelligi,
470 5648 527 5695 ut
556 5639 626 5695 de
657 5633 901 5691 summis
928 5633 1147 5707 angelis,
1181 5635 1435 5705 quamdiu
1467 5644 1664 5690 nostra:
1692 5638 1775 5692 in-

246 5777 271 5846 }
289 5777 357 5830 Sic
376 5779 483 5833 Rat.
510 5778 599 5832 Er.
632 5780 693 5828 et
719 5768 959 5824 undecim
978 5769 1093 5822 Mss.
1120 5771 1186 5823 At
1208 5769 1348 5833 Lov.,
1370 5782 1457 5833 per
1480 5784 1591 5824 siuas
1613 5771 1767 5833 sutili:

1621 320 1823 383 LIBER
1857 323 2064 386 UNUS.

3412 342 3487 402 ‘70

1896 446 2129 503 ﬁrmitati
2163 445 2313 520 jussu
2341 450 2550 508 Domini
2584 453 2754 510 nostri
2780 458 3139 529 opitulantur,
3168 478 3275 521 non
3315 466 3483 538 impio

1895 540 2063 610 possit
2086 541 2399 598 existimari.
2428 544 2537 601 Sed
2564 546 2679 603 sive
2703 548 2793 603 illa
2821 566 2979 621 quam
3006 559 3240 613 exsecuti
3268 572 3475 627 sumus,

1895 632 2007 688 sive
2031 632 2133 687 alia
2161 635 2333 706 aliqua
2366 638 2523 707 hujus
2551 641 2764 709 capituli
2787 645 3049 713 expositio
3075 647 3392 716 proferatur;
3428 652 3477 705 id

1894 733 2097 781 tantum
2128 729 2423 784 cavendum
2450 742 2533 786 est
2552 774 2568 800 ,
2593 748 2660 787 ne
2683 734 2845 789 violet
2868 745 2961 791 aut
2987 738 3230 795 vulneret
3254 742 3483 798 catholi»

1892 832 2009 872 cam
2040 818 2218 875 (idem.
2246 820 2371 877 Scio
2398 824 2540 878 enim
2567 840 2733 881 vanos
2762 828 2778 859 ί
2817 828 3098 887 hazreticos
3125 832 3312 890 deboc
3338 836 3486 905 capi-

1894 909 2003 963 tulo
2033 911 2194 965 multa
2221 913 2381 983 impia
2407 923 2463 970 et
2483 916 2657 985 inepta
2680 917 2930 987 jactasse.

1891 1000 2120 1059 LXVIII.
2149 1004 2229 1060 De
2249 1022 2308 1061 eo
2340 1011 2475 1079 quod
2508 1012 2750 1082 scriptum
2786 1025 2859 1068 est
2889 1031 2909 1069 :
2935 1015 2981 1071 0
3019 1017 3211 1086 homo,
3259 1028 3318 1075 tu
3360 1023 3482 1093 quis

2102 1112 2194 1165 es,
2223 1099 2311 1169 qui
2341 1103 2664 1170 respondeas
2692 1105 2800 1161 Deo
2827 1107 3002 1174 (Rom.
3034 1125 3112 1176 Ix,
3139 1109 3271 1185 εον

1964 1190 2015 1245 1.
2042 1189 2177 1247 Cum
2216 1194 2461 1250 videatur
2502 1198 2790 1267 Apostolus
2836 1204 3155 1273 corripuisse
3198 1208 3437 1263 curiosos
3461 1251 3476 1276 ,

1890 1281 2147 1352 dicendo,
2175 1283 2221 1340 0
2248 1286 2425 1351 homo,
2460 1298 2513 1342 tu
2534 1291 2649 1361 quis
2668 1309 2749 1357 es,
2792 1295 2879 1363 qui
2907 1297 3209 1365 respondeas
3240 1297 3388 1353 Deo?
3411 1300 3478 1355 do

1889 1370 1992 1427 hoc
2020 1370 2135 1442 ipso
2174 1372 2250 1427 illi
2284 1376 2633 1444 quaestionem
2665 1388 2883 1435 movent
2906 1422 2920 1446 ,
2949 1390 3004 1436 et
3031 1383 3087 1435 in
3113 1398 3174 1438 ea
3216 1385 3479 1447 sententia

1887 1478 1995 1518 non
2019 1463 2271 1521 desinunt
2295 1481 2415 1523 esse
2439 1470 2669 1536 curiosi,
2701 1487 2805 1541 qua
2831 1472 3101 1543 objurgata
3131 1484 3213 1531 est
3239 1477 3354 1547 ipsa
3377 1493 3477 1533 cu-

1886 1554 2101 1611 riositas
2133 1575 2146 1611 :
2173 1567 2227 1613 et
2249 1558 2397 1629 impii
2417 1561 2631 1630 quidem
2657 1577 2779 1617 cum
2808 1567 3168 1634 contumelia,
3206 1578 3265 1624 ut
3297 1570 3482 1626 dicant

1886 1645 2200 1714 Apostolum
2228 1649 2283 1705 in
2302 1652 2554 1708 solvenda
2578 1656 2873 1723 quastione
2893 1657 3182 1729 deiecisse,
3210 1670 3264 1717 et
3287 1663 3479 1732 objur-

1884 1751 2037 1807 gasse
2071 1750 2401 1810 quierantes,
2443 1745 2567 1814 quia
2595 1762 2700 1801 non
2741 1757 2951 1817 poterat
2973 1752 3113 1821 quod
3139 1755 3479 1822 quaerebatur

1892 1846 2180 1900 exponere.
2211 1836 2459 1892 Nonnulli
2487 1850 2663 1894 autem
2696 1839 2770 1912 (a)
2804 1843 3034 1899 barretici
3054 1847 3173 1913 quia
3198 1863 3303 1903 non
3329 1848 3479 1904 deci-

1886 1924 2066 1993 piunt,
2114 1927 2216 1981 nisi
2242 1944 2362 1982 cum
2402 1931 2680 1985 scientiam
2710 1949 2869 2003 quam
2907 1951 3011 1989 non
3048 1938 3301 1994 exhibent
3325 1942 3481 2009 polli-

1885 2028 2092 2086 centur,
2123 2029 2175 2075 ct
2203 2021 2548 2079 adversantes
2572 2025 2697 2095 Legi
2724 2036 2777 2081 et
2807 2027 3108 2096 Prophetis,
3129 2047 3480 2103 quaecumque

1884 2109 1952 2166 de
1999 2110 2104 2165 illis
2130 2114 2419 2182 Apostolus
2460 2117 2695 2171 sermoni
2739 2133 2835 2173 suo
2878 2120 3134 2187 inseruit,
3181 2121 3314 2178 falsa
3353 2133 3408 2179 et
3446 2140 3479 2180 a

1884 2208 2287 2275 corruptoribus
2312 2209 2547 2265 immissa
2578 2226 2701 2266 esse
2742 2213 3095 2268 criminantur
3119 2256 3134 2281 ,
3182 2217 3343 2271 etiam
3377 2219 3480 2275 hoc

1884 2300 2024 2355 inter
2052 2303 2163 2372 ipsa
2194 2319 2314 2373 qute
2360 2305 2677 2375 interpolata
2707 2307 2924 2377 dicunt,
2960 2327 3239 2369 numerare
3285 2316 3481 2372 malue-

1884 2403 2034 2457 runt,
2067 2405 2123 2450 et
2151 2413 2344 2465 negare
2369 2398 2590 2455 Paulum
2621 2400 2852 2469 dixisse,
2887 2402 2931 2456 0
2954 2404 3101 2459 homo
3122 2448 3136 2471 ,
3166 2415 3219 2459 tu
3243 2411 3353 2477 quis
3383 2427 3438 2464 es
3460 2452 3475 2479 ,

1883 2489 1967 2556 qui
1991 2489 2294 2558 respondeas
2327 2490 2473 2546 Deo?
2498 2493 2754 2559 Quoniam
2781 2496 2823 2549 si
2852 2496 2979 2566 ipsis
3004 2498 3213 2554 dicatur
3238 2502 3303 2556 ad
3333 2503 3479 2558 deci-

1884 2580 2107 2647 piendos
2139 2582 2380 2639 homines
2401 2586 2884 2657 calumniantibus,
2926 2594 3109 2659 procul
3135 2593 3297 2648 dubio
3338 2605 3478 2651 tace-

1884 2671 2052 2738 bunt,
2095 2690 2192 2729 nec
2213 2675 2488 2732 audebunt
2509 2679 2665 2733 ullam
2692 2680 2758 2735 de
2800 2681 3073 2739 voluntate
3098 2686 3479 2757 omnipotentis

1884 2766 1978 2820 Dei
2013 2768 2271 2836 imperitis
2298 2786 2431 2841 quos
2457 2771 2703 2843 decipere
2732 2775 2983 2846 cupiunt,
3020 2779 3294 2834 scientiam
3322 2781 3481 2850 polli-

1884 2860 2013 2915 ceri.
2048 2860 2272 2929 Quidam
2304 2873 2482 2918 autem
2534 2864 2673 2922 bona
2720 2876 2772 2923 et
2822 2868 2905 2937 pia
2952 2880 3131 2927 mente
3176 2872 3479 2943 Scripturas

1882 2952 2119 3024 legentes
2158 2967 2405 3025 qurerunt
2451 2959 2572 3028 quid
2601 2959 2685 3014 hic
2731 2962 2897 3029 possit
2924 2964 3004 3018 vel
3035 2966 3480 3025 maledicentibus

1883 3047 1967 3101 vel
2003 3048 2447 3105 calumniantibus
2474 3053 2804 3122 responderi.
2841 3052 2947 3110 Sed
2974 3072 3073 3113 nos
3096 3066 3152 3114 et
3174 3061 3479 3118 auctoritati

1884 3139 2193 3209 apostolicae
2222 3141 2508 3198 salubriter
2552 3144 2873 3201 inhaerentes
2898 3189 2912 3211 ,
2942 3158 2996 3201 et
3020 3149 3184 3205 libros
3228 3167 3363 3222 quos
3390 3168 3481 3207 ca-

1887 3229 2079 3288 tholica
2111 3232 2386 3303 disciplina
2426 3236 2659 3290 custodit
2689 3237 2905 3295 l'alsatos
2931 3240 2954 3275 ³
2997 3256 3116 3297 esse
3145 3258 3475 3315 nequaquam

1885 3323 2281 3390 existimantes,
2314 3328 2605 3382 sentiamus
2625 3330 2763 3399 quod
2790 3346 2973 3387 verum
3007 3342 3121 3402 est,
3152 3335 3395 3407 indignos
3425 3350 3480 3394 et

1886 3416 2126 3471 inlirmos
2160 3432 2280 3473 esse
2310 3417 2332 3451 ⁸
2358 3419 2424 3475 ad
2461 3420 2800 3490 intelligenda
2833 3423 3009 3477 divina
3040 3438 3244 3482 secreta
3286 3431 3479 3498 quibus

1887 3507 1985 3561 ista
2012 3507 2329 3563 clauduntur
2357 3528 2369 3563 :
2402 3518 2456 3566 et
2480 3512 2558 3565 eis
2587 3517 3039 3571 murmurantibus
3072 3528 3126 3573 et
3153 3520 3476 3591 indignanti-

1886 3597 1987 3654 bus
2013 3600 2155 3670 quod
2195 3600 2415 3656 consilia
2459 3602 2549 3657 Dei
2582 3620 2686 3658 non
2713 3605 2960 3674 discunt,
3006 3623 3125 3664 cum
3155 3610 3333 3668 dicere
3367 3629 3478 3669 cce-

1888 3693 2081 3760 perint,
2113 3692 2250 3764 Ergo
2268 3696 2411 3763 cujus
2436 3698 2539 3751 vult
2565 3699 2845 3765 miseretur,
2874 3710 2921 3755 et
2948 3718 3090 3773 quem
3109 3706 3213 3760 vult
3239 3705 3474 3762 obdurat.

1891 3783 2027 3848 Quid
2054 3785 2222 3838 adhuc
2248 3789 2568 3856 conqueritur
2589 3789 2615 3842 7
2642 3807 2758 3843 nam
2785 3793 3029 3847 voluntati
3065 3797 3173 3864 ejus
3214 3800 3324 3868 quis
3350 3802 3477 3854 resi-

1889 3879 1973 3931 stit
1998 3877 2158 3947 (Ibid.
2190 3880 2277 3944 l8,
2303 3879 2419 3951 l9)?
2441 3897 2560 3935 cum
2592 3883 2674 3936 his
2699 3899 2827 3955 ergo
2854 3888 3030 3943 verbis
3049 3899 3140 3943 aut
3164 3891 3476 3948 calumniari

1889 3969 2191 4039 Scripturas
2215 4014 2229 4037 ,
2263 3981 2352 4026 aut
2401 3973 2657 4029 latebram
2704 3986 3041 4045 peccatorum
3090 3998 3306 4040 suorum
3335 4001 3482 4055 qua:-

1890 4077 2010 4117 rere
2037 4064 2297 4132 cmperint
2320 4106 2332 4129 ,
2380 4074 2435 4118 ut
2484 4076 2745 4137 przecepta
2781 4081 3160 4139 contemnant,
3194 4078 3383 4146 quibus
3411 4080 3477 4134 ad

1888 4155 2051 4210 vitam
2096 4156 2290 4211 bonam
2338 4160 2648 4228 pervenitur
2689 4159 2745 4228 ⁸,
2792 4166 3210 4233 respondeamus
3243 4171 3481 4227 fidentis-

1890 4248 2059 4317 sime,
2097 4248 2143 4303 0
2172 4250 2320 4303 homo
2340 4292 2354 4315 ,
2389 4262 2442 4304 tu
2475 4253 2585 4321 quis
2607 4269 2694 4320 es,
2733 4256 2817 4324 qui
2845 4260 3148 4326 respondeas
3181 4260 3331 4315 Deo?
3369 4263 3479 4319 Nec

1891 4357 1984 4397 eos
2009 4342 2222 4396 reveriti
2258 4352 2498 4398 sanctum
2521 4345 2739 4399 canibus
2765 4346 2981 4411 demus,
3019 4362 3108 4404 aut
3136 4354 3479 4422 projiciamus

1891 4438 2208 4508 margaritas
2251 4446 2461 4492 nostras
2502 4449 2626 4494 ante
2670 4454 2860 4508 porcos
2891 4441 3105 4509 (Matt/1.
3148 4462 3254 4511 νη,
3299 4447 3352 4518 6)
3385 4468 3397 4503 :
3433 4450 3478 4506 si

1894 4540 2068 4585 tamen
2092 4532 2199 4597 jam
2229 4532 2327 4601 ipsi
2353 4547 2515 4587 canes
2545 4541 2598 4588 et
2625 4535 2770 4603 porci
2800 4550 2907 4589 non
2932 4554 3142 4604 smnus,
3187 4541 3328 4595 etde
3364 4560 3478 4598 me-

1892 4622 2008 4676 ritis
2043 4623 2337 4676 animarum
2369 4623 2640 4678 revelante
2669 4624 2866 4694 Spiritu
2893 4638 3111 4685 sancto.
3145 4632 3370 4687 sublime
3391 4636 3481 4689 ali-

1892 4712 2017 4784 quid
2045 4724 2099 4768 et
2142 4731 2170 4766 a
2206 4714 2408 4784 vulgari
2448 4717 2751 4783 conjectura
2794 4722 3248 4789 remotissimum,
3302 4728 3383 4780 vel
3412 4744 3477 4783 cx

1892 4816 2041 4876 parte
2066 4814 2222 4876 atque
2250 4806 2300 4860 in
2330 4807 2606 4877 arnigmate
2634 4809 2983 4878 sUSpiccmur.

1965 4897 2019 4951 ‘2.
2048 4897 2162 4953 Non
2191 4900 2334 4954 enim
2361 4900 2650 4970 Apostolus
2678 4902 2777 4958 hoc
2804 4903 2919 4959 loco
2958 4916 3170 4963 sanctos
3210 4909 3480 4978 prohibuit

1893 5006 1923 5045 a
1952 4991 2239 5060 quarrendo
2262 5032 2277 5056 ,
2307 4991 2400 5046 sed
2449 5007 2541 5046 eos
2566 4993 2655 5062 qui
2703 4995 2938 5051 nondum
2970 5008 3092 5054 sunt
3129 5001 3179 5053 in
3221 5000 3480 5056 charitate

1894 5083 2116 5139 radicati
2162 5093 2213 5137 et
2262 5082 2495 5149 fundati,
2549 5094 2605 5140 ut
2632 5088 2837 5155 possint
2872 5091 3321 5160 comprehendere
3356 5108 3478 5149 cum

1895 5174 2144 5231 omnibus
2172 5176 2370 5230 sanctis
2398 5175 2731 5234 latitudinem
2752 5223 2767 5247 ,
2797 5181 3175 5249 longitudinem
3199 5226 3212 5249 ,
3242 5184 3480 5240 altitudi-

1899 5283 2022 5323 nem
2071 5274 2126 5321 et
2174 5267 2529 5336 profundum,
2561 5279 2615 5325 et
2661 5281 2853 5327 ctctera
2881 5289 2998 5343 quae
3043 5274 3095 5327 in
3127 5274 3313 5331 eodem
3362 5277 3483 5333 loco

1897 5360 2202 5431 exsequitur
2231 5361 2446 5433 (Ephes.
2474 5379 2556 5427 Ill,
2582 5364 2651 5421 18
2670 5407 2685 5432 ,
2720 5366 2830 5437 l9).
2859 5366 2973 5423 Non
2997 5382 3126 5439 ergo
3156 5371 3425 5440 prohibuit
3452 5389 3482 5428 a

1961 5474 1979 5540 ξ
2003 5470 2249 5540 Floruset
2269 5475 2424 5540 codex
2449 5478 2641 5540 Regius,
2660 5477 2833 5528 varios.

1962 5537 1983 5599 ξ
2008 5543 2111 5585 MSS.
2130 5571 2145 5594 ,
2171 5535 2433 5599 infulsatos.

1962 5597 1982 5674 ξ
2006 5604 2078 5674 Er.
2100 5606 2158 5674 et
2178 5597 2316 5674 ων.ἶ
2336 5598 2668 5674 indignorum
2689 5604 2741 5674 et
2753 5599 2971 5674 inﬁrmos
2988 5619 3107 5659 esse.
3132 5608 3305 5669 Abest,
3324 5622 3410 5662 nos
3422 5644 3439 5674 ,
3458 5622 3488 5662 ι

1899 5668 1994 5711 Rat.
2024 5668 2076 5710 et
2099 5669 2203 5711 Mss.
2222 5689 2281 5697 —
2305 5662 2453 5720 Lugd.
2478 5670 2529 5709 et
2552 5670 2668 5711 Ven.
2695 5670 2750 5713 ut
2773 5662 2844 5714 Er.
2869 5675 2919 5717 et
2942 5674 3049 5719 ιον.
3119 5680 3171 5721 Μ.

1962 5723 1982 5771 5
2009 5731 2106 5796 nat.
2127 5734 2178 5774 et
2198 5722 2527 5796 cistercicnsis
2549 5724 2705 5796 codex
2728 5728 2969 5796 omittunt,
2986 5729 3172 5785 bauun.
3189 5734 3359 5786 Cteteli
3377 5733 3486 5789 tero

1899 5792 2026 5853 Mss,
2038 5783 2447 5853 lcco,p‘erv_ettitttr
2461 5818 2474 5845 ,
2491 5786 2698 5853 habent,
2718 5783 2995 5845 invitantur.

1962 5847 2035 5909 (a)
