4000 6336
390 425 457 483 71
1146 421 1236 477 DE
1273 418 1585 478 DIVERSIS
1619 416 2138 488 QUESTIONIBUS
2175 416 2438 475 LXXXIII
2461 460 2476 488 ,
2516 418 2575 477 S.
2615 419 2981 479 AUGUSTINI
3598 424 3673 482 72
3756 472 3759 475 .

390 538 678 614 quaerendo
696 582 712 607 ,
738 540 830 613 qui
854 539 1011 606 dicit,
1046 539 1343 611 Spiritualis
1364 550 1533 594 autem
1557 539 1727 593 omnia
1736 537 1972 607 judicat;

389 635 499 705 ipse
526 644 693 688 autem
720 650 753 686 a
773 633 969 688 nemine
981 632 1250 704 judicatur
1273 648 1293 686 :
1312 642 1365 687 et
1393 631 1520 686 illud
1552 630 1834 700 pra'cipue,
1867 627 1978 684 Nos

391 735 559 781 autem
592 742 692 779 non
719 725 954 796 spiritum
979 726 1131 797 hujus
1158 724 1333 779 mundi
1360 724 1670 795 accepimus,
1706 722 1793 776 sed
1829 723 1980 793 spiri-

393 829 498 874 tum
520 821 604 890 qui
629 836 690 874 ea:
715 819 823 875 Deo
847 827 917 874 est
933 861 950 883 ,
970 829 1027 873 ut
1052 820 1271 872 sciamus
1304 834 1418 889 qua:
1442 835 1474 870 a
1512 817 1622 871 Deo
1648 816 1834 869 donata
1862 823 1979 870 sunt

390 913 533 968 nobis
568 912 610 985 (l
636 911 753 967 Cor.
786 928 855 975 ιι,
889 911 987 979 15,
1026 910 1137 983 12).
1174 911 1319 978 Quos
1355 924 1484 980 ergo
1528 908 1831 979 prohibuit,
1878 906 1979 961 nisi

390 1005 563 1062 luteos
592 1015 750 1076 atque
792 1013 1034 1060 terrenos
1053 1046 1067 1069 ,
1095 1004 1185 1073 qui
1218 1003 1452 1057 nondum
1482 1002 1804 1057 intrinsecus
1829 1015 1981 1070 rege-

390 1098 559 1154 nerati
586 1107 746 1167 atque
765 1096 979 1161 nutriti,
1010 1096 1295 1166 imaginem
1318 1096 1460 1150 illius
1489 1095 1720 1150 hominis
1746 1101 1974 1163 portant,

390 1191 480 1262 qui
502 1191 707 1262 primus
737 1191 908 1246 factus
931 1198 1016 1246 est
1033 1190 1101 1245 de
1129 1201 1269 1245 terra
1318 1198 1561 1244 terrenus
1606 1188 1627 1262 (
1657 1187 1743 1241 Id.
1770 1204 1856 1252 xv,
1887 1188 1977 1254 47,

389 1283 527 1353 49η
557 1284 624 1338 Ει
648 1284 768 1352 quia
789 1284 839 1338 ei
869 1298 898 1336 a
929 1298 1036 1353 quo
1062 1282 1231 1338 factus
1257 1293 1369 1349 est,
1394 1282 1561 1337 noluit
1585 1282 1977 1351 obtemperare,

392 1373 446 1430 in
478 1374 529 1429 id
558 1375 741 1445 lapsus
764 1384 848 1430 est
880 1375 1023 1431 unde
1046 1375 1217 1431 factus
1237 1385 1349 1441 est,
1380 1375 1678 1445 meruitque
1703 1383 1822 1446 post
1850 1388 1981 1444 pec-

392 1477 569 1525 catum
594 1470 798 1535 audire,
827 1468 987 1524 Terra
1011 1487 1083 1535 es,
1113 1480 1157 1524 et
1180 1471 1234 1525 in
1261 1480 1444 1523 terram
1468 1469 1562 1523 ibis
1582 1466 1735 1537 (Gen.
1759 1484 1836 1534 Ill,
1866 1466 1977 1537 19).

393 1561 613 1618 Talibus
640 1562 797 1633 igitur
838 1562 1141 1618 hominibus
1169 1562 1299 1617 dicit
1332 1561 1621 1631 Apostolus
1654 1577 1666 1613 :
1713 1559 1757 1613 0
1792 1560 1940 1614 homo
1962 1600 1979 1627 ,

393 1661 449 1708 tu
472 1655 581 1725 quis
600 1672 652 1710 es
674 1697 687 1720 ,
719 1657 804 1726 qui
827 1656 1131 1726 respondeas
1155 1654 1299 1708 Deo?
1327 1652 1590 1723 Numquid
1618 1652 1739 1705 dicit
1767 1652 1981 1723 ﬁgmen-

395 1756 501 1801 tum
542 1748 591 1801 ei
632 1747 717 1817 qui
755 1764 809 1801 se
849 1748 1032 1816 ﬁnxit,
1082 1747 1252 1812 Quare
1277 1746 1349 1799 sic
1379 1761 1457 1798 me
1485 1745 1678 1815 fecisti?
1722 1743 1983 1812 Quamdiu

394 1853 521 1909 ergo
569 1840 876 1909 ﬁgmentum
921 1854 1018 1905 es,
1067 1837 1303 1892 nondum
1347 1836 1615 1907 perfectus
1655 1836 1829 1902 ﬁlius,
1860 1835 1985 1905 quia

394 1931 632 1987 nondum
660 1930 880 1986 hausisti
918 1930 1282 2001 plenissimam
1306 1928 1529 1999 gratiam
1556 1943 1657 1998 qua
1688 1927 1839 1982 nobis
1861 1926 1984 1981 data

394 2032 477 2079 est
506 2033 739 2094 potestas
766 2023 907 2078 ﬁlios
945 2023 1035 2077 Dei
1063 2021 1177 2077 fieri
1215 2020 1394 2091 (Joan.
1423 2037 1474 2087 ι,
1516 2018 1606 2092 12)
1633 2062 1647 2083 ,
1678 2036 1784 2089 quo
1812 2018 1986 2089 possis

394 2118 579 2172 audire
599 2157 613 2179 ,
643 2116 765 2169 Jam
790 2133 891 2170 non
919 2116 1083 2168 dicam
1103 2131 1187 2169 vos
1211 2131 1376 2168 servos
1395 2156 1409 2179 ,
1434 2114 1521 2168 sed
1545 2113 1733 2166 amicos
1760 2110 1868 2181 (Id.
1892 2126 1980 2176 xv,

398 2208 512 2275 15);
533 2217 587 2260 tu
614 2209 725 2276 quis
745 2224 828 2274 es,
858 2208 944 2276 qui
964 2205 1269 2275 respondeas
1302 2205 1406 2258 Deo
1426 2247 1440 2271 ,
1465 2213 1520 2258 et
1551 2205 1682 2258 velis
1706 2203 1797 2257 Dei
1828 2215 1987 2255 nosse

396 2301 716 2358 consilium?
740 2300 830 2370 qui
857 2300 899 2354 si
940 2297 1172 2354 hominis
1214 2297 1304 2351 tibi
1346 2295 1562 2366 aequalis
1601 2310 1763 2349 nosse
1792 2292 1988 2347 voluis-

396 2407 512 2458 ses,
547 2392 882 2461 impudenter
904 2389 1106 2446 faceres
1134 2391 1152 2421 ⁵
1172 2430 1187 2454 ,
1219 2389 1320 2443 nisi
1348 2389 1495 2460 prius
1516 2389 1566 2443 in
1589 2387 1873 2442 amicitiam
1902 2401 1987 2441 re-

397 2486 671 2555 cipereris.
700 2486 848 2542 Sicut
887 2499 1016 2555 ergo
1061 2483 1385 2554 portavimus
1430 2482 1712 2554 imaginem
1751 2480 1982 2547 terreni,

397 2589 672 2650 portemus
728 2586 783 2632 et
827 2576 1109 2647 imaginem
1158 2575 1392 2630 caalestis
1443 2574 1499 2647 (l
1549 2574 1666 2629 Cor.
1722 2589 1828 2643 xv,
1868 2574 1985 2644 49),

398 2682 656 2728 exuentes
685 2687 782 2726 nos
810 2679 1044 2726 veterem
1082 2669 1353 2723 hominem
1388 2676 1443 2722 et
1470 2667 1753 2723 induentes
1792 2682 1988 2724 novum

399 2766 621 2840 (Coloss.
654 2782 741 2832 ut,
773 2765 837 2831 9,
864 2763 984 2835 10),
1011 2772 1066 2819 ut
1102 2779 1203 2819 non
1235 2763 1441 2817 dicatur
1466 2762 1617 2817 nobis
1654 2762 1804 2832 quasi
1844 2760 1988 2815 luteo

399 2858 651 2932 figmento
680 2878 695 2913 :
728 2856 993 2927 Numquid
1021 2856 1140 2910 dicit
1177 2855 1469 2927 ﬁgmentum
1507 2854 1554 2908 ei
1592 2854 1677 2925 qui
1718 2869 1771 2907 se
1796 2850 1984 2921 ﬁnxit,

404 2948 574 3019 Quare
594 2967 673 3005 me
698 2950 770 3004 sic
790 2948 991 3021 fecisti?
1072 2942 1077 2945 ’

471 3045 527 3100 5.
562 3043 630 3099 Ει
651 3053 710 3099 ιιι
736 3040 1072 3098 manifestum
1103 3040 1206 3105 sit,
1235 3054 1341 3094 non
1384 3037 1716 3095 sanctiﬁcato
1746 3037 1985 3108 spiritui,

399 3136 497 3194 sed
540 3136 737 3192 carnali
781 3135 893 3189 luto
933 3134 1032 3188 ista
1075 3120 1217 3198 dici,
1259 3130 1380 3186 vide
1418 3129 1546 3200 quid
1586 3130 1859 3198 sequitur:
1888 3128 1991 3182 Aut

401 3248 503 3287 non
531 3230 677 3285 habet
706 3236 996 3300 potestatem
1014 3224 1201 3297 ﬁgulus
1226 3224 1320 3278 luti
1354 3222 1598 3278 emendem
1639 3223 1991 3293 conspersione

402 3325 569 3397 facere
593 3322 736 3375 aliud
764 3320 965 3392 quidem
992 3335 1079 3372 vas
1106 3318 1159 3371 in
1185 3317 1453 3381 honorent,
1481 3314 1624 3368 aliud
1652 3315 1705 3367 in
1733 3322 1992 3367 contume-

402 3416 523 3473 liam
550 3416 726 3485 (Rom.
762 3430 834 3479 ix,
864 3412 993 3481 ειη
1024 3410 1098 3464 Ex
1127 3426 1232 3479 quo
1259 3424 1385 3478 ergo
1424 3408 1476 3461 in
1516 3407 1761 3477 paradiso
1802 3416 1991 3461 natura

402 3520 583 3565 nostra
612 3505 881 3577 peccavit,
932 3504 1000 3558 ab
1047 3501 1233 3557 eadem
1271 3499 1446 3554 divina
1493 3498 1859 3567 providentia,
1883 3514 1991 3554 non
2022 3524 2025 3525 ν

402 3599 694 3657 secundum
721 3596 937 3659 malum,
964 3594 1057 3650 sed
1085 3592 1374 3648 secundum
1403 3602 1599 3646 terram
1619 3632 1633 3657 ,
1667 3591 1719 3645 id
1743 3601 1855 3658 est,
1884 3607 1991 3645 non

402 3691 693 3749 secundum
731 3690 1005 3759 spiritum,
1045 3686 1139 3741 sed
1187 3685 1478 3740 secundum
1522 3700 1738 3739 carnem
1780 3686 1992 3740 mortali

402 3783 746 3857 generatione
775 3779 1090 3841 formamur,
1116 3785 1171 3831 et
1195 3791 1382 3831 omnes
1408 3791 1511 3830 una
1539 3791 1711 3831 massa
1738 3777 1834 3830 luti
1867 3775 1992 3830 facti

404 3891 609 3939 sumus,
640 3871 781 3943 quod
808 3879 890 3926 est
922 3884 1097 3923 massa
1128 3868 1352 3937 peccati.
1396 3867 1529 3921 Cum
1573 3882 1701 3937 ergo
1744 3868 1991 3921 meritum

405 3968 676 4041 peccando
692 3965 1048 4028 amiserimus,
1068 3970 1120 4016 et
1141 3959 1503 4015 misericordia
1531 3960 1621 4014 Dei
1641 3970 1839 4014 remota
1859 3961 1991 4015 nihil

403 4063 549 4121 aliud
594 4059 935 4133 peccantibus
984 4056 1085 4111 nisi
1135 4064 1331 4109 acterna
1383 4054 1652 4109 damnatio
1700 4053 1988 4123 debeatur,

407 4156 533 4229 quid
578 4155 677 4209 sibi
720 4152 833 4207 vult
874 4153 1034 4205 homo
1075 4148 1144 4203 de
1183 4148 1284 4202 hac
1311 4162 1507 4211 massa,
1537 4156 1594 4200 ut
1628 4147 1737 4200 Deo
1766 4160 1991 4215 reSpon-

409 4251 534 4309 deat
562 4257 617 4304 et
654 4247 812 4310 dicat,
845 4245 1013 4313 Quare
1036 4258 1112 4295 me
1138 4243 1210 4296 sic
1234 4240 1438 4310 fecisti?
1473 4239 1530 4295 Si
1560 4239 1639 4292 vis
1669 4239 1765 4293 ista
1798 4254 1995 4308 cogno—

408 4359 581 4411 scere,
604 4342 713 4397 noli
739 4354 857 4396 esse
885 4339 1078 4402 lutum,
1102 4335 1195 4391 sed
1213 4334 1429 4390 efficere
1457 4333 1596 4387 ﬁlius
1626 4333 1716 4387 Dei
1741 4350 1835 4403 per
1855 4334 1994 4389 illius

409 4435 865 4499 misericordiam,
907 4432 995 4503 qui
1041 4429 1187 4485 dedit
1230 4436 1541 4499 potestatem
1578 4428 1716 4483 ﬁlios
1744 4427 1836 4481 Dei
1881 4429 1996 4483 ﬁeri

410 4530 748 4589 credentibus
774 4530 826 4582 in
857 4526 1073 4582 nomine
1098 4523 1248 4593 eius;
1277 4538 1382 4576 non
1408 4529 1584 4577 autem
1606 4563 1620 4585 ,
1651 4522 1792 4592 quod
1822 4531 1876 4575 tu
1905 4538 1997 4577 cu-

409 4624 528 4696 pis,
570 4632 852 4692 antequam
897 4618 1150 4683 credant,
1191 4615 1367 4670 divina
1412 4629 1569 4669 nosse
1589 4615 1924 4682 cupientibus
1951 4616 1993 4669 ³.

409 4716 613 4773 Merces
642 4714 783 4769 enim
822 4710 1139 4782 cognitionis
1176 4708 1378 4763 meritis
1417 4707 1690 4773 redditur;
1729 4708 1996 4765 credendo

407 4822 586 4869 autem
609 4810 851 4864 meritmu
867 4813 1226 4874 comparatur.
1246 4801 1360 4870 Ipsa
1379 4810 1551 4854 autem
1566 4801 1731 4870 gratia
1746 4816 1863 4871 quae
1874 4802 1995 4856 data

411 4916 493 4964 est
519 4922 613 4976 per
630 4906 806 4964 ﬁdem,
826 4899 983 4954 nullis
1002 4897 1199 4951 nostris
1220 4896 1422 4950 meritis
1440 4894 1861 4965 praecedentibus
1875 4896 1994 4950 data

411 5009 512 5054 est.
534 4994 685 5064 Quod
713 5002 794 5049 est
821 4993 961 5047 cnim
985 4989 1233 5044 meritum
1260 4988 1556 5057 peccatoris
1575 4997 1631 5042 et
1653 4988 1831 5058 impii?
1851 4988 1998 5043 Chri-

411 5102 526 5149 stus
564 5100 740 5145 autem
782 5102 876 5157 pro
917 5085 1094 5154 impiis
1136 5092 1189 5137 et
1228 5082 1595 5154 peccatoribus
1631 5095 1871 5139 mortuus
1915 5095 1998 5140 est

414 5182 604 5258 (Id._v,
633 5183 712 5253 6),
745 5190 799 5236 ιιι
826 5178 890 5234 ad
919 5176 1240 5233 credendum
1277 5191 1381 5230 non
1423 5176 1647 5241 merito,
1691 5176 1783 5231 sed
1829 5179 1996 5246 gratia

412 5290 745 5336 vocaremur,
776 5270 1048 5328 credendo
1076 5278 1250 5323 autem
1280 5267 1441 5322 etiam
1485 5268 1731 5322 meritum
1765 5270 1996 5326 colloca-

413 5382 595 5422 remus
616 5364 656 5415 ⁸.
680 5365 991 5419 Peccatores
1021 5362 1176 5431 igitur
1196 5359 1416 5414 credere
1439 5358 1710 5427 iubentur,
1732 5370 1792 5415 ut
1815 5377 1842 5414 a
1870 5378 1996 5431 pec-

414 5459 547 5518 catis
576 5456 844 5513 credcndo
867 5466 1155 5525 purgentur
1181 5452 1222 5506 ‘.
1252 5451 1506 5507 Nesciunt
1531 5452 1675 5506 enim
1704 5452 1829 5522 quid
1850 5461 1997 5510 recte

479 5612 499 5644 ι
523 5615 623 5658 Rat.
652 5613 704 5657 et.
724 5613 830 5654 Mss.
849 5604 1070 5667 plerique
1095 5643 1109 5665 ,
1135 5603 1462 5667 imprudenter
1488 5606 1687 5668 faceres.
1744 5667 1747 5668 ν
1806 5644 1809 5647 .

414 5692 421 5693 ί
478 5674 500 5705 ’
524 5679 696 5719 locum
728 5665 871 5717 istum
893 5669 951 5716 ad
976 5665 1077 5716 tum.
1103 5665 1412 5730 corrigimus,
1437 5665 1585 5730 quem
1601 5665 1786 5730 Stilisin
1808 5671 1999 5721 excusis

415 5737 629 5786 vidimus
650 5738 926 5802 corruptum
951 5730 1099 5802 hocce
1122 5726 1264 5802 modo
1289 5745 1300 5778 :
1330 5739 1429 5779 non
1446 5726 1589 5799 enim,
1759 5734 1811 5779 tu
1833 5731 1997 5798 cupis,

412 5806 667 5861 antequam
688 5789 908 5852 credant,
928 5790 1091 5842 diuina
1116 5792 1261 5842 datur
1281 5804 1415 5842 nosse
1440 5789 1751 5854 cupientibus.

500 5858 712 5921 'Aliquot
734 5865 861 5917 Mss.,
879 5866 1287 5921 compararentus.
1329 5915 1339 5921 _
1425 5913 1435 5921 _

478 5890 861 5987 (ἓὸῗὲἕί
871 5890 1466 5989 ἔῖἱὶἲᾶἓὶιῖεἴᾶὲααιάο
1495 5921 1781 5983 paramur.

2087 540 2314 595 vivendo
2332 540 2496 595 visuri
2527 540 2652 595 sint.
2685 542 3018 612 Quapropter
3039 554 3161 595 cum
3192 537 3374 594 videre
3406 552 3513 593 non
3540 553 3669 609 pos-

2084 631 2224 697 sint,
2253 632 2354 687 nisi
2377 643 2524 688 recte
2553 634 2761 700 vivant,
2791 651 2889 689 nec
2915 644 3059 690 reete
3084 649 3262 688 Vivere
3289 632 3534 697 valeant,
3567 632 3669 685 nisi

2085 724 2336 789 credant;
2366 725 2703 781 manifestum
2736 734 2818 782 est
2845 742 2874 780 a
2903 727 3005 783 ﬁde
3032 726 3414 797 incipiendum,
3442 735 3501 781 ut
3527 741 3670 794 pra:-

2086 823 2235 884 cepta
2275 818 2461 885 quibus
2490 818 2769 874 credentes
2794 834 2824 873 a
2850 819 3044 874 saeculo
3072 819 3173 872 hoc
3199 826 3532 883 avertuntur,
3566 833 3662 873 cor

2086 909 2341 963 mundum
2375 909 2598 975 faciant,
2626 912 2713 965 ubi
2756 911 2924 966 videri
2962 912 3101 973 Deus
3142 919 3329 981 possut.
3357 909 3501 964 Beati
3526 910 3674 964 enim

2086 1003 2275 1056 mundo
2300 1004 2480 1069 corde,
2508 1005 2627 1072 quia
2660 1005 2758 1076 ipsi
2789 1004 2954 1059 Deum
2982 984 3214 1059 videbunt
3241 1004 3459 1077 (Matth.
3486 1022 3542 1069 v,
3566 1006 3623 1075 8)
3655 1023 3670 1060 :

2087 1103 2141 1148 et
2163 1110 2255 1163 per
2278 1098 2607 1166 prophetiam
2636 1099 2652 1130 ¹
2678 1099 2905 1166 canitur,
2929 1097 2996 1151 In
3020 1100 3338 1169 simplicitate
3353 1100 3518 1153 cordis
3537 1115 3677 1170 qua:-

2086 1187 2182 1240 rite
2203 1186 2350 1240 illum
2377 1188 2530 1260 (Sap.
2562 1206 2598 1254 l,
2633 1190 2707 1262 1).
2738 1190 3073 1261 Quapropter
3103 1201 3247 1247 recte
3277 1192 3471 1246 dicitur
3501 1192 3678 1247 homi—

2088 1279 2244 1333 nibus
2269 1280 2320 1333 in
2349 1289 2613 1336 vetustate
2640 1282 2762 1335 vitae
2801 1284 3136 1337 manentibus
3157 1325 3170 1346 ,
3206 1295 3259 1337 et
3284 1294 3564 1353 prepterea
3597 1292 3678 1338 te—

2089 1374 2380 1429 nebrosum
2424 1375 2636 1429 oculum
2684 1376 2874 1430 anima:
2919 1377 3267 1444 gerentibus:
3301 1377 3346 1431 0
3393 1377 3574 1443 homo,
3623 1387 3679 1430 tu

2088 1467 2199 1537 quis
2217 1485 2288 1533 es,
2314 1469 2401 1538 qui
2427 1468 2731 1539 respondeas
2758 1468 2907 1524 Deo?
2933 1468 3200 1539 Numquid
3228 1471 3349 1524 dicit
3376 1472 3673 1541 ﬁgmentum

2090 1561 2135 1614 ei
2159 1561 2243 1629 qui
2266 1577 2319 1614 se
2346 1562 2514 1629 ﬁnxit,
2548 1562 2718 1628 Quare
2742 1579 2821 1616 me
2842 1563 2915 1617 sic
2936 1564 3131 1633 fecisti?
3157 1564 3255 1617 Aut
3286 1580 3385 1617 non
3412 1565 3556 1617 habet
3586 1582 3679 1634 po-

2089 1659 2311 1705 testatem
2341 1652 2529 1723 ﬁgulus
2554 1654 2649 1707 luti
2673 1671 2735 1708 ea:
2766 1654 2939 1708 eadem
2962 1657 3313 1726 conspersione
3338 1660 3502 1727 facere
3535 1656 3680 1709 aliud

2089 1744 2289 1813 quidem
2304 1758 2391 1796 vas
2413 1744 2467 1797 in
2492 1744 2747 1811 honorem,
2777 1745 2921 1799 aliud
2944 1748 2996 1800 in
3015 1749 3409 1801 contumeliam?
3428 1748 3677 1818 Expurga

2090 1845 2241 1892 vetus
2269 1839 2607 1905 fermentum,
2631 1850 2688 1893 ut
2715 1841 2788 1894 sis
2819 1855 2953 1895 nova
2979 1843 3289 1911 conspersio
3309 1843 3349 1914 (I
3371 1842 3489 1899 Cor.
3521 1859 3571 1908 v,
3596 1841 3675 1911 7),

2093 1936 2148 1983 ει
2174 1929 2226 1982 in
2257 1944 2318 1983 ea
2360 1930 2471 1998 ipsa
2505 1946 2610 1984 non
2655 1931 2831 1987 adhuc
2869 1934 3120 2003 parvulus
3146 1935 3198 1988 in
3228 1935 3438 1989 Christo
3461 1944 3519 1989 ut
3544 1935 3680 1989 lacte

2092 2021 2355 2090 potandus
2386 2021 2460 2075 sis
2491 2021 2599 2089 (Id.
2623 2039 2701 2088 tu,
2731 2023 2786 2095 2)
2811 2041 2826 2088 ;
2855 2028 2947 2079 sed
2976 2026 3191 2094 perveni
3221 2026 3284 2079 ad
3310 2027 3478 2080 virum
3507 2025 3675 2095 perfeo

2091 2122 2256 2179 ctum,
2281 2123 2341 2167 ut
2365 2115 2439 2168 sis
2469 2115 2608 2168 inter
2638 2116 2760 2170 illos
2797 2117 2863 2171 de
2903 2118 3094 2187 quibus
3118 2118 3331 2184 dicitur,
3365 2118 3681 2187 Sapientiam

2092 2205 2345 2275 loquimur
2365 2206 2495 2259 inter
2520 2209 2767 2277 perfectos
2793 2207 2900 2277 (1d.
2928 2225 2962 2261 ιι
2981 2250 2994 2271 ,
3024 2210 3100 2278 6).
3129 2210 3262 2263 Tum
3290 2186 3503 2264 demum
3535 2186 3707 2265 recte.

2091 2305 2146 2351 et
2171 2313 2276 2350 non
2318 2307 2640 2367 praepostere
2684 2298 2898 2366 audies,
2928 2299 2970 2351 si
2998 2316 3097 2369 qua
3129 2310 3251 2353 sunt
3280 2301 3344 2353 de
3383 2303 3684 2357 animarum

2092 2388 2466 2442 occultissimis
2492 2388 2723 2456 meritis,
2755 2402 2809 2446 et
2830 2390 2896 2445 de
2916 2392 3083 2461 gratia
3111 2393 3192 2447 vel
3207 2393 3441 2462 justitia,
3476 2405 3685 2449 secreta

2094 2480 2475 2550 omnipotentis
2504 2482 2616 2535 Dei.

2164 2576 2217 2629 4.
2258 2574 2389 2629 Nam
2421 2575 2488 2629 de
2518 2575 2795 2631 Pharaone
2826 2575 2977 2631 facile
3004 2579 3376 2647 respondetur,
3412 2579 3683 2649 prioribus

2096 2669 2302 2724 meritis
2340 2671 2532 2739 quibus
2569 2670 2763 2725 afflixit
2792 2671 2844 2724 in
2874 2688 3039 2742 regno
3086 2688 3183 2729 suo
3228 2675 3572 2743 peregrinos,
3601 2674 3688 2727 di-

2093 2778 2250 2833 gnum
2279 2763 2530 2819 effectum
2559 2764 2643 2818 cui
2675 2764 3031 2820 obduraretur
3076 2781 3188 2833 cor,
3220 2776 3280 2821 ut
3318 2782 3417 2821 nec
3459 2767 3686 2821 manife-

2093 2855 2346 2909 stissimis
2367 2856 2531 2925 signis
2552 2855 2789 2925 iubentis
2808 2856 2903 2910 Dei
2920 2857 3164 2912 crederet
3187 2859 3229 2910 ’.
3252 2858 3326 2911 Ex
3351 2859 3533 2912 eadem
3556 2874 3688 2929 ergo

2093 2962 2292 3013 massa,
2326 2947 2379 3001 id
2407 2957 2508 3013 est,
2542 2958 2899 3017 peccatorum,
2932 2957 2988 3004 ct
3016 2966 3140 3005 vasa
3171 2951 3544 3005 misericordia:
3571 2967 3690 3019 pro.

2094 3040 2238 3104 tulit,
2268 3040 2461 3110 quibus
2488 3041 2824 3105 subveniret,
2856 3058 2975 3095 cum
3002 3058 3123 3096 eum
3154 3042 3566 3112 deprecarentur
3590 3042 3688 3099 ΠΙΙί

2094 3130 2292 3197 Israel;
2322 3141 2373 3184 et
2401 3144 2526 3184 vasa
2555 3130 2679 3198 inc,
2712 3148 2937 3201 quorum
2965 3132 3225 3201 supplicio
3261 3134 3378 3187 illos
3413 3134 3684 3202 erudiret,

2095 3224 2149 3280 id
2197 3233 2314 3290 est,
2361 3223 2693 3278 Pharaonem
2735 3233 2787 3278 et
2833 3224 3080 3295 populum
3114 3225 3230 3295 ejus
3255 3245 3267 3280 :
3294 3227 3411 3296 quia
3444 3228 3689 3296 quamvis

2096 3324 2277 3372 essent
2308 3315 2519 3384 utrique
2544 3326 2873 3385 peccatores,
2894 3327 2946 3371 et
2975 3328 3251 3387 propterea
3274 3319 3337 3372 ad
3366 3334 3521 3373 unam
3547 3334 3689 3372 mas-

2097 3425 2212 3466 sam
2254 3409 2603 3480 pertinerent,
2626 3410 2783 3464 aliter
2812 3420 2984 3465 tamen
3014 3412 3269 3465 tractandi
3300 3419 3453 3466 erant
3475 3411 3562 3481 qui
3593 3411 3688 3466 uni

2096 3502 2208 3557 Deo
2266 3501 2635 3573 ingenuerant.
2693 3500 2910 3554 Pertulit
2959 3518 3086 3572 ergo
3132 3504 3182 3556 in
3238 3505 3397 3556 multa
3446 3504 3693 3573 patientia

2096 3613 2217 3651 vasa
2252 3597 2373 3661 irw,
2413 3612 2525 3665 qua:
2558 3599 2775 3667 perfecta
2817 3605 2933 3648 sunt
2988 3596 3038 3648 in
3091 3595 3434 3666 perditionem.
3500 3595 3567 3649 Et
3618 3612 3693 3652 eo

2096 3688 2215 3759 ipso
2265 3703 2370 3758 quo
2409 3688 2518 3754 a‘it,
2572 3688 2625 3741 in
2662 3688 2819 3741 multa
2879 3688 3145 3758 patientia,
3194 3688 3695 3757 satis'siguilicavit

2097 3779 2273 3850 priora
2300 3794 2486 3833 eorum
2514 3788 2728 3849 peccata
2748 3822 2763 3846 ,
2795 3780 2846 3832 in
2887 3779 3075 3849 quibus
3106 3795 3199 3834 eos
3227 3780 3476 3850 pertulit;
3504 3790 3560 3833 ut
3585 3796 3691 3849 0p-

2097 3868 2322 3942 portune
2360 3879 2487 3926 tunc
2528 3871 2847 3932 vindicaret,
2879 3871 3089 3941 quando
3113 3872 3176 3925 de
3206 3873 3414 3925 illorum
3457 3872 3693 3929 vindicta

2098 3963 2515 4019 subveniendum
2552 3972 2665 4018 erat
2704 3963 2784 4018 bis
2817 3965 2904 4035 qui
2956 3964 3330 4019 liberabantur.
3358 3965 3424 4018 Et
3450 3976 3504 4019 ut
3542 3976 3695 4021 notas

2098 4061 2279 4130 faceret
2323 4059 2521 4111 divitias
2563 4058 2739 4129 gloria:
2777 4074 2882 4112 sua:
2918 4060 2968 4112 in
3009 4075 3125 4113 vasa
3162 4060 3542 4125 misericmdiw,
3573 4078 3696 4131 quae

2099 4153 2401 4221 prwparavit
2443 4151 2495 4203 in
2539 4150 2773 4220 gloriam.
2826 4151 2919 4203 llic
2965 4149 3191 4207 fortasse
3233 4152 3575 4207 conturbatus
3619 4153 3695 4208 ad

2099 4243 2244 4298 illam
2276 4244 2623 4312 quaestionem
2659 4242 2828 4307 redis,
2854 4241 3012 4311 Cujus
3037 4245 3142 4296 vult
3172 4245 3448 4309 miseretur,
3475 4256 3519 4298 et
3543 4261 3697 4313 quem

2099 4335 2203 4387 vult
2245 4333 2478 4387 obdurat.
2516 4332 2650 4397 Quid
2691 4334 2857 4386 adhuc
2898 4335 3257 4403 conqueritur?
3286 4335 3526 4389 voluntati
3554 4336 3696 4390 enim

2099 4428 2209 4499 ejus
2230 4428 2340 4492 quis
2364 4426 2546 4480 resistit
2575 4424 2747 4497 (Rom.
2778 4442 2831 4479 ix
2852 4468 2865 4490 ,
2893 4425 3112 4498 18-25)?
3142 4427 3368 4483 Prorsus
3396 4429 3541 4499 cujus
3575 4428 3698 4484 vult

2101 4520 2405 4583 miseretur,
2440 4528 2495 4572 et
2533 4534 2689 4587 quem
2720 4519 2833 4571 vult
2873 4519 3128 4582 obdurat;
3170 4521 3263 4574 sed
3308 4522 3419 4575 lucc
3446 4523 3696 4577 voluntas

2102 4614 2194 4668 Dei
2226 4613 2418 4681 injusta
2447 4627 2567 4666 esse
2603 4628 2707 4667 non
2739 4621 2929 4680 potest.
2962 4613 3115 4667 Venit
3140 4616 3279 4667 enim
3309 4616 3374 4670 de
3396 4616 3699 4670 occultissi-

2102 4703 2203 4759 mis
2248 4702 2492 4767 meritis;
2549 4703 2668 4773 quia
2714 4714 2768 4758 et
2812 4704 2906 4772 ipsi
2949 4714 3253 4773 peccatores
3299 4720 3418 4760 cum
3474 4717 3697 4775 pr0pter

2102 4797 2349 4869 generale
2377 4809 2651 4869 peccatum
2677 4815 2832 4852 unam
2858 4814 3082 4853 massam
3116 4800 3355 4867 fecerint,
3386 4816 3489 4854 non
3512 4810 3697 4859 tamen

2103 4891 2245 4945 nulla
2276 4902 2357 4946 est
2396 4892 2533 4946 inter
2560 4892 2677 4946 illos
2702 4891 3000 4945 diversitas.
3032 4892 3286 4946 Prmcedit
3329 4908 3454 4961 ergo
3490 4893 3697 4962 aliquid

2104 4984 2156 5039 in
2187 4987 2572 5054 peccatoribus,
2601 5003 2705 5055 quo
2732 4985 2970 5052 quamvis
2994 4984 3227 5038 nondum
3256 4985 3359 5038 sint
3379 4985 3651 5053 justiﬁcati
3672 5030 3692 5056 ,

2103 5076 2245 5148 digni
2294 5077 2588 5132 efﬁciantur
2626 5077 3026 5146 justilicatiomr;
3076 5087 3129 5129 et
3169 5078 3289 5130 item
3336 5078 3587 5146 prmcedit
3634 5078 3695 5134 in

2106 5171 2224 5225 aliis
2253 5172 2613 5240 peccatoribus
2658 5187 2763 5241 quo
2804 5170 2946 5241 digni
2994 5172 3103 5224 sint
3143 5170 3423 5226 obtusioue
3448 5170 3489 5223 ⁸.
3516 5170 3697 5227 Habes

2103 5262 2347 5317 eumdem
2371 5263 2665 5328 apostolum
2692 5262 2813 5316 alibi
2838 5261 3123 5323 dicentem,
3157 5261 3406 5329 Quoniam
3438 5278 3537 5315 non
3568 5279 3695 5334 pro-

2106 5357 2339 5409 baverunt
2368 5353 2526 5407 Deum
2556 5355 2735 5407 habere
2758 5356 2808 5408 in
2840 5355 3035 5417 noritia,
3060 5356 3196 5409 dedit
3228 5356 3344 5411 illos
3372 5355 3507 5410 Deus
3532 5357 3580 5409 in
3608 5372 3662 5411 re

2106 5444 2314 5516 probum
2330 5462 2525 5500 sensum
2541 5446 2709 5513 (Rom.
2730 5461 2765 5511 ι,
2782 5446 2895 5514 28).
2915 5447 3067 5511 Quod
3080 5464 3174 5503 eos
3185 5448 3329 5502 dedit
3342 5450 3390 5502 in
3406 5448 3693 5517 reprobum

2104 5553 2342 5602 sensum,
2364 5537 2465 5592 hoc
2494 5548 2593 5599 est.
2616 5538 2755 5609 quod
2784 5540 3048 5595 induravit
3072 5557 3166 5597 cor
3186 5541 3473 5596 Pharaonis
3496 5538 3692 5610 (Exod.

2170 5673 2187 5739 ξ
2212 5679 2323 5722 Mss.
2346 5671 2588 5739 plerique,
2615 5680 2666 5723 Et
2682 5687 2767 5739 per
2787 5675 3083 5739 prophetam.

2106 5736 2317 5852 de'ettmo
2474 5735 2553 5787 hic
2569 5744 2620 5787 et
2646 5735 2800 5800 intra,
2824 5735 2943 5800 ωδ,
2972 5753 3061 5801 pro
3080 5773 3095 5801 ,
3117 5736 3365 5799 crederet,
3389 5737 3589 5798 habent,
3612 5750 3694 5788 ce-

2172 5812 2194 5845 l'
2250 5835 2260 5845 .

2172 5812 2260 5845 ret.

2120 5861 2322 5978 ‘
2351 5868 2403 5913 et
2421 5868 2549 5926 Mss,
2575 5861 2865 5916 concisione.
2885 5868 2939 5917 Et
2967 5863 3109 5928 intra,
3132 5860 3447 5930 obtunsionis,
3464 5875 3580 5927 pro,
3602 5862 3691 5915 ob-
