4000 6336
2210 249 2271 258 -..ο

171 323 226 378 π
770 362 777 363 ,
1596 307 1771 364 LIBEl

1885 305 2035 365 NUS.
3375 317 3443 372 ἠ

173 453 230 503 Iv,
249 430 373 505 2|):
405 427 557 502 quod
585 436 775 485 autem
822 427 899 483 illi
937 440 1042 483 non
1083 422 1441 497 probaverunt
1463 420 1629 476 Deum
1659 420 1756 474 ha-

175 530 280 585 bere
300 526 351 578 in
381 522 600 586 notitia,
630 520 738 575 hoc
754 528 862 587 est,
898 517 1037 590 quod
1053 515 1196 587 digni
1218 512 1539 570 exstiterunt
1561 510 1651 581 qui
1667 510 1761 565 da-

176 628 335 675 rentur
359 616 413 669 in
444 612 744 683 reprobum
774 625 1016 665 sensum.

233 712 282 765 5.
318 707 527 763 Tamen
558 719 748 758 verum
787 711 875 757 est
902 700 1023 771 quia
1066 713 1169 753 non
1212 696 1422 751 volentis
1455 709 1611 765 neque
1640 708 1761 747 cur-

176 801 343 865 rentis,
390 795 483 850 sed
532 793 822 848 ιιιὶδετιιιιὶδ
868 801 942 846 est
982 788 1079 843 Dei
1127 786 1300 859 (Rom.
1349 801 1425 849 Ix,
1473 782 1583 853 ib).
1629 781 1762 850 Quia

175 890 363 947 etiamsi
391 886 693 942 levioribus
713 884 942 955 quisque
968 880 1220 952 peccatis,
1238 886 1329 933 aut
1352 885 1498 932 certe
1522 874 1765 947 quamvis

173 983 496 1058 gravioribus
519 989 579 1036 et
606 980 822 1044 multis,
855 987 1033 1030 tamen
1059 986 1255 1043 magno
1279 970 1477 1041 gemitu
1501 976 1556 1023 et
1580 967 1765 1022 dolore

177 1073 487 1148 milendi,
512 1068 884 1126 misericordia
910 1065 1005 1121 Dei
1034 1064 1225 1135 dignus
1245 1061 1430 1128 fuerit,
1462 1076 1567 1116 nou
1598 1058 1765 1127 ipsius

173 1177 265 1233 est,
285 1165 374 1237 qui
397 1164 445 1219 si
473 1162 894 1231 relinqueretur,
925 1155 1185 1218 interiret,
1209 1152 1303 1208 sed
1330 1150 1630 1207 miserentis
1648 1149 1763 1215 Dei,

174 1260 249 1328 qui
274 1257 392 1326 ejus
432 1253 694 1326 precibus
731 1249 1111 1317 doloribusque
1153 1244 1418 1300 subvenit.
1458 1243 1650 1298 Parum
1682 1249 1767 1297 est

174 1350 301 1406 enim
354 1348 504 1403 velle
536 1386 554 1413 ,
604 1344 708 1399 nisi
764 1343 906 1398 Deus
944 1341 1303 1395 misereatur:
1332 1335 1426 1391 sed
1469 1335 1609 1390 Deus
1651 1350 1761 1389 non

175 1442 470 1503 miseretur,
498 1436 595 1507 qui
620 1434 687 1490 ad
724 1448 907 1504 pacem
933 1439 1118 1496 vocat,
1144 1428 1246 1483 nisi
1275 1427 1520 1493 voluntas
1538 1440 1766 1496 praees-

176 1533 291 1588 serit
313 1529 427 1605 (a);
461 1529 592 1598 quia
619 1528 672 1580 in
698 1536 838 1580 terra
861 1539 959 1594 pax
981 1520 1285 1577 hominibus
1304 1518 1459 1574 bona:
1479 1516 1766 1571 voluntatis

183 1625 315 1699 (Luc.
344 1641 411 1687 ιι,
468 1621 586 1693 li).
618 1619 689 1674 Et
729 1617 977 1689 quoniam
1018 1630 1118 1670 nec
1155 1612 1293 1668 velle
1342 1612 1621 1682 quisquam
1672 1624 1768 1679 po-

182 1724 298 1777 test.
335 1714 440 1769 nisi
494 1711 809 1767 admonitus
853 1716 909 1763 et
949 1714 1204 1769 vocatus,
1248 1704 1359 1758 sive
1410 1703 1763 1768 intrinsecus,

176 1807 254 1865 ubi
282 1805 460 1859 nullus
482 1801 775 1858 hominum
800 1797 976 1861 videt,
1019 1797 1133 1851 sive
1174 1794 1505 1850 extrinsecus
1529 1808 1625 1862 per
1648 1806 1766 1847 ser-

174 1911 377 1952 monem
425 1903 755 1958 sonantem,
804 1899 896 1944 aut
938 1904 1032 1957 per
1076 1887 1251 1957 aliqua
1307 1886 1455 1956 signa
1500 1883 1763 1949 visibilia;

172 1986 397 2042 efﬁcitur
421 1997 483 2040 ut
513 1985 675 2039 etiam
712 1984 884 2052 ipsum
928 1980 1063 2036 velle
1094 1979 1233 2034 Deus
1256 1987 1509 2047 operetur
1530 1978 1581 2030 in
1613 1974 1767 2031 nobis

173 2075 518 2150 (Philippm,
543 2073 752 2144 15).Ad
781 2072 924 2126 illam
947 2072 1088 2125 enim
1119 2084 1356 2134 orenam,
1387 2082 1547 2138 quam
1582 2065 1767 2122 Domi-

170 2186 267 2225 nus
302 2169 439 2224 dicit
480 2167 534 2221 in
568 2164 849 2235 Evangelia
884 2170 1267 2233 pra-paratam,
1308 2175 1407 2214 nec
1446 2173 1635 2213 omnes
1678 2156 1768 2228 qui

170 2261 344 2316 vocati
370 2268 499 2313 sunt
521 2300 537 2323 ,
570 2257 749 2312 venire
793 2255 1109 2319 voluerunt;
1157 2266 1330 2322 neque
1369 2250 1442 2305 illi
1479 2250 1569 2322 qui
1601 2264 1766 2304 vene-

172 2364 307 2417 runt,
343 2352 537 2406 venire
567 2356 808 2419 possent,
837 2345 938 2400 nisi
979 2353 1298 2399 vocarentur
1335 2341 1488 2414 (Luc.
1517 2356 1607 2395 11v
1630 2382 1647 2408 ,
1677 2340 1769 2395 16·

174 2443 280 2517 26).
313 2443 501 2512 Itaque
542 2454 644 2495 nec
691 2439 764 2493 illi
801 2436 1001 2491 debent
1046 2434 1147 2490 sibi
1194 2433 1427 2489 tribuere
1471 2433 1562 2503 qui
1604 2447 1767 2487 vene-

176 2544 334 2602 runt;
362 2535 490 2605 quia
535 2532 712 2587 vocati
752 2536 1020 2585 venerunt
1050 2544 1065 2582 :
1094 2518 1306 2582 nec'illi
1351 2525 1442 2597 qui
1483 2525 1770 2580 noluerunt

176 2630 370 2692 venire,
399 2626 606 2681 debent
633 2622 790 2689 alteri
820 2620 1089 2686 tribuere,
1118 2618 1213 2674 sed
1240 2627 1442 2672 tantum
1472 2618 1610 2685 sibi;
1633 2632 1768 2687 quo-

180 2720 311 2774 niam
334 2729 390 2773 ut
418 2717 705 2784 venirent,
752 2713 925 2768 vocati
974 2720 1127 2768 erant
1172 2712 1225 2766 in
1269 2711 1432 2767 libera
1472 2710 1767 2766 voluntate.

181 2811 390 2866 Vocatin
414 2825 550 2880 ergo
571 2817 700 2862 ante
728 2806 975 2862 meritum
997 2804 1324 2859 voluntatem
1345 2812 1616 2873 Operatur.
1641 2800 1770 2856 Pro-

182 2918 349 2977 pterea
371 2915 427 2960 et
451 2905 500 2961 si
527 2903 812 2974 quisquam
839 2898 940 2954 sibi
968 2896 1155 2953 tribuit
1183 2895 1327 2967 quod
1347 2894 1491 2951 venit
1514 2903 1732 2950 vocatus
1752 2935 1769 2962 ,

181 3015 276 3054 non
305 2997 407 3052 sibi
433 3002 623 3070 potest
655 2992 890 3048 tribuere
923 2988 1067 3059 quod
1089 2998 1307 3043 vocatus
1334 2996 1435 3042 est.
1465 2985 1565 3053 Qui
1590 2994 1771 3041 autem

180 3098 387 3144 ventris
417 3104 530 3141 non
561 3083 746 3146 venit,
773 3081 912 3136 sicut
940 3094 1046 3134 non
1078 3076 1260 3134 habuit
1287 3076 1534 3131 meritum
1565 3076 1771 3147 przemii

180 3191 231 3233 ut
254 3185 565 3243 vocaretur,
595 3174 675 3228 sic
714 3170 931 3226 inchoat
971 3169 1219 3225 meritum
1248 3166 1492 3237 supplicii
1528 3182 1647 3221 cum
1674 3182 1770 3222 vo-

182 3278 318 3324 catus
337 3267 531 3324 venire
555 3261 872 3335 neglexerit.
906 3259 981 3314 Ita
1006 3267 1162 3314 erunt
1184 3257 1291 3313 duo
1320 3257 1410 3312 illa
1435 3275 1447 3311 :
1478 3256 1771 3311 Misericor-

183 3362 306 3414 dia-
342 3370 393 3413 ει
422 3356 692 3429 judicium
729 3350 943 3407 cantabo
984 3350 1105 3415 tibi,
1140 3348 1360 3403 Domine
1390 3346 1564 3418 (Psai.
1606 3363 1666 3415 c,
1700 3347 1770 3419 Ι).

181 3452 253 3507 Ad
281 3447 715 3506 misericordiam
748 3443 978 3514 pertinet
999 3442 1208 3498 vacatio
1234 3457 1249 3494 :
1280 3440 1346 3495 ad
1368 3440 1625 3511 judicium
1648 3455 1772 3510 per-

183 3545 303 3598 tinet
329 3538 616 3597 beatitudo
641 3552 827 3592 eorum
853 3535 945 3606 qui
971 3541 1235 3589 venerunt
1260 3531 1457 3598 vocati,
1483 3539 1537 3587 et
1566 3531 1774 3602 suppli-

181 3650 314 3689 cium
356 3648 549 3687 eorum
586 3629 678 3700 qui
707 3627 891 3683 venire
922 3626 1226 3682 noluerunt.
1256 3622 1520 3693 Numquid
1546 3638 1674 3694 ergo
1702 3623 1777 3676 la-

184 3726 317 3780 tebat
370 3724 713 3777 Pharaonem
757 3726 1013 3789 quantum
1058 3714 1185 3771 boni
1232 3722 1532 3771 consecutae
1580 3713 1777 3768 fuerint

180 3826 329 3870 teme
377 3815 489 3869 illae
532 3827 629 3882 per
668 3809 953 3865 adventum
993 3805 1189 3877 Joseph
1236 3803 1394 3878 (Gen.
1439 3802 1587 3878 xu)?
1628 3804 1778 3859 illius

183 3925 299 3978 ergo
330 3908 410 3962 rei
435 3914 609 3977 gesta:
633 3903 884 3974 cognitio,
913 3899 1120 3956 vacatio
1146 3900 1261 3969 ejus
1283 3897 1416 3963 fuit,
1439 3906 1498 3952 ut
1525 3897 1774 3967 populqu

181 3999 337 4056 lanci
356 3996 783 4054 misericorditer
800 4004 1031 4049 tractans
1056 4008 1163 4047 non
1183 3999 1327 4047 esset
1352 3990 1606 4061 ingratus.
1625 3986 1777 4057 Quod

180 4103 355 4148 autem
390 4091 521 4145 huic
547 4087 816 4143 vocationi
856 4086 1230 4155 obtemperare
1268 4081 1470 4146 noluit,
1500 4080 1594 4136 sed
1619 4096 1777 4135 exer-

180 4185 289 4239 cuit
317 4182 699 4239 crudelitatem
730 4179 781 4233 in
811 4179 890 4233 eis
917 4177 1109 4248 quibus
1138 4175 1440 4231 humanitas
1477 4184 1531 4230 et
1566 4174 1776 4228 miseri—

181 4274 362 4329 cordia
392 4271 712 4333 debebatur,
745 4268 941 4324 meruit
974 4282 1218 4339 poenam,
1248 4276 1305 4321 ut
1340 4264 1675 4320 induraretur
1705 4263 1777 4319 illi

181 4381 291 4429 eor,
324 4373 387 4421 et
428 4373 636 4418 tantam
677 4361 967 4416 accitatem
1020 4358 1213 4415 mentis
1263 4366 1552 4428 pateretur,
1606 4365 1663 4411 ut
1702 4364 1779 4411 tot

183 4467 237 4513 et
256 4457 430 4513 tantis
465 4466 687 4524 tamque
724 4451 1023 4508 manifestis
1049 4450 1145 4507 Dei
1172 4450 1338 4520 signis
1366 4465 1472 4505 non
1495 4448 1774 4514 crederet;

184 4564 285 4619 quo
313 4554 507 4619 posset
533 4544 650 4615 ejus
674 4543 954 4614 supplicio,
987 4542 1101 4597 sive
1129 4539 1496 4595 obdurationis
1515 4579 1530 4605 ,
1556 4538 1670 4593 sive
1698 4537 1781 4592 ul-

186 4640 326 4695 timm
372 4635 608 4691 visibilis
652 4631 1293 4699 submersionis,erudiri
1334 4630 1587 4702 populus,
1626 4629 1777 4701 cujus

184 4729 476 4785 afﬂictione
525 4726 649 4793 ille,
676 4734 727 4781 et
768 4725 991 4781 occultae
1036 4722 1364 4787 obtusionis,
1394 4730 1449 4777 et
1484 4722 1779 4777 manifesta:

187 4820 578 4878 sabunersionis
605 4819 849 4873 meritum
874 4816 974 4872 sibi
1003 4823 1337 4885 compararet
1366 4813 1557 4886 (Exod.
1581 4813 1775 4886 v-xrv).

251 4912 305 4967 6.
348 4911 483 4966 Haec
506 4918 685 4963 autem
713 4907 939 4972 vocatio,
972 4921 1091 4975 qua:
1118 4907 1230 4960 sive
1267 4904 1320 4959 in
1350 4905 1575 4975 singulis
1601 4903 1777 4960 homi-

188 5004 371 5069 nibus,
406 5003 527 5057 sive
558 5001 611 5055 in
636 4999 847 5071 populis
865 5040 881 5065 ,
912 5007 1074 5068 atque
1099 4998 1152 5052 in
1181 4998 1296 5067 ipso
1324 5011 1520 5067 genere
1545 4994 1780 5052 humano

185 5111 275 5168 per
301 5108 613 5167 temporum
642 5092 1066 5163 opportunitates
1100 5098 1369 5161 operatur,
1401 5088 1521 5144 altae
1558 5098 1613 5144 et
1648 5104 1778 5159 pro-

186 5188 360 5244 funda:
392 5186 751 5243 ordinationis
787 5194 889 5240 est.
919 5183 1036 5251 Quo
1076 5183 1304 5253 pertinet
1331 5183 1492 5238 etiam
1523 5182 1682 5246 illud,
1713 5180 1780 5237 In

184 5290 319 5334 utero
344 5277 666 5348 sanctiﬁcavi
688 5286 736 5330 te
762 5273 975 5347 (Jerem.
1005 5290 1055 5340 ι,
1082 5272 1136 5344 5)
1160 5290 1175 5338 ;
1206 5282 1282 5340 et,
1305 5272 1430 5328 Cum
1456 5289 1588 5328 esses
1620 5274 1674 5327 in
1693 5290 1779 5328 rc-

183 5372 321 5425 uibus
341 5371 510 5443 putris
536 5369 630 5435 tui,
652 5367 758 5422 vidi
779 5374 829 5420 te
859 5365 931 5438 (b)
955 5384 970 5430 ;
996 5375 1085 5429 et,
1113 5363 1274 5419 Iacob
1300 5364 1484 5429 dilexi,
1515 5364 1655 5419 Esau
1683 5381 1779 5418 au-

181 5474 273 5516 ten:
302 5463 426 5517 odio
453 5461 610 5516 habui
635 5455 895 5530 (laiach.
928 5472 965 5522 ι,
992 5454 1061 5522 ‘2,
1094 5454 1149 5526 3)
1179 5470 1194 5511 :
1219 5469 1343 5511 cum
1371 5453 1568 5510 dictum
1594 5457 1664 5509 sit
1686 5470 1782 5510 an-

182 5561 393 5625 tequam
434 5556 816 5609 nascerentur.
867 5544 978 5600 Nec
1020 5543 1400 5617 comprehendi
1442 5552 1648 5617 potest,
1678 5545 1779 5602 nisi

236 5691 306 5746 (a)
331 5694 348 5732 ι
373 5693 573 5736 nctract.
595 5696 709 5745 ap.
737 5677 805 5729 36

234 5751 303 5813 (ιν)
336 5750 447 5799 est.

435 5837 679 5900 Sacr.
739 5828 1025 5886 Λυαυδτ.
1068 5823 1173 5885 Vl.

1871 420 2008 477 forte
2046 419 2115 495 ab
2155 420 2235 479 eis
2273 422 2363 492 qui
2401 421 2629 493 diligunt
2665 423 2830 480 Deum
2869 440 2936 483 ex
2973 436 3085 484 toto
3112 430 3274 487 corde
3299 442 3353 488 et
3376 448 3449 488 ex

1868 521 1976 567 tota
1998 513 2173 568 anima
2200 521 2256 569 et
2274 529 2340 569 ex
2368 524 2474 569 tota
2498 524 2674 571 mente
2700 532 2794 572 sua
2812 560 2828 585 ,
2858 532 2911 574 et
2930 519 3154 591 diligunt
3178 526 3454 595 proximos

1867 619 1993 659 suos
2031 614 2276 674 tanquam
2319 622 2378 662 se
2414 608 2556 678 ipsos
2597 608 2809 679 (Matth.
2842 628 2991 682 χιιι,
3016 614 3104 679 ‘57,
3134 616 3246 687 39).
3283 618 3451 675 Tanta

1869 695 2011 750 enim
2034 696 2289 752 charitate
2314 695 2540 765 fundati,
2572 712 2791 768 possunt
2812 701 2920 772 jam
2945 704 3167 761 fortasse
3187 722 3308 762 cum
3330 725 3454 764 san-

1869 788 1970 843 ctis
1990 789 2444 860 comprehendere
2471 791 2874 863 longitudinem,
2899 796 3249 867 latitudinem,
3273 803 3455 858 altitu-

1868 878 2047 935 dinem
2096 891 2149 935 et
2187 882 2509 953 profundum
2555 883 2784 955 (Ep/tes.
2818 875 2905 955 ui,
2950 890 3061 961 18).
3100 892 3232 949 Illud
3277 906 3455 953 tamen

1869 973 2303 1029 constantissima
2345 973 2448 1030 fide
2497 976 2832 1033 retinendum
2863 1020 2878 1043 ,
2936 997 3110 1053 neque
3165 986 3452 1059 quidquam

1870 1061 2038 1119 Deum
2067 1064 2259 1133 injuste
2290 1065 2467 1122 facere
2485 1107 2502 1133 ,
2532 1083 2705 1137 neque
2734 1070 2891 1126 ullam
2921 1088 3041 1130 esse
3071 1087 3311 1135 naturam
3337 1096 3459 1152 qua:

1871 1169 1976 1210 non
2001 1154 2111 1211 Deo
2136 1156 2329 1211 debeat
2352 1156 2403 1212 id
2433 1159 2573 1229 quod
2604 1169 2686 1215 est
2717 1179 2731 1215 :
2762 1163 2883 1233 quia
2913 1165 3021 1222 Deo
3047 1167 3276 1227 debetur
3299 1188 3460 1231 omne

1870 1245 2035 1302 decus
2056 1257 2109 1302 et
2130 1247 2464 1318 pulchritudo
2488 1260 2543 1305 et
2565 1255 2907 1323 congruentia
2935 1259 3198 1327 partium;
3228 1279 3385 1333 quam
3413 1266 3461 1321 si

1872 1338 2085 1407 penitus
2114 1349 2423 1408 persecutus
2454 1339 2622 1398 fueris
2650 1344 2667 1376 ί
2692 1385 2707 1411 ,
2737 1355 2790 1401 et
2819 1363 2986 1419 usque
3022 1350 3088 1406 ad
3116 1368 3305 1411 omnes
3331 1357 3459 1412 reli-

1870 1429 2023 1497 quias
2050 1429 2118 1485 de
2142 1432 2300 1487 rebus
2326 1430 2638 1499 detraxeris,
2667 1451 2909 1495 remanet
2937 1441 3090 1499 nihil.

1870 1516 2057 1573 LXIX.
2112 1519 2185 1575 De
2228 1537 2285 1575 eo
2318 1522 2453 1592 quod
2488 1527 2729 1596 scriptum
2778 1540 2851 1583 est
2876 1546 2896 1584 :
2924 1531 3073 1589 Tunc
3116 1544 3172 1592 et
3205 1536 3319 1606 ipse
3368 1539 3462 1596 Fi-

1943 1609 2044 1664 lius
2065 1610 2335 1681 subjectus
2362 1614 2465 1668 erit
2490 1614 2644 1686 eiqui
2677 1617 2749 1672 illi
2790 1620 3014 1690 subjecit
3056 1626 3235 1683 omnia
3264 1628 3311 1700 (Ι
3335 1632 3459 1688 Cor.

1942 1715 2037 1767 xv,
2058 1700 2176 1772 28).

1946 1791 1998 1846 i.
2028 1791 2127 1860 Qui
2168 1793 2359 1849 Filium
2404 1794 2504 1852 Dei
2537 1796 2681 1853 Patri
2722 1800 2981 1871 aequalem
3028 1820 3133 1862 non
3184 1821 3305 1865 esse
3333 1825 3464 1867 cou-

1873 1882 2113 1949 tendunt,
2167 1886 2342 1941 solent
2390 1903 2648 1959 usurpare
2701 1889 3012 1950 familiarius
3060 1896 3161 1953 hoc
3223 1902 3466 1957 testimo-

1871 1973 2040 2038 nium,
2071 1974 2161 2029 ubi
2188 1977 2262 2030 ait
2291 1979 2600 2047 Apostolus,
2629 1977 2756 2035 Cum
2779 1992 2950 2038 autem
2973 1986 3018 2040 ei
3040 1990 3211 2043 omnia
3238 1992 3465 2063 subjecta

1871 2063 2080 2133 fuerint,
2100 2075 2219 2120 tunc
2238 2077 2286 2121 et
2312 2068 2419 2139 ipse
2443 2067 2613 2125 Filius
2636 2072 2888 2142 subjectus
2913 2076 3066 2131 eritei
3088 2080 3177 2144 qui
3194 2080 3273 2134 illi
3285 2084 3462 2154 subje-

1874 2156 1940 2210 cit
1983 2157 2191 2223 omnia,
2231 2168 2287 2212 ut
2338 2159 2405 2214 sit
2442 2158 2584 2217 Deus
2617 2164 2861 2218 omniain
2888 2167 3137 2223 omnibus.
3175 2169 3291 2226 Non
3320 2175 3464 2230 enim

1872 2258 2055 2318 posset
2092 2250 2171 2305 eis
2197 2265 2352 2307 error
2378 2252 2580 2313 oboriri
2618 2254 2865 2324 palliatus
2893 2260 3110 2315 nomine
3134 2261 3462 2334 christiano,

1874 2339 1974 2394 nisi
2027 2339 2096 2395 de
2143 2341 2433 2412 Scripturis
2475 2359 2582 2399 non
2625 2345 2927 2404 intellectis.
2961 2350 3148 2407 Dicunt
3195 2355 3361 2421 enim,
3406 2357 3464 2414 Si

1872 2431 2093 2500 mqualis
2121 2440 2238 2499 est,
2274 2434 2541 2504 quomodo
2566 2436 2839 2507 subjectus
2864 2442 2967 2496 erit
2994 2441 3084 2497 ei?
3105 2443 3256 2515 Quod
3284 2449 3464 2519 utique

1873 2520 2053 2585 simile
2078 2532 2160 2578 est
2198 2524 2273 2578 illi
2302 2527 2623 2597 evangelica:
2648 2531 2930 2599 quaestioni
2949 2574 2965 2600 ,
2996 2531 3052 2590 Si
3082 2539 3302 2607 aequalis
3346 2553 3463 2610 est,

1877 2612 2147 2683 quomodo
2192 2614 2363 2684 major
2401 2626 2485 2671 est
2522 2618 2717 2675 Pater?
2744 2619 2862 2692 Ipse
2900 2625 3042 2681 enim
3073 2627 3328 2688 Dominus
3356 2634 3464 2701 ait,

1878 2700 2130 2768 Quoniam
2160 2702 2317 2760 Pater
2356 2708 2521 2777 nmjor
2545 2726 2624 2764 me
2649 2720 2723 2765 est
2753 2704 2933 2783 (Joan.
2968 2731 3079 2782 xw,
3109 2719 3226 2793 28).
3265 2721 3469 2794 Regula

1874 2803 2053 2885 autem
2080 2795 2356 2853 catholica:
2400 2798 2523 2854 fidei
2560 2801 2642 2858 sic
2682 2818 2742 2857 se
2779 2803 2959 2872 habet,
2987 2816 3044 2863 ut
3067 2824 3188 2865 cum
3214 2812 3390 2885 aliqua
3413 2816 3466 2872 it.

1875 2883 2167 2958 Scripturis
2199 2887 2452 2945 dicuntur
2493 2889 2560 2948 de
2602 2891 2755 2960 Filio,
2784 2896 2927 2966 quod
2966 2899 3039 2955 sit
3073 2900 3250 2959 minor
3275 2883 3465 2975 Patre,

1875 2978 2175 3034 secundum
2219 2982 2613 3052 susceptionem
2660 2974 2890 3042 hominis
2923 2988 3282 3063 intelllgantur
3305 3012 3320 3049 :
3344 2974 3468 3055 cum

1875 3084 2006 3126 vero
2045 3085 2106 3126 ea
2151 3070 2401 3127 dicuntur
2440 3073 2635 3144 quibus
2680 3075 3079 3138 demonstratur
3113 3085 3350 3157 aequalis,
3383 3104 3472 3147 se-

1876 3159 2110 3254 cundum
2139 3161 2192 3217 id
2217 3162 2357 3233 quod
2389 3164 2528 3220 Deus
2564 3176 2648 3222 est
2674 3168 3018 3239 accipiantur.
3064 3176 3300 3247 Apparet
3339 3196 3470 3254 ergo

1876 3251 2322 3343 quemadmodum
2361 3254 2560 3312 dictum
2601 3258 2705 3324 sit,
2746 3259 2904 3317 Pater
2928 3265 3096 3337 major
3117 3285 3199 3324 me
3231 3281 3341 3338 est;
3377 3251 3464 3343 et,

1879 3340 1992 3412 Ego
2017 3352 2065 3397 et
2106 3341 2266 3398 Pater
2292 3362 2447 3400 unum
2476 3364 2649 3403 sanius
2674 3348 2784 3423 (Id.
2815 3368 2851 3406 ι
2870 3393 2886 3419 ,
2914 3355 3005 3425 50)
3034 3374 3049 3410 :
3079 3367 3135 3413 et
3152 3400 3167 3423 ,
3192 3358 3334 3417 Deus
3360 3340 3472 3420 erat

1890 3429 2140 3528 Verbum;
2168 3443 2255 3528 et,
2298 3433 2509 3528 Verbum
2545 3454 2664 3492 caro
2708 3443 2897 3511 factum
2920 3456 2992 3499 cst
3016 3445 3123 3516 (Id.
3151 3466 3202 3515 ι,
3232 3453 3258 3507 1
3282 3494 3298 3518 ,
3332 3453 3423 3528 Η)
3451 3475 3466 3511 :

1879 3533 1966 3592 et,
1997 3523 2118 3579 Non
2144 3526 2379 3599 rapinam
2416 3527 2687 3584 arbitratus
2723 3542 2799 3586 est
2838 3550 2945 3590 me
2978 3539 3187 3608 (aqualis
3210 3541 3353 3611 Deo,

1879 3620 2196 3709 semetipsum
2222 3619 2497 3709 exinanivit
2527 3626 2743 3692 formam
2770 3627 2897 3680 servi
2925 3630 3178 3700 accipiens
3209 3633 3467 3709 (Philipp.

1879 3724 1939 3774 ιι,
1971 3707 2023 3773 6,
2051 3707 2130 3779 7).
2161 3707 2266 3765 Sed
2293 3711 2541 3779 quoniam
2592 3714 2755 3770 multa
2798 3718 2957 3773 etiam
3004 3722 3297 3781 secundum
3326 3707 3469 3798 Apro-

1883 3800 2158 3869 prictatem
2204 3815 2472 3870 persenaa,
2501 3816 2724 3875 excepto
2765 3808 2909 3876 quod
2946 3812 3137 3867 attinet
3171 3815 3239 3870 ad
3287 3831 3472 3875 susce-

1882 3891 2114 3961 ptionem
2142 3891 2392 3958 hominis,
2423 3892 2491 3949 de
2522 3894 2611 3949 illo
2646 3896 2714 3951 ita
2741 3897 3011 3969 dicuntur,
3038 3912 3093 3957 ut
3122 3904 3330 3962 Patrem
3362 3925 3468 3965 non

1881 3981 2023 4036 aliud
2053 3997 2208 4053 quam
2242 3982 2474 4049 Patrem,
2506 3993 2561 4040 et
2588 3984 2777 4041 Filium
2803 4005 2909 4045 non
2928 3993 3069 4047 aliud
3096 4010 3257 4065 quam
3277 3997 3469 4059 Filium

1882 4071 2101 4144 intelligi
2128 4083 2390 4144 oporteat,
2416 4085 2604 4145 putant
2623 4077 2856 4137 haeretici
2884 4084 2935 4138 in
2957 4084 3025 4140 iis
3048 4101 3169 4157 qua:
3186 4087 3258 4144 ita
3283 4090 3473 4149 dicun-

1884 4172 1969 4218 tur
1994 4172 2153 4234 atque
2190 4165 2580 4237 intelliguntur,
2611 4171 2969 4240 aequalitatem
2995 4190 3116 4233 esse
3140 4194 3248 4235 non
3289 4195 3479 4250 posse.

1884 4255 2151 4349 Scriptum
2173 4266 2258 4312 est
2277 4258 2441 4325 enim,
2476 4259 2660 4316 Omnia
2689 4279 2779 4331 per
2802 4264 2969 4335 ipsum
2994 4267 3132 4337 facta
3150 4281 3267 4326 sunt
3288 4272 3469 4349 (Joan.

1884 4363 1921 4414 ι,
1953 4348 2006 4419 ὅ)
2025 4390 2041 4415 ,
2083 4348 2265 4419 utique
2308 4364 2402 4420 per
2444 4351 2658 4417 Filium,
2686 4353 2788 4410 hoc
2814 4365 2914 4424 est,
2950 4374 3046 4429 per
3071 4348 3304 4420 Verbum
3331 4366 3465 4423 Dei:

1881 4454 1912 4493 a
1954 4454 2080 4509 quo,
2111 4438 2211 4494 nisi
2253 4455 2282 4494 a
2322 4441 2519 4497 Patre?
2553 4442 2822 4515 Nusquam
2874 4457 3051 4505 autem
3097 4454 3351 4526 scriptum
3384 4468 3466 4514 est

1884 4531 2025 4601 quod
2062 4530 2230 4587 Filius
2268 4547 2362 4603 per
2400 4534 2611 4591 Patrem
2633 4536 2863 4608 aliquam
2889 4552 3188 4600 creaturam
3215 4560 3466 4618 operatus

1884 4621 1972 4677 sit.
2002 4622 2134 4678 item
2175 4623 2430 4694 scriptum
2460 4635 2544 4682 est
2573 4627 2713 4697 quod
2754 4629 2929 4702 imago
2968 4632 3140 4691 Patris
3188 4637 3258 4692 sit
3302 4638 3470 4694 Filius

1886 4712 2102 4783 (Coloss.
2135 4729 2188 4781 ι,
2230 4714 2355 4789 15);
2384 4732 2645 4787 nusquam
2684 4729 2860 4777 autem
2903 4726 3158 4796 scriptum
3201 4740 3287 4785 est
3328 4731 3472 4801 quod

1885 4804 2060 4876 imago
2100 4804 2221 4861 Filii
2263 4807 2333 4862 sit
2374 4807 2552 4864 Pater.
2594 4811 2796 4869 Deinde
2832 4817 2974 4886 quod
3012 4818 3097 4874 ille
3122 4823 3351 4891 genitor,
3386 4824 3460 4880 illi

1885 4900 2125 4971 genitus;
2156 4909 2212 4956 et
2234 4911 2426 4959 caetera
2472 4902 2875 4976 hujuscemodi,
2905 4927 3025 4981 qua:
3066 4929 3171 4969 non
3196 4915 3263 4970 ad
3289 4932 3461 4986 requa-

1887 4990 2091 5047 litatem
2134 4993 2478 5061 substantiae,
2522 4996 2617 5051 sed
2663 4997 2731 5053 ad
2780 5002 3154 5071 proprietatem
3203 5004 3467 5073 pertinent

1886 5096 2271 5154 personarum:
2301 5085 2354 5139 in
2381 5085 2573 5157 quibus
2615 5089 2690 5144 illi
2732 5092 3086 5161 aequalitatem
3126 5109 3246 5148 cum
3289 5094 3473 5156 dicunt

1886 5188 2006 5231 esse
2027 5190 2132 5232 non
2161 5191 2317 5245 posse
2336 5219 2351 5243 ,
2378 5180 2629 5249 quoniam
2658 5181 2725 5235 ad
2753 5182 2867 5237 haec
2890 5184 3213 5254 penetranda
3241 5187 3473 5246 crassio-

1885 5282 1973 5322 res
2000 5268 2021 5300 ³
2050 5275 2259 5323 mentes
2298 5267 2588 5338 adhibent,
2615 5272 2852 5343 pondere
2894 5274 3221 5331 auctoritatis
3248 5280 3472 5349 urgendi

1885 5366 2032 5412 sunt.
2074 5356 2132 5412 Si
2173 5358 2317 5413 enim
2362 5359 2416 5416 in
2458 5359 2541 5415 his
2586 5377 2692 5417 non
2739 5372 2921 5432 posset
2949 5362 3166 5435 intelligi
3197 5370 3472 5438 aequalitas

1886 5448 2003 5519 ejus
2043 5463 2141 5519 per
2179 5465 2336 5521 quem
2382 5450 2521 5508 facta
2562 5462 2687 5508 sunt
2731 5431 2907 5509 omnia
2932 5465 2985 5511 et
3010 5431 3175 5527 ejus‘a
3200 5431 3306 5531 quo
3334 5431 3494 5519 facta:

1885 5547 2031 5607 sunt,
2054 5538 2298 5610 imaginis
2322 5550 2376 5597 et
2396 5542 2513 5613 ejus
2545 5544 2697 5613 cujus
2725 5546 2897 5616 imago
2925 5558 3026 5615 est,
3056 5550 3218 5619 geniti
3248 5559 3302 5607 et
3323 5554 3471 5620 geni-

1961 5676 2073 5743 fsic
2095 5684 2202 5727 Mss.
2224 5676 2342 5727 aditi
2364 5684 2546 5736 autem,
2564 5685 2845 5743 prosecutus
2862 5682 3028 5743 fueris.

1960 5738 1984 5770 ί
2004 5743 2102 5789 Rat.
2117 5745 2189 5789 Er.
2211 5746 2263 5789 et
2275 5745 2401 5799 uss,
2420 5737 2842 5802 grossiOrcs.—sic
2859 5737 3003 5795 etiam
3022 5744 3167 5807 Lugd.
3187 5750 3239 5795 et
3260 5750 3380 5797 ven.
3408 5750 3450 5794 ιι

2868 5832 2901 5888 ί
2904 5829 3108 5891 Trois.
3112 5829 3148 5903 )
