4000 6336
462 356 547 415 '75
870 406 875 409 _
1214 350 1300 405 DE
1346 346 1655 404 BIVERSIS
1693 343 2208 415 QUzliSTlONlBUS
2248 346 2526 416 LXXXI”,
2567 352 2624 407 S.
2658 348 3021 411 AUGUSTINI
3118 354 3127 361 ’
3682 356 3757 414 76

460 477 645 541 ‘toris;
681 471 828 529 nullo
871 470 1032 529 modo
1069 469 1353 540 Apostolus
1396 466 1847 520 coutcntiosorum
1889 461 2061 515 homi-

482 584 612 625 num
637 583 730 623 ora
760 564 1085 621 concludens
1114 561 1284 633 ipsum
1315 560 1472 614 etiam
1511 558 1727 611 verbum
1774 564 1993 624 poneret
2017 553 2056 617 ί,

480 662 669 718 dicens
713 678 727 713 :
760 658 879 713 Non
908 656 1141 728 rapinam
1167 652 1436 707 arbitratus
1468 659 1536 703 est
1565 666 1668 702 esse
1696 647 1902 717 (equalis
1935 645 2061 698 Deo.

550 755 607 809 2.
648 752 781 807 Cum
834 765 960 819 ergo
986 765 1045 803 ea
1085 762 1204 816 quae
1249 744 1317 799 ad
1371 743 1765 797 distinctionem
1813 739 1983 793 Patris
2012 745 2067 791 et

482 845 602 903 Filii
642 843 837 911 scripta
884 837 1249 907 sunt,,partim
1291 842 1507 904 propter
1549 846 1892 901 pet's’murum
1941 845 2063 897 pro.

482 936 758 1004 prietates,
811 931 1000 1000 partim
1046 936 1261 998 propter
1285 925 1653 993 sureptionem
1699 920 1963 983 hominis,
1995 921 2065 971 ita

479 1026 675 1093 scripta
705 1023 847 1087 sint;
895 1019 1018 1073 dum
1049 1026 1222 1071 tamen
1252 1015 1444 1069 divinae
1472 1013 1783 1068 substantia:
1813 1010 1984 1064 Patris
2013 1018 2066 1062 ct

484 1116 600 1169 Filii
626 1114 797 1169 deitas
826 1121 879 1164 ct
905 1110 1080 1164 unitas
1105 1117 1157 1162 et
1177 1106 1450 1176 :eqnalitas
1474 1111 1688 1158 maneat
1714 1119 1729 1157 :
1753 1110 1896 1155 recte
1918 1114 2065 1169 qna:-

479 1207 615 1259 ritur
647 1205 698 1257 in
731 1204 832 1256 hoc
864 1203 1000 1266 loco,
1028 1209 1204 1254 utrum
1244 1195 1536 1252 secundum
1567 1206 1913 1264 personarum
1942 1205 2067 1260 pro-

481 1296 753 1364 prietates,
787 1307 852 1345 an
899 1287 1452 1346 secundumhnminis
1479 1285 1871 1354 susceptionem
1920 1283 2066 1351 Apo-

480 1386 652 1440 stolus
677 1383 895 1450 dixerit,
927 1382 1075 1437 Tunc
1092 1392 1139 1436 et
1165 1382 1273 1449 ipse
1311 1378 1477 1431 Filius
1500 1376 1752 1445 subjectus
1794 1375 1885 1428 erit
1910 1374 1955 1427 ei
1980 1372 2068 1443 qui

478 1479 555 1530 illi
590 1477 798 1545 subjecit
829 1475 1017 1529 omnia.
1048 1472 1196 1528 Solet
1222 1469 1616 1533 circumstantia
1637 1465 1922 1534 Scripturae
1945 1464 2067 1518 illu-

483 1570 688 1623 minare
720 1566 1059 1629 sententiam,
1106 1577 1225 1615 eum
1256 1577 1316 1615 ea
1364 1574 1482 1630 qua:
1511 1558 1651 1612 circa
1698 1557 1890 1623 scripta
1922 1563 2063 1619 sunt,

450 1659 803 1728 'pnesentem
846 1655 1192 1725 quaestionem
1244 1649 1636 1720 contingentia,
1689 1646 1925 1717 diligenti
1955 1647 2066 1698 dis-

484 1752 734 1806 cussione
785 1754 1095 1802 tractantur.
1142 1744 1459 1798 invenimus
1504 1741 1679 1809 itaque
1738 1739 1807 1791 ita
1852 1744 2067 1790 ventum

484 1856 606 1897 esse
631 1839 698 1894 ad
726 1839 865 1892 hunc
913 1838 1108 1900 locum,
1152 1845 1214 1888 ut
1264 1847 1422 1902 supra
1451 1832 1672 1897 diceret,
1705 1827 1854 1882 Nunc
1900 1837 2069 1880 autem

484 1935 714 1989 Christus
751 1932 987 1990 surrexit
1036 1945 1067 1980 a
1114 1926 1364 1990 mortuis,
1408 1924 1644 1993 primitiae
1693 1922 2066 1975 darmientium.

484 2025 690 2095 Agebat
737 2022 879 2077 enim
924 2020 991 2075 de
1035 2019 1811 2079 resurrectionemortuorum,
1842 2010 1985 2081 quod
2015 2012 2068 2063 in

483 2115 712 2170 Domino
740 2112 1031 2168 secundum
1053 2109 1446 2180 susceptionem
1474 2106 1705 2160 hominis
1733 2104 1924 2157 factum
1950 2110 2066 2168 est;

481 2221 783 2277 quanquam
830 2204 1165 2273 apertissime
1212 2208 1466 2271 sequatur
1496 2208 1567 2253 et
1593 2198 1778 2252 dicat:
1818 2196 2069 2262 Quoniam

480 2297 689 2368 quidem
727 2312 814 2367 per
839 2295 1092 2347 hominem
1117 2309 1270 2356 mors,
1300 2302 1348 2344 et
1378 2307 1466 2360 per
1494 2288 1746 2342 hominem
1774 2288 2068 2341 resurrectio

484 2402 822 2447 mortuorum.
853 2388 999 2444 Sicut
1032 2389 1165 2441 enim
1198 2386 1252 2439 in
1283 2385 1447 2439 Adam
1471 2399 1641 2438 omnes
1665 2382 1968 2441 moriuntur,
1998 2383 2070 2434 sic

484 2492 533 2537 et
572 2483 627 2536 in
653 2480 853 2536 Christo
887 2495 1057 2533 omnes
1084 2476 1483 2545 viviﬁcabuntur.
1513 2472 1867 2544 Unusquisque
1903 2482 2069 2525 autent

485 2575 540 2627 in
562 2589 653 2627 suo
677 2572 852 2625 ordine
876 2585 893 2623 :
912 2569 1111 2622 initium
1134 2565 1402 2630 Christus;
1420 2564 1601 2619 deinde
1619 2564 1657 2617 ii
1678 2563 1762 2633 qui
1782 2571 1896 2615 sunt
1920 2562 2068 2616 Citri-

485 2665 571 2730 sti,
600 2662 654 2717 in
680 2660 945 2733 prementia
965 2658 1215 2730 (παρυσίᾳ)
1238 2656 1379 2727 ejus;
1408 2655 1587 2709 deinde
1613 2655 1752 2722 linis,
1780 2670 1891 2707 cum
1912 2654 2070 2706 tradi-

487 2755 617 2809 derit
634 2768 846 2824 regnum
868 2752 974 2804 Deo
994 2760 1041 2803 et
1064 2748 1229 2814 Patri,
1249 2763 1363 2801 cum
1380 2745 1690 2801 evacuaverit
1711 2762 1907 2799 onmem
1928 2746 2070 2816 prin-

485 2847 709 2916 cipatum
743 2854 788 2899 et
813 2859 1011 2897 omnem
1037 2849 1325 2913 potestatem
1346 2850 1391 2893 et
1419 2840 1666 2893 virtutem.
1702 2836 1909 2910 Oportet
1938 2839 2071 2891 enim

483 2937 631 2991 illum
654 2950 884 3006 regnare,
907 2935 1066 2988 donec
1089 2943 1245 3003 ponat
1271 2948 1439 2985 omnes
1468 2931 1695 2984 inimicos
1719 2946 1834 2984 suos
1858 2932 1948 2983 sub
1978 2947 2070 2998 pe-

483 3029 631 3081 dibus
665 3027 789 3082 suis.
834 3024 1162 3079 Novissima'
1188 3022 1394 3077 inimica
1423 3021 1707 3076 destruetur
1746 3037 1899 3075 mors.
1941 3019 2068 3074 Om-

481 3123 571 3176 nia
608 3121 740 3173 enim
761 3118 972 3190 subjecit
1010 3118 1103 3172 sub
1130 3117 1337 3187 pedibus
1369 3116 1496 3183 ejus.
1525 3114 1648 3169 Cum
1681 3125 1847 3168 autem
1888 3116 2070 3169 dixerit

482 3214 621 3284 quod
649 3213 819 3267 omnia
860 3212 1084 3282 subjecta
1112 3221 1249 3275 sunt,
1279 3211 1599 3278 manifestum
1625 3217 1699 3263 est
1738 3211 1855 3279 quia
1889 3220 2071 3279 prwtcr

484 3322 599 3360 eum
636 3304 723 3373 qui
748 3305 954 3373 subjecit
980 3302 1059 3355 illi
1083 3304 1271 3355 omnia.
1308 3300 1435 3354 Cum
1468 3310 1636 3353 autem
1671 3302 1715 3351 ei
1740 3302 1909 3352 omnia
1949 3302 2069 3353 sub-

477 3397 616 3469 jecta
654 3396 865 3465 fuerint,
900 3405 1014 3446 tunc
1044 3403 1092 3447 et
1131 3393 1240 3461 ipse
1283 3389 1449 3444 Filius
1491 3391 1742 3459 subjectus
1776 3392 1867 3443 erit
1902 3392 1945 3444 ei
1988 3392 2073 3459 qui

484 3487 564 3541 illi
615 3486 823 3555 subjecit
873 3484 1061 3549 omnia,
1120 3492 1174 3534 ut
1218 3482 1281 3535 sit
1334 3481 1472 3535 Deus
1524 3480 1693 3533 omnia
1742 3480 1794 3532 in
1843 3480 2072 3534 omnibus

491 3578 534 3648 (Ι
563 3576 681 3632 Cor.
713 3591 808 3639 xv,
839 3574 1052 3643 20-28).
1083 3572 1416 3626 Manifestum
1466 3578 1549 3624 est
1587 3584 1713 3639 ergo
1744 3569 1847 3625 hoc
1882 3585 2074 3624 secun-

489 3668 618 3722 dum
649 3666 1041 3735 susceptionem
1075 3662 1307 3716 hominis
1335 3661 1551 3714 dictum.

561 3758 615 3811 3.
657 3754 765 3811 Sed
800 3755 903 3807 alia
934 3755 988 3805 in
1020 3752 1121 3806 hoc
1167 3751 1419 3819 capitulo,
1462 3748 1613 3818 cujus
1660 3759 1823 3805 totum
1868 3756 2069 3803 textum

487 3843 904 3902 commemoravi
918 3884 931 3908 ,
950 3844 1121 3896 solent
1135 3840 1332 3895 habere
1343 3838 1689 3909 quaestionem
1708 3856 1719 3889 :
1743 3839 1911 3909 primo
1932 3838 2071 3907 quod

489 3940 689 3995 dictum
737 3943 853 4002 est,
902 3935 1031 3991 Cum
1083 3933 1349 3988 tradiderit
1389 3948 1598 4002 regnum
1646 3932 1750 3985 Deo
1799 3942 1844 3985 et
1894 3931 2071 3998 Patri;

490 4029 641 4100 quasi
671 4042 811 4081 nunc
845 4040 949 4079 non
995 4033 1175 4079 teneat
1221 4038 1439 4092 regnum
1486 4023 1660 4076 Pater.
1698 4022 1896 4078 Deinde
1931 4024 2070 4093 quod

491 4122 691 4176 dictum
736 4126 838 4182 cst,
872 4115 1078 4187 Oportet
1106 4115 1237 4169 enim
1266 4115 1412 4166 illum
1451 4129 1681 4183 regnare,
1717 4113 1874 4167 donec
1920 4123 2073 4183 ponat

489 4227 662 4268 omnes
686 4210 915 4264 inimicos
960 4223 1080 4261 suos
1126 4206 1218 4259 sub
1266 4204 1475 4275 pedibus
1500 4205 1640 4270 suis;
1688 4206 1837 4276 quasi
1887 4214 2070 4275 postea

490 4321 600 4359 non
628 4303 698 4357 sit
738 4309 1074 4371 regnaturus,
1119 4306 1173 4353 et
1200 4297 1265 4350 ad
1298 4297 1398 4350 hoc
1427 4295 1599 4349 valeat
1628 4296 1767 4365 quod
1799 4311 1955 4365 supra
1985 4296 2069 4379 di-

491 4406 633 4452 ctum
664 4402 768 4457 est,
819 4390 1015 4444 Deinde
1059 4389 1195 4457 ﬁnis.
1237 4386 1389 4455 Quod
1432 4386 1684 4457 sacrilega
1720 4387 1970 4457 opinione
1998 4389 2075 4442 sic

492 4487 781 4557 accipiunt,
800 4483 951 4553 quasi
982 4483 1139 4551 linem
1167 4480 1363 4535 dixerit
1385 4479 1896 4534 consummationem
1928 4481 2072 4549 regni

492 4580 644 4650 ejus;
674 4592 794 4632 cum
841 4575 1099 4643 scriptum
1147 4572 1216 4626 sit
1266 4572 1317 4625 in
1351 4572 1657 4640 Evangelio,
1692 4570 1758 4625 Et
1786 4574 1929 4643 regni
1967 4577 2074 4642 ejus

493 4684 595 4724 non
622 4670 713 4721 erit
741 4666 855 4735 ﬁnis
877 4663 1026 4737 (Luc.
1057 4679 1095 4729 ι,
1125 4664 1235 4731 55).
1269 4663 1547 4717 Postremo
1572 4663 1712 4732 quod
1741 4664 1938 4718 dictum
1970 4676 2071 4733 est,

494 4759 623 4821 Cum
660 4766 828 4811 autem
864 4757 911 4809 ei
949 4755 1118 4809 omnia
1173 4755 1396 4822 subjecta
1447 4754 1665 4826 fuerint,
1719 4765 1835 4809 tunc
1878 4768 1922 4810 et
1967 4759 2073 4829 ipse

496 4852 665 4906 Filius
692 4849 941 4921 subjectus
970 4848 1062 4901 erit
1092 4846 1138 4900 ei
1178 4847 1262 4915 qui
1292 4846 1369 4899 illi
1396 4845 1607 4915 subjecit
1636 4848 1837 4912 omnia;
1873 4849 1949 4902 sic
1986 4866 2075 4899 vo-

494 4942 610 4995 lunt
638 4937 878 5002 intelligi.
900 4937 1051 4995 quasi
1101 4949 1241 4989 nunc
1289 4945 1379 4987 aut
1426 4935 1623 5005 aliquid
1675 4934 1809 4992 Filio
1855 4952 1959 4992 noo
2006 4940 2076 4993 sit

495 5014 813 5102 subjectum,
843 5045 934 5083 aut
959 5028 1102 5083 Patri
1135 5042 1241 5081 non
1268 5028 1336 5082 sit
1364 5029 1477 5098 ipse
1505 5030 1793 5100 subjectus.

570 5126 625 5179 4.
664 5123 874 5178 Genere
912 5119 1069 5189 igitur
1104 5119 1387 5175 loeutionis
1428 5121 1651 5175 solvitur
1696 5124 1940 5192 quaestio.
1988 5125 2075 5180 Sic

498 5214 642 5267 enim
672 5212 982 5280 plerumque
1013 5208 1284 5280 Scriptura
1316 5210 1567 5279 loquitur,
1609 5220 1665 5265 nt
1694 5214 1833 5283 quod
1864 5228 2076 5285 semper

503 5315 621 5360 est:
649 5312 771 5358 tunc
789 5300 901 5357 ﬁeri
926 5300 1135 5355 dicatur
1163 5302 1215 5356 in
1240 5301 1437 5371 aliquo,
1469 5318 1587 5357 cum
1610 5302 1661 5357 in
1692 5319 1758 5359 eo
1779 5305 1799 5337 ³
1829 5309 2076 5377 cognosti

507 5392 732 5449 deberit.
791 5393 865 5447 Ita
890 5393 1030 5447 enim
1059 5392 1288 5451 dicimus
1316 5394 1370 5446 in
1413 5395 1652 5450 oratione
1672 5438 1687 5462 ,
1720 5396 2080 5470 Sanctiﬁcelur

561 5593 578 5624 ι
606 5590 892 5657 δενιιτι-ῑριις
916 5594 1068 5642 codex
1086 5626 1103 5655 ,
1125 5592 1322 5657 verbum
1345 5591 1632 5657 wqualitatis
1653 5605 1864 5655 poneret.

562 5656 583 5686 ί
609 5653 729 5701 sum
761 5664 1063 5717 constanter,
1089 5653 1367 5708 'Norissinte
1398 5653 1417 5707 ὲ
1441 5653 1825 5720 repugnantibus
1846 5666 1951 5711 Mss.
1975 5663 2079 5726 plu-

547 5729 684 5760 strue.

502 5726 684 5775 risque.

572 5778 596 5811 δ
613 5784 743 5837 ηις..
775 5778 831 5827 ub
856 5790 923 5828 eo.

2172 478 2352 516 nomen
2380 474 2519 517 tuum
2551 466 2759 535 (Matth.
2789 484 2859 535 vt,
2889 468 2976 542 9);
3017 468 3166 540 (ιιιηεὶ
3197 464 3477 541 aliquando
3503 481 3752 530 sanctum

2171 567 2276 607 non
2323 556 2407 609 sit.
2460 557 2597 626 Ergo
2644 559 2780 613 sicut
2827 562 3193 629 sancti/iretur,
3226 572 3309 616 cst
3339 573 3583 618 sanctum
3627 581 3753 620 esse

2172 643 2494 709 innotescat;
2551 647 2621 701 ita
2654 650 2901 720 qu0que,‘
2932 649 3055 705 Cum
3104 644 3367 706 tradiderit
3392 670 3603 725 regnum
3642 653 3756 709 Deo

2169 746 2216 788 ct
2247 734 2412 803 Patri,
2459 740 2513 792 id
2544 749 2646 805 est,
2673 757 2792 795 cum
2828 742 3033 796 Patrem
3078 760 3303 813 regnare
3353 748 3756 807 monstraverit,

2172 837 2224 878 ut
2262 844 2355 895 per
2392 831 2621 898 speciem
2665 832 3248 904 manifestationemque
3296 836 3585 902 clarescat,
3613 838 3757 907 quod

2171 935 2311 974 nunc
2336 937 2365 975 a
2391 923 2633 977 ﬁdelibus
2658 925 2898 980 creditur
2933 934 2987 979 et
3011 927 3080 981 ab
3115 926 3415 982 inﬁdelibus
3456 945 3560 981 non
3607 939 3761 998 puta-

2172 1020 2274 1065 tur.
2308 1014 2594 1070 Evacuabit
2621 1026 2795 1071 autem
2826 1033 3037 1073 omnem
3068 1019 3419 1088 principatum
3441 1031 3494 1075 et
3523 1032 3760 1090 potesta-

2158 1111 2299 1167 ‘tem,
2329 1106 2715 1161 manifestando
2746 1109 2924 1179 utique
2950 1124 3171 1180 regnum
3202 1110 3390 1172 Patris,
3419 1120 3477 1165 ut
3503 1113 3759 1168 omnibus

2161 1200 2355 1246 inotum
2387 1195 2475 1260 sit,
2501 1197 2699 1250 nullum
2721 1198 3020 1268 principum
3051 1208 3104 1253 et
3131 1210 3471 1269 potestatum,
3495 1201 3607 1256 sive
3637 1218 3757 1259 etc-

2173 1282 2409 1350 lestium,
2443 1287 2555 1341 sive
2605 1288 2958 1353 terrestrium,
3012 1305 3108 1359 per
3152 1305 3210 1344 se
3255 1290 3503 1347 habuisse
3554 1294 3761 1364 aliquid

2168 1376 2499 1447 principatus
2539 1387 2592 1432 et
2623 1382 2917 1449 potestatis,
2944 1383 3039 1436 sed
3065 1383 3132 1437 ab
3158 1384 3247 1438 illo
3276 1400 3341 1439 ex
3367 1402 3471 1454 quo
3496 1399 3618 1441 sunt
3641 1404 3766 1443 om-

2173 1467 2281 1527 nia,
2313 1484 2416 1522 non
2448 1471 2617 1525 solum
2650 1479 2707 1525 ut
2736 1472 2861 1535 sint,
2882 1477 3063 1528 verum
3095 1475 3254 1529 etiam
3285 1487 3340 1530 ut
3364 1477 3608 1533 ordinata
3629 1480 3761 1535 sint.

2172 1555 2228 1611 In
2260 1558 2345 1611 illa
2367 1560 2508 1613 enim
2534 1561 2960 1617 manifestalione
2991 1565 3117 1617 nulli
3149 1580 3272 1634 spes
3299 1567 3473 1637 aliqua
3505 1583 3763 1626 remane-

2172 1655 2248 1710 bit
2290 1658 2339 1710 in
2381 1672 2643 1726 quoquam
2674 1658 2932 1728 principe,
2963 1670 3054 1714 aut
3098 1662 3148 1715 iu
3200 1679 3466 1732 quoquam
3520 1665 3761 1722 homine.

2170 1747 2323 1816 Quod
2371 1750 2532 1804 etiam
2587 1766 2729 1805 nunc
2785 1754 3091 1820 prophetico
3140 1756 3350 1809 canitur
3397 1754 3655 1811 :-Bonum
3685 1770 3764 1814 est

2171 1856 2374 1906 sperare
2417 1841 2471 1893 in
2509 1839 2745 1906 Domino,
2777 1858 2929 1911 quant
2977 1860 3180 1909 sperare
3208 1848 3276 1899 ~in
3316 1847 3546 1912 homine;
3576 1848 3767 1905 bonum

2173 1941 2245 1985 est
2283 1948 2486 2002 sperare
2513 1933 2564 1986 in
2617 1932 2855 1999 Domino,
2888 1952 3039 2004 quant
3093 1954 3299 2004 sperare
3346 1939 3399 1991 in
3434 1942 3767 2011 principibus

2175 2020 2347 2097 (Psal.
2376 2025 2618 2090 cxvtt,‘8,
2656 2026 2712 2097 9)
2745 2045 2757 2081 :
2787 2035 2843 2080 ut
2879 2028 2977 2081 ista
3004 2030 3347 2085 meditatione
3373 2032 3546 2086 anima
3572 2033 3681 2102 jam
3705 2034 3764 2088 in

2174 2132 2397 2185 regnum
2436 2116 2610 2171 Patris
2638 2128 2914 2188 assurgat,
2964 2136 3062 2175 nec
3090 2122 3399 2192 cujusquam
3441 2134 3765 2193 potestatem

2176 2214 2369 2277 praeter
2396 2207 2545 2261 illum
2572 2208 2745 2277 magni
2784 2208 3001 2275 faciens,
3046 2226 3144 2265 nec
3179 2228 3275 2266 sua
3310 2216 3408 2268 sibi
3451 2214 3549 2286 ipsi
3582 2217 3768 2287 perni-

2172 2296 2469 2351 ciosissime
2507 2297 2842 2355 blamliens‘.
2876 2300 3076 2355 Tradet
3122 2317 3249 2373 ergo
3298 2317 3516 2373 regmnn
3550 2307 3769 2383 DeoOet

2175 2388 2340 2452 Patri,
2370 2404 2493 2443 cum
2516 2404 2608 2458 per
2629 2391 2773 2445 illum
2804 2406 2896 2462 per
2933 2394 3168 2462 Speciem
3195 2405 3547 2464 cognoscetur
3566 2397 3764 2452 Pater.

2173 2481 2420 2552 Regnum
2450 2483 2591 2537 enim
2631 2482 2746 2551 ejus
2784 2494 2907 2538 sunt
2943 2485 2992 2539 in
3030 2486 3223 2554 quibus
3252 2501 3392 2541 nunc
3436 2495 3626 2557 regnat
3664 2504 3768 2559 per

2174 2569 2353 2627 ﬁdem.
2397 2571 2737 2628 Aliterenim
2767 2569 2957 2629 dicitur
2986 2592 3205 2645 regnum
3233 2576 3426 2632 Christi
3463 2579 3762 2639 secundum

2176 2672 2488 2733 potestatem
2536 2664 2861 2731 divinitatis,
2912 2667 3203 2722 secundum
3253 2669 3393 2738 quod
3455 2670 3505 2723 ei
3569 2680 3763 2724 cuncta

2174 2764 2416 2809 creatura
2446 2754 2681 2825 subjecta
2710 2766 2830 2822 est;
2861 2766 2914 2811 et
2954 2758 3107 2812 aliter
3146 2775 3364 2829 regnum
3408 2761 3526 2828 ejus
3563 2761 3765 2816 dicitur

2179 2846 2437 2908 Ecclesia,
2489 2847 2781 2901 secundum
2829 2846 3204 2919 proprietatem
3251 2850 3369 2905 ﬁdei
3408 2868 3525 2922 quae
3575 2855 3626 2909 in
3668 2855 3765 2909 illo

2172 2946 2276 3003 est,
2304 2938 2594 2996 secundum
2628 2940 2767 3009 quod
2795 2951 2909 2995 orat
2935 2942 3025 3012 qui
3051 2941 3200 3010 dicit,
3234 2938 3449 2998 Posside.
3490 2962 3580 2999 nos
3603 2943 3760 3018 (Isai.

2174 3042 2321 3095 xxvn,
2356 3031 2569 3095 ιδίας.
2614 3028 2802 3102 LXX).
2831 3031 3014 3101 Neque
3052 3034 3194 3087 enim
3227 3048 3333 3088 non
3369 3033 3483 3104 ipse
3522 3038 3764 3106 possidet

2174 3121 2374 3174 omnia.
2415 3120 2716 3175 Secundum
2759 3122 2900 3192 quod
2951 3122 3142 3178 dicitur
3180 3125 3340 3179 etiam
3387 3127 3515 3182 illud
3565 3146 3578 3182 :
3625 3129 3761 3189 Cum

2175 3212 2304 3264 servi
2323 3212 2491 3265 essetis
2516 3213 2722 3281 peccati,
2748 3212 2891 3266 liberi
2923 3214 3075 3267 eratis
3086 3214 3304 3285 justitia:
3334 3216 3507 3286 (Rom.
3534 3235 3605 3282 vl,
3632 3219 3756 3288 20).

2178 3299 2467 3355 Evaeuabit
2487 3317 2614 3370 ergo
2644 3316 2857 3356 omnem
2899 3303 3249 3371 principatum
3286 3314 3340 3359 et
3365 3320 3575 3361 omnem
3605 3318 3760 3376 pote-

2176 3401 2365 3445 statem
2393 3401 2447 3445 et
2473 3392 2735 3455 virtutem,
2769 3402 2825 3446 ut
2864 3394 2991 3447 nulli
3022 3394 3231 3449 Patrem
3279 3396 3502 3451 intuenti
3543 3414 3637 3466 per
3664 3397 3762 3451 Fi-

2176 3480 2304 3534 lium
2332 3497 2465 3550 opus
2493 3483 2559 3536 sit
2585 3492 2677 3536 aut
2706 3484 2864 3538 libeat
2894 3484 2944 3537 in
2973 3486 3282 3555 cujusquam
3312 3496 3568 3542 creatura:
3598 3490 3677 3543 vel
3703 3489 3760 3544 in

2176 3586 2269 3625 sua
2292 3574 2669 3640 conquiescere
2696 3583 2978 3641 potestate.

2248 3661 2303 3715 5.
2347 3658 2554 3731 Oportet
2597 3664 2729 3715 enint
2765 3680 2880 3717 eum
2925 3680 3155 3733 regnare,
3193 3666 3348 3718 donec
3393 3676 3546 3734 ponat
3584 3684 3767 3725 omnes

2176 3750 2407 3805 inimicos
2433 3768 2550 3806 suos
2574 3752 2664 3806 sub
2692 3752 2898 3823 pedibus
2925 3756 3029 3809 suis
3052 3771 3070 3808 :
3099 3756 3145 3808 ltl
3169 3766 3268 3823 est,
3298 3767 3506 3825 Oportet
3535 3774 3761 3829 regnum

2178 3844 2296 3913 ejus
2324 3844 2375 3898 in
2404 3852 2608 3899 tantum
2636 3846 2979 3911 manifestari,
3006 3845 3176 3902 donec
3202 3863 3389 3904 omnes
3413 3849 3610 3905 inimici
3637 3852 3762 3921 ejus

2178 3933 2351 4003 ipsum
2378 3950 2601 4005 regnare
2641 3935 2922 3991 fateantur.
2958 3938 3067 3995 lloc
3093 3939 3234 3993 enim
3275 3940 3624 4010 intelligitur,
3655 3944 3763 3999 sub

2180 4023 2405 4094 pedibus
2432 4026 2547 4095 ejus
2577 4024 2778 4080 futuros
2806 4027 3068 4082 inimicos.
3097 4028 3248 4094 Quod
3295 4030 3340 4083 si
3370 4029 3437 4085 de
3476 4029 3633 4100 jnstis
3661 4047 3763 4086 ac-

2179 4118 2499 4187 ceperimus,
2546 4117 2666 4172 ideo
2703 4117 2898 4172 dictum
2930 4129 3032 4183 est,
3077 4120 3324 4187 inimicos,
3362 4122 3483 4191 quia
3524 4138 3590 4176 ex
3621 4122 3765 4192 inju-

2179 4206 2276 4260 stis
2306 4205 2679 4275 justiﬁcantur,
2709 4217 2763 4262 et
2786 4208 2834 4262 ei
2864 4208 3131 4263 credendo
3157 4209 3475 4265 subduntur.
3501 4211 3575 4266 De
3610 4200 3761 4282 inju-L

2180 4295 2277 4349 stis
2319 4306 2493 4350 autem
2533 4298 2620 4366 qui
2679 4297 2746 4350 ad
2788 4298 3054 4366 justorum
3094 4299 3473 4354 beatitudinem
3524 4301 3761 4356 futuram

2181 4402 2286 4441 non
2318 4387 2607 4456 pertinent,
2652 4388 2729 4443 sie
2752 4389 3117 4458 accipiendum
3143 4400 3243 4456 est,
3289 4393 3537 4461 quoniam
3566 4402 3618 4447 et
3657 4393 3764 4463 ipsi

2182 4494 2302 4533 eum
2331 4493 2554 4547 regnare
2578 4479 2691 4548 ipsa
2728 4481 2874 4547 regni
2917 4481 3032 4551 ejus
3085 4482 3516 4539 manifestatione
3552 4484 3764 4541 confusi

2182 4568 2504 4623 fatebuntur.
2542 4569 2702 4640 Ergo,
2746 4568 2953 4640 Oportet
2988 4588 3102 4625 eum
3142 4588 3373 4642 regnare,
3420 4573 3577 4628 donec
3601 4585 3765 4645 ponat

2181 4678 2354 4716 omnes
2387 4662 2615 4716 inimicos
2648 4662 2737 4716 sub
2764 4663 2971 4735 pedibus
3003 4665 3129 4727 suis,
3167 4680 3273 4720 non
3318 4665 3391 4720 ita
3417 4665 3615 4721 dictum
3654 4676 3763 4732 est,

2182 4753 2332 4823 quasi
2359 4769 2476 4808 cum
2512 4756 2745 4823 posuerit
2793 4754 3038 4810 inimicos
3076 4771 3203 4810 suos
3241 4757 3340 4811 sub
3371 4757 3595 4827 pedibus
3624 4757 3761 4824 suis,

2185 4860 2290 4897 non
2336 4845 2404 4897 sit
2450 4852 2633 4913 postea
2662 4854 2979 4915 regnaturus
3029 4863 3043 4901 :
3085 4847 3199 4911 sed,
3262 4847 3473 4919 Oportet
3522 4865 3631 4902 eum
3677 4866 3764 4904 re-

2184 4949 2359 5004 gnarc,
2391 4934 2548 4987 donec
2586 4944 2740 5004 ponat
2781 4951 2953 4989 omnes
2995 4936 3227 4991 inimicos
3263 4954 3381 4991 suos
3421 4937 3511 4993 sub
3554 4939 3769 5010 pedibus

2184 5025 2326 5088 suis;
2380 5033 2591 5094 Oportet
2635 5041 2779 5091 eum,
2831 5026 3023 5098 inquit,
3077 5027 3143 5081 ad
3192 5036 3389 5082 tantam
3442 5029 3768 5086 evidentiam

2187 5130 2406 5185 regnum
2459 5130 2611 5170 suum
2643 5117 2957 5185 perducere,
3009 5117 3181 5173 donec
3211 5118 3408 5173 inimici
3453 5120 3569 5191 ejus
3616 5123 3771 5179 nullo

2188 5207 2344 5261 modo
2370 5206 2598 5261 audeant
2643 5222 2838 5278 negare
2880 5208 3019 5278 quod
3068 5220 3275 5280 regnet.
3324 5209 3457 5266 Nam
3507 5213 3767 5284 scriptum

2187 5306 2288 5364 est,
2317 5296 2399 5351 Ita
2432 5299 2567 5352 oculi
2590 5300 2746 5354 nostri
2770 5299 2839 5353 ad
2866 5299 3139 5354 Dominum
3168 5300 3333 5357 Deum
3376 5314 3624 5372 nostrum,
3665 5307 3769 5360 do-

2188 5406 2278 5444 nec
2319 5390 2611 5444 misereatur
2657 5392 2818 5445 nostri
2849 5391 3015 5462 (Psal.
3039 5408 3202 5461 cxxn,
3232 5392 3290 5466 2)
3330 5412 3344 5448 :
3389 5411 3489 5449 nec
3527 5395 3644 5449 ideo
3689 5408 3773 5453 ta-

2189 5497 2333 5547 men,
2363 5497 2483 5536 cum
2511 5482 2759 5536 misertus
2786 5483 2954 5537 nostri
2980 5482 3155 5551 fuerit,
3184 5486 3367 5540 oculos
3396 5486 3464 5538 ah
3490 5502 3554 5541 eo
3593 5487 3766 5544 debe-

2190 5587 2309 5626 mus
2332 5583 2595 5628 avertere.
2629 5572 2684 5627 In
2724 5581 2928 5628 tantum
2960 5573 3101 5630 enim
3129 5584 3213 5631 est
3256 5576 3528 5631 beatitudo
3558 5588 3771 5648 nostra,

2255 5730 2271 5760 ί
2297 5734 2397 5777 ttat.
2436 5733 2510 5793 Er.
2546 5724 2788 5793 etgplures
2809 5733 2941 5793 Mss,
2958 5726 3054 5779 sibi
3087 5727 3194 5793 ipsa
3207 5726 3608 5792 perniciosissime
3629 5732 3776 5787 bium

2193 5789 2345 5840 diem.
2362 5815 2423 5825 —
2451 5790 2523 5840 sic
2547 5789 2693 5840 etiam
2717 5790 2861 5853 Lugd.
2898 5798 2952 5840 ct
2969 5789 3114 5841 ven.'
3152 5797 3210 5839 It.
