4000 6336
207 335 254 389 π
1621 316 1808 374 unus

1915 315 2064 373 NUS.
3399 321 3467 378 78

208 454 249 505 in
284 452 534 517 quantum
605 443 735 514 ejus
788 440 1243 511 contemplatione
1298 437 1639 509 pcrfrnimnr.
1685 434 1774 487 Sic

210 555 312 611 ergo
332 547 384 594 ct
412 536 521 591 hoc
542 535 758 591 dictum
789 546 898 591 est.
919 534 1201 590 Oculorum
1232 540 1533 587 nostrorum
1556 527 1781 582 intentio

209 633 260 686 ad
288 629 563 685 Dominum
601 644 717 682 non
766 627 1078 697 porrigitur.
1108 624 1211 679 nisi
1239 637 1408 691 usque
1431 621 1497 676 ad
1527 620 1780 689 impetra-

210 724 379 777 tionem
428 718 830 773 misericordiae
880 717 1089 785 ipsius,
1142 730 1248 769 non
1296 722 1360 768 ut
1420 722 1600 782 postea
1662 709 1784 764 inde

207 818 471 876 avertatur,
522 809 622 864 sed
654 819 717 862 ut
740 808 878 863 nihil
910 807 1032 862 inde
1068 806 1297 875 amplius
1330 804 1582 873 requirat.
1610 802 1784 855 Donec

209 918 316 973 ergo
340 916 438 971 pro
475 914 546 955 eo
579 900 820 970 positum
865 908 969 965 est,
996 905 1055 952 ut
1094 912 1201 951 non
1232 897 1478 966 amplius,
1499 894 1781 963 intelligas.

208 994 304 1062 Quo
322 992 465 1047 enim
480 992 740 1060 amplius,
756 991 808 1044 id
830 1001 934 1056 est,
955 1004 1119 1060 usque
1137 988 1202 1042 ad
1219 1004 1377 1059 quam
1399 988 1654 1056 majorem
1675 1000 1787 1040 ma-

209 1083 588 1153 nifestationem
637 1080 1069 1136 manifestabitur
1120 1094 1342 1150 regnum
1403 1078 1642 1143 Christi,
1685 1076 1786 1131 nisi

207 1189 467 1244 quousque
487 1188 684 1228 omnes
708 1172 910 1227 inimici
927 1187 1047 1226 eum
1073 1185 1294 1239 regnare
1317 1168 1613 1224 fateantur?
1630 1166 1787 1223 Aliud

208 1275 277 1320 est
296 1280 423 1331 ergo
462 1278 574 1318 non
620 1263 851 1333 amplius
881 1262 1227 1327 manifestari,
1256 1262 1398 1316 aliud
1429 1276 1533 1316 non
1560 1261 1788 1330 amplius

210 1369 531 1424 permanere.
546 1353 664 1408 Non
685 1353 916 1422 amplius
936 1352 1281 1417 manifestari,
1306 1361 1391 1407 est
1410 1367 1515 1407 non
1537 1353 1650 1407 fieri
1673 1368 1788 1406 uta-

211 1447 439 1502 nilestius
463 1465 477 1499 :
498 1461 606 1500 non
640 1444 869 1514 amplius
896 1460 1230 1516 permanere,
1262 1460 1370 1499 non
1396 1445 1509 1499 tieri
1538 1459 1787 1513 perseve-

213 1539 417 1593 rantius.
440 1537 674 1603 Quando
700 1546 880 1591 autem
913 1536 1243 1591 manifestius
1264 1537 1368 1591 erit
1392 1552 1613 1607 regnum
1633 1535 1790 1591 Chri-

220 1630 292 1687 sti.
318 1643 479 1697 quam
502 1643 627 1681 cum
651 1627 901 1681 omnibus
925 1626 1172 1681 claruerit
1211 1626 1475 1680 inimicis?

277 1720 323 1772 6.
366 1718 667 1772 Norissima
712 1718 922 1771 inimica
964 1716 1250 1771 destruetur
1296 1733 1449 1770 mors.
1492 1715 1605 1770 Non
1647 1715 1790 1771 enim

213 1811 301 1864 erit
325 1810 476 1864 aliud
519 1809 663 1879 quod
690 1809 1022 1875 destruatur,
1052 1820 1394 1878 posteaquam
1421 1809 1646 1864 mortale
1693 1809 1795 1864 hoc

212 1902 437 1957 'mduerit
466 1901 945 1956 immortalitatem.
977 1900 1162 1955 Omnia
1186 1902 1320 1955 enim
1343 1901 1556 1971 subjecit
1585 1902 1675 1956 sub
1705 1917 1793 1970 pe-

210 1994 349 2047 dibus
383 1996 496 2064 ejus
526 2009 546 2046 :
575 1994 675 2047 hoc
702 2002 806 2059 est,
845 2003 905 2046 ut
928 1993 1085 2047 etiam
1113 2003 1338 2049 mortem
1367 1994 1624 2048 destruat.
1669 1994 1797 2047 Cum

210 2095 375 2139 unus
425 2085 610 2138 dixerit
640 2086 761 2154 quia
807 2086 982 2139 omnia
1024 2085 1246 2157 subjecta
1273 2096 1390 2140 sunt
1419 2087 1577 2158 (dixit
1617 2088 1799 2157 utique

210 2175 484 2247 prepltcta
529 2175 583 2228 in
622 2176 848 2231 Psalmis
887 2175 1060 2241 (Psal.
1085 2193 1202 2242 vut,
1232 2177 1311 2247 8),
1362 2178 1684 2247 manifestum
1727 2189 1799 2234 est

209 2271 334 2338 quia
356 2279 557 2339 praeter
580 2285 691 2322 eum
721 2270 808 2339 qui
847 2269 1054 2340 subjecit
1079 2270 1156 2324 illi
1182 2272 1352 2323 omnia
1388 2286 1407 2325 :
1446 2271 1657 2325 Patrem
1689 2271 1801 2326 vult

216 2360 430 2429 intelligi
478 2359 657 2413 omnia
705 2359 841 2413 Filio
889 2360 1201 2429 subjecisse,
1253 2361 1391 2415 sicut
1434 2362 1619 2416 multis
1670 2360 1801 2416 locis

218 2451 348 2505 idem
406 2450 673 2505 Dominus
708 2452 760 2504 in
803 2451 1091 2522 Evangelia
1138 2452 1480 2507 commendat
1516 2462 1573 2508 et
1610 2454 1804 2522 praedi-

227 2542 376 2607 dicat,
421 2560 531 2598 non
581 2544 755 2598 solum
788 2554 1007 2613 propter
1035 2542 1259 2601 formam
1300 2545 1462 2611 servi,
1508 2544 1602 2601 scd
1640 2546 1804 2601 etiam

226 2647 432 2707 propter
460 2636 788 2705 principium
826 2635 895 2690 de
939 2650 1045 2706 quo
1090 2644 1205 2697 est,
1240 2645 1296 2691 et
1326 2651 1434 2706 quo
1468 2637 1690 2706 aequalis
1724 2647 1806 2692 est

224 2728 271 2783 ei
294 2729 357 2782 de
380 2743 491 2798 quo
515 2734 623 2781 est.
666 2729 826 2781 Amat
858 2727 999 2781 enim
1042 2725 1109 2781 ad
1152 2742 1316 2781 unum
1355 2726 1671 2796 principium
1716 2743 1806 2781 re-

230 2818 361 2873 ferre
384 2819 593 2884 omnia,
627 2825 881 2887 tanquam
909 2816 1085 2886 imago
1109 2817 1247 2885 ejus,
1294 2816 1389 2871 sed
1427 2815 1481 2870 in
1520 2831 1629 2886 quo
1657 2816 1808 2871 inha-

228 2896 353 2964 bitat
379 2911 567 2965 omnis
593 2909 869 2978 plenitudo
892 2908 1189 2964 divinitatis
1213 2906 1432 2978 (Coloss.
1458 2923 1514 2976 ιι,
1550 2908 1627 2980 9).

289 3004 341 3057 7.
370 3002 501 3056 Cum
529 3013 700 3055 autem
726 3003 773 3056 ei
793 3002 965 3055 omnia
1005 3002 1227 3073 subjecta
1255 3002 1462 3069 fuerint,
1484 3011 1604 3056 tunc
1631 3011 1676 3056 et
1700 3003 1808 3071 ipse

233 3092 394 3148 Filias
436 3093 695 3165 subjectus
736 3094 834 3147 erit
861 3093 910 3147 ei
953 3092 1039 3163 qui
1079 3092 1159 3146 illi
1199 3092 1408 3164 subjecit
1453 3094 1643 3146 omnia.
1695 3094 1808 3148 Non

227 3186 371 3254 quasi
394 3185 563 3239 modo
590 3199 699 3239 non
727 3184 801 3237 ita
828 3184 918 3245 sit,
950 3181 1044 3237 sed
1065 3190 1190 3238 tunc
1213 3181 1551 3238 manifestum
1578 3184 1699 3249 erit,
1729 3198 1812 3239 se-

229 3276 455 3330 cum
500 3275 827 3329 locutionem
870 3273 1114 3342 superius
1158 3281 1454 3328 tractatam.
1491 3272 1559 3328 Ut
1584 3275 1647 3326 sit
1677 3272 1814 3327 Deus

230 3367 388 3418 omnia
411 3368 467 3418 in
493 3365 744 3418 omnibus.
774 3363 894 3433 Ipse
918 3372 1005 3418 est
1031 3364 1169 3429 ﬁnis,
1201 3378 1361 3433 questu
1390 3364 1635 3433 superius
1660 3382 1812 3417 cout-

232 3456 567 3521 memoravit,
598 3470 719 3509 cum
747 3464 915 3509 totum
945 3455 1115 3524 primo
1141 3456 1374 3510 breviter
1390 3455 1553 3510 vellet
1596 3456 1815 3510 concluso

230 3549 374 3612 dere,
399 3548 600 3602 deinde
626 3548 779 3617 quasi
811 3548 1143 3602 membratim
1164 3548 1432 3616 explicare
1448 3557 1505 3602 et
1528 3563 1815 3615 exponere.

231 3638 568 3708 mittebatur
592 3639 735 3692 enim
763 3638 835 3694 de
876 3641 1287 3704 resurrectione,
1334 3639 1419 3693 ubi
1465 3640 1558 3705 ait,
1607 3637 1819 3692 Initium

233 3728 456 3783 Christus
483 3746 504 3792 ;
530 3730 716 3783 deinde
735 3730 769 3782 ii
787 3730 875 3799 qui
903 3738 1020 3783 sunt
1040 3728 1228 3783 Christi
1270 3730 1323 3783 in
1365 3729 1629 3798 prementia
1668 3730 1818 3800 ejus;

233 3821 408 3873 deinde
440 3821 584 3889 ﬁnis.
618 3819 736 3888 Ipse
761 3820 970 3875 scilicet
1009 3819 1128 3874 ﬁnis
1169 3829 1274 3885 est,
1307 3830 1362 3873 ut
1386 3821 1451 3875 sit
1491 3820 1626 3874 Deus
1650 3821 1820 3874 omnia

230 3910 279 3960 in
322 3910 581 3963 omnibus.
627 3910 795 3963 Aliter
822 3911 964 3964 enim
991 3911 1183 3966 dicitur
1227 3911 1346 3965 finis
1373 3912 1462 3981 qui
1492 3913 1719 3981 pertinet
1745 3912 1812 3966 ad

228 4002 766 4069 consummationem,
788 4003 942 4057 aliter
977 4003 1065 4072 qui
1092 4003 1320 4073 pertinet
1358 4003 1424 4057 ad
1455 4006 1819 4073 consumptio-

234 4108 375 4146 nem.
398 4094 574 4147 Aliter
623 4094 765 4148 enim
794 4094 975 4149 linitur
1002 4097 1173 4149 tunica
1212 4094 1462 4159 texendo,
1491 4096 1822 4150 aliter'cihus

233 4182 590 4239 comedenda.
642 4184 781 4239 Deus
805 4196 982 4239 autem
1013 4187 1192 4240 omnia
1240 4187 1291 4239 in
1321 4187 1568 4241 omnibus
1601 4188 1815 4252 dicitur,

233 4285 288 4329 ut
316 4291 483 4331 nemo
518 4292 703 4331 eorum
726 4278 813 4347 qui
844 4278 893 4333 ei
926 4278 1221 4343 cohaerent,
1248 4289 1391 4333 amet
1415 4280 1671 4335 adversus
1698 4296 1821 4335 eum

231 4383 385 4422 suam
414 4369 688 4440 pr0priam
718 4371 1524 4443 voluntatem,manifestumque
1554 4374 1622 4428 sit
1645 4376 1823 4429 omni-

234 4460 498 4532 busquod
531 4461 669 4515 idem
720 4463 1005 4531 Apostolus
1040 4464 1147 4517 alio
1171 4464 1287 4518 loco
1316 4464 1462 4530 dicit,
1499 4464 1634 4532 Quid
1657 4474 1826 4519 autent

234 4554 388 4610 tumes
410 4556 552 4622 quod
572 4572 675 4609 non
693 4558 929 4624 accepisti
958 4554 976 4627 (
1002 4557 1017 4608 Ι
1045 4556 1165 4611 Cor.
1188 4572 1262 4622 tv,
1297 4558 1327 4610 7
1358 4557 1376 4627 )
1407 4558 1431 4610 ?

299 4646 357 4702 8.
383 4645 528 4701 Sunt
548 4647 676 4701 item
702 4647 792 4717 qui
821 4647 899 4703 sic
929 4648 1224 4717 intelligant
1261 4648 1403 4703 hunc
1430 4648 1625 4715 locum,
1656 4647 1827 4720 Opor-

234 4745 296 4788 tet
325 4751 445 4790 eum
470 4752 705 4807 regnare,
756 4737 915 4792 donec
938 4748 1093 4809 ponat
1119 4756 1289 4794 omnes
1324 4739 1554 4795 inimicos
1588 4757 1708 4795 suos
1734 4742 1829 4795 sub

237 4826 449 4894 pedibus
500 4829 631 4891 suis,
671 4835 731 4882 ut
756 4827 857 4883 sub
902 4829 1001 4884 alia
1057 4831 1440 4900 signiﬁcatione
1481 4831 1710 4901 positum
1742 4832 1829 4887 hic

235 4918 417 4972 dicant
435 4935 693 4989 regnare;
720 4935 825 4975 non
854 4921 955 4975 sub
973 4936 1039 4977 ea
1056 4937 1158 4992 qua
1202 4923 1431 4992 positum
1452 4932 1554 4989 est,
1592 4940 1826 4994 regnum,

234 5008 299 5063 de
328 5025 440 5081 quo
475 5011 573 5075 ait,
617 5008 742 5065 Cum
767 5012 1031 5067 tradiderit
1075 5031 1286 5085 regnum
1326 5014 1434 5070 Deo
1475 5025 1525 5070 et
1546 5015 1695 5070 Patri
1724 5032 1744 5071 :
1772 5026 1832 5072 ut

235 5099 366 5153 illud
407 5102 488 5157 sic
512 5101 875 5171 appellaverit,
904 5119 1141 5174 regnum,
1171 5120 1278 5175 quo
1299 5107 1598 5162 universam
1623 5115 1832 5162 creatu-

235 5204 351 5245 ram
382 5192 530 5247 Deus
554 5194 730 5262 regit;
762 5194 865 5251 hoc
892 5204 1074 5250 autem
1104 5198 1180 5251 sic
1203 5184 1569 5267 appellaverit,
1596 5215 1827 5269 regnare,

234 5283 652 5354 utintelligatur
693 5292 944 5356 tanquam
988 5286 1245 5342 adversus
1293 5287 1501 5343 hostem
1538 5291 1835 5345 exercitum

233 5372 475 5440 ducere,
514 5375 597 5430 vel
636 5371 926 5431 defendere
971 5377 1237 5439 civitatem
1279 5388 1383 5433 :ut
1442 5378 1563 5436 ideo
1615 5379 1831 5445 dixerit,

235 5464 451 5535 Oportet
472 5485 587 5523 cum
628 5486 862 5540 regnare,
885 5472 1044 5524 donec
1073 5480 1227 5542 ponat
1256 5488 1427 5528 omnes
1465 5473 1696 5528 inimicos
1718 5489 1836 5528 suos

231 5563 327 5613 sub
366 5564 589 5633 pedibus.
611 5565 717 5618 suis
745 5579 764 5625 ;
803 5564 927 5633 quia
952 5564 1070 5619 talis
1096 5566 1267 5635 regni,
1290 5566 1445 5635 quale
1474 5566 1668 5620 habent
1693 5566 1837 5635 prin-

233 5652 388 5721 cipes
407 5665 761 5723 arrmtontm,
792 5655 936 5709 nulla
977 5658 1077 5711 erit
1105 5671 1285 5723 causa,
1321 5658 1471 5713 hoste
1501 5659 1567 5712 ita
1599 5658 1838 5729 subjecto

236 5747 580 5806 umbellam
628 5767 734 5804 non
792 5749 984 5819 possit.
1032 5749 1159 5803 Nam
1191 5752 1373 5821 utique
1420 5751 1616 5805 dictum
1666 5760 1745 5806 est
1785 5753 1835 5806 iu

1892 431 2199 500 Evangtdio,
2220 430 2286 485 Et
2306 433 2448 503 regni
2468 450 2577 505 ejus
2600 451 2700 488 non
2739 435 2832 489 crit
2854 437 2990 504 ﬁnis,
3015 440 3301 497 secundum
3327 445 3469 513 quod

1886 533 2075 591 regnat
2120 523 2173 577 in
2219 535 2521 580 aeternum:
2559 528 2850 583 secundum
2894 539 3068 585 autem
3096 531 3147 586 id
3178 534 3317 603 quod
3370 538 3470 592 ad.

1891 627 2076 667 versus
2100 612 2366 669 diabolum
2394 614 2494 669 sub
2518 631 2582 670 eo
2617 618 2908 685 militatur;
2943 621 3138 675 tamdiu
3166 624 3267 679 erit
3288 626 3473 695 utique

1891 706 1991 760 ista
2020 706 2224 772 militia,
2248 706 2419 762 donec
2442 718 2602 777 ponat
2627 726 2813 763 omnes
2836 710 3080 768 inimicos
3103 731 3227 770 suos
3247 718 3347 773 sub
3378 736 3474 787 pe-

1891 795 2048 852 dibus
2073 798 2215 864 suis;
2244 808 2428 867 postca
2457 817 2582 854 vero
2610 817 2712 855 non
2757 804 2877 870 erit,
2910 821 3028 857 cum
3058 823 3186 875 pace
3212 823 3469 879 perpetua

1893 888 2247 956 perfruentur.
3294 953 3307 961 _

1964 980 2021 1033 9.
2056 980 2179 1035 Hzrc
2204 992 2379 1036 autem
2408 984 2478 1037 ita
2498 984 2637 1037 dicta
2666 987 2791 1049 sint,
2822 995 2877 1040 ut
2904 991 3214 1044 noverimus
3235 991 3464 1063 diligen-

1895 1070 1999 1123 tius
2014 1072 2175 1126 etiam
2199 1073 2324 1127 illud
2346 1074 2672 1129 considerari
2721 1086 2988 1145 oportere,
3036 1082 3326 1138 secundum
3349 1086 3475 1154 quid

1894 1173 2079 1234 regnet
2127 1181 2268 1220 nunc
2305 1168 2557 1223 Dominus
2593 1169 2990 1239 diSpensatione
3032 1181 3349 1234 sacramenti
3395 1184 3475 1235 sui

1896 1271 1991 1324 per
2012 1256 2429 1312 incarnationem
2472 1270 2628 1329 atque
2658 1262 2979 1331 passionem.
3002 1263 3136 1320 Nam
3182 1271 3474 1325 secundum

1896 1346 1948 1399 id
1987 1347 2127 1415 quod
2180 1347 2413 1404 Verbum
2460 1350 2552 1406 Dei
2600 1362 2701 1418 est,
2734 1361 2841 1407 tam
2870 1354 2987 1411 sine
3026 1357 3131 1413 fine
3157 1375 3315 1428 quam
3363 1363 3479 1417 sine

1898 1437 2049 1490 initio
2084 1449 2137 1491 et
2164 1440 2280 1494 sine
2311 1441 2700 1497 intermissione
2725 1453 2809 1499 est
2833 1460 3053 1517 regnum
3093 1450 3231 1519 ejus.
3271 1451 3478 1508 Secun-

1895 1526 2018 1580 dum
2046 1528 2097 1581 id
2114 1537 2289 1583 autem
2317 1533 2457 1599 quod
2500 1532 2734 1587 Verbum
2783 1549 2909 1591 caro
2937 1537 3133 1593 factum
3159 1540 3276 1611 ρει(
3308 1542 3465 1597 loon.

1897 1634 1937 1685 ι,
1965 1619 2031 1673 ll
2057 1622 2094 1689 ),
2128 1623 2290 1690 carpit
2315 1637 2538 1692 regnare
2568 1626 2618 1678 in
2639 1626 2980 1682 credentibus
2997 1646 3090 1699 per
3118 1632 3273 1688 fidem
3300 1634 3479 1689 incar~

1897 1712 2126 1765 nationis
2150 1727 2280 1767 sum.
2325 1713 2475 1769 Unde
2500 1725 2582 1770 est
2611 1717 2773 1772 etiam
2800 1717 2926 1773 illud
2955 1736 2969 1772 :
3004 1719 3250 1777 Dominus
3296 1741 3481 1796 regna-

1897 1803 2021 1855 nita
2053 1802 2230 1875 ligno(
2254 1803 2398 1858 Psal.
2449 1821 2553 1861 xcv
2578 1848 2594 1873 ,
2641 1806 2767 1881 10).
2813 1808 2946 1865 Hinc
2987 1822 3165 1868 autem
3207 1819 3484 1871 evacuavit

1897 1907 2112 1948 omnem
2130 1896 2481 1964 principatum
2498 1905 2553 1951 et
2567 1912 2780 1953 omnem
2798 1909 3114 1970 potestatem
3136 1914 3187 1959 et
3210 1906 3480 1973 virtutem,

1899 1985 2025 2040 dum
2052 2001 2159 2041 non
2196 2002 2291 2056 per
2331 1988 2627 2044 claritatem
2668 1990 2805 2061 ejus,
2849 1993 2943 2049 sed
2989 2010 3083 2064 per
3133 1996 3481 2057 humilitatem

1900 2078 2033 2134 salvi
2063 2079 2196 2133 fiunt
2223 2081 2505 2137 credentes
2534 2082 2586 2136 in
2612 2097 2757 2138 eum.
2789 2084 2902 2141 Hoc
2943 2094 3027 2141 est
3053 2088 3422 2147 absconditum
3450 2109 3480 2147 a

1902 2171 2233 2240 sapientibus
2270 2181 2324 2226 et
2358 2172 2707 2243 prudentibus
2730 2214 2748 2241 ,
2786 2182 2842 2230 et
2913 2178 3203 2234 revelatum
3254 2184 3488 2250 parvulis

1904 2260 1923 2330 (
1947 2259 2146 2315 Matth;
2167 2261 2335 2329 x525
2357 2262 2376 2329 )
2401 2280 2417 2329 ;
2450 2264 2699 2334 quoniam
2731 2265 2930 2335 placuit
2955 2268 3067 2324 Deo
3093 2285 3188 2339 per
3207 2274 3487 2329 stultitiam

1906 2351 2299 2421 praedicationis
2324 2355 2502 2409 salvos
2530 2354 2705 2412 facere
2727 2358 3053 2432 credentes(
3095 2361 3111 2414 Ι
3144 2361 3262 2416 Cor.
3304 2380 3339 2427 ι,
3367 2365 3485 2436 2|).

1904 2443 2088 2514 Neque
2109 2443 2395 2516 quidquam
2422 2461 2480 2501 se
2506 2447 2644 2501 inter
2665 2448 2914 2517 parvulos
2941 2451 3080 2505 seire
3102 2451 3232 2507 dicit
3258 2455 3458 2523 Aposto
3473 2487 3488 2496 -

1907 2537 2011 2601 lus,
2044 2537 2147 2592 nisi
2196 2538 2378 2594 Jesum
2420 2538 2711 2604 Christum,
2731 2549 2785 2595 et
2834 2541 2976 2597 hunc
3023 2544 3376 2617 crucifixum(
3402 2545 3487 2601 Id.

1908 2642 1968 2693 ιι,
2005 2628 2043 2682 2
2067 2628 2107 2699 ).
2134 2628 2247 2696 Qua
2279 2629 2653 2700 przedicatione
2679 2632 2875 2687 tamdiu
2905 2649 3039 2703 opus
3059 2636 3354 2701 est,.donec
3398 2654 3494 2708 po-

1908 2732 2105 2774 nantur
2132 2735 2322 2776 omnes
2356 2722 2557 2777 inimici
2610 2723 2711 2777 sub
2747 2723 2969 2794 pedibus
2990 2728 3144 2796 ejus:
3175 2728 3225 2782 id
3257 2740 3358 2795 est,
3391 2732 3492 2801 ipsi

1910 2809 2192 2865 humilitati
2214 2812 2351 2881 ejus,
2373 2827 2533 2882 quam
2563 2815 2754 2883 pedum
2788 2818 3003 2872 nomine
3044 2819 3325 2889 significari
3353 2824 3493 2878 arbi-

1912 2912 2045 2971 tror,
2072 2904 2227 2960 cedat
2253 2913 2411 2974 atque
2435 2906 2691 2961 subdatur
2714 2908 2889 2963 omnis
2915 2911 3159 2980 superbia
3180 2914 3450 2970 saacularis
3477 2933 3493 2983 ;

1913 2996 2050 3051 sicut
2085 3012 2153 3051 ex
2196 2997 2423 3051 maxima
2453 3007 2603 3067 parte
2646 3002 2754 3067 jam
2792 2999 2987 3056 factum
3020 3012 3124 3067 est,
3158 3013 3231 3059 et-
3253 3007 3492 3076 quotidie

1915 3088 2034 3142 ﬁeri
2058 3087 2316 3144 videmus.
2344 3087 2447 3144 Sed
2491 3105 2598 3158 quo
2626 3091 2730 3145 fine
2774 3092 2872 3147 ista
2914 3094 3089 3149 fiunt?
3116 3096 3185 3152 Ut
3211 3099 3385 3155 tradat
3410 3115 3501 3156 re-

1914 3193 2076 3247 gnum
2104 3179 2213 3234 Deo
2240 3189 2295 3235 et
2312 3181 2486 3247 Patri,
2520 3182 2571 3235 id
2608 3192 2711 3248 est,
2755 3192 2813 3238 ut
2860 3187 3090 3240 nutritus
3118 3188 3220 3244 fide
3248 3188 3497 3246 incarna-

1917 3271 2079 3325 tionis
2100 3286 2231 3337 suaa,
2260 3271 2513 3340 perducat
2542 3274 2609 3327 ad
2635 3276 2866 3343 speciem
2898 3291 3001 3345 qua
3028 3281 3245 3347 aequalis
3274 3276 3371 3337 est'
3393 3283 3497 3337 Pa-

1918 3361 2004 3415 tri.
2037 3360 2154 3415 lam
2181 3362 2321 3415 enim
2356 3363 2434 3415 eis
2485 3363 2573 3431 qui
2600 3362 2958 3431 credideram,
2990 3368 3320 3437 loquebatur,
3370 3388 3491 3427 cum

1917 3450 2123 3509 diceret
2149 3470 2161 3505 :
2194 3452 2256 3508 Si
2271 3455 2553 3508 manseritis
2596 3455 2650 3508 in
2678 3454 2823 3507 verbo
2847 3474 2976 3524 meo,
2999 3474 3111 3511 vere
3136 3460 3373 3529 discipuli
3395 3466 3493 3515 mei

1919 3546 2037 3600 estis
2062 3546 2116 3611 ¹;
2140 3553 2189 3599 et
2210 3547 2515 3617 cognoscetis
2557 3548 2832 3611 ueritatem,
2853 3558 2897 3601 et
2942 3551 3122 3604 veritas
3164 3552 3389 3606 liberabit
3415 3569 3502 3608 vos

1920 3633 2125 3702 (Joan.
2174 3651 2290 3703 vnn,
2344 3638 2433 3702 3|,
2485 3636 2615 3710 32).
2649 3638 2886 3707 Regnum
2917 3639 3060 3694 enim
3108 3641 3282 3697 tradet
3331 3643 3496 3707 Patri.

1921 3743 2042 3783 cum
2074 3744 2169 3798 per
2209 3729 2261 3783 id
2295 3730 2536 3800 regnabit
2586 3731 2639 3785 in
2684 3732 3167 3801 contemplantibus
3198 3735 3498 3798 veritatem,

1921 3834 2028 3889 quo
2059 3820 2278 3889 aqualis
2304 3829 2389 3875 est
2412 3821 2570 3887 Patri,
2604 3830 2659 3877 et
2686 3838 2781 3891 per
2803 3838 2862 3877 se
2891 3824 3218 3893 unigenitum
3262 3842 3358 3897 per
3382 3841 3503 3898 spe-

1922 3911 2058 3965 ciem
2090 3910 2247 3965 faciet
2273 3911 2439 3966 videri
2468 3913 2697 3967 Patrem.
2729 3913 2880 3970 Nune
2902 3916 3042 3969 enim
3071 3932 3164 3984 per
3186 3916 3288 3971 hoc
3317 3927 3503 3987 regnat

1925 3999 1978 4053 in
2000 4000 2359 4065 credentibus,
2377 4017 2484 4071 quo
2513 4016 2573 4057 se
2606 4002 2777 4070 ipsum
2803 4004 3116 4069 esinanivit,
3151 4004 3373 4061 formam
3390 4023 3506 4063 ser-

1924 4093 1976 4146 vi
2003 4092 2307 4161 accipiens(
2337 4092 2566 4163 Philipp.
2590 4109 2647 4158 u,
2672 4094 2703 4148 7
2729 4094 2764 4165 ).
2812 4095 2963 4151 Tunc
2981 4106 3156 4151 autem
3198 4097 3370 4153 tradet
3416 4115 3506 4154 re-

1924 4198 2085 4254 gnum
2105 4185 2216 4240 Deo
2248 4195 2302 4240 et
2334 4186 2495 4253 Patri,
2550 4202 2671 4243 cum
2705 4191 3042 4243 cvacnaverit
3097 4205 3308 4245 omnem
3356 4192 3503 4259 prin—

1926 4275 2179 4345 cipatum,
2200 4284 2255 4331 et
2276 4285 2611 4345 potestatem,
2627 4286 2682 4331 et
2702 4279 2971 4333 virtutem.
2993 4278 3145 4335 Unde
3165 4270 3454 4337 evacuabit"
3462 4286 3505 4346 ⁸,

1927 4368 2029 4421 nisi
2086 4368 2402 4433 humilitate,
2453 4376 2508 4422 et
2563 4369 2835 4437 patientia,
2883 4377 2939 4424 et
2993 4370 3502 4441 infirmitate?Quis

1927 4462 2069 4516 enim
2100 4462 2428 4531 principatus
2474 4476 2578 4514 non
2628 4471 2932 4529 evacuetur,
2979 4477 3101 4517 cum
3157 4463 3319 4518 Filius
3371 4466 3510 4521 Dei‘

1931 4562 2207 4625 propterea
2239 4559 2425 4621 regnat
2449 4552 2501 4606 in
2529 4551 2889 4616 credentibus,
2922 4557 3043 4623 quia
3074 4568 3194 4607 cum
3242 4552 3517 4625 principes

1929 4646 2109 4701 δείξαιιὶ
2152 4644 2722 4715 judicaverunt?Qu:e
2773 4653 3011 4713 potestas
3068 4660 3171 4700 non
3203 4659 3507 4711 evacuetur,

1931 4754 2051 4793 cum
2074 4739 2186 4807 ipse
2214 4751 2312 4806 per
2357 4750 2515 4804 quem
2562 4734 2699 4789 facta
2728 4744 2854 4790 sunt
2885 4736 3083 4800 omnia,
3117 4746 3393 4806 propterea
3422 4754 3508 4791 re-

1929 4841 2059 4901 gnat
2087 4831 2138 4885 in
2165 4828 2525 4892 credentibus,
2558 4828 2678 4896 quia
2710 4829 2780 4881 ita
2808 4827 3081 4896 subjectus
3105 4837 3189 4883 est
3233 4828 3517 4898 potestath

1934 4923 2052 4991 bus,
2072 4930 2129 4976 ut
2155 4920 2359 4976 diceret
2384 4919 2608 4985 homini,
2636 4917 2757 4973 Non
2777 4918 2982 4974 haberes
3007 4921 3061 4974 in
3083 4936 3161 4973 me
3198 4928 3508 4989 potestatem,

1932 5016 2031 5071 nisi
2051 5016 2170 5068 data
2197 5013 2284 5066 tibi
2320 5019 2445 5067 esset
2483 5010 2736 5081 desuper(
2760 5009 2920 5069 Joan.
2942 5026 3058 5075 six,
3085 5012 3143 5065 Η
3178 5008 3233 5080 )?
3256 5010 3385 5077 Qum
3407 5011 3515 5064 vir-

1936 5115 2023 5168 tus
2046 5119 2150 5159 non
2181 5112 2485 5167 evacuetur,
2511 5115 2634 5158 cum
2673 5101 2787 5170 ipse
2818 5116 2916 5170 per
2943 5115 3100 5171 quem
3142 5098 3268 5154 coeli
3298 5099 3510 5156 solidati

1936 5208 2077 5262 sunt,
2108 5196 2230 5252 ideo
2258 5203 2444 5266 regnat
2468 5193 2521 5249 in
2550 5193 2909 5255 credentibus,
2952 5192 3076 5261 quia
3099 5204 3270 5261 usque
3296 5190 3363 5246 ad
3391 5209 3516 5261 cru-

1936 5304 2053 5344 cem
2075 5295 2406 5357 mortemque
2427 5285 2722 5341 infirmatus
2746 5292 2828 5339 est
2851 5282 2877 5336 ‘l
2900 5282 3010 5337 Hoc
3033 5288 3209 5339 autem
3242 5285 3401 5339 modo
3437 5284 3520 5339 Fi-

1939 5379 2042 5435 lius
2065 5378 2278 5449 proprie
2302 5385 2490 5447 regnat
2513 5375 2565 5430 in
2593 5374 2697 5430 lide
2722 5371 3073 5429 credentium.
3105 5370 3222 5427 Non
3246 5374 3387 5430 enim
3412 5375 3516 5428 Pa-

2002 5515 2020 5577 !
2045 5519 2145 5563 Rat.
2172 5518 2225 5563 et
2243 5512 2468 5574 plerique
2484 5516 2614 5577 Mss,
3124 5563 3155 5577 ἢ
3279 5566 3319 5577 Α,
3406 5566 3436 5577 _.

2005 5576 2026 5606 ι
2049 5576 2122 5643 sic
2142 5563 2311 5623 nasot
2332 5563 2439 5643 usis.
2474 5579 2529 5621 Αι
2558 5563 2632 5619 ur.
2665 5575 2719 5619 et
2746 5575 2879 5627 l.ov.,
2913 5563 3171 5618 evacuavit.
3196 5592 3255 5603 —
3277 5566 3350 5616 sic
3372 5566 3519 5643 etiam

1941 5637 2621 5772 mghifitjﬁibusubmunis
2649 5703 2666 5742 :
2689 5691 2868 5754 quibus
2892 5698 2983 5742 Mss
3024 5701 3175 5754 prope
3213 5698 3387 5740 omnes
3418 5685 3517 5738 dis-

1943 5768 2177 5811 sentiunt.
