4000 6336
529 319 596 373 79
1220 319 1305 374 DE
1347 317 1654 374 DIVERSIS
1691 316 2212 385 QUESTIONIBUS
2250 318 2540 387 LXXXIII,
2581 323 2638 376 S.
2683 325 3042 383 AUCUSTINI
3726 338 3794 395 30

524 433 725 489 terdici
755 441 847 488 aut
866 432 1011 488 credi
1042 442 1215 504 potest
1247 434 1330 488 vel
1358 434 1682 497 incarnatus,
1713 432 1790 486 vel
1822 432 2105 502 jtulicatns,

526 524 933 578 velcruciﬁxns.
985 525 1088 579 Per
1135 525 1370 594 speciem
1413 534 1611 587 autem,
1644 539 1746 594 qua
1783 525 2001 593 arqualis
2029 533 2111 577 est

511 615 688 681 ‘Patri,
714 629 834 668 cum
867 614 1022 668 Patre
1067 625 1251 684 regnat
1298 615 1350 668 in
1400 613 1881 682 contemplantibus
1911 613 2109 668 verita-

524 720 652 762 tem.
681 708 837 776 Quod
868 718 1045 763 autem
1076 709 1248 763 tradet
1273 723 1495 778 regnum
1528 709 1635 761 Deo
1663 718 1717 761 et
1741 707 1904 772 Patri,
1938 722 1965 758 a
2005 706 2109 760 title

523 799 908 854 incarnationis
937 814 1046 853 sua:
1075 799 1142 852 ad
1173 799 1408 867 speciem
1433 797 1652 852 deitatis
1688 796 1983 866 perducens
2015 809 2109 849 eos

519 894 612 962 qui
656 894 755 948 sibi
789 908 930 946 nunc
948 892 1192 954 credunt,
1224 907 1326 944 non
1360 891 1472 960 ipse
1510 890 1724 953 antittit,
1769 889 1862 942 sed
1891 897 2111 955 uterque

521 1001 580 1038 se
652 1000 813 1039 unum
849 985 932 1037 ad
990 969 1268 1038 fructi-dum
1338 980 1819 1049 contemplantibus
1887 979 2106 1048 pra-bet.

520 1077 954 1132 Tamdiuautem
983 1085 1303 1145 opus-estut
1328 1075 1379 1129 in
1416 1075 1727 1128 hominibus-
1745 1073 1980 1127 nondum
2017 1087 2111 1125 va-

527 1172 762 1226 lentibus
789 1172 1144 1241 aequalitatem
1199 1170 1370 1224 Patris
1398 1179 1453 1224 et
1498 1168 1614 1222 Filii
1645 1167 1921 1237 perspicua
1955 1181 2108 1219 men-

524 1263 593 1317 tis
621 1264 738 1317 luce
773 1263 1038 1325 contueri,
1086 1261 1319 1331 per-hoc
1340 1270 1525 1329 regnet
1549 1259 1810 1319 Christus,
1847 1257 1992 1326 quod
2028 1266 2107 1310 ta-

520 1353 603 1408 les
627 1369 818 1423 capere
841 1362 1080 1422 possunt,
1115 1361 1170 1405 ct
1202 1351 1583 1420 quod'proprie
1618 1351 1732 1419 ipse
1775 1348 2028 1416 suscepit,
2058 1344 2110 1398 id

519 1457 625 1514 est,
658 1447 1040 1502 incarnationis
1095 1445 1469 1508 humilitatem,
1524 1443 1695 1496 donec
1721 1450 1877 1512 ponat
1905 1453 2110 1494 omnes

520 1539 766 1593 inimicos
790 1539 889 1592 sub
945 1538 1168 1607 pedibus
1197 1539 1342 1590 suis:
1373 1535 1423 1590 id
1473 1544 1574 1597 est,
1604 1535 1776 1588 donec
1822 1531 1996 1585 omnis
2021 1545 2110 1582 su-

522 1632 704 1700 perbia
753 1631 1025 1685 szecularis
1081 1627 1463 1683 incarnationis
1492 1627 1611 1697 ejus
1654 1625 1938 1680 humilitati
1979 1623 2107 1678 sub-

519 1723 699 1776 datur.

594 1813 681 1867 10.
723 1811 861 1868 Sane
889 1811 1030 1881 quod
1062 1811 1264 1865 dictum
1295 1818 1396 1871 est,
1426 1809 1568 1863 Tunc
1596 1818 1639 1862 et
1664 1809 1772 1876 ipse
1800 1806 1968 1860 Filius
1987 1805 2110 1858 sub-

511 1905 680 1975 jectus
705 1904 797 1956 erit
816 1904 862 1956 ei
888 1905 972 1974 qui
995 1903 1074 1956 illi
1090 1903 1298 1968 subjecit
1323 1904 1490 1954 omnia
1512 1918 1527 1961 ;
1555 1900 1797 1969 quamvis
1818 1896 2108 1950 secundum

519 1998 910 2067 susceptionem
940 1996 1169 2050 hominis
1195 1993 1434 2058 dicatur,
1469 1993 1590 2062 quia
1619 1990 1742 2045 inde
1761 1999 1847 2043 est
1887 1989 2112 2058 quaestio

516 2097 664 2152 stata,
687 2103 806 2140 cum
828 2094 1009 2156 ageret
1036 2086 1102 2140 de
1131 2085 1521 2140 resurrectione
1543 2092 1866 2136 mortuorum
1895 2089 2110 2132 :tamen

514 2187 665 2232 recte
683 2179 936 2246 qnzeritur
964 2187 1137 2229 utrunt
1164 2176 1451 2230 secundant
1483 2177 1654 2243 ipsum
1677 2182 1877 2227 tantum
1911 2171 2109 2225 dictum

520 2270 610 2335 sit,
643 2269 783 2338 quod
818 2279 899 2323 est
927 2278 1084 2336 caput
1115 2268 1365 2322 Ecclesia
1413 2265 1630 2337 (Ep/tes.
1661 2281 1713 2327 v,
1743 2265 1870 2333 25);
1924 2280 1988 2318 an
2015 2279 2112 2317 se-

518 2361 753 2415 cundum
778 2361 1090 2414 universum
1110 2358 1401 2424 Christum,
1433 2365 1783 2412 annumerato
1805 2370 2030 2423 corpore
2057 2365 2112 2408 et

520 2452 935 2521 membrisejus.
962 2449 1096 2505 Cum
1126 2452 1268 2505 enim
1313 2452 1388 2505 ait
1424 2450 1489 2503 ad
1519 2449 1754 2513 Galatas,
1798 2447 1920 2502 Non
1957 2449 2106 2514 dicit,

524 2545 592 2598 Et
617 2544 905 2609 sentinibus,
944 2553 1185 2610 tanquam
1209 2543 1260 2594 in
1291 2542 1499 2605 mltis;
1522 2540 1612 2594 sed
1649 2548 1885 2610 tanquam
1909 2540 1960 2592 in
1988 2556 2106 2603 uno,

525 2635 590 2687 Et
627 2635 805 2687 semini
839 2644 944 2698 tuo,
976 2633 1113 2704 quod
1153 2641 1225 2685 est
1266 2630 1530 2696 Christus;
1566 2645 1634 2684 ne
1661 2630 1833 2698 ipsum
1867 2629 1968 2682 hoc
1991 2629 2111 2682 loco

523 2727 697 2780 solum
730 2725 1156 2795 intelligeremus
1189 2723 1482 2786 Christum,
1510 2723 1600 2790 qui
1620 2722 1689 2775 de
1717 2719 1876 2774 Maria
1905 2719 2109 2788 virgine

520 2830 606 2875 est
633 2829 806 2883 natus,
839 2829 1018 2888 postea
1048 2817 1199 2883 dicit,
1222 2816 1420 2872 Omnes
1445 2818 1576 2870 enim
1609 2832 1695 2869 vos
1722 2831 1877 2868 unum
1905 2816 2022 2868 estis
2058 2814 2112 2868 in

522 2910 723 2964 Christo
750 2909 892 2963 Jesu.
921 2909 982 2962 Si
1010 2919 1177 2962 autem
1204 2925 1291 2962 vos
1319 2907 1524 2971 Christi,
1558 2923 1676 2978 ergo
1701 2907 2111 2959 Abrahtesemen

521 3000 639 3053 estis
671 2999 862 3070 (Galat.
898 3015 974 3064 ιιι,
1005 2999 1094 3065 16,
1117 2999 1209 3063 28,
1237 3000 1352 3068 29).
1386 2999 1452 3054 Et
1474 2999 1542 3054 ad
1577 2999 1878 3054 Corinthios
1897 3013 2018 3052 cum
2043 2998 2112 3052 de

523 3089 785 3144 charitate
805 3091 1027 3153 diceret,
1050 3089 1118 3143 de
1146 3089 1397 3143 membris
1425 3089 1664 3158 corporis
1709 3088 2108 3142 similitudinem

520 3181 722 3236 ducens
751 3199 764 3233 :
792 3181 936 3235 Sicut
963 3182 1094 3235 enim
1117 3197 1300 3250 corpus
1327 3197 1479 3234 unum
1500 3190 1591 3246 est,
1619 3179 1806 3249 inquit,
1825 3189 1872 3232 et
1889 3179 2110 3232 membra

521 3272 672 3325 habet
701 3271 880 3332 multa,
924 3272 1094 3325 omnia
1123 3279 1289 3323 autent
1327 3269 1548 3323 membra
1589 3270 1813 3340 corporis
1851 3285 1966 3322 cum
2011 3269 2109 3322 sint

519 3364 704 3428 nulla,
733 3380 893 3417 unum
921 3374 992 3417 est
1023 3376 1240 3434 corpus;
1270 3366 1340 3416 ita
1365 3374 1412 3417 et
1433 3363 1679 3418 Christus.
1708 3362 1824 3417 Non
1853 3361 2005 3427 dixit,
2039 3361 2108 3416 ita

520 3467 576 3511 et
599 3455 827 3520 Christi;
877 3457 991 3520 sed,
1037 3456 1107 3509 ita
1132 3467 1177 3510 et
1208 3456 1454 3523 Christus,
1501 3455 1789 3510 ostendens
1835 3453 2107 3510 Christum

521 3548 946 3617 recteappellari
978 3548 1136 3602 etiam
1167 3549 1492 3611 universum,
1542 3547 1644 3602 hoc
1671 3557 1776 3611 εει,
1806 3556 1964 3616 caput
1984 3562 2105 3601 cum

519 3654 878 3707 corporesuo,
898 3639 1050 3708 quod
1085 3648 1169 3693 est
1197 3639 1456 3694 Ecclesia.
1499 3639 1564 3692 Et
1593 3638 1773 3693 multis
1801 3639 2107 3707 Scriptura-

519 3744 637 3782 rum
669 3730 797 3782 locis
843 3729 1146 3782 invenimus
1189 3729 1459 3784 Christum
1499 3730 1658 3784 etiam
1689 3729 1789 3784 hoc
1819 3729 1979 3784 ntodo
2006 3744 2104 3799 ap-

519 3819 728 3886 pellari,
774 3830 977 3872 utcum
1029 3817 1276 3873 omnibus
1312 3819 1423 3874 suis
1470 3819 1723 3874 membris
1763 3820 2103 3889 intelligatur,

520 3910 711 3978 quibus
740 3909 936 3963 dictum
967 3919 1068 3975 est,
1095 3908 1207 3964 [Vos
1253 3911 1369 3964 estis
1403 3927 1586 3981 corpus
1611 3910 1797 3966 Christi
1815 3923 1863 3964 et
1888 3911 2106 3964 membra

519 3999 564 4068 (ι
586 3998 704 4052 Cor.
730 4015 824 4065 xu,
847 3999 932 4061 12,
952 4001 1065 4070 27).
1085 3999 1201 4055 Non
1228 4015 1356 4071 ergo
1379 4001 1606 4057 absurde
1633 4003 1712 4056 sic
1741 4002 2102 4072 intelligimus.

518 4088 663 4142 Tunc
687 4100 732 4142 ct
755 4091 862 4159 ipse
884 4090 1047 4146 Filius
1074 4092 1325 4162 subjectus
1353 4094 1441 4146 erit
1465 4095 1511 4147 ei
1537 4095 1622 4164 qui
1652 4095 1730 4148 illi
1753 4094 1961 4164 subjecit
1987 4111 2104 4149 om-

518 4179 640 4243 nia;
696 4188 753 4232 ut
800 4179 990 4233 Filium
1040 4196 1145 4235 non
1195 4183 1365 4237 solum
1411 4192 1574 4252 caput
1610 4184 1884 4250 Ecclesiae,
1916 4185 2011 4240 sed
2050 4194 2105 4240 et

516 4281 704 4321 omnes
753 4283 873 4323 cum
918 4284 984 4324 eo
1022 4279 1235 4324 sanctos
1276 4272 1652 4342 intelligamus,
1674 4274 1764 4344 qui
1786 4283 1911 4329 sunt
1940 4291 2101 4329 unum

516 4360 570 4413 in
597 4358 831 4425 Christo,
874 4377 1035 4415 unum
1063 4377 1245 4417 semen
1279 4363 1546 4418 Abrahae:
1590 4365 1886 4435 subjectum
1924 4375 2101 4422 autem

514 4450 807 4504 secundum
835 4452 1336 4522 contemplationem
1377 4454 1718 4523 sempiterna:
1747 4457 2006 4522 veritatis,
2035 4459 2101 4513 ad

514 4541 860 4596 obtinendam
904 4542 1305 4609 beatitudinem,
1359 4545 1504 4599 nullo
1537 4556 1683 4600 motu
1725 4548 1908 4611 animi,
1957 4551 2101 4605 nulla

515 4645 664 4703 parte
683 4636 922 4704 corporis
942 4637 1221 4691 resistente
1241 4654 1254 4702 ;
1281 4645 1334 4690 ut
1351 4639 1402 4692 itt
1425 4639 1510 4692 illa
1540 4640 1643 4693 vita
1661 4640 1874 4695 nemine
1888 4653 2101 4698 amante

515 4725 786 4793 pr0priam
816 4734 1154 4794 potestatem,
1181 4729 1242 4781 sit
1273 4727 1409 4781 Deus
1436 4730 1607 4782 omnia
1630 4730 1683 4783 in
1707 4732 1955 4786 omnibus.

513 4847 676 4902 LXX.
725 4847 799 4902 De
826 4865 883 4903 eo
910 4851 1047 4918 quod
1081 4852 1346 4921 Apostolus
1373 4853 1492 4906 dicit
1525 4870 1544 4908 :
1567 4855 1826 4926 Absorpta
1849 4870 1929 4911 cst
1957 4875 2098 4914 mors

585 4939 640 4992 in
665 4941 961 4993 victoriam.
994 4940 1088 4996 Ubi
1115 4951 1212 5004 est,
1244 4959 1409 5007 mors,
1436 4948 1707 4999 contentio
1738 4950 1858 5001 tua?
1880 4951 1963 5003 ubi
1990 4963 2094 5015 est,

575 5045 730 5084 mors
751 5071 766 5093 ,
799 5032 1016 5085 aculeus
1048 5041 1164 5084 tuus
1197 5034 1472 5088 ?Aculens
1488 5047 1664 5090 autem
1698 5040 1884 5092 mortis
1912 5056 2098 5107 pecca-

586 5132 734 5186 tum,
765 5121 934 5189 virtus
963 5137 1090 5176 vero
1121 5124 1320 5191 peccati
1364 5125 1445 5178 lex
1480 5125 1523 5190 (I
1551 5127 1669 5184 Cor.
1704 5145 1796 5195 xv,
1824 5131 2021 5199 54-56).

588 5231 753 5286 Morte
779 5233 1066 5304 signiﬁcari
1096 5234 1359 5290 arbitrorI
1394 5236 1494 5292 hoc
1523 5239 1640 5293 loco
1681 5244 1944 5297 carnalem
1970 5259 2098 5298 con-

513 5323 872 5391 suetudinem,
902 5343 1020 5397 quze
1045 5327 1244 5384 resistit
1272 5327 1425 5384 bona:
1447 5331 1701 5385 voluntati
1720 5332 2095 5390 delectatione'

555 5492 558 5496 ·
574 5479 600 5549 ξ.
619 5483 673 5549 tn
719 5476 863 5549 editis
904 5482 1109 5549 qttmlo
1149 5483 1506 5549 septuagesima
1531 5485 1600 5549 sic
1623 5486 1910 5548 incipiebat:
1939 5491 2097 5549 ουτω-ἰ

514 5538 1047 5618 {9565-91‘i‘531111‘3'f,
1055 5540 1138 5618 tu
1149 5538 1282 5618 ,ειίιις
1314 5538 1442 5618 eod
1473 5538 1796 5618 ςενίπηηιλεεε
1904 5538 2097 5614 δέοψιά

512 5608 583 5673 est
603 5612 742 5673 mors
754 5605 802 5647 in
824 5605 1096 5673 victorian,
1116 5612 1210 5653 etc.
1238 5605 1434 5656 mortem
1454 5605 1720 5672 signiﬁcari
1749 5610 1973 5673 arbitror,
1996 5605 2091 5664 etc.

509 5667 810 5722 castigantur
833 5674 896 5709 ex
921 5667 1026 5710 Μεε.

560 5726 597 5756 ’⁸
620 5725 706 5772 ttic
730 5725 846 5773 editi
868 5723 1074 5776 addunt.
1100 5723 1351 5782 bonorum.
1377 5743 1484 5784 qua:
1503 5745 1594 5781 vox
1619 5733 1757 5783 abest
1780 5747 1806 5783 a
1829 5741 1933 5786 Mss.

2221 439 2588 504 temporalium
2629 440 2992 497 l‘rnendorum.
3046 443 3159 499 Non
3200 445 3340 500 cnim
3367 445 3666 505 diceretur?
3694 452 3790 509 Ubi

2217 536 2308 591 est,
2328 545 2482 595 mors,
2511 535 2760 586 contentio
2783 537 2906 588 tua?
2927 537 2969 590 si
2998 545 3105 591 nun
3133 537 3414 592 restitisset
3436 550 3488 593 et
3508 557 3789 614 repugnas-

2217 627 2314 671 set.
2347 619 2513 688 Ipsius
2538 625 2810 679 contentio
2837 627 2996 680 etiam
3026 628 3116 681 illo
3145 629 3260 682 loco
3289 629 3606 687 describitur
3629 651 3641 687 :
3664 635 3790 689 Cum

2215 711 2524 780 concupiscit
2557 715 2794 770 adversus
2827 718 3080 785 spiritum,
3118 729 3164 773 et
3193 723 3398 786 spiritus
3420 723 3660 777 adversus
3683 743 3792 781 car-

2205 816 2346 853 nem.
2384 802 2507 856 Ilwc
2529 806 2660 858 enim
2687 808 2897 861 invicem
2921 810 3014 862 sibi
3033 811 3266 864 resistunt
3292 822 3338 865 et
3365 813 3687 869 adversantur
3705 858 3720 882 ,
3737 829 3792 871 ut

2214 907 2314 942 non
2339 909 2450 960 qua:
2477 895 2626 948 vultis
2653 896 2745 948 ilia
2770 899 2967 968 faciatis
2989 899 3184 969 (Catat.
3216 917 3266 962 v,
3301 903 3413 971 l7).
3444 903 3525 956 Fit
3551 919 3678 973 ergo
3700 921 3794 974 per

2215 983 2688 1039 sanetiﬁcationem
2719 987 3027 1055 perfectam.
3055 1002 3110 1044 ut
3137 993 3310 1046 omnis
3338 994 3566 1048 carnalis
3594 997 3794 1064 appeti-

2217 1080 2302 1123 tus
2347 1074 2552 1141 spiritni
2600 1087 2786 1132 nostro
2840 1080 3135 1135 illuminato
3185 1091 3238 1136 et
3263 1084 3546 1149 viviﬁcato,
3598 1085 3650 1139 id
3693 1098 3792 1149 est.

2215 1161 2370 1214 home
2398 1165 2652 1220 voluntati
2699 1169 3026 1237 subjiciatur.
3080 1173 3143 1226 Et
3192 1173 3327 1227 sicut
3382 1189 3523 1229 nunc
3561 1174 3796 1231 videmus

2216 1253 2399 1306 multis
2414 1257 2720 1324 puerilibus
2745 1254 3187 1318 delectationibus
3205 1279 3302 1318 nos
3327 1279 3532 1330 carere,
3553 1281 3672 1335 quae
3702 1282 3796 1320 nos

2218 1358 2450 1411 pueros,
2483 1347 2539 1401 si
2570 1348 2991 1418 dcnegarentur,
3035 1354 3292 1408 acerrime
3335 1355 3646 1410 cruciabam
3682 1374 3694 1409 :
3728 1357 3795 1410 ita

2213 1437 2539 1492 credendum
2571 1451 2656 1495 est
2681 1442 2746 1496 de
2785 1445 2930 1496 omni
2955 1445 3152 1498 carnali
3179 1445 3536 1500 delectatione
3553 1447 3797 1502 "futurum

2209 1542 2355 1591 esse,
2384 1542 2505 1582 cum
2532 1532 2760 1599 perfecta
2790 1533 3045 1587 sanctitas
3075 1544 3242 1589 totum
3273 1537 3545 1591 hominem
3583 1552 3795 1606 repara-

2213 1618 2368 1671 verit.
2396 1618 2547 1674 Nunc
2567 1631 2742 1676 autem
2771 1625 3021 1692 quamdiu
3043 1637 3124 1679 est
3154 1627 3205 1679 in
3240 1627 3393 1680 nobis
3417 1628 3558 1696 quod
3589 1630 3799 1684 resistat

2214 1707 2367 1762 bona:
2394 1711 2669 1774 voluntati,
2694 1715 2890 1769 auxilio
2921 1716 3012 1770 Dei
3042 1733 3134 1785 per
3164 1718 3332 1772 bonos
3359 1717 3603 1776 homines
3622 1721 3797 1775 et‘bo-

2215 1813 2314 1852 nos
2343 1801 2578 1870 Angelos
2601 1803 2920 1872 indigemus,
2954 1809 3200 1862 ut-doncc
3221 1819 3440 1864 sanetur
3477 1810 3672 1864 vulnus
3693 1827 3799 1864 --ιιο-

2215 1899 2405 1952 strum,
2440 1906 2543 1944 non
2573 1893 2642 1946 ita
2671 1896 2967 1959 molestet‘,
2993 1901 3290 1966 tit-perimat
3319 1901 3476 1955 etiam
3496 1901 3687 1954 bonam
3710 1915 3800 1955 vo-

2215 1979 2491 2035 luntatem.
2534 1983 2680 2038 Ilanc
2719 1995 2894 2038 autem
2949 2002 3173 2043 mortem
3224 2002 3441 2059 peccato
3487 1995 3795 2054 meruimus,

2210 2072 2654 2141 quodpeccatum
2685 2086 2800 2130 erat
2828 2087 2952 2132 ante
2973 2083 3137 2134 omni
3167 2083 3325 2136 modo
3348 2083 3412 2136 rin
3435 2083 3615 2138 ‘libero
3653 2083 3796 2138 arbi-

2204 2164 2338 2227 trio,
2367 2179 2488 2218 cum
2520 2166 2571 2218 in
2602 2167 2845 2235 paradiso
2859 2170 3043 2225 nullus
3071 2171 3226 2226 dolor
3257 2173 3545 2243 denegatae
3565 2173 3797 2228 delecut-

2211 2255 2374 2311 tionis
2392 2257 2411 2285 '
2432 2258 2688 2312 voluntati
2707 2259 2858 2314 bonte
2879 2263 3427 2326 ltominis‘resistebat.
3452 2265 3606 2318 sicuti
3632 2280 3796 2319 nunc.

2219 2349 2374 2403 Verbi
2419 2351 2624 2419 gratia,
2674 2353 3036 2424 si-quisquant
3084 2358 3279 2410 existat
3322 2372 3482 2427 quem
3528 2373 3796 2426 nunquam

2212 2441 2497 2496 delectavit
2523 2445 2754 2511 venatio,
2785 2447 2929 2500 omni
2953 2447 3113 2501 modo
3140 2448 3275 2505 liber
3309 2458 3391 2503 est
3418 2457 3598 2504 utrum
3616 2452 3797 2505 venari

2205 2535 2340 2588 velit
2363 2551 2431 2590 an
2461 2537 2610 2601 nolit,
2644 2553 2741 2592 nec
2764 2555 2885 2593 enm
2917 2541 3374 2610 cruciatquisquis
3395 2541 3502 2596 hoc
3531 2542 3795 2611 prohibet.

2213 2627 2282 2679 At
2306 2627 2350 2679 si
2379 2627 2478 2681 ista
2509 2628 2751 2684 libertate
2794 2632 2932 2686 male
2977 2649 3122 2695 usus,
3155 2642 3376 2687 venatus
3424 2631 3584 2688 fuerit
3616 2643 3795 2688 contra

2213 2718 2545 2786 prohibentis
2583 2723 2888 2790 itnperiunt,
2921 2725 3166 2792 paulatint
3194 2725 3489 2793 subrepens
3517 2726 3798 2780 delectatio

2213 2809 2498 2864 mortiﬁcat
2543 2812 2794 2876 animam,
2827 2825 2883 2868 ut
2913 2816 2955 2868 si
2988 2829 3046 2868 se
3087 2814 3358 2870 abstinere
3406 2816 3557 2882 velit,
3601 2817 3796 2884 absque

2213 2900 2457 2954 molestia
2483 2910 2534 2956 et
2564 2904 2682 2958 sine
2701 2919 2899 2974 angore
2930 2922 3034 2960 non
3077 2907 3266 2976 possit,
3312 2923 3436 2962 cum
3462 2908 3518 2963 id
3539 2919 3667 2962 ante
3692 2917 3793 2961 tota

2213 2991 2440 3046 sanitate
2469 3007 2572 3046 non
2603 3003 2805 3062 ageret.
2830 2995 2969 3065 Ergo
2985 2997 3192 3050 aculeus
3208 2998 3390 3051 mortis
3413 3008 3672 3066 peccatum
3694 3008 3795 3060 est;

2212 3083 2334 3152 quia
2367 3093 2585 3152 peccato
2624 3085 2758 3138 facta
2791 3097 2876 3141 est
2893 3087 3201 3155 delectatio,
3231 3105 3352 3159 qua:
3376 3089 3492 3159 jam
3516 3091 3678 3160 possit
3709 3105 3795 3143 re-

2212 3175 2404 3229 sistere
2419 3175 2576 3229 bonae
2592 3177 2847 3231 voluntati
2865 3179 2905 3244 ³,
2929 3189 3118 3233 etcum
3141 3181 3613 3238 dolorevcohiberi.
3631 3184 3793 3249 Quam

2205 3265 2793 3336 delectationettt,'quia
2823 3273 2875 3322 in
2921 3267 3130 3324 defectu
3170 3277 3253 3327 est
3297 3274 3496 3328 anima:
3519 3275 3794 3330 deterioris

2213 3357 2438 3422 ell'cctaa,
2463 3357 2583 3426 jure
2633 3370 2859 3414 mortem
2901 3375 3174 3415 vocamus.
3210 3361 3379 3416 Virtus
3416 3375 3588 3419 autem
3616 3363 3794 3432 peccati

2213 3450 2293 3503 lex
2321 3459 2427 3515 est;
2455 3451 2575 3520 quia
2603 3451 2772 3504 multo
2797 3452 3111 3508 sceleratius
3139 3463 3193 3508 ει
3219 3454 3530 3523 ﬂagitiosius
3553 3472 3671 3526 quae
3714 3455 3791 3507 lex

2213 3541 2454 3610 prohibet
2500 3545 2922 3608 committuntur,
2973 3560 3131 3613 quam
3162 3547 3205 3600 si
3229 3548 3368 3600 nulla
3401 3547 3520 3616 lege
3547 3547 3791 3615 prohibe-

2211 3641 2415 3686 rentur.
2453 3633 2600 3687 Tnnc
2628 3635 2800 3704 itaque
2833 3636 3080 3706 absorpta
3109 3640 3209 3691 erit
3235 3653 3379 3691 mors
3419 3641 3471 3693 in
3495 3639 3792 3702 victoriam,

2209 3739 2329 3777 cum
2350 3740 2443 3794 per
2468 3727 2934 3782 sanctiﬁcationem
2962 3731 3013 3782 itt
3041 3731 3184 3782 otmti
3213 3743 3372 3799 parte
3403 3731 3638 3785 hominis
3669 3745 3791 3800 per-

2209 3815 2346 3870 fecta
2394 3817 2744 3874 delectatione
2798 3820 3151 3890 spiritualium
3213 3820 3499 3877 delectatio
3563 3821 3796 3877 carnalis

2209 3907 2486 3963 obruetur.

2207 3999 2396 4055 LXXI.
2447 4001 2524 4054 De
2559 4018 2617 4055 eo
2653 4003 2789 4071 quod
2832 4004 3074 4073 scriptum
3101 4014 3173 4058 est
3205 4003 3480 4060 :lnvicem
3510 4021 3674 4061 onera
3703 4021 3795 4059 ve-

2279 4101 2390 4146 stra
2425 4101 2656 4161 portate,
2681 4103 2735 4148 et
2762 4094 2840 4148 sic
2863 4095 3222 4164 adimplebitis
3248 4097 3420 4166 legem
3440 4097 3642 4152 Christi
3671 4095 3795 4168 (Ca-

2265 4183 2372 4237 llat.
2410 4199 2482 4247 vn,
2504 4183 2585 4253 Ξ).

2279 4275 2330 4327 1.
2359 4274 2489 4340 Quia
2515 4274 2720 4329 Veteris
2740 4275 3063 4331 Testamenti
3085 4277 3331 4332 custodia
3361 4279 3608 4336 timorem
3635 4280 3796 4333 babe-

2206 4364 2313 4430 bat,
2345 4384 2447 4419 non
2497 4367 2666 4436 potuit
2702 4369 2936 4436 apertius
2961 4369 3244 4440 signiﬁcari
3289 4370 3421 4425 Novi
3472 4372 3794 4428 Testamenti

2204 4459 2401 4514 donum
2431 4474 2552 4515 esse
2576 4460 2909 4527 cltaritatem,
2941 4478 3098 4532 quam
3137 4463 3236 4517 hoc
3276 4463 3413 4528 loco,
3449 4467 3538 4519 ubi
3567 4466 3794 4535 Aposm-

2207 4555 2284 4606 ltts
2304 4553 2452 4617 dicit,
2485 4551 2707 4605 Invicem
2729 4569 2880 4606 onera
2905 4565 3067 4608 vestra
3091 4565 3303 4625 portate,
3334 4569 3380 4609 et
3401 4559 3476 4610 sic
3501 4558 3796 4628 adimplebi-

2205 4646 2268 4698 tis
2303 4645 2459 4714 lcgem
2485 4643 2687 4698 Christi.
2721 4645 2867 4698 Hanc
2895 4647 3038 4700 enim
3077 4645 3273 4701 Christi
3305 4647 3476 4715 legem
3503 4650 3684 4704 dicere
3713 4648 3793 4700 itt-

2206 4738 2605 4806 telligitur,'qua
2643 4739 2757 4807 ipse
2789 4739 3039 4794 Dominus
3075 4741 3326 4809 praecepit
3352 4749 3407 4794 ut
3438 4758 3537 4796 nos
3570 4741 3792 4796 invicem

2129 4847 2140 4854 ί
2203 4827 2500 4898 diligamus,
2544 4839 2748 4883 tantum
2791 4831 2842 4884 in
2889 4846 2951 4885 ea
2989 4832 3246 4885 sententia
3298 4835 3547 4902 praccepti
3593 4832 3793 4902 pondus

2202 4922 2565 4985 constituens,
2597 4932 2653 4976 ut
2687 4923 2892 4977 diceret
2932 4939 2944 4974 :
2986 4921 3050 4975 In
3078 4923 3172 4975 hoc
3205 4934 3533 4993 cognoscetnr
3555 4925 3792 4992 quoniam

2203 5012 2440 5082 discipuli
2466 5013 2563 5066 mei
2589 5014 2724 5077 estis,
2757 5015 2800 5066 si
2834 5030 2920 5067 vos
2949 5015 3155 5067 invicem
3181 5015 3404 5085 diligatis
3429 5018 3447 5085 (
3470 5014 3630 5069 Joan.
3664 5030 3751 5068 xm
3775 5056 3787 5072 ,

2203 5104 2291 5167 54,
2324 5105 2438 5174 55).
2464 5103 2628 5171 Hujus
2650 5114 2823 5158 autem
2849 5103 3150 5159 dilectionis
3177 5107 3408 5160 ofﬁcium
3437 5116 3538 5171 est,
3565 5107 3787 5160 invicem

2202 5210 2362 5249 onera
2403 5203 2581 5248 nostra
2611 5206 2841 5262 portare.
2869 5194 2974 5249 Sed
3002 5196 3102 5249 hoc
3127 5197 3386 5262 ofﬁcium,
3427 5198 3569 5267 quod
3597 5196 3791 5265 sempi-

2203 5297 2412 5341 ternum
2442 5301 2547 5341 non
2573 5296 2675 5350 est,
2708 5286 2961 5355 perducet
2980 5301 3109 5341 sane
3135 5287 3198 5340 ad
3225 5287 3605 5343 beatitudinem
3632 5297 3790 5341 mter-

2202 5394 2324 5433 nam
2346 5420 2361 5445 ,
2394 5379 2446 5433 in
2483 5393 2592 5448 qua
2619 5378 2762 5432 nulla
2786 5387 2945 5434 erunt
2985 5388 3163 5434 nostra
3191 5396 3351 5435 onera
3371 5423 3386 5445 ,
3417 5397 3535 5450 qua:
3562 5380 3788 5433 invicem

2265 5495 2280 5525 ¹
2306 5491 2561 5541 Sexdecim
2586 5500 2714 5552 Mss,
2739 5491 3033 5541 molestetur.

2266 5558 2285 5586 ³
2309 5555 2380 5618 sic
2397 5561 2493 5602 ttat.
2521 5551 2775 5618 etgtttstht
2798 5560 2871 5602 Er.
2899 5561 2951 5603 et
2971 5561 3101 5615 Lov.,
3125 5553 3363 5618 denegata
3385 5551 3715 5604 delectatione.
3731 5577 3787 5588 —

2200 5617 2271 5664 sic
2295 5617 2439 5664 etiam
2463 5615 2610 5677 Lugd.
2633 5624 2685 5665 et
2709 5623 2826 5663 Ven.
2896 5623 2952 5664 Μ.

2202 5740 2230 5789 b
2264 5679 2286 5708 ³
2306 5686 2487 5726 Omnes
2519 5690 2672 5740 [rape
2712 5684 2839 5738 Mss,
2883 5677 3108 5731 resistere
3137 5678 3364 5730 tvotimmti
3382 5693 3398 5736 ;
3437 5678 3614 5726 omissa
3638 5687 3784 5733 νοεε.

2231 5751 2354 5789 ante.

2231 5751 2354 5789 οιιιε.
