4000 6336
206 364 265 421 8f
1657 362 1858 422 LIBER
1897 363 2095 422 UNUS.
3433 382 3507 438 δ’

208 483 405 545 portare
425 469 745 543 jubeamur.
777 474 941 529 Nunc
962 490 1092 530 vero
1110 489 1231 529 cuiu
1261 473 1313 528 in
1345 473 1444 528 bac
1473 474 1595 539 vita,
1630 472 1685 529 id
1704 484 1810 543 est,

211 571 255 621 in
280 565 375 619 hac
402 563 486 617 via
510 578 733 631 sumus,
766 581 942 621 onera
972 565 1191 621 invicem
1226 575 1406 620 nostra
1433 570 1735 635 portemus,
1755 573 1815 622 ut

212 657 270 711 ad
293 656 603 711 eamvitam
631 670 761 726 quae
786 667 943 712 caret
970 657 1111 711 omni
1134 671 1298 711 onere
1333 657 1613 725 pervenire
1639 655 1813 726 possi-

216 764 337 803 mus.
357 747 511 802 Sicut
522 749 677 802 enim
702 746 776 803 de
794 749 973 804 cervis
993 748 1230 803 nonnulli
1254 748 1434 802 talium
1453 748 1812 819 cognitionum

213 838 431 893 studiosi
442 839 825 907 scripserunt,
842 856 964 894 cum
991 841 1179 894 fretum
1202 840 1269 894 ad
1294 840 1515 894 insulam
1538 848 1815 896 transeunt

215 946 524 1001 pascuorum
553 932 751 1001 gratia,
782 932 862 986 sic
890 947 952 987 se
978 931 1257 998 ordinant,
1286 940 1343 986 ut
1378 948 1540 987 onera
1580 933 1811 1003 capitum

214 1039 421 1077 smruut
467 1040 593 1093 qua:
620 1033 838 1094 gestant
869 1026 922 1080 in
958 1026 1205 1080 cornibus
1230 1041 1391 1095 super
1418 1025 1640 1079 invicem
1681 1040 1809 1096 por-

213 1127 336 1179 teut,
370 1116 446 1169 ita
486 1125 549 1170 ut
575 1119 843 1185 posterior
871 1132 1032 1187 super
1056 1118 1378 1171 anteriorem
1406 1116 1611 1171 cervice
1637 1116 1812 1186 proje-

211 1218 289 1259 eta
305 1216 477 1276 eaput.
495 1207 750 1262 collucet.
786 1208 859 1261 Et.
879 1208 1001 1278 quia
1030 1222 1250 1263 necesse
1269 1216 1353 1262 est
1381 1223 1543 1261 unum
1571 1222 1693 1262 esse
1720 1206 1810 1276 qui

210 1309 429 1352 σείει-οε
458 1299 799 1368 prmeedeos,
829 1314 934 1353 non
966 1307 1089 1354 ante
1112 1316 1171 1353 se
1206 1298 1399 1353 habeat
1434 1298 1518 1352 cui
1546 1306 1704 1367 caput
1730 1299 1811 1352 in.

210 1388 386 1455 eliuet,
408 1388 625 1445 vicibus
656 1390 707 1443 id
734 1405 894 1460 agere
921 1389 1275 1455 dicuntumut
1298 1390 1525 1444 lassatus
1553 1390 1633 1443 sui
1658 1389 1807 1459 capi-

212 1480 273 1531 tis
298 1492 470 1534 onere
499 1479 596 1533 ille
614 1480 705 1548 qui
731 1480 983 1549 praecedit
1003 1520 1019 1544 ,
1057 1489 1176 1549 post
1209 1494 1396 1534 omnes
1426 1479 1671 1534 recedatﬂ
1708 1487 1811 1544 ,et

215 1572 722 1642 eisuccedatcujw.
750 1573 954 1628 ferebat
977 1584 1300 1642 caput,.cum
1330 1573 1441 1642 ἱνα
1470 1572 1699 1642 praeiret.
1732 1571 1808 1627 Ita

221 1664 430 1718 invicem
454 1679 629 1719 onera
654 1680 750 1718 sua
778 1674 1072 1734 portantes,
1104 1664 1295 1718 fretum
1318 1673 1611 1729 transeunt,
1633 1662 1810 1717 donec

223 1755 424 1808 veniant
456 1753 528 1808 ad
563 1764 724 1809 terra:
752 1755 1091 1810 stabilitatem
1121 1752 1303 1825 (Plin-
1322 1753 1410 1808 lib.
1457 1754 1512 1820 8,
1541 1771 1657 1823 cap.
1688 1753 1805 1824 32).

212 1845 361 1899 [stam
388 1845 625 1900 fortasse
645 1859 926 1899 cervorum
947 1855 1189 1900 naturam
1213 1845 1511 1900 intenderat
1531 1844 1805 1913 Salomon,

208 1952 323 1989 cum
369 1936 469 2002 ait,
501 1933 694 1991 Cervus
721 1936 959 1990 ainioititz
996 1946 1046 1991 et
1089 1935 1262 2006 pullus
1288 1937 1566 2007 gratiarum
1608 1946 1813 1990 tuarum

207 2027 568 2095 colloquantur
608 2037 772 2079 tecum
816 2027 835 2095 (
865 2025 1020 2081 Prov.
1052 2041 1082 2079 v
1101 2068 1116 2094 ,
1146 2026 1211 2083 l9
1231 2068 1246 2091 ,
1276 2043 1378 2081 sec.
1419 2025 1561 2081 LXX
1584 2026 1626 2100 ).
1668 2025 1805 2081 Nihil

206 2118 354 2171 enim
381 2118 468 2171 sic
491 2116 678 2188 probat
699 2117 953 2184 anticum,
981 2117 1426 2189 quemadmodum
1452 2118 1631 2174 oneris
1649 2117 1811 2174 amici

206 2212 473 2280 portatio.

272 2303 330 2355 2.
372 2301 492 2358 Neo
517 2311 693 2358 tamen
725 2302 953 2358 invicem
979 2317 1142 2357 onera
1169 2310 1348 2357 nostra
1376 2301 1805 2372 portaremus,.si

212 2411 367 2449 nam
397 2405 616 2464 tempus
647 2403 803 2450 esset
822 2394 1141 2450 inﬁrmitatis
1182 2394 1461 2451 amborum
1480 2392 1615 2464 ,qui
1641 2408 1806 2448 onera

212 2498 315 2541 suat
341 2486 653 2551 sustinent,
674 2496 768 2539 aut
796 2502 959 2540 unum
988 2485 1310 2541 infirmitatis
1352 2501 1521 2556 genus
1549 2502 1562 2538 :
1595 2484 1689 2540 sed
1719 2484 1804 2540 di-

215 2587 719 2649 m4emp0net
735 2578 944 2635 diversa
967 2594 1158 2650 genera
1188 2578 1509 2634 infirmitatis
1533 2578 1728 2632 faciunt
1748 2585 1811 2631 ut

210 2685 366 2724 onera
388 2680 577 2725 nostra
609 2678 828 2738 portare
850 2669 1072 2725 invicem
1101 2669 1393 2725 valeamus.
1426 2668 1583 2724 Verbi
1610 2668 1801 2739 gratia,

212 2760 337 2814 iram
364 2759 550 2814 fratris
581 2761 671 2814 tui.
689 2768 817 2814 tunc
843 2759 1105 2829 portabis,
1125 2775 1248 2815 cum
1285 2769 1340 2815 tu
1380 2759 1636 2815 adversus
1679 2774 1800 2814 eunt

213 2866 311 2905 non
338 2851 628 2918 irasceris;
651 2861 712 2905 ut
735 2866 921 2907 rursus
941 2867 1010 2908 eo
1035 2861 1274 2922 tempore
1297 2868 1403 2923 quo
1424 2860 1478 2907 te
1502 2853 1576 2907 ira
1601 2868 1805 2921 przcoc-

211 2946 499 3012 eupaverit,
534 2944 628 2999 ille
654 2954 707 2998 te
734 2944 948 2999 lenitate
973 2953 1029 2998 et
1054 2944 1431 3016 tranquillitate
1448 2959 1544 3001 sua
1572 2959 1809 3014 suppor‘

210 3043 309 3091 tet.
338 3037 453 3090 lloc
483 3035 794 3105 exemplum
822 3036 889 3089 ad
931 3036 981 3091 id
1009 3038 1270 3107 pertinet,
1296 3052 1419 3092 cum
1444 3037 1649 3092 diversa
1678 3045 1809 3092 sunt

211 3137 440 3197 corpora
474 3128 805 3198 portantium
844 3143 1007 3183 onera
1035 3128 1422 3198 sua,.quamvis
1452 3129 1563 3199 ipsa
1593 3128 1801 3184 diversa

211 3236 307 3274 seu
345 3221 418 3275 sit
446 3219 740 3273 infirmitas
772 3237 787 3271 :
814 3220 871 3273 in
898 3219 1167 3275 ambobus.
1186 3221 1326 3273 enim
1369 3219 1438 3274 ab
1470 3220 1697 3274 invicem
1725 3221 1799 3275 ira

213 3320 465 3378 portatur.
494 3308 580 3364 Ad
609 3308 882 3364 diversum
919 3310 1438 3365 auteminflrmitatis
1463 3326 1632 3381 genus
1657 3309 1800 3365 aliud

212 3405 506 3476 exemplum
545 3402 837 3456 videndum
864 3402 1171 3457 estzveluti
1211 3402 1257 3456 si
1284 3402 1403 3473 quis
1431 3402 1799 3472 loquacitatem

214 3494 259 3547 in
282 3510 338 3549 se
357 3495 574 3560 vicerit,
595 3504 650 3548 et
667 3493 1009 3563 pertinaciam
1037 3494 1271 3548 nondum
1292 3493 1498 3557 vicerit,
1520 3494 1655 3546 alius
1677 3507 1803 3546 vero

212 3587 375 3640 adium
398 3586 626 3655 loquax,
645 3583 740 3639 sed
767 3584 873 3654 jam
897 3584 1145 3654 pertinax.
1168 3600 1271 3638 non
1296 3584 1383 3647 sit;
1401 3578 1561 3638 debet
1586 3584 1673 3637 ille
1700 3581 1798 3635 lm-

210 3680 287 3746 ius
312 3677 697 3747 loquacitatem
722 3685 776 3731 et
802 3675 899 3730 iste
928 3674 1066 3730 illius
1090 3674 1456 3746 pertinaciam,
1478 3674 1650 3730 donec
1672 3673 1800 3728 illud

213 3770 259 3821 in
279 3770 366 3823 illo
393 3778 455 3825 et.
479 3768 587 3823 hoc
631 3768 695 3821 in
729 3767 831 3821 isto
859 3776 1093 3831 sanetur,
1121 3766 1379 3821 charitate
1422 3774 1652 3835 portatae.
1698 3764 1803 3820 Par

212 3859 705 3931 quippeinfirmitas
725 3860 777 3913 in
790 3859 998 3914 duobus
1020 3859 1064 3913 si
1082 3875 1189 3914 uno
1211 3858 1417 3914 accidat
1438 3867 1694 3928 tempore,
1721 3866 1804 3911 to-

214 3953 371 4008 lerare
395 3970 458 4008 se
485 3952 717 4007 invicem
744 3968 853 4006 non
880 3951 1074 4015 valent,
1098 3967 1217 4005 cum
1241 3951 1520 4005 adversum
1546 3966 1605 4006 se
1631 3951 1799 4005 inten-

211 4045 361 4098 ditur.
394 4043 533 4098 Nam
555 4043 818 4098 adversus
839 4043 1066 4113 ahqucm
1090 4044 1325 4108 tertium,
1348 4051 1402 4097 et
1425 4043 1532 4097 duo
1558 4043 1674 4097 irati
1699 4040 1800 4097 sibi

211 4139 565 4203 «inveniunt,
580 4146 635 4192 et
659 4152 719 4191 se
746 4137 975 4191 tolerant
1001 4155 1013 4191 :
1037 4153 1334 4207 quanquam
1366 4153 1465 4193 nec
1494 4138 1722 4192 tolerare
1744 4154 1802 4192 se

214 4232 430 4284 invicem
461 4228 681 4284 dicendi
710 4239 851 4291 sunt,
877 4229 970 4284 sed
996 4230 1168 4298 potius
1189 4245 1246 4283 se
1270 4230 1493 4283 invicem
1514 4232 1798 4284 consolari.

211 4322 351 4376 Sicut
374 4322 649 4375 et‘tristes
679 4320 747 4375 de
781 4335 839 4375 re
866 4335 969 4373 una
989 4361 1003 4386 ,
1036 4321 1204 4389 magis
1235 4335 1296 4376 se
1331 4330 1545 4390 portant
1570 4331 1625 4377 et
1651 4324 1801 4393 quasi

211 4414 523 4467 incumbunt
566 4411 704 4477 sibi,
751 4427 910 4482 quam
952 4412 997 4467 si
1040 4428 1176 4468 unus
1222 4413 1385 4469 tristis
1422 4424 1644 4472 essetet
1666 4416 1802 4471 alius

210 4505 458 4573 [uideret
483 4520 496 4555 :
525 4503 572 4557 si
597 4512 775 4557 autem
804 4502 1059 4559 adversus
1076 4518 1135 4558 se
1161 4504 1337 4559 tristes
1356 4505 1483 4571 siut,
1507 4521 1724 4574 prorsus
1743 4523 1802 4562 se

213 4597 433 4650 tolerare
463 4612 572 4648 non
599 4603 839 4663 possunt.
866 4594 935 4648 Et
955 4594 1074 4649 ideo
1100 4596 1152 4649 in
1182 4595 1479 4666 hujusmodi
1507 4598 1802 4653 affectioni-

214 4687 301 4741 bus
328 4684 677 4755 suscipienda
720 4695 803 4740 est
829 4684 1212 4755 aliquantulum
1253 4687 1364 4755 ipsa
1404 4689 1694 4758 a‘gritudo,
1733 4689 1802 4744 de

210 4795 302 4848 qua
332 4780 416 4833 vis
459 4777 629 4832 alium
677 4792 771 4846 per
814 4785 867 4831 te
897 4775 1227 4842 liberarigset
1252 4777 1330 4832 sic
1357 4778 1711 4848 suscipienda,
1743 4790 1800 4834 ut

212 4871 270 4923 ad
310 4869 574 4924 auxilium
601 4909 615 4929 ,
647 4884 752 4923 non
798 4867 876 4923 ad’
911 4869 1263 4938 a'qualitatem
1307 4870 1538 4923 miseria:
1579 4871 1751 4926 valeat
1782 4888 1796 4924 :

211 4959 660 5028 quemadmodum
691 4975 752 5015 se
777 4959 1018 5026 inclinat,
1045 4961 1132 5029 qui
1172 4977 1386 5015 manum
1406 4961 1603 5031 jacenti
1631 4964 1801 5032 porri-

212 5054 295 5117 git.
324 5053 449 5106 Non
471 5052 620 5106 enim
646 5066 704 5105 se
723 5050 955 5123 projicit,
978 5060 1035 5104 ut
1061 5052 1219 5107 ambo
1232 5052 1445 5123 jaceant
1466 5053 1597 5118 ;.sed
1623 5055 1801 5109 incur-

213 5156 288 5197 rat
308 5154 543 5209 tantum,
577 5153 634 5198 ut
649 5144 914 5213 jaceutcm
943 5146 1137 5215 erigat.

272 5239 325 5293 3.
364 5238 555 5307 Neque
588 5234 692 5289 ulla
721 5251 809 5291 res
827 5236 1123 5291 olliciosum
1154 5237 1311 5291 istum
1334 5238 1568 5294 laborem
1589 5239 1667 5295 ad
1679 5256 1801 5311 por-

214 5330 357 5384 tanda
386 5344 556 5384 altera
588 5329 816 5383 aliorum
850 5328 971 5382 facit
1007 5328 1233 5383 libenter
1266 5330 1519 5398 impendi,
1552 5332 1649 5385 nisi
1674 5348 1797 5387 cum

212 5424 500 5493 cogitamus
528 5431 723 5492 quanta
751 5436 853 5491 pro
878 5420 1029 5475 nobis
1056 5420 1329 5491 pertulerit
1360 5422 1627 5478 Dominus
1667 5423 1800 5479 lliuc

213 5516 343 5567 etim
370 5513 674 5567 admonens
719 5511 1008 5579 Apostolus
1046 5513 1117 5565 ait
1149 5530 1162 5566 :
1199 5511 1310 5566 Hoc
1342 5514 1519 5569 sentite
1547 5515 1599 5567 in
1629 5514 1796 5583 vobis,

212 5604 335 5671 quod
352 5616 399 5659 et
418 5606 474 5659 in
501 5603 704 5659 Cittin
721 5602 881 5668 Jesu,
901 5602 987 5673 qui
1013 5620 1125 5656 cum
1146 5604 1200 5657 in
1215 5607 1385 5674 [arma
1412 5604 1506 5659 Dei
1530 5616 1673 5669 esset,
1697 5624 1800 5660 non

213 5700 435 5767 rapinam
458 5697 736 5752 arbitratus
765 5704 839 5750 est
865 5710 969 5750 esse
990 5697 1199 5765 aqualis
1212 5695 1341 5762 Deo;
1367 5697 1456 5752 sed
1478 5700 1798 5767 semetipsum

269 5813 285 5842 ι
309 5818 379 5861 Er.
404 5820 507 5863 ttat.
530 5818 588 5864 et
602 5820 735 5871 uss,
764 5806 1014 5861 redsat.-
1036 5810 1110 5861 Sic
1132 5810 1279 5862 etiam
1298 5810 1445 5873 Lugd.
1473 5818 1525 5863 et
1549 5820 1665 5864 t'en.
1734 5820 1793 5864 tt.

1920 473 2195 530 exinanioit
2217 477 2433 546 formam
2446 478 2576 534 servi
2594 480 2865 551 accipiens,
2877 483 2930 538 in
2945 483 3322 549 similitudinem
3338 490 3478 546 homl
3483 521 3504 535 ο

1921 580 2044 618 num
2064 568 2249 636 factus,
2265 576 2311 621 et
2321 568 2494 623 habitu
2505 570 2733 627 inventus
2745 584 2799 626 ut
2811 573 2960 629 homo
2975 589 2995 628 :
3012 575 3292 633 huntitiaoit
3324 592 3498 636 semet-

1918 656 2085 727 ipsum
2109 663 2272 730 faetus
2291 662 2524 719 obediens
2546 665 2563 696 ¹
2585 681 2740 734 usque
2762 668 2831 721 ad
2853 678 3082 737 mortem,
3109 682 3320 727 mortem
3334 685 3501 730 autem

1917 749 2099 803 erucis.
2125 748 2379 820 Superius
2397 755 2538 809 enim
2568 755 2792 822 dixerat,
2825 758 2947 813 Non
2964 776 3079 830 qua
3095 778 3189 816 sua
3206 774 3324 818 sunt
3343 781 3504 820 unus-

1916 840 2122 909 quisque
2145 841 2426 907 intendens,
2451 846 2547 899 sed
2567 863 2626 900 ea
2643 864 2757 917 qua:
2773 850 2989 904 aliorum
3009 852 3029 921 (
3039 850 3271 923 Philipp.
3289 870 3350 917 ll,
3369 856 3503 923 4-8).

1917 929 2053 985 lluic
2091 933 2367 988 sententia:
2395 939 2667 992 contexuit
2709 939 2848 1009 quod
2887 940 3088 997 dictum
3129 953 3245 1008 est;
3276 960 3398 999 nam
3431 947 3501 1001 ita

1916 1021 2157 1091 sequitur
2191 1042 2204 1078 :
2238 1023 2353 1078 Hoc
2372 1028 2551 1082 sentite
2575 1029 2626 1081 in
2652 1031 2807 1095 vobis,
2829 1031 2965 1101 quod
2983 1041 3031 1086 et
3053 1033 3108 1087 in
3129 1034 3328 1089 Christo
3352 1035 3500 1091 Iesu.

1914 1111 1999 1165 Ad
2028 1111 2128 1168 hoc
2154 1113 2428 1183 duntaxat,
2463 1129 2519 1172 ut
2554 1122 3000 1189 quemadmodum
3041 1125 3134 1181 ille
3175 1126 3228 1181 in
3256 1143 3324 1182 eo
3358 1129 3508 1199 quod

1918 1201 2148 1259 Verbum
2185 1220 2310 1260 caro
2339 1205 2534 1262 factum
2573 1220 2675 1273 est,
2702 1222 2757 1267 et
2785 1211 3040 1269 habitavit
3068 1215 3120 1270 in
3143 1217 3298 1273 nobis
3321 1218 3501 1289 (locu.

1914 1307 1955 1355 ι,
1980 1293 2090 1364 ft),
2121 1305 2175 1351 et
2198 1295 2315 1352 sine
2349 1310 2565 1368 peccato
2591 1315 2711 1356 cum
2739 1313 2902 1369 esset,
2930 1315 3144 1375 peccata
3174 1318 3355 1362 nostra
3384 1324 3504 1365 sus-

1912 1387 2085 1457 cepit,
2123 1403 2227 1443 non
2256 1391 2479 1445 attendit
2510 1407 2605 1447 sua
2627 1434 2643 1459 ,
2669 1393 2765 1450 sed
2791 1405 2970 1451 nostra
2987 1397 3099 1462 ;ita
3123 1407 3299 1455 etnos
3326 1399 3503 1456 liben-

1914 1485 2025 1546 ter,
2059 1480 2125 1535 ad
2162 1480 2278 1551 ejus
2307 1482 2653 1541 imitationem
2673 1527 2690 1553 ,
2719 1486 2947 1544 invicem
2975 1505 3136 1546 onera
3168 1501 3349 1547 nostra
3378 1508 3502 1564 poc-

1914 1579 2105 1627 tomus.

1983 1662 2037 1717 4.
2064 1662 2195 1718 lluic
2219 1665 2752 1735 Cogitationiaccedit
2780 1669 2953 1726 etiam.
2968 1671 3053 1727 illa
3078 1674 3350 1743 cogitatio,
3374 1676 3511 1745 quia

1912 1751 2000 1808 ille
2026 1756 2257 1827 suscepit
2288 1755 2555 1812 hominem
2577 1799 2591 1821 ,
2623 1775 2721 1815 nos
2757 1769 2934 1817 autem
2981 1762 3224 1819 homines
3268 1780 3453 1820 sumus
3480 1784 3497 1822 :

1910 1852 1964 1897 et
1983 1844 2325 1901 considerare
2343 1846 2602 1904 debemus
2625 1850 2765 1919 quod
2791 1852 3158 1921 aegritudinem
3179 1855 3293 1911 sive
3311 1856 3501 1920 animi.

1909 1932 2024 1988 sive
2060 1934 2336 2004 corporis,
2366 1952 2524 2005 quam
2555 1938 2606 1992 in
2643 1939 2751 1995 alio
2786 1940 3005 1998 homine
3030 1942 3306 2009 videmus,
3336 1946 3505 2003 etiam

1911 2037 2010 2077 nos
2037 2022 2233 2078 habere
2275 2026 2575 2094 potuimus,
2596 2039 2692 2085 aut
2719 2043 3020 2099 possumus.
3047 2031 3160 2088 Hoc
3196 2048 3326 2105 ergo
3347 2034 3495 2090 exiti.

1909 2113 2129 2169 beamus
2146 2116 2229 2171 illi
2256 2117 2410 2186 cujus
2442 2118 2800 2176 iufirmitatem
2827 2131 3040 2192 portare
3062 2124 3335 2192 volumus,
3355 2128 3500 2197 quod

1908 2205 1977 2259 ab
1999 2206 2101 2261 illo
2118 2207 2269 2262 nobis
2296 2210 2849 2279 vellemusexhiberi,
2891 2213 2938 2269 si
2963 2213 3101 2270 forte
3125 2231 3222 2270 nos
3244 2216 3303 2271 in
3324 2232 3386 2272 ea
3413 2232 3501 2272 es-

1908 2308 2204 2362 semus..et
2239 2301 2351 2372 ipse
2386 2318 2491 2356 non
2529 2314 2691 2359 esset.
2728 2306 2807 2360 Ad
2834 2307 2939 2363 hoc
2960 2307 3187 2378 pertinet
3217 2310 3359 2380 quod
3384 2310 3502 2381 ipso

1908 2389 2195 2459 Apostolus
2206 2394 2305 2457 ait,
2331 2391 2577 2449 Omnibus
2595 2396 2770 2450 omnia
2799 2399 3125 2468 factussum,
3141 2409 3198 2454 ut
3225 2416 3396 2456 omnes
3416 2401 3501 2456 lu-

1907 2480 2197 2549 crifacemn
2221 2480 2277 2554 (.,ι
2307 2481 2426 2537 Cor.
2449 2484 2648 2555 ix,.2‘2)
2678 2504 2691 2540 :
2722 2488 3002 2558 cogitando
3020 2490 3225 2547 scilicet
3253 2491 3308 2546 in
3325 2507 3395 2548 eo
3419 2495 3545 2547 vid

1910 2569 1983 2623 tio
2006 2571 2166 2625 etiam
2196 2588 2256 2628 se
2292 2588 2412 2629 esse
2440 2577 2712 2644 potuisse,
2732 2577 2873 2634 unde
2898 2580 3148 2650 cupiebat
3171 2581 3330 2637 alium
3359 2582 3495 2638 libe-

1876 2654 2045 2715 rare.
2078 2663 2465 2733 Compatioudo
2494 2666 2635 2722 enim
2666 2668 2842 2738 potius
2867 2669 2918 2724 id
2942 2670 3161 2741 agebat,
3198 2688 3302 2727 non
3338 2689 3495 2729 men-

1909 2752 2277 2819 tiendo,sicut
2315 2755 2541 2826 quidam
2556 2760 2913 2830 suspicantur,
2945 2769 3001 2817 et
3043 2760 3101 2817 hi
3144 2764 3376 2820 maxime
3401 2766 3495 2836 qui

1905 2847 2018 2901 suis
2058 2848 2348 2904 mendaciis
2387 2850 2733 2908 defendendis
2756 2894 2786 2921 ,.
2818 2869 2938 2924 qua:
2976 2870 3171 2926 negare
3214 2872 3320 2912 non
3368 2872 3495 2927 pos-

1905 2946 2030 2992 sunt
2050 2937 2311 3009 ,alicujus
2336 2942 2509 3012 magni
2539 2943 2769 3013 exempli
2799 2944 3151 3014 patrocinium
3179 2959 3447 3015 quaerunt.

1975 3026 2027 3083 5.
2071 3027 2274 3084 Deinde
2298 3030 2457 3085 etiam
2484 3031 2615 3086 illud
2635 3032 2999 3102 cogitandum,
3024 3035 3228 3090 nullum
3254 3051 3377 3092 esse
3398 3038 3494 3092 bu-

1905 3120 2103 3175 minem
2131 3120 2234 3191 qui.
2249 3136 2355 3175 non
2386 3123 2553 3192 possit
2582 3123 2778 3179 habere
2803 3125 3016 3195 aliquod
3045 3126 3241 3181 bonum
3260 3127 3402 3197 quod
3435 3138 3500 3183 tu

1905 3210 2141 3265 nondum
2171 3211 2355 3277 babes,
2379 3214 2585 3267 etiamsi
2609 3213 2788 3277 lateat,
2808 3215 2864 3269 in
2884 3230 2991 3287 quo
3010 3215 3126 3271 sine
3143 3216 3305 3273 dubio
3326 3218 3496 3287 possit

1905 3309 1958 3356 te
2007 3317 2127 3357 esse
2174 3304 2435 3374 superior.
2488 3304 2617 3369 Quae
2665 3305 2913 3374 cogitatio
2953 3306 3023 3362 ad
3063 3308 3491 3365 contundendam

1903 3393 2360 3464 edomandamquc
2401 3395 2700 3465 superbiam
2732 3398 2902 3463 valet,
2945 3414 3013 3451 ne
3052 3398 3325 3456 arbitreris
3352 3417 3492 3471 quo-

1904 3486 2044 3539 niam
2075 3496 2160 3539 tua
2187 3485 2427 3554 quasdam
2459 3486 2595 3541 bona
2620 3488 2859 3543 eminent
2882 3497 2935 3542 et
2959 3499 3235 3558 apparent,
3265 3491 3385 3544 ideo
3412 3493 3493 3546 al-

1906 3585 2073 3631 terum
2101 3578 2243 3632 nulla
2272 3578 2469 3634 habere
2496 3594 2614 3648 quae
2645 3579 2880 3647 lateant,
2912 3590 2966 3635 et
3003 3581 3243 3636 fortassis
3272 3582 3490 3651 majoris

1906 3668 2157 3738 ponderis
2200 3670 2334 3723 bona
2376 3670 2565 3739 quibus
2612 3679 2664 3726 te
2705 3681 2924 3741 superat
2970 3673 3319 3731 nescientem.
3372 3674 3491 3730 Non

1904 3774 2045 3814 etum
2074 3759 2220 3815 falli’
2245 3775 2374 3826 nos,
2405 3770 2499 3814 aut
2536 3761 2837 3817 adulatione
2879 3763 3053 3833 potius
3078 3766 3172 3830 uti,
3204 3767 3494 3835 Apostolus

1898 3850 2074 3921 jubet,
2105 3869 2224 3909 cum
2253 3852 2402 3919 dicit,
2436 3852 2583 3907 Nihil
2604 3871 2693 3924 per
2711 3857 3074 3911 contentionem
3094 3873 3249 3929 neque
3272 3876 3361 3928 per
3379 3859 3492 3912 ina-

1905 3963 2017 4000 nem
2040 3947 2275 4017 gloriam,
2299 3947 2387 4001 sed
2411 3948 2463 4001 in
2500 3946 2779 4002 lmmilitate
2804 3949 2981 4002 mentis
2999 3949 3127 4004 alter
3145 3952 3358 4004 alterum
3376 3952 3493 4005 exi.

1904 4040 2164 4095 stimantes
2180 4042 2489 4110 superiore»:
2518 4041 2613 4095 sibi
2643 4040 2899 4114 (Philipp.
2927 4059 2988 4108 ll,
3019 4041 3109 4115 5).
3145 4042 3259 4099 Non
3289 4043 3390 4098 hoc
3418 4045 3489 4098 ita

1904 4133 2160 4188 debemus
2204 4135 2536 4201 existimare,
2570 4145 2622 4189 ut
2665 4152 2768 4190 non
2812 4136 3209 4201 existimemus,
3250 4135 3343 4191 sed
3393 4151 3493 4191 nos

1904 4226 2209 4280 existimare
2257 4227 2555 4295 fingamus;
2587 4226 2683 4283 sed
2733 4243 2857 4283 vere
2902 4228 3266 4283 existimemus
3289 4228 3490 4299 aliquid

1904 4318 2172 4373 occultum
2199 4334 2320 4374 esse
2355 4334 2511 4389 posse
2550 4319 2603 4374 iu
2631 4320 2770 4385 alio,
2797 4335 2904 4389 quo
2933 4320 3084 4375 nobis
3110 4320 3356 4390 superior
3381 4323 3452 4375 sit
3474 4363 3490 4386 ,

1905 4410 2111 4465 etiamsi
2150 4410 2344 4464 bonum
2371 4420 2637 4477 nostrum,
2662 4425 2769 4481 quo
2795 4410 2885 4468 illo
2923 4411 3165 4466 videmur
3188 4412 3492 4480 superiores

1905 4516 2046 4564 esse,
2075 4516 2180 4555 non
2210 4501 2279 4556 sit
2305 4502 2593 4556 occultum.
2619 4500 2737 4557 Istae
2761 4502 3106 4572 cogitationes
3132 4501 3493 4572 deprimentes

1905 4595 2245 4665 superbiam,
2272 4604 2329 4648 et
2365 4604 2620 4650 acuentes
2657 4595 3035 4659 charitatem',
3079 4594 3278 4651 faciunt
3325 4611 3492 4652 onera

1907 4685 2136 4741 fraterna
2175 4687 2424 4753 invicem,
2457 4702 2563 4742 non
2591 4687 2761 4744 solum
2789 4702 2943 4757 atquo
2972 4688 3172 4753 animo,
3204 4689 3492 4744 sed'etiam

1907 4777 2257 4833 libentissime
2281 4779 2556 4834 sustineri.
2580 4778 2738 4834 Nullo
2758 4780 2917 4835 modo
2933 4789 3109 4836 autem
3134 4780 3202 4836 de
3220 4796 3490 4851 quoquam

1906 4869 2122 4925 homine
2153 4871 2422 4941 incognito
2448 4869 2664 4927 ferenda
2692 4870 2952 4926 sententia
2981 4882 3103 4927 est:
3126 4880 3181 4927 et
3205 4886 3364 4927 nemo
3389 4872 3489 4927 nisi

1906 4978 2001 5032 per
2023 4962 2306 5017 amicitiam
2327 4963 2683 5033 cognoscitur.
2712 4963 2779 5017 Et
2797 4961 2916 5020 ideo
2936 4962 3225 5017 amicorum
3245 4961 3380 5016 mala
3403 4964 3493 5014 tir-

1904 5055 2044 5107 mius
2066 5052 2427 5121 sustinemus,
2438 5052 2560 5124 quia
2583 5052 2722 5109 bona
2740 5067 2927 5109 eorum
2945 5068 3043 5109 nos
3063 5052 3393 5108 delectantet
3414 5060 3496 5108 to-

1904 5154 2054 5200 nent.
2696 5202 2717 5213 ,

1977 5236 2030 5290 6.
2070 5235 2276 5292 Nullius
2298 5236 2472 5308 itaque
2497 5236 2819 5309 repudianda
2845 5245 2926 5291 est
2948 5234 3178 5291 amicitia
3199 5249 3318 5291 sese
3345 5236 3491 5306 iugo.

1904 5328 2138 5398 gerentis
2167 5326 2232 5382 ad
2253 5327 2538 5383 amicitiam
2564 5328 2911 5398 c0pulandam
2933 5342 2947 5392 ;
2972 5341 3075 5381 non
3107 5333 3164 5380 ut
3190 5327 3368 5382 statim
3400 5343 3490 5384 re-

1904 5421 2149 5489 cipiatur,
2176 5419 2270 5475 sed
2292 5430 2349 5475 ut
2380 5420 2714 5491 recipiendus
2737 5428 2967 5489 optetur,
2997 5429 3155 5490 atque
3193 5418 3261 5475 ita
3288 5429 3488 5491 tracte-

1903 5522 2011 5582 tur,
2032 5523 2088 5569 ut
2103 5514 2267 5586 recipi
2291 5514 2479 5584 possit.
2502 5513 2650 5569 lllum
2673 5513 2814 5567 enim
2834 5521 3104 5585 receptum
3127 5513 3179 5569 iu
3198 5513 3495 5569 amicitiam

1976 5694 1991 5724 ι
2020 5699 2151 5754 l.ov.,
2168 5690 2391 5741 obcdiens
2416 5685 2562 5739 Patri.
2584 5689 2749 5754 abest,
2773 5689 2998 5754 fama}:
3017 5691 3167 5745 editis
3182 5688 3286 5741 aliis
3305 5695 3363 5740 et.
3378 5697 3490 5743 Mss.

1970 5756 1991 5786 ε
2013 5727 2856 5816 ἐὶῖςίὶῐυῖἶᾶἷιέ’ἕιῗεέ.ἶὶέᾁίὖῖὶῖιὶιᾶἷ

1971 5817 1992 5849 ³
2010 5811 2127 5865 'tre's
2149 5811 2274 5874 missi,
2296 5820 2521 5877 augentes
2544 5811 2842 5866 charitatem.
