4000 6336
395 398 466 455 83
1122 395 1209 450 DE
1247 390 1557 449 DIVERSIS
1594 385 2107 457 QUA‘ISTIONIBUS
2143 382 2430 454 LXXXIII,
2476 387 2535 444 S.
2582 388 2945 445 AUGUSTINI
3603 393 3673 451 84

398 525 683 582 possumus
706 508 904 574 dicere,
932 509 1018 565 cui
1052 509 1228 563 omnia
1254 507 1470 562 consilia
1497 513 1674 559 nostra
1702 501 1986 559 retundere"

397 602 705 658 audeamus.
733 602 800 657 Et
834 602 878 657 si
916 603 1191 673 quisquam
1219 610 1299 655 est
1325 601 1411 671 qui
1442 615 1499 654 se
1525 612 1627 653 non
1656 597 1812 652 audet
1838 598 1988 667 inge-

400 709 522 749 rere
550 694 614 748 ad
644 693 928 749 amicitiam
959 692 1271 755 faciendam,
1301 705 1420 746 cum
1447 690 1623 760 aliquo
1644 698 1826 743 nostro
1857 697 1991 743 tem-

402 784 573 853 porali
596 783 797 838 honore
818 792 907 837 aut
933 783 1188 853 dignitate
1217 790 1497 836 revocetur
1516 824 1529 844 ,
1562 780 1988 835 descendendum

402 886 485 930 est
504 876 568 929 ad
590 891 734 941 cum,
758 884 811 930 et
830 874 1154 931 otl'erendum
1183 874 1257 928 illi
1280 874 1506 944 quadam
1529 876 1779 929 comitate
1795 882 1849 928 et
1865 873 1990 928 sub-

402 965 844 1021 missione'animi
865 1007 881 1032 ,
915 966 1053 1035 quod
1101 975 1281 1034 petere
1308 980 1402 1035 per
1429 978 1486 1018 se
1516 965 1629 1032 ipse
1668 979 1771 1018 non
1809 963 1987 1017 audet.

402 1060 542 1114 Sane
568 1059 808 1128 quamvis
837 1059 1035 1121 rarius,
1062 1067 1239 1111 tamen
1264 1050 1540 1125 aliquoties
1576 1055 1767 1109 accidit
1794 1064 1849 1109 ut
1873 1054 1991 1121 ejus

404 1164 561 1218 quem
600 1150 841 1202 volumus
881 1149 930 1201 in
958 1148 1246 1201 amicitiam
1272 1148 1529 1216 recipere,
1560 1146 1704 1215 prius
1725 1146 1878 1200 nobis
1908 1146 1989 1199 in-

406 1250 685 1295 notescant
712 1239 849 1293 mala
876 1255 1032 1307 quam
1059 1239 1215 1302 bona,
1247 1238 1440 1308 quibus
1468 1237 1654 1292 offensi
1683 1247 1737 1291 et
1763 1237 1992 1305 quodam

405 1330 568 1385 modo
614 1330 912 1401 repercussi
942 1332 1289 1399 relinquimus
1329 1346 1483 1396 eum,
1516 1339 1568 1385 et
1611 1329 1679 1385 ad
1733 1329 1993 1383 bonorum

405 1422 583 1491 ejus‘,
629 1437 748 1492 qua:
797 1424 929 1477 forte
958 1422 1245 1477 occultiora
1288 1430 1431 1488 sunt,
1473 1421 1860 1491 indagationem
1889 1436 1992 1475 non

406 1515 767 1584 pervenimus.
794 1515 1057 1569 Admonet
1078 1515 1254 1585 itaque
1282 1515 1535 1569 Dominus
1555 1514 1710 1569 Jesus
1729 1513 1989 1577 Christus,

404 1606 498 1675 qui
526 1619 622 1659 nos
640 1605 751 1659 vult
776 1604 912 1659 effici
936 1606 1229 1660 imitatores
1253 1619 1379 1659 suos
1399 1645 1413 1669 ,
1449 1613 1507 1659 ut
1534 1604 1649 1674 ejus
1679 1604 1883 1657 iniirma
1911 1614 1993 1657 to-

407 1695 663 1760 leremus,
694 1704 752 1749 ut
780 1696 843 1749 ad
867 1695 1108 1765 quaedam
1136 1710 1284 1761 sana,
1315 1694 1366 1748 in
1393 1708 1616 1764 quorum
1643 1693 1997 1749 delectatione

409 1787 828 1856 acquiescamus,
857 1803 951 1857 per
974 1788 1245 1842 eharitatis
1265 1788 1595 1843 tolerantiam
1623 1788 1994 1856 perdueamur.

409 1879 501 1933 Ait
524 1879 668 1933 enim
702 1897 715 1934 :
744 1878 865 1932 Non
894 1889 966 1932 est
992 1895 1117 1949 opus
1143 1879 1279 1932 armis
1308 1877 1548 1943 medicus,
1576 1877 1666 1931 sed
1700 1877 1996 1947 (egrotanti-

410 1971 501 2024 bus
523 1969 735 2039 (Matth.
761 1985 841 2034 tx,
872 1968 983 2039 12).
1015 1969 1260 2037 Ideoque,
1280 1968 1323 2021 si
1353 1975 1567 2037 propter
1595 1967 1788 2022 Christi
1819 1966 1996 2021 chari-

415 2072 575 2115 tatem
605 2061 765 2115 etiam
809 2076 930 2116 eum
962 2061 1049 2128 qui
1089 2060 1233 2114 omni
1273 2075 1337 2113 ex
1368 2069 1517 2128 parte
1558 2058 1795 2113 fortassis
1824 2073 1997 2127 aegro-

413 2160 490 2205 tat
510 2153 551 2217 ’,
582 2151 841 2219 repellere
869 2152 934 2204 ab
959 2152 1137 2204 animo
1181 2166 1285 2204 non
1316 2150 1592 2216 debemus,
1622 2151 1867 2219 quoniam
1908 2165 1996 2203 sa-

416 2245 527 2296 nari
562 2250 735 2310 potest
777 2259 870 2312 per
904 2243 1130 2298 Verbum
1164 2243 1293 2306 Dei;
1327 2252 1528 2313 quanto
1557 2242 1732 2296 minus
1761 2258 1883 2296 eum
1909 2241 1997 2310 qni

420 2345 695 2402 propterea
746 2334 897 2388 nobis
945 2333 1112 2388 videri
1163 2343 1336 2402 potest
1381 2340 1520 2386 totus
1566 2342 1824 2402 a‘grotus,
1879 2332 1999 2401 quia

416 2424 656 2492 quaedam
680 2425 794 2493 ejus
821 2424 997 2477 saucia
1026 2425 1076 2477 in
1115 2424 1287 2494 primo
1314 2425 1553 2494 ingressu
1614 2423 1861 2477 amicitia:
1894 2440 1999 2477 non

374 2500 685 2581 'potuimns
709 2515 971 2569 sustinere
992 2557 1005 2581 ,
1038 2523 1093 2569 et
1121 2515 1263 2584 quod
1300 2525 1382 2569 est
1409 2513 1619 2584 gravius
1639 2556 1652 2577 ,
1681 2529 1802 2568 cum
1830 2513 2000 2568 offen-

418 2607 570 2660 sione
610 2606 772 2660 animi
817 2606 884 2661 de
910 2615 1019 2660 toto
1057 2605 1271 2661 homine
1311 2605 1424 2659 ausi
1453 2620 1635 2660 sumus
1666 2605 1999 2681 temerariam

419 2696 709 2767 praejudicii
756 2696 893 2751 ferre
928 2698 1282 2762 sententiam,
1315 2711 1417 2751 non
1450 2695 1696 2751 timentes
1735 2695 1876 2765 quod
1921 2694 2003 2749 di-

419 2796 563 2840 cttun
586 2796 686 2850 est,
716 2785 889 2840 Nolite
903 2788 1158 2857 judicare,
1185 2797 1236 2840 ut
1256 2786 1663 2857 noujudicemini
1676 2802 1694 2850 ,'
1720 2793 1792 2851 et,
1820 2784 1883 2839 In
1905 2803 2003 2855 qua

421 2895 653 2931 mensura
675 2879 830 2932 mensi
858 2880 1069 2950 fueritis,
1093 2880 1400 2933 in'eamdem
1421 2878 1701 2931 remetietur
1729 2877 1862 2932 vobis
1891 2876 1999 2950 (Id.

425 2987 518 3036 vn,
549 2973 599 3036 l,
621 2971 701 3044 2).
728 2973 881 3041 Swpc
925 2983 1099 3026 autem
1141 2972 1223 3025 illa
1250 2987 1368 3041 quze
1395 2971 1531 3024 bona
1560 2979 1702 3037 sunt,
1732 2973 1876 3039 prius
1904 2986 2002 3037 ap-

424 3071 611 3129 parent
654 3080 667 3115 :
724 3064 774 3116 in
805 3062 996 3131 quibus
1045 3064 1205 3117 etiam
1238 3061 1575 3116 temerarium
1624 3059 2004 3115 benevolentia:

419 3152 674 3220 judicium
702 3153 993 3206 cavendum
1022 3160 1138 3217 est,
1171 3167 1238 3206 ne
1272 3166 1391 3205 cum
1425 3160 1593 3205 totum
1626 3150 1822 3204 bonum
1851 3160 2003 3219 puta-

424 3242 565 3296 veris
585 3283 598 3304 ,
631 3258 691 3295 ca
731 3258 849 3312 qua:
887 3251 1066 3312 postea
1098 3243 1234 3297 mala
1264 3240 1638 3311 apparuerint,
1668 3255 1911 3295 securum
1953 3250 2006 3295 et

426 3337 744 3405 imparatum
796 3347 846 3390 te
895 3338 1191 3400 inveniant,
1246 3346 1300 3391 et
1336 3336 1548 3406 gravius
1595 3334 1900 3400 offendant;
1950 3345 2007 3388 ut

424 3446 546 3482 eutn
576 3445 733 3499 quem
783 3439 981 3485 temere
1026 3430 1289 3485 dilexeras
1334 3429 1576 3486 acerbius
1615 3429 1827 3496 oderis,
1865 3428 2005 3499 quod

426 3519 574 3574 nefas
601 3530 702 3575 est.
731 3520 862 3588 Quia
893 3522 1098 3576 etiamsi
1130 3521 1272 3576 nulla
1303 3521 1418 3591 ejus
1446 3522 1581 3575 bona
1612 3521 1971 3590 prtecederent
1990 3561 2004 3585 ,

425 3621 480 3665 et
512 3612 627 3666 haec
662 3627 781 3681 quae
823 3622 1003 3680 postea
1040 3621 1401 3681 apparuerunt
1437 3612 1595 3677 mala,
1628 3611 1774 3680 prius
1802 3610 2006 3664 emine-

425 3712 579 3768 rent,
612 3703 882 3757 toleranda
926 3712 1100 3758 tamen
1127 3711 1313 3769 erant,
1350 3702 1521 3758 donec
1547 3703 1723 3757 omnia
1765 3719 1885 3757 eum
1918 3703 2009 3756 illo

424 3807 631 3863 ageres,
658 3793 851 3863 quibus
877 3794 999 3847 talia
1026 3793 1201 3848 sanari
1229 3794 1404 3848 solent
1428 3812 1440 3847 :
1468 3803 1664 3863 quanto
1692 3795 1856 3860 magis
1886 3809 2005 3847 cum

423 3897 485 3938 ea
517 3883 652 3938 bona
680 3892 1089 3954 praecesserunt,
1120 3899 1238 3953 quae
1267 3895 1515 3954 tanquam
1543 3885 1761 3954 pignora
1793 3900 1891 3939 nos
1915 3884 2021 3939 der

426 3974 556 4029 bent
581 3974 647 4029 ad
670 3976 965 4043 posteriora
992 3974 1263 4029 toleranda
1294 3973 1697 4045 constringere?

496 4066 549 4119 7.
582 4066 697 4137 Ipsa
714 4075 796 4121 est
820 4082 946 4137 ergo
972 4068 1054 4121 lex
1074 4065 1291 4132 Christi,
1322 4077 1377 4121 ut
1413 4067 1639 4121 invicem
1693 4081 1856 4123 onera
1902 4082 2009 4121 no-

425 4166 535 4212 stra
560 4165 853 4226 portemus.
881 4157 1151 4212 Christum
1180 4166 1358 4213 autem
1386 4158 1674 4227 diligendo,
1706 4157 1862 4214 facile
1884 4175 2004 4213 sus-

424 4249 659 4304 tinemus
709 4248 1069 4305 infirmitatem
1094 4250 1336 4316 alterius,
1362 4251 1521 4304 etiam
1557 4265 1713 4321 quem
1768 4252 2007 4307 nondum

424 4348 642 4409 propter
669 4342 805 4396 bona
830 4355 921 4396 sua
943 4341 1231 4412 diligimus.
1262 4340 1571 4412 Cogitamus
1588 4344 1728 4397 enim
1769 4345 1889 4414 quia
1918 4345 2007 4400 ille

422 4444 580 4499 quem
611 4429 901 4501 diligimus,
932 4432 1188 4487 Dominus
1215 4441 1433 4502 propter
1457 4448 1577 4487 eum
1609 4443 1851 4489 mortuus
1901 4446 2003 4491 est.

422 4520 591 4588 Quam
625 4521 937 4576 charitatem
983 4524 1255 4591 apostolus
1307 4523 1500 4578 Paulus
1546 4524 1698 4579 nobis
1753 4526 2002 4596 ingessit,

422 4626 543 4663 eum
565 4610 765 4666 diceret
789 4629 801 4664 :
837 4610 901 4664 Et
927 4612 1103 4681 peribit
1132 4613 1365 4681 inﬁrmus
1382 4615 1434 4667 in
1455 4624 1540 4667 tua
1571 4615 1777 4670 scientia
1825 4622 2003 4688 frater,

425 4711 630 4770 propter
647 4718 795 4770 quem
820 4702 1049 4756 Christus
1067 4713 1291 4757 mortuus
1311 4715 1380 4758 est
1419 4704 1479 4775 (ι
1506 4704 1622 4759 Cor.
1671 4722 1762 4760 vut
1786 4749 1800 4772 ,
1832 4708 1909 4761 4|
1950 4709 1966 4777 )
1988 4711 2000 4763 2

423 4792 495 4848 Ut
515 4794 558 4847 si
586 4793 732 4847 illum
759 4792 1025 4848 inﬁrmum
1047 4803 1264 4864 prepter
1289 4795 1471 4851 vitium
1501 4813 1608 4867 quo
1628 4799 1868 4853 infirmus
1901 4808 2003 4867 est,

425 4884 600 4939 minus
624 4884 909 4954 diligimus,
937 4886 1085 4938 illutn
1112 4885 1163 4938 iu
1192 4902 1257 4940 eo
1285 4887 1708 4952 consideremus,
1739 4890 1827 4958 qui
1859 4906 2003 4944 mor-

424 4988 544 5033 tuus
569 4986 652 5055 est
671 4986 884 5047 propter
910 4978 1079 5033 illum.
1107 4977 1376 5035 Christum
1407 4992 1584 5037 autem
1622 4998 1727 5038 non
1758 4983 2001 5054 diligere,

424 5083 529 5123 non
553 5069 853 5134 infirmitas,
872 5068 967 5123 sed
988 5085 1132 5125 mors
1157 5079 1258 5125 est.
1285 5072 1621 5144 Quapropter
1664 5075 1862 5145 ingenti
1911 5093 2005 5131 cu-

424 5174 481 5213 ra
511 5169 564 5215 et
593 5160 871 5229 implorata
899 5160 993 5215 Dei
1033 5162 1393 5217 misericordia
1439 5165 1778 5234 cogitandum
1803 5175 1906 5233 est,
1937 5183 2005 5223 ne

422 5246 689 5304 Christum
717 5251 1043 5322 negligamus
1079 5262 1294 5321 propter
1342 5254 1608 5308 infirmum
1639 5296 1655 5321 ,
1699 5269 1821 5311 cum
1854 5259 2003 5313 infiro

424 5355 567 5393 mum
590 5340 880 5399 debeamus
896 5344 1116 5416 diligere
1145 5355 1362 5415 propter
1385 5346 1679 5402 Christum.

418 5474 727 5583 m;wSeptem
743 5480 870 5535 Mss,
894 5485 940 5528 et
962 5478 1027 5528 ad
1052 5476 1171 5526 bona
1208 5476 1313 5541 ejus
1342 5490 1359 5529 :
1386 5479 1626 5544 pauloque
1657 5490 1783 5544 post,
1802 5482 2004 5551 indaga-

438 5545 770 5670 ωίωέάίιῇηφᾴ
790 5610 853 5670 ex
878 5606 1012 5670 parte
1030 5597 1105 5669 pel
1125 5600 1314 5651 cumino
1337 5602 1552 5670 fortassis
1573 5604 1775 5668 aegrotat
1801 5619 1818 5655 :
1842 5610 2003 5670 paulo-

418 5670 518 5729 que
543 5667 655 5727 post
672 5659 1040 5729 liabebanu‘qui
1061 5670 1253 5729 propter
1276 5659 1360 5714 nos
1384 5664 1537 5715 videri
1554 5659 1718 5729 potest.
1741 5659 2000 5729 sissit-ero,

419 5720 742 5842 εἴρξειᾝέ
758 5734 894 5783 parte
930 5720 1466 5789 fortnasis'wgrouu....,
1492 5720 1572 5788 qui
1594 5736 1847 5791 propterea
1871 5720 2002 5783 nobis

2443 501 2652 557 LXXII.
2680 502 2759 558 De
2778 505 3080 576 temporibus
3098 506 3313 559 attentis.

2172 591 2347 660 Qumri
2371 602 2547 663 potest
2579 594 2845 663 quomodo
2886 596 2953 649 ab
2980 596 3094 665 ipso
3124 597 3364 665 apostolo
3392 596 3557 653 Paulo
3584 599 3669 654 di-

2094 691 2235 739 ctum
2263 684 2351 751 sit,
2403 685 2532 738 Ante
2578 694 2807 756 tempora
2842 696 3029 741 wlerna
3057 684 3192 755 (Tit.
3224 705 3259 750 ι,
3290 687 3382 760 2).
3433 688 3488 745 Si
3529 690 3672 744 enim

2097 766 2333 846 tempora
2358 816 2374 840 .
2426 777 2698 846 quomodo
2740 780 2981 833 aeterna?
3016 779 3122 833 Nisi
3166 779 3299 835 forte
3347 790 3469 835 ante
3498 783 3677 837 omnia

2092 875 2335 937 tempora
2361 868 2582 938 intelligi
2610 868 2790 923 voluit.
2811 869 2943 937 Quia
2972 871 3014 924 si
3043 870 3284 933 dixisset,
3317 883 3433 925 autc
3480 881 3678 940 tempo-

2096 975 2175 1024 ra,
2204 975 2376 1030 neque
2393 960 2701 1026 addidisset,
2720 972 2938 1027 teterna;
2968 972 3145 1031 posset
3166 962 3328 1032 accipi
3350 1004 3362 1023 .
3392 972 3513 1017 ante
3534 980 3683 1034 qum-

2096 1049 2218 1103 dam
2249 1061 2485 1120 tempora
2506 1092 2521 1117 ,
2548 1067 2665 1121 qua:
2688 1062 2812 1106 ante
2832 1067 2891 1107 se
2945 1051 3197 1106 haberent
3257 1053 3357 1105 alia
3416 1064 3674 1123 tempora.

2099 1138 2319 1195 Eterna
2347 1152 2522 1195 autem
2554 1143 2738 1197 maluit
2774 1141 2953 1199 dicere
2980 1159 3141 1213 quam
3176 1144 3349 1197 omnia
3370 1187 3384 1209 ,
3439 1145 3681 1199 fortassis

2101 1231 2243 1297 ideo,
2267 1232 2386 1301 quia
2413 1242 2622 1302 tempus
2648 1248 2755 1287 non
2778 1236 2937 1303 etrapit
2960 1250 3024 1288 ex
3049 1244 3311 1304 tempore.
3336 1238 3411 1289 An
3443 1247 3682 1305 tempora

2100 1334 2295 1379 aeterna
2324 1341 2493 1378 :evum
2515 1324 2859 1395 significavit;
2889 1326 3025 1379 inter
3049 1326 3189 1394 quod
3220 1334 3272 1380 et
3309 1336 3518 1395 tempus
3541 1368 3557 1393 ,
3583 1327 3685 1382 hoe

2100 1415 2444 1484 distat,quod
2494 1414 2622 1470 illud
2676 1417 2866 1471 stabile
2896 1424 3014 1481 est,
3058 1425 3265 1486 tempus
3288 1426 3464 1471 autem
3507 1428 3682 1472 muta-

2100 1507 2205 1561 bile
2238 1507 2355 1577 (a)?

2103 1596 2336 1652 LXXIII.
2360 1596 2439 1651 De
2458 1614 2515 1652 eo
2544 1599 2679 1663 quod
2705 1600 2945 1668 scriptum
2972 1607 3043 1651 est
3074 1616 3092 1653 :
3119 1599 3183 1654 Et
3213 1598 3395 1653 habitu
3435 1599 3688 1655 inventus

2525 1700 2582 1743 ut
2613 1691 2772 1745 homo
2804 1689 3069 1762 (Philipp.
3100 1707 3156 1756 Il,
3183 1690 3262 1762 '7).

2116 1794 2119 1797 ‘
2172 1780 2223 1833 1.
2276 1779 2454 1834 Multis
2507 1781 2681 1835 modis
2733 1781 2972 1835 habitum
3019 1783 3398 1839 dicimus:ch
3447 1782 3687 1837 habitum

2102 1872 2286 1936 animi,
2318 1873 2455 1925 sicut
2485 1881 2569 1927 est
2616 1873 3015 1944 cuiuscumque
3042 1874 3333 1944 disciplime
3378 1877 3685 1946 perceptio,

2104 1975 2204 2014 usu
2232 1959 2478 2014 roborata
2506 1970 2664 2031 atque
2692 1962 2933 2030 firmata;
2986 1965 3065 2018 vel
3120 1964 3355 2019 habitum
3404 1967 3645 2035 corporis
3666 2008 3685 2034 ,

2102 2052 2392 2107 secundum
2424 2070 2581 2124 quem
2626 2054 2852 2111 dicimus
2906 2056 3065 2110 alium
3094 2058 3198 2111 alio
3238 2074 3356 2113 esse
3405 2059 3688 2114 succulen-

2105 2148 2297 2203 tiorem
2324 2158 2377 2203 et
2389 2148 2717 2213 validiorem,
2739 2165 2857 2219 qua:
2880 2151 3045 2219 magis
3069 2152 3283 2220 proprie
3311 2151 3559 2205 habitudo
3582 2151 3690 2205 dici

2104 2241 2273 2304 Solet;
2307 2240 2384 2293 vel
2408 2238 2645 2293 habitum
2681 2255 2863 2294 eorum
2894 2257 3010 2310 qua:
3066 2243 3316 2295 membris
3359 2244 3558 2296 nostris
3593 2257 3691 2296 ac—

2104 2329 2512 2382 commodantur
2542 2327 2874 2383 extrinsecus
2896 2371 2911 2394 ,
2941 2328 3227 2383 secundum
3253 2345 3411 2398 quem
3461 2330 3692 2384 dicimus

2105 2421 2377 2485 vestitum,
2404 2420 2722 2484 calceatum,
2770 2432 3052 2479 armatum.
3082 2430 3136 2475 ct
3160 2422 3202 2475 si
3230 2422 3371 2492 quod
3426 2422 3690 2491 ejusmodi

2104 2522 2206 2567 est.
2232 2514 2287 2567 In
2316 2513 2511 2583 quibus
2540 2515 2786 2567 omnibus
2809 2515 3092 2583 generibus
3138 2515 3206 2583 (si
3248 2515 3462 2584 quidem
3495 2531 3692 2571 nomen

2108 2605 2207 2659 hoc
2235 2604 2449 2659 ductum
2482 2614 2565 2659 est
2589 2605 2656 2659 ab
2684 2605 2773 2659 illo
2800 2606 2984 2670 verbo,
3018 2606 3156 2675 quod
3183 2617 3266 2661 est
3296 2606 3491 2661 habere
3516 2606 3537 2679 )
3578 2623 3693 2664 ma-

2108 2697 2356 2751 nifestum
2383 2697 2533 2751 estin
2556 2712 2617 2751 ea
2668 2713 2726 2751 rc
2756 2697 2857 2751 dici
2889 2698 3125 2751 habitum
3153 2741 3165 2762 ,
3198 2714 3317 2769 qua}
3365 2699 3558 2755 accidit
3599 2701 3693 2756 ali-

2106 2787 2211 2850 eui,
2237 2787 2304 2840 ita
2335 2796 2392 2841 ut
2418 2801 2534 2841 eam
2569 2793 2733 2855 possit
2760 2789 2917 2842 etiam
2948 2803 3051 2842 non
3103 2789 3319 2845 habere.
3352 2791 3484 2845 Nam
3512 2802 3565 2846 et
3592 2793 3692 2847 do-

2107 2878 2275 2931 ctrina
2304 2877 2496 2931 accidit
2525 2881 2725 2944 animo,
2754 2888 2807 2932 et
2846 2894 3033 2933 sueeus
3068 2896 3130 2935 ac
3160 2881 3322 2937 robur
3363 2884 3606 2954 corpori;
3638 2894 3694 2939 et

2109 2968 2271 3021 Vestis
2308 2979 2467 3038 atque
2514 2983 2661 3022 arma
2685 3011 2699 3032 ,
2754 2986 2858 3025 non
2899 2970 3115 3024 dubitnn
3155 2981 3237 3027 est
3275 2975 3399 3043 quin
3453 2978 3693 3036 accidant

2109 3060 2360 3113 membris
2389 3060 2617 3114 nostris:
2650 3062 2720 3113 ita
2746 3070 2799 3114 ιιι
2826 3073 2878 3114 et
2898 3063 3175 3130 imperitus
3203 3067 3368 3131 pOSs‘il
3416 3082 3535 3121 esse
3586 3071 3694 3124 ani-

2110 3168 2248 3215 mus,
2280 3154 2322 3207 si
2350 3153 2397 3207 ei
2428 3153 2669 3208 doctrina
2701 3172 2803 3208 non
2832 3156 3129 3231 accideret;
3157 3168 3207 3210 et
3230 3158 3369 3214 exile
3392 3169 3551 3230 atque
3589 3162 3694 3217 lan-

2108 3243 2323 3314 guidum
2340 3259 2552 3314 corpus,
2573 3244 2688 3299 sine
2714 3260 2875 3300 succo
2892 3248 3151 3300 viseerum
3178 3258 3233 3303 et
3261 3250 3451 3304 robore
3475 3268 3489 3315 ;
3516 3263 3569 3306 et
3596 3270 3693 3307 nu-

2110 3337 2209 3391 dus
2233 3338 2348 3393 sine
2365 3345 2529 3401 veste,
2553 3347 2607 3391 et
2634 3338 2852 3392 inermis
2874 3338 2990 3393 sine
3020 3339 3205 3403 armis,
3261 3352 3311 3395 et
3369 3342 3501 3410 pede
3548 3344 3692 3398 nudo

2110 3429 2227 3484 sine
2255 3428 2629 3483 calceamentis
2658 3444 2777 3484 esse
2805 3429 2967 3484 homo
3008 3442 3198 3499 potest.
3243 3433 3463 3489 Ilabitus
3488 3452 3612 3505 ergo
3639 3437 3694 3491 in

2111 3540 2171 3578 ea
2202 3539 2262 3578 re
2288 3523 2499 3589 dicitur,
2523 3540 2641 3593 qua:
2682 3524 2833 3577 nobis
2861 3535 2921 3579 ut
2954 3525 3207 3580 habeatur
3235 3527 3444 3581 accidit.
3474 3528 3698 3584 Verum-

2113 3624 2290 3669 tamen
2316 3614 2418 3669 boc
2440 3615 2679 3679 interest,
2708 3617 2848 3685 quod
2878 3618 3118 3687 quantam
3163 3635 3345 3672 eorum
3390 3636 3508 3688 qua:
3545 3622 3696 3675 acci-

2111 3706 2243 3760 dunt
2274 3707 2445 3769 nobis,
2469 3717 2525 3760 ut
2551 3707 2787 3763 habitum
2810 3707 3039 3775 faciant,
3086 3726 3190 3763 non
3223 3720 3493 3766 mutantur
3515 3726 3547 3765 a
3596 3727 3701 3768 no-

2113 3796 2211 3861 bis,
2243 3797 2336 3851 sed
2369 3798 2479 3866 ipsa
2503 3813 2601 3851 nos
2624 3808 2829 3853 mutant
2855 3800 2907 3852 in
2936 3814 3013 3863 se,
3034 3803 3142 3867 ipsa
3172 3802 3373 3869 integra
3418 3810 3471 3854 et
3509 3800 3700 3857 incon-

2112 3902 2266 3940 cussa
2291 3888 2557 3942 manentia
2590 3906 2602 3941 :
2637 3890 2789 3943 sicuti
2819 3891 3094 3959 sapientia,
3121 3906 3240 3945 eum
3292 3890 3484 3945 accidit
3527 3892 3703 3947 homi-

2115 3979 2163 4031 ni
2186 4020 2199 4043 ,
2231 3996 2332 4032 non
2357 3978 2468 4049 ipsa
2496 3989 2747 4045 mutatur,
2781 3982 2874 4035 sed
2908 3980 3174 4035 hominem
3204 3993 3391 4049 mutat,
3441 4000 3597 4053 quem
3624 3984 3701 4040 de

2112 4071 2275 4125 stulto
2298 4073 2590 4141 sapientem
2615 4072 2758 4127 facit.
2784 4074 3035 4142 Quaadaut
3055 4092 3182 4130 vero
3215 4075 3290 4129 sic
3319 4077 3599 4144 accidunt,
3635 4089 3702 4134 ut

2112 4170 2165 4214 et
2203 4171 2406 4216 mutent
2435 4173 2489 4218 et
2512 4174 2779 4219 mutentur
2818 4181 2832 4218 :
2877 4167 3031 4220 sicuti
3080 4168 3229 4222 cibus
3281 4170 3393 4239 ipse
3444 4172 3700 4227 amittens

2113 4255 2343 4322 speciem
2371 4270 2544 4320 suam,
2577 4257 2627 4310 in
2666 4272 2863 4327 corpus
2904 4267 3142 4313 nostrum
3193 4264 3447 4328 vertitur;
3498 4271 3551 4317 et
3595 4279 3701 4319 nos

2112 4345 2296 4401 refecti
2329 4348 2469 4411 cibo,
2488 4348 2556 4400 ab
2586 4349 2820 4404 exilitate
2849 4360 3008 4420 atque
3035 4352 3287 4422 languore
3324 4354 3375 4407 in
3421 4355 3581 4409 robur
3606 4365 3700 4410 at-

2114 4454 2214 4506 que
2240 4438 2519 4491 valentiam
2548 4450 2954 4494 commutamur.
2988 4440 3222 4496 Tertium
3244 4460 3369 4497 \‘t‘t‘tt
3396 4460 3561 4513 genus
3586 4454 3691 4510 est,

2111 4542 2229 4581 cum
2261 4528 2373 4596 ipsa
2400 4544 2517 4597 quze
2546 4528 2807 4595 accidunt,
2828 4541 3096 4585 mutantur
3124 4542 3178 4585 ut
3209 4533 3442 4585 hahitmn
3474 4533 3695 4598 faciant,

2111 4629 2164 4675 ct
2190 4621 2413 4688 quodam
2447 4622 2603 4674 modo
2631 4621 2922 4677 formantur
2966 4624 3032 4677 ab
3084 4624 3162 4679 cis
3210 4624 3401 4693 quibus
3458 4626 3699 4681 habitum

2112 4713 2327 4777 faciunt,
2381 4714 2533 4767 Sit'llli
2587 4723 2669 4767 est
2712 4716 2916 4770 vestis:
2951 4732 3071 4770 nam
3124 4732 3243 4769 eum
3299 4718 3527 4786 reposita
3556 4718 3572 4749 ¹
3606 4722 3700 4773 vel

2112 4802 2344 4871 projecm
2368 4812 2477 4866 est,
2513 4820 2617 4857 non
2647 4803 2801 4858 habet
2857 4821 2972 4859 eam
3019 4806 3264 4873 fortnam,
3319 4826 3475 4875 quam
3531 4808 3704 4862 sumit

2110 4907 2228 4946 cum
2258 4892 2489 4948 induitur
2510 4906 2667 4965 atque
2706 4895 2969 4949 inducitur
2995 4899 3270 4951 membris.
3325 4899 3464 4969 Ergo
3510 4900 3699 4955 induta

2110 4981 2302 5052 accipit
2330 4982 2551 5038 formam
2578 5000 2733 5054 quam
2776 5003 2883 5039 non
2910 4985 3137 5042 habebat
3160 4997 3313 5042 exuta
3345 5006 3360 5053 ;
3408 5005 3527 5043 cum
3578 4988 3699 5059 ipsa

2110 5076 2370 5143 membra,
2398 5084 2451 5132 et
2477 5093 2596 5131 cum
2623 5089 2909 5145 exuuntur,
2934 5088 2987 5133 et
3007 5096 3125 5134 cmn
3157 5082 3465 5149 induuntur,
3499 5083 3549 5136 in
3590 5100 3698 5139 suo

2110 5175 2250 5222 statu
2278 5177 2545 5222 maneant.
2576 5169 2754 5223 l’otest
2781 5185 2900 5224 esse
2917 5182 2967 5224 et
2994 5181 3237 5241 quartum
3266 5189 3451 5244 genus,
3481 5190 3598 5228 cum
3628 5190 3698 5230 ea

2110 5275 2229 5329 qum
2258 5259 2523 5327 accidunt,
2555 5261 2619 5315 ad
2639 5262 2932 5317 faciendum
2962 5265 3219 5330 habitum,
3253 5283 3349 5320 nec
3378 5283 3439 5321 ea
3485 5274 3699 5323 mutant

2110 5350 2302 5419 quibus
2328 5351 2591 5419 accidunt,
2621 5369 2718 5408 nec
2737 5354 2804 5408 ab
2825 5355 2902 5411 eis
2931 5357 3039 5425 ipsa
3066 5368 3334 5411 mutantur
3366 5377 3378 5411 :
3408 5360 3558 5412 sicuti
3590 5375 3699 5412 au-

2110 5441 2270 5497 nulus
2297 5441 2482 5512 digito,
2517 5443 2561 5496 si
2592 5458 2696 5497 non
2726 5446 2882 5500 nimis
2903 5447 3170 5502 subtiliter
3209 5450 3528 5505 attend-ator.
3584 5450 3698 5505 Ve-

2109 5542 2405 5587 rttmtamcn
2436 5533 2535 5589 hoc
2564 5551 2731 5605 genus
2774 5546 2865 5589 aut
2918 5538 3119 5591 nullum
3166 5548 3269 5606 cst,
3323 5540 3367 5595 si
3414 5539 3701 5613 diligenter

2112 5623 2383 5687 discuzias,
2417 5633 2510 5679 aut
2535 5628 2748 5681 omnino
2764 5628 3119 5687 rarissimum.

2176 5799 2190 5867 ξ
2223 5805 2835 5867 i'agtstunsettleutiat‘unt,
2860 5804 3090 5867 demite.

2172 5862 2245 5921 (α)
2282 5862 2377 5908 lib.
2411 5863 2464 5911 1;!
2487 5864 2549 5912 tle
2572 5866 2704 5912 (λιιι.
2728 5870 2840 5927 Dei,
2864 5862 2965 5931 cap.
2999 5868 3071 5917 ιϐ.

3759 350 3784 375 ο
