4000 6336
181 377 241 434 85
1148 410 1149 413 η
1653 367 1855 423 LIBER
1896 367 2093 426 UNUS.
3402 369 3473 427 86

238 488 289 542 2.
309 486 444 541 Cum
475 499 614 555 ergo
638 486 946 554 Apostolus
972 485 1038 541 de
1081 484 1350 553 unigenitu
1397 484 1488 539 Dei
1535 483 1670 538 Filio
1701 483 1781 537 Io-

183 590 437 654 queretur,
469 590 741 648 quantum
768 580 1012 649 pertinet
1049 577 1114 632 ad
1140 577 1255 647 ejus
1282 576 1611 631 divinitatem
1641 616 1656 639 ,
1690 589 1782 629 se-

186 674 394 731 cundum
420 671 473 725 id
499 671 651 737 quod
683 672 1009 727 verissimus
1060 671 1197 724 Deus
1227 658 1603 738 est,aéqualem
1646 666 1783 721 dixit

187 782 288 822 esse
314 764 483 839 Patri,
512 762 665 833 quod
685 780 792 817 non
816 763 868 817 ei
897 761 997 816 fuit
1022 770 1270 831 tanquam
1306 760 1560 826 rapinam,
1594 757 1645 812 id
1670 767 1779 823 est,

190 857 321 928 quasi
348 855 593 909 alienum
634 863 898 923 appetere
922 894 941 920 ,
981 853 1025 906 si
1064 866 1289 921 semper
1343 864 1564 904 manens
1614 848 1666 902 in
1715 861 1780 902 ea

191 947 495 1017 aqualitate,
517 945 690 1003 nollet
710 944 933 999 homine
959 942 1124 1008 indui,
1144 951 1195 996 et
1224 941 1519 994 hominibus
1542 948 1596 992 ut
1623 939 1781 992 homo

190 1054 472 1107 apparere:
503 1037 603 1091 sed
645 1037 974 1104 semetipsum
1022 1033 1294 1087 exiuanivit
1324 1074 1339 1096 ,
1394 1047 1498 1086 non
1556 1030 1779 1084 formam

189 1145 319 1183 suam
348 1138 592 1193 mutans,
623 1126 718 1181 sed
742 1129 966 1198 formam
985 1124 1112 1177 servi
1139 1122 1426 1191 accipiens;
1459 1135 1630 1190 neque
1648 1135 1781 1173 con-

190 1237 354 1275 versus
382 1229 478 1273 aut
507 1226 904 1272 transmutatus
936 1217 987 1269 in
1022 1215 1312 1276 hominem,
1346 1213 1538 1267 amissa
1576 1215 1779 1265 incum-

190 1314 412 1367 mutabili
436 1312 761 1376 stabilitate,
790 1308 886 1364 sed
912 1322 1209 1378 quanquam
1246 1306 1261 1337 ί
1289 1292 1473 1359 verum
1508 1304 1781 1358 hominem

190 1405 540 1475 suscipiendo,
572 1405 691 1473 ipse
715 1402 1011 1471 susl‘eptor.
1034 1401 1086 1454 iu
1115 1398 1498 1453 similitudinem
1521 1397 1780 1450 hominum

189 1504 357 1568 factus,
391 1513 501 1549 non
534 1494 663 1555 sibi,
694 1492 787 1547 sed
818 1493 896 1547 eis
924 1490 1115 1560 quibus
1138 1490 1188 1543 in
1232 1489 1447 1542 homine
1496 1488 1777 1556 apparuit,

194 1590 345 1643 habitu
363 1592 608 1648 inventus
626 1597 703 1640 est
722 1595 777 1637 ut
795 1585 943 1638 homo
959 1582 1211 1653 (Philipp.
1231 1596 1287 1646 tt,
1309 1580 1362 1647 6,
1379 1581 1464 1649 7,);
1491 1580 1538 1632 id
1556 1588 1655 1645 cst,
1680 1578 1778 1632 ha-

196 1681 349 1737 bendo
378 1678 687 1739 hominem,
718 1677 966 1730 inventus
987 1684 1069 1729 cst
1089 1682 1145 1726 ut
1166 1671 1348 1726 homo.
1372 1669 1485 1724 Non
1512 1671 1653 1723 enim
1688 1684 1781 1737 po-

193 1784 311 1827 terat
336 1769 573 1825 inveniri
600 1770 742 1822 Deus
770 1770 790 1799 ²
820 1766 888 1820 ab
916 1766 979 1819 iis
1004 1765 1091 1835 qui
1120 1779 1213 1818 eor
1255 1760 1585 1816 immundum
1614 1760 1779 1814 habe-

188 1863 323 1929 bant,
351 1872 410 1917 et
446 1861 685 1914 Verbum
714 1856 852 1927 apud
888 1856 1097 1910 Patrem
1123 1853 1303 1907 videre
1347 1867 1454 1908 non
1493 1860 1737 1920 poterant
1762 1892 1777 1915 ,

184 1955 277 2010 nisi
304 1954 411 2008 hoc
432 1950 779 2021 suscipiendo
803 1944 947 2019 quod
966 1956 1183 2018 possent
1211 1945 1413 2012 videre,
1438 1954 1491 1998 et
1523 1960 1617 2014 per
1639 1943 1779 2013 quod

184 2048 242 2102 ad
266 2047 403 2101 illud
436 2046 618 2099 lumen
646 2042 871 2096 interius
901 2039 1243 2095 ducerentur.
1276 2036 1382 2090 lste
1420 2045 1598 2089 autem
1624 2034 1779 2088 habi-

185 2151 260 2193 tus
282 2155 399 2193 non
430 2147 516 2192 est
542 2152 609 2189 ex
636 2134 804 2204 primo
828 2146 1058 2202 genere;
1092 2144 1194 2182 non
1218 2127 1358 2183 enim
1389 2140 1613 2180 manens
1648 2126 1700 2179 in
1723 2141 1782 2179 se

184 2241 376 2286 natura
412 2227 645 2282 hominis
671 2234 916 2279 naturam
960 2223 1053 2277 Dei
1092 2220 1441 2275 epititnutavit
1465 2237 1477 2270 :
1502 2233 1672 2287 neque
1716 2233 1783 2271 ex

186 2324 420 2380 setundo
445 2339 461 2388 ;
494 2337 601 2375 non
626 2320 767 2374 enim
789 2328 844 2371 et
866 2316 1084 2371 mutavit
1107 2314 1265 2369 homo
1295 2314 1456 2366 Deum
1481 2353 1494 2373 ,
1526 2319 1579 2364 et
1606 2319 1782 2364 muta-

188 2426 267 2470 tus
290 2424 373 2470 est
415 2413 602 2468 abillo
632 2428 647 2464 :
680 2425 856 2481 neque
876 2424 945 2463 ex
970 2417 1196 2476 quarto;
1232 2422 1334 2459 non
1385 2404 1526 2458 enim
1582 2404 1658 2457 sic
1691 2418 1783 2457 as-

187 2517 421 2576 sumptus
448 2516 535 2560 est
562 2504 748 2570 homo,
773 2510 829 2554 ut
858 2516 1029 2569 neque
1051 2500 1162 2569 ipse
1186 2503 1416 2551 mutaret
1446 2496 1609 2550 Deum
1632 2537 1647 2558 ,
1680 2510 1779 2549 nec

186 2599 255 2653 ab
273 2599 362 2652 illo
377 2603 684 2651 mutaretur
717 2592 853 2647 :sed
880 2589 1055 2659 potius
1097 2604 1161 2642 ex
1186 2586 1477 2650 tertio;sic
1497 2584 1640 2641 enim
1689 2600 1780 2639 as-

188 2703 427 2760 sumptus
451 2696 558 2753 est,
596 2695 651 2741 ut
702 2679 1408 2739 commutareturinmeliu‘
1438 2720 1452 2743 ,
1503 2688 1555 2731 et
1602 2678 1669 2730 ab
1717 2692 1784 2731 co

188 2785 509 2841 temneretur
562 2776 908 2833 ineﬂ‘abiliter
949 2771 1306 2829 excellentius
1361 2780 1519 2839 atque
1560 2769 1784 2837 eonjun-

194 2882 324 2935 ctius
353 2890 521 2947 quam
553 2873 739 2937 vestis,
760 2886 882 2925 cum
913 2869 980 2923 ab
1007 2866 1222 2922 homine
1250 2864 1505 2919 induitur.
1540 2862 1648 2919 lloc
1691 2877 1778 2917 er-

188 2987 249 3041 go
265 2971 482 3025 habitus
505 2966 722 3021 nomine
747 2964 879 3018 satis
904 2959 1221 3031 signiﬁcavit
1249 2958 1538 3025 Apostolus
1585 2970 1780 3025 quem-

186 3062 469 3116 admodum
499 3058 718 3119 dixerit,
750 3055 803 3108 in
834 3051 1214 3107 similitudinem
1272 3049 1531 3103 hominum
1580 3051 1781 3118 factus;

188 3156 299 3225 quia
324 3170 430 3208 non
462 3146 934 3217 transﬁguratione
961 3146 1011 3199 in
1043 3143 1336 3207 hominem,
1368 3140 1461 3195 sed
1496 3139 1674 3192 habitu
1695 3139 1781 3191 la-

191 3256 297 3299 etus
323 3254 431 3308 est,
463 3257 588 3298 cum
619 3239 835 3293 indutus
859 3246 945 3291 est
972 3234 1212 3298 homine,
1232 3247 1389 3301 quem
1439 3229 1537 3283 sibi
1595 3228 1784 3282 unicus

190 3338 416 3407 quodam
436 3334 604 3389 modo
629 3340 788 3401 atque
817 3329 1177 3391 conlormans,
1203 3322 1585 3378 immortalitati
1628 3332 1784 3376 teter-

193 3429 436 3499 Iitatiqu:
459 3426 718 3481 sociaret.
746 3421 853 3477 Sed
877 3420 1026 3475 illum
1055 3418 1313 3483 habitum,
1343 3416 1432 3486 qui
1460 3424 1543 3469 est
1572 3414 1622 3467 in
1656 3429 1780 3483 per-

191 3521 431 3589 ceptione
459 3515 744 3586 sapientia:
764 3524 818 3568 et
847 3511 1168 3579 disciplima,
1194 3508 1367 3562 Grmei
1408 3517 1501 3574 ε’ξιν
1545 3515 1737 3559 vocant
1765 3522 1779 3559 :

194 3608 329 3663 hunc
357 3616 564 3671 autem,
594 3602 891 3659 secundmn
933 3614 1087 3669 quem
1132 3597 1359 3653 dicimus
1410 3595 1658 3650 vestitum
1697 3594 1782 3648 vel

192 3712 449 3757 armatum
476 3715 646 3768 σχῆμα
665 3696 845 3767 potius
869 3702 1077 3746 vocant.
1136 3692 1208 3744 Ex
1246 3706 1351 3759 quo
1382 3687 1691 3757 intelligitur
1715 3686 1787 3741 de

195 3780 288 3847 ista
310 3808 513 3863 genere
539 3790 758 3845 habitus
782 3789 1018 3840 locutum
1057 3784 1366 3853 Apostolum
1392 3798 1405 3847 ;
1448 3781 1782 3851 quandoqui-

194 3885 305 3939 dem
339 3887 391 3936 in
416 3882 612 3952 gmcis
637 3877 1039 3947 exemplaribus
1080 3886 1296 3943 σχήματι
1343 3873 1596 3941 scriptum
1653 3880 1736 3927 est
1764 3913 1779 3937 ,

196 3975 326 4045 quod
356 3989 459 4028 nos
514 3973 569 4026 in
599 3970 781 4025 latinis
840 3968 1013 4022 habitu
1072 3965 1347 4020 habemus.
1398 3963 1513 4031 Quo
1567 3964 1783 4018 nomine

194 4062 650 4132 Oportetintelligi
690 4077 795 4115 non
836 4067 1101 4114 mutatum
1156 4071 1278 4111 esse
1314 4055 1545 4109 Verbum
1598 4070 1783 4109 susce-

197 4157 371 4224 ptione
392 4153 652 4215 hominis,
684 4151 842 4205 sicuti
886 4164 985 4203 nec
1014 4147 1247 4201 membra
1274 4154 1420 4200 veste
1469 4144 1645 4198 induta
1669 4161 1783 4198 mn-

198 4254 370 4298 tantur
400 4262 416 4297 :
445 4258 753 4315 quanquam
783 4241 869 4295 illa
912 4238 1178 4307 susceptio
1212 4235 1547 4291 inell'abiliter
1594 4250 1778 4290 susce-

198 4342 337 4406 ptum
367 4334 679 4405 suscipienti
704 4332 1061 4401 cepulaverit:
1094 4330 1188 4386 sed
1211 4336 1464 4399 quantum
1497 4330 1657 4384 verba
1685 4329 1784 4384 hu-

200 4446 347 4485 mana
380 4430 544 4483 rebus
564 4425 920 4482 ineﬂabilibus
946 4422 1181 4494 cuaptari
1221 4429 1479 4497 possunt,
1512 4437 1579 4476 ne
1609 4430 1784 4475 muta-

200 4532 276 4575 tus
314 4521 654 4590 intelligatur
678 4519 817 4572 Deus
848 4518 1093 4571 humana:
1136 4514 1436 4583 fragilitatis
1463 4515 1786 4583 assumptio-

201 4630 261 4667 ne
279 4614 325 4677 ³,
358 4613 596 4667 electum
622 4618 705 4663 est
730 4618 783 4662 ut
810 4623 985 4679 grmcc
1009 4623 1172 4675 σχῆμα
1189 4646 1204 4671 ,
1234 4613 1286 4659 et
1326 4605 1484 4659 latine
1509 4604 1783 4660 diceretur

204 4702 407 4757 habitus
430 4700 838 4769 illasuseeptio.

206 4792 433 4848 LXXIV.
464 4791 549 4845 De
576 4808 634 4845 eo
654 4791 787 4860 quod
832 4791 1073 4855 scriptum
1095 4798 1166 4844 est
1194 4791 1244 4842 in
1270 4789 1502 4861 Epistola
1548 4790 1702 4843 Pauli
1720 4789 1789 4843 ad

266 4865 593 4918 Colossenses
616 4881 634 4919 ;
654 4863 707 4914 In
739 4878 842 4929 quo
874 4861 1127 4913 habemus
1167 4861 1588 4929 redemptionem
1620 4870 1672 4913 et
1697 4877 1787 4915 re-

268 4936 583 4988 missionem
637 4942 971 4999 peceatorum
992 4972 1007 4995 ,
1038 4932 1128 5000 qui
1151 4941 1233 4987 est
1260 4932 1432 5001 imago
1462 4932 1554 4986 Dei
1604 4931 1787 4986 invisiv

268 5006 389 5059 bilis
417 5003 655 5077 (Colon.
688 5018 726 5065 ι,
762 5003 847 5063 ιι,
884 5002 992 5071 is).

270 5095 447 5163 Imago
507 5103 565 5149 et
616 5093 892 5164 a-qualitas
947 5100 1003 5146 et
1055 5091 1346 5146 similitudo
1422 5091 1789 5161 distinguenda

211 5200 339 5240 sunt.
370 5187 505 5253 Quia
530 5185 618 5240 ubi
644 5186 839 5255 imago,
856 5183 1108 5239 continuo
1146 5183 1453 5248 similitudo,
1486 5200 1591 5238 non
1616 5185 1791 5240 conti-

214 5294 307 5331 nuo
335 5277 615 5348 aequalitas
648 5293 663 5330 :
693 5276 781 5331 ubi
804 5275 1119 5347 aequalitas,
1141 5276 1395 5329 continuo
1450 5275 1744 5331 similitudo
1772 5317 1786 5340 ,

214 5356 305 5423 non
327 5371 581 5424 continuo
632 5370 808 5438 imago
842 5384 855 5420 :
890 5367 978 5421 ubi
1009 5366 1297 5422 similitudo
1326 5408 1342 5433 ,
1391 5383 1497 5422 non
1540 5369 1793 5423 continuo

214 5460 393 5532 iunge,
416 5478 521 5518 non
546 5462 808 5518 continuo
829 5459 1126 5528 (equalitas.
1162 5458 1262 5514 Ubi
1291 5459 1464 5531 imago
1494 5500 1509 5525 ,
1537 5461 1793 5517 continuo

270 5606 284 5632 ¹
308 5602 377 5650 sic
396 5608 499 5653 Mss.
523 5610 655 5653 octo.
681 5607 742 5648 At
765 5598 906 5655 editi,
934 5596 1022 5646 sed
1047 5601 1288 5659 umquam.

268 5665 287 5693 ³
306 5665 631 5714 dstereieusis
653 5661 815 5713 codex
836 5659 1043 5717 omittit,
1076 5657 1229 5718 Deus;
1252 5660 1391 5721 cujus
1410 5658 1539 5708 vocis
1561 5657 1667 5709 loco
1691 5658 1795 5722 plu-

219 5734 293 5773 ινα
308 5732 407 5775 Ilss.
432 5728 635 5784 habent,
662 5730 712 5773 ut
735 5722 903 5771 Immo.

272 5788 290 5815 ³
311 5796 395 5837 nat.
421 5795 488 5837 tr.
508 5799 557 5839 et
587 5788 826 5852 plerique
851 5790 984 5837 Mss,
1009 5789 1290 5837 assimmtor.
1311 5810 1369 5819 -
1387 5784 1459 5832 sic
1479 5785 1624 5832 etiam
1646 5784 1794 5845 Iugd.

222 5858 266 5897 Et
288 5858 381 5901 Hdt.
444 5860 500 5902 Μ.

1891 483 2202 551 similitudo,
2232 500 2335 539 non
2366 488 2622 542 continuo
2643 485 2952 559 mqualitas:
2981 494 3038 542 ut
3063 486 3115 541 in
3142 486 3358 559 speculo
3385 492 3481 542 est

1892 574 2065 645 imago
2090 574 2347 642 hominis,
2380 577 2501 647 quia
2529 576 2597 631 de
2623 577 2714 632 illo
2729 591 2980 647 expressa
3008 585 3125 642 est;
3176 586 3261 633 est
3303 579 3468 633 etiam

1891 666 2193 721 necessario
2220 665 2511 722 similitudo
2544 709 2559 734 ,
2613 682 2718 722 non
2759 675 2935 722 tamen
2991 667 3303 737 aequalitas,
3345 669 3470 738 quia

1889 758 2053 812 multa
2076 757 2268 813 desunt
2292 757 2528 829 imagini,
2563 774 2680 829 qua:
2704 767 2880 813 tamen
2933 759 3112 813 insunt
3170 759 3246 813 illi
3289 760 3367 814 rei
3403 758 3474 815 de

1888 863 1991 918 qua
2010 863 2262 918 expressa
2291 859 2391 904 est.
2422 846 2524 905 Ubi
2554 849 2851 919 aequalitas.
2869 850 3125 904 continuo
3155 847 3470 912 similitudo.

1890 955 1995 995 non
2018 940 2272 994 continuo
2307 940 2513 1009 imago:
2548 941 2693 995 velut
2723 940 2775 993 in
2811 939 3018 995 duobus
3043 939 3159 994 ovis
3208 939 3424 1009 paribus
3452 980 3468 1003 ,

1887 1031 2011 1099 quia
2034 1030 2173 1086 inest
2200 1030 2495 1099 mqualitas,
2517 1031 2654 1086 inest
2667 1030 3073 1097 tet-similitudo;
3120 1044 3472 1099 quaecumque

1888 1123 2028 1178 enim
2055 1122 2248 1176 adsunt
2274 1123 2387 1187 uni,
2419 1122 2610 1176 adsunt
2635 1122 2891 1186 etalteri;
2927 1123 3098 1191 imago
3129 1130 3305 1176 tamen
3364 1136 3481 1175 non.

1886 1224 1988 1281 est,
2017 1216 2138 1285 quia
2166 1224 2411 1269 neutrum
2432 1216 2498 1270 de
2524 1218 2691 1272 altero
2718 1230 3028 1285 expressum
3054 1226 3156 1271 est.
3193 1214 3296 1271 Ubi
3317 1215 3470 1268 simi-

1888 1306 2079 1373 litudo,
2105 1321 2211 1361 non
2264 1294 2518 1361 eohtinuo
2546 1308 2736 1376 imago,
2764 1322 2866 1362 non
2891 1307 3149 1361 continuo
3173 1306 3466 1375 inqualitas:

1887 1384 2045 1454 omne
2061 1400 2258 1468 quippe
2283 1414 2440 1453 ovmn
2465 1399 2746 1462 oinniovo,
2776 1399 2826 1451 in
2858 1407 3114 1467 quantum
3154 1411 3312 1451 ovum
3354 1406 3466 1456 est,

1886 1493 2059 1547 simile
2085 1501 2194 1556 est;
2224 1491 2315 1546 sed
2338 1507 2497 1546 ovum
2529 1491 2759 1561 perdieis
2780 1532 2795 1556 ,
2828 1490 3068 1559 quamvis
3113 1490 3164 1544 in
3212 1496 3467 1559 quantum

1885 1603 2041 1641 ovum
2070 1595 2171 1651 est,
2193 1587 2368 1642 simile
2415 1586 2483 1640 sit
2528 1602 2628 1639 ovo
2648 1584 2877 1652 gallinae,
2924 1598 3023 1638 nec
3066 1582 3243 1652 imago
3292 1590 3469 1636 tamen

1884 1678 1999 1748 ejus
2026 1687 2126 1743 est,
2149 1680 2269 1747 quia
2300 1679 2366 1733 de
2396 1679 2488 1733 illo
2513 1693 2823 1747 expressum
2877 1693 2982 1731 non
3013 1685 3127 1741 est;
3160 1691 3259 1730 nec
3286 1690 3469 1745 aequa-

1886 1770 1937 1824 le
1954 1812 1967 1834 ,
1992 1770 2114 1839 quia
2141 1771 2357 1825 brevius
2380 1780 2463 1824 est
2486 1810 2500 1832 ,
2521 1778 2579 1824 ct
2601 1770 2818 1823 alterius
2853 1769 3065 1839 generis
3098 1768 3468 1822 animantium.

1886 1862 1990 1917 Sed
2015 1864 2098 1916 ubi
2129 1863 2338 1927 dicitur,
2363 1862 2476 1916 Non
2505 1862 2779 1924 continuo,
2811 1863 2989 1931 utique
3015 1861 3327 1930 intelligitur
3344 1861 3468 1931 quia

1885 1970 2005 2010 esse
2029 1954 2313 2024 aliquando
2343 1962 2535 2023 potest.
2571 1954 2753 2008 Potest
2775 1968 2901 2022 ergo
2928 1967 3048 2007 esse
3088 1953 3263 2023 aliqua
3294 1953 3470 2020 imago

1887 2048 1941 2102 in
1970 2064 2070 2116 qua
2094 2049 2163 2102 sit
2187 2049 2346 2102 etiam
2374 2047 2651 2116 arqualitas
2675 2062 2688 2098 :
2716 2056 2769 2100 ut
2815 2046 2867 2100 in
2922 2045 3227 2113 parentibus
3267 2043 3471 2101 etliliis

1888 2140 2212 2193 inveniretur
2234 2139 2410 2207 imago
2428 2147 2482 2192 et
2501 2138 2776 2207 inqualitas
2797 2149 2851 2192 et
2874 2136 3165 2191 similitudo
3184 2178 3197 2199 ,
3224 2136 3272 2191 si
3301 2136 3470 2191 inter-

1886 2230 2081 2284 vallum
2113 2231 2365 2299 tetnporis
2385 2229 2675 2293 defuisset;
2718 2244 2841 2283 nam
2891 2237 2945 2284 et
2993 2230 3061 2283 de
3112 2238 3332 2299 parente
3376 2244 3472 2285 ex-

1886 2336 2070 2392 pressa
2098 2330 2178 2375 est
2202 2320 2493 2375 similitudo
2521 2321 2633 2383 filii,
2660 2329 2717 2383 ut
2739 2328 2884 2375 recte
2930 2319 3141 2375 dicatur
3189 2321 3384 2391 imago,
3412 2331 3470 2376 et

1889 2422 2061 2481 potest
2097 2427 2215 2466 esse
2266 2420 2409 2465 tanta
2434 2452 2449 2475 ,
2493 2421 2550 2465 ut
2580 2421 2724 2467 recte
2744 2412 2903 2465 etiam
2934 2410 3141 2466 dicatur
3166 2411 3465 2482 mqualitas,
3538 2476 3541 2483 _

1888 2502 1988 2556 nisi
2015 2501 2153 2571 quod
2182 2516 2370 2569 parens
2394 2511 2632 2569 tempore
2654 2501 2946 2569 praecessit.
2978 2501 3052 2555 Ex
3077 2517 3182 2571 quo
3221 2501 3473 2570 intelligi-

1889 2604 1975 2647 tur
2001 2602 2054 2646 et
2083 2592 2367 2661 aliquando
2389 2592 2744 2661 atqualitatem
2778 2609 2883 2645 non
2934 2591 3108 2646 solum
3158 2591 3467 2646 similitudi-

1888 2703 2007 2741 nem
2028 2686 2246 2750 habere,
2280 2684 2372 2737 sed
2395 2686 2555 2739 etiam
2585 2684 3070 2755 imaginem;un
3124 2685 3174 2738 in
3207 2684 3470 2753 superiori

1887 2779 2133 2848 exemplo
2159 2777 2492 2832 manifestum
2525 2787 2623 2832 est.
2655 2777 2836 2833 Potest
2863 2777 3023 2832 etiam
3063 2776 3346 2845 aliquando
3397 2776 3473 2831 si-

1888 2869 2131 2925 militudo
2156 2884 2277 2923 esse
2296 2878 2351 2923 et
2394 2869 2693 2937 aequalitas,
2724 2868 2968 2938 quamvis
2992 2885 3098 2924 non
3140 2869 3210 2923 sit
3256 2869 3468 2939 imago;

1890 2971 1946 3015 nt
1971 2961 2040 3016 de
2059 2960 2268 3015 duobus
2288 2960 2401 3014 ovis
2438 2960 2653 3030 paribus
2682 2960 2881 3016 dictum
2925 2970 3029 3016 est.
3084 2961 3265 3016 Potest
3309 2960 3470 3015 etiam

1887 3052 2177 3107 similitudo
2202 3061 2255 3106 et
2284 3052 2458 3122 imago
2486 3043 2628 3115 esse,
2651 3055 2894 3121 quamvis
2931 3067 3037 3108 non
3065 3053 3136 3107 sit
3152 3052 3427 3122 aequalitas
3451 3067 3470 3113 ;

1889 3152 1946 3197 ut
1971 3144 2023 3197 in
2049 3142 2265 3212 speculo
2284 3141 2634 3198 ostendimus.
2680 3144 2862 3198 Potest
2908 3152 2963 3198 et
2989 3142 3282 3199 similitudo
3304 3156 3425 3199 esse
3450 3183 3470 3210 ,

1889 3234 1976 3289 ubi
2006 3245 2061 3289 et
2087 3232 2360 3303 aequalitas
2379 3242 2433 3287 et
2463 3233 2765 3303 imagosit;
2796 3235 2935 3289 sicut
2975 3233 3044 3289 de
3088 3234 3208 3289 liliis
3232 3249 3472 3290 comme-

1887 3326 2232 3389 moravimus,
2259 3334 2480 3393 excepto
2511 3333 2773 3393 tempore,
2802 3341 2909 3393 quo
2937 3326 3243 3394 praecedunt
3275 3341 3471 3396 paren-

1891 3427 1990 3471 tes.
2020 3417 2111 3473 Sic
2136 3418 2278 3471 cnim
2312 3417 2572 3486 aequalem
2628 3418 2886 3489 syllabam
2937 3419 3157 3489 syllabae
3204 3420 3469 3485 dicimus;

1889 3509 2130 3576 quamvis
2154 3508 2321 3562 altera
2354 3507 2648 3575 przecedat,
2673 3508 2839 3563 altera
2884 3510 3253 3578 subsequatur.
3278 3508 3332 3564 lu
3361 3510 3472 3565 Deo

1887 3610 2086 3665 autem,
2116 3601 2235 3669 quia
2263 3599 2498 3654 conditio
2524 3600 2777 3669 temporis
2806 3609 2991 3665 vacat;
3034 3618 3137 3655 non
3184 3603 3324 3657 enim
3369 3620 3469 3673 po-

1891 3702 1992 3747 test
2010 3700 2154 3746 recte
2180 3690 2346 3745 videri
2368 3691 2508 3745 Deus
2536 3691 2585 3744 in
2616 3699 2856 3762 tempore
2889 3708 3175 3761 generasse
3231 3693 3424 3748 Filium
3451 3735 3468 3757 ,

1888 3800 1983 3855 per
2004 3800 2162 3854 quem
2186 3784 2422 3838 condidit
2469 3796 2706 3855 tempora
2738 3803 2750 3837 :
2781 3800 3115 3855 consequens
3168 3796 3250 3841 est
3278 3794 3469 3841 utnon

1887 3875 2062 3930 solum
2089 3875 2158 3929 sit
2181 3876 2356 3944 imago
2383 3874 2518 3942 ejus,
2560 3875 2683 3944 quia
2705 3874 2773 3929 de
2802 3874 2892 3931 illo
2918 3884 3020 3938 cst,
3054 3885 3108 3930 et
3149 3877 3463 3941 similitudo,

1886 3968 2007 4038 quia
2031 3968 2201 4036 imago
2221 3965 2436 4035 (Coloss.
2457 3982 2493 4029 ι,
2528 3965 2614 4035 l5)
2640 3983 2653 4030 ;
2684 3966 2777 4019 sed
2813 3967 2970 4021 etiam
3003 3969 3275 4038 mqualitas
3300 3977 3471 4033 tanta,

1888 4074 1988 4115 nec
2007 4057 2259 4126 temporis
2287 4056 2502 4125 quidem
2534 4056 2869 4111 intervallum
2895 4059 3278 4126 impedimento
3305 4057 3395 4115 sit.

2296 4148 2504 4204 LXXV.
2535 4148 2614 4203 De
2641 4150 2932 4204 hteredilate
2948 4150 3062 4204 Dei.

1962 4245 2012 4296 l.
2036 4240 2185 4295 Sicut
2214 4240 2502 4309 Apostolus
2528 4240 2591 4293 ad
2638 4240 2891 4297 Hebraeos
2909 4242 3068 4306 dicit,
3104 4241 3473 4298 Testamentum

1890 4332 2139 4387 testatoris
2179 4341 2341 4385 marte
2387 4332 2620 4400 ﬁrmatur
2652 4331 2672 4404 (
2699 4331 2853 4386 Ilebr.
2900 4348 2975 4394 ix.
3004 4335 3065 4388 17
3090 4334 3151 4405 );
3191 4345 3473 4405 propterea

1891 4434 2101 4480 mortuo
2131 4440 2225 4493 pro
2256 4424 2407 4477 nobis
2428 4424 2660 4487 Christo,
2701 4423 2906 4478 Novum
2938 4425 3337 4482 Testamentum
3384 4429 3476 4482 lir-

1893 4525 2094 4572 matum
2126 4531 2246 4570 esse
2296 4516 2523 4569 asserit:
2554 4515 3025 4585 cujus-similitudo
3071 4517 3234 4573 Vetus
3276 4519 3471 4574 Testa-

1892 4618 2286 4669 mentumerat,
2316 4607 2368 4661 in
2404 4623 2511 4677 quo
2556 4624 2699 4663 mors
2751 4612 3019 4665 testatoris
3064 4627 3159 4681 per
3204 4612 3472 4668 victimam

1894 4699 2351 4770 prmligurabatur.
2383 4698 2436 4752 Si
2460 4713 2589 4769 ergo
2625 4710 2901 4769 quaeratur
2944 4703 3213 4770 quomodo
3256 4705 3426 4759 simus
3456 4747 3472 4770 ,

1892 4791 2181 4845 secundum
2212 4788 2447 4857 ejusdem
2474 4791 2714 4857 Apostoli
2745 4792 2926 4853 verba,
2958 4792 3471 4860 cohteredes‘Christi,

1892 4892 1945 4937 ct
1971 4883 2064 4950 ﬁlii
2090 4892 2249 4951 atque
2276 4881 2498 4935 hwredes
2520 4880 2611 4934 Dei
2635 4881 2651 4951 (
2672 4882 2821 4935 Rom.
2854 4898 2967 4944 vttt.
2996 4886 3058 4938 l7
3078 4885 3130 4955 );
3163 4901 3283 4940 cum
3307 4886 3468 4940 etiam

1894 4974 2179 5029 Inereditas
2203 4972 2692 5027 mortedecessoris
2728 4973 2877 5028 lirma
2903 4984 3162 5041 teneatur,
3214 4990 3312 5029 nec
3363 4977 3474 5032 ullo

1891 5067 1999 5121 alio
2034 5064 2195 5120 modo
2249 5064 2416 5134 possit
2462 5064 2748 5121 hair-editas
2794 5067 3051 5138 intelligi:
3082 5069 3434 5137 respondetur
3458 5112 3474 5135 ,

1892 5158 2010 5226 ipso
2034 5155 2249 5225 quidem
2281 5164 2490 5211 mortuo
2521 5155 2688 5210 factos
2732 5174 2832 5212 nos
2874 5173 2994 5212 esse
3042 5158 3309 5223 hirredes,
3344 5176 3478 5230 quo-
3520 5154 3525 5155 ν

1896 5250 2036 5305 uiam
2083 5248 2175 5302 ﬁlii
2225 5247 2340 5317 ejus
2370 5248 2532 5302 etiam
2557 5247 2685 5302 dicti
2712 5264 2915 5303 sumus.
2945 5248 3065 5302 Non
3090 5250 3352 5319 jejunum.
3391 5254 3442 5307 in
3462 5289 3477 5298 .
3504 5260 3522 5277 ’

1895 5342 2028 5411 quit,
2059 5339 2152 5407 ﬁlii
2173 5339 2369 5408 sponsi,
2393 5338 2633 5403 quamdiu
2654 5356 2766 5393 cum
2793 5340 2894 5393 illis
2919 5348 2989 5392 est
3005 5357 3223 5410 sponsus
3246 5342 3264 5413 (
3288 5342 3477 5398 Matth.

1897 5447 1977 5496 Ix,
2020 5430 2132 5502 15).
2161 5430 2412 5485 [heredes
2467 5444 2595 5501 ergo
2632 5432 2747 5500 ejus
2770 5433 2785 5462 ¹
2810 5431 3058 5501 dicimur,
3097 5436 3218 5505 quia
3264 5437 3480 5508 reliquit

1897 5524 2224 5592 nobispaeis
2248 5521 2625 5577 ecclesiasticae
2644 5524 3035 5591 possessionem
3065 5543 3158 5597 per
3176 5528 3332 5583 [idem
3353 5539 3483 5584 tem-

1900 5616 2099 5686 poralis
2127 5614 2553 5685 diSpensationis,
2583 5630 2741 5682 qualn
2771 5616 2821 5669 in
2842 5616 2938 5672 hac
2963 5620 3067 5672 vita
3097 5620 3431 5690 possidemus
3462 5660 3476 5683 ,

1900 5708 2040 5779 quod
2066 5716 2288 5763 testatus
2308 5714 2388 5759 est
2411 5705 2615 5773 dicens,
2639 5705 2999 5764 I‘ucemmeam
3032 5715 3094 5765 do
3138 5714 3291 5773 vobis,
3307 5727 3480 5782 pacem

2012 5849 2126 5897 Vox,
2150 5840 2273 5903 eius,
2297 5842 2431 5890 abest
2465 5854 2493 5890 a
2519 5848 2614 5891 ttat.
2642 5852 2687 5891 et
2716 5842 2932 5905 pluribus
2954 5851 3056 5894 Mss.
