4000 6336
446 406 454 416 ο
510 383 581 442 87
1229 384 1316 440 DE
1356 383 1666 441 DIVERSIS
1701 381 2222 453 QUIESTIONIBUS
2262 384 2548 453 LXXXIII,
2585 386 2641 444 S.
2683 333 3050 446 ‘AIJGUSTINI
3708 399 3773 459 88

510 496 930 566 ηιὶηιιιιοπυοὺίσ
966 496 1155 570 (Joan.
1213 512 1335 564 xtv,
1373 495 1499 567 27).
1553 495 1873 551 Colicercdes
1915 503 2093 550 autem

508 590 627 659 ejus
646 590 959 657 etﬁciemur,
989 604 1113 645 cum
1138 589 1190 644 in
1215 589 1318 644 ﬁne
1342 588 1524 644 StBCltIl
1548 604 1692 643 mors
1719 587 2093 643 absorbebitur

510 681 564 735 in
610 681 885 737 victoriam
937 680 999 752 (l
1031 680 1150 736 Cor.
1178 697 1273 744 xv,
1298 681 1412 749 54).
1441 679 1592 735 Tunc
1618 680 1759 735 enim
1800 680 2003 734 similes
2043 678 2093 734 ei

509 773 740 837 erimus,
765 772 978 843 quando
1006 773 1298 829 videbimus
1335 787 1459 827 eum
1508 772 1661 826 sicuti
1708 780 1791 827 est
1835 770 1891 842 (Ι
1932 769 2089 825 Joan.

510 879 586 926 Ill,
611 860 687 933 2).
710 865 879 932 Quam
908 864 1270 919 hrcreditatem
1296 881 1397 919 non
1425 863 1539 934 ejus
1562 863 1732 917 Patris
1767 872 1937 917 morte
1978 861 2094 916 adi-

500 956 787 1027 piscimur,
818 955 906 1025 qui
935 955 1070 1009 mori
1102 970 1208 1010 non
1243 963 1452 1025 potest;
1504 953 1932 1024 quandoquidem
1984 953 2097 1022 ipse

510 1047 567 1099 lit
596 1046 883 1101 hscreditas
908 1057 1119 1111 nostra,
1153 1046 1443 1101 secundum
1492 1045 1616 1099 illud
1658 1046 1800 1115 quod
1840 1044 2094 1113 scriptum

510 1145 614 1201 est,
647 1135 900 1191 Dominus
917 1155 1037 1207 pars
1068 1138 1376 1191 hwreditatis
1404 1152 1528 1190 mea:
1554 1136 1572 1207 (
1599 1133 1740 1189 Psal.
1762 1151 1852 1200 xv,
1879 1134 1934 1204 5)
1964 1152 1977 1188 :
2000 1133 2094 1187 sed

506 1228 778 1297 quoniam,
807 1246 927 1285 cum
956 1231 1122 1284 vocati
1145 1245 1331 1285 sumus
1353 1229 1527 1283 adhuc
1554 1228 1777 1298 parvuli,
1802 1237 1856 1282 et
1884 1226 1949 1281 ad
1988 1227 2096 1295 spi-

506 1321 713 1375 ritualia
738 1322 1146 1392 contemplanda
1177 1323 1352 1376 minus
1389 1321 1586 1388 idonei,
1618 1335 1782 1391 usque
1806 1318 1872 1373 ad
1900 1318 2096 1372 humil-

506 1411 660 1466 limas
683 1422 893 1468 nostras
912 1413 1262 1483 cogitationes
1285 1428 1343 1469 se
1362 1413 1542 1468 divina
1587 1410 1860 1466 miseratio
1904 1424 2096 1479 porre-

506 1501 605 1567 xit,
623 1496 685 1557 ut
703 1504 1203 1573 quomodocumque
1228 1518 1453 1559 cernere
1478 1503 1790 1567 niteremur,
1816 1499 1957 1570 quod
1989 1515 2093 1552 non

465 1590 479 1646 i
510 1594 783 1649 evidenter
802 1605 959 1667 atque
988 1596 1265 1665 perSpicue
1285 1594 1656 1659 cernebamus,
1709 1592 1936 1660 idipsum
1982 1605 2095 1646 mo.

508 1686 641 1739 ritur
669 1686 808 1755 quod
828 1687 878 1740 in
902 1687 1182 1757 aenigmate
1202 1686 1583 1748 cernebamus,
1612 1698 1732 1738 cum
1763 1682 1895 1737 facie
1917 1682 1983 1737 ad
2010 1680 2094 1736 la-

505 1776 644 1831 ciem
673 1791 895 1833 cernere
936 1778 1278 1848 coeperimus.
1328 1777 1720 1832 Cunveuienter
1747 1790 1876 1845 ergo
1903 1774 2097 1829 dicitur

511 1867 829 1921 moriturum
855 1883 975 1921 esse
1018 1866 1158 1937 quod
1204 1865 1660 1921 aul'eretur:Cum
1697 1874 1864 1917 autem
1908 1863 2094 1917 venerit

504 1957 641 2026 quod
668 1961 942 2027 perfectum
968 1967 1061 2023 est,
1091 1957 1348 2025 auferetur
1368 1955 1503 2026 quod
1523 1971 1586 2009 ea:
1626 1964 1770 2026 parte
1798 1963 1867 2007 est
1895 1952 1947 2025 (I
1972 1951 2089 2007 Cor.

504 2063 623 2115 xm,
653 2048 766 2120 10).
797 2049 870 2104 Ita
902 2049 1056 2105 nobis
1090 2048 1321 2120 quodam
1365 2047 1525 2103 modo
1575 2048 1800 2102 moritur
1835 2046 1993 2101 Pater
2036 2046 2090 2100 in

505 2139 787 2210 aenigmate
814 2181 830 2207 ,
861 2150 917 2195 et
951 2139 1090 2196 idem
1124 2140 1236 2209 ipse
1270 2140 1329 2194 ﬁt
1353 2139 1639 2194 hmreditas
1660 2180 1673 2202 ,
1716 2154 1836 2193 cum
1866 2139 1996 2193 facie
2025 2138 2091 2193 ad

505 2231 697 2290 faciem
728 2233 940 2288 videtur
971 2234 1025 2299 ';
1056 2234 1304 2304 nonquia
1338 2234 1449 2302 ipse
1491 2233 1734 2297 moritur,
1773 2231 1866 2286 sed
1896 2234 2092 2301 imper-

507 2320 646 2380 fecta
672 2324 726 2380 in
746 2339 870 2381 eum
904 2336 1082 2379 nostra
1108 2326 1241 2379 visio
1268 2324 1505 2395 perfecta
1531 2324 1737 2377 visione
1768 2324 2044 2393 perimitur
2072 2341 2086 2377 :

503 2426 559 2473 et
581 2427 758 2473 tamen
780 2418 880 2473 nisi
910 2418 997 2473 illa
1036 2417 1181 2488 prior
1211 2431 1308 2472 nos
1341 2415 1591 2482 nutriret,
1616 2415 1680 2470 ad
1708 2416 1865 2469 aliam
1903 2417 2091 2486 plenis-

503 2508 695 2563 simam
723 2517 777 2563 et
805 2507 1257 2563 evidentissimum
1278 2522 1382 2561 non
1408 2506 1746 2561 efﬁcerentur
1773 2505 1969 2560 idonei.

571 2598 628 2652 2.
668 2596 819 2667 Quod
867 2598 913 2654 si
954 2598 1116 2656 etiam
1161 2598 1229 2654 de
1274 2598 1498 2653 Domino
1527 2597 1655 2653 Jesu
1695 2598 1931 2665 Christo,
1981 2612 2088 2653 non

501 2688 796 2743 secundum
830 2686 1060 2743 Verbum
1108 2689 1160 2743 iu
1211 2688 1473 2759 principio
1525 2688 1692 2742 Deum
1742 2687 1880 2758 apud
1922 2688 2087 2743 Deum

502 2778 684 2847 (Joan.
716 2794 755 2845 ι,
788 2778 865 2849 l),
893 2778 987 2834 sed
1033 2778 1325 2833 secundum
1376 2793 1620 2848 puerum,
1651 2779 1743 2849 qui
1782 2778 2091 2849 proﬁciebat

501 2877 657 2925 atate
684 2884 748 2924 ac
793 2869 1052 2940 sapientia
1083 2869 1241 2943 (Luc.
1272 2886 1330 2937 ιι,
1360 2868 1477 2942 40),
1510 2871 1628 2940 pius
1659 2869 1956 2924 intellectus
1995 2870 2091 2924 ad-

500 2961 696 3025 mittit,
748 2961 961 3030 propria
1004 2960 1091 3015 illa
1138 2961 1477 3031 susceptione
1518 2968 1747 3026 servata,
1777 2975 1896 3029 quze
1936 2974 2089 3014 com-

501 3054 678 3108 munis
705 3052 754 3108 ei
781 3068 901 3108 cmn
926 3052 1138 3107 cteteris
1164 3051 1468 3106 hominibus
1494 3035 1608 3105 non
1649 3059 1751 3116 est,
1783 3051 1938 3118 cujus
1973 3058 2091 3105 tau-

500 3159 661 3215 quam
689 3153 858 3199 morte
898 3142 1169 3214 possideat
1204 3142 1592 3208 luereditatem,
1621 3139 1957 3196 manifestum
1984 3150 2086 3196 est.

500 3236 617 3292 Non
648 3238 791 3292 enim
817 3250 916 3291 nos
934 3235 1244 3292 cohaeredes
1276 3236 1391 3307 ejus
1417 3250 1537 3291 esse
1575 3249 1876 3307 possumus,
1908 3236 2007 3290 nisi
2034 3245 2089 3289 et

502 3330 618 3402 ipse
657 3330 828 3385 hzcres
854 3330 943 3385 sit.
984 3329 1040 3383 Si
1066 3338 1243 3385 autem
1276 3330 1442 3400 pietas
1480 3328 1582 3383 hoc
1617 3345 1721 3383 non
1749 3328 1999 3392 admittit,
2034 3337 2089 3381 ut

500 3423 674 3493 primo
700 3438 766 3478 ex
809 3430 956 3494 parte
995 3420 1200 3476 videret
1244 3420 1405 3476 homo
1437 3421 1739 3476 Dominicus
1765 3420 1862 3492 (η),
1895 3419 2088 3474 deinde

500 3532 567 3572 ex
595 3526 708 3570 tuto
726 3530 1025 3586 quanquam
1056 3514 1108 3568 in
1134 3513 1392 3584 sapientia
1421 3512 1679 3583 proﬁcere
1707 3511 1880 3567 dictus
1904 3512 2001 3575 sit;
2032 3511 2086 3565 in

500 3621 728 3676 corpore
756 3622 855 3660 suo
883 3605 1205 3675 intelligantur
1235 3605 1427 3668 haeres,
1461 3603 1513 3657 id
1539 3613 1620 3657 est
1648 3602 1908 3669 Ecclesia,
1937 3603 2089 3671 cujus

500 3698 810 3754 cohazredes
844 3712 1031 3754 sumus
1072 3715 1086 3751 :
1134 3695 1579 3767 quemadmodum
1608 3696 1698 3750 ﬁlii
1742 3696 1858 3767 ejus
1903 3694 2089 3751 matris

501 3790 753 3856 dicimur,
784 3791 1028 3861 quamvis
1051 3806 1117 3845 ex
1144 3789 1300 3845 nobis
1323 3798 1553 3845 constet.

574 3884 627 3938 5.
666 3881 772 3938 Sed
801 3897 1012 3937 rursum
1039 3881 1201 3952 qua~ri
1244 3889 1436 3951 potest,
1467 3880 1621 3947 cujus
1649 3888 1820 3934 morte
1856 3878 1974 3934 lacti
2015 3879 2088 3933 si-

499 3987 621 4029 mus
649 3974 809 4028 etiam
846 3987 942 4026 nos
974 3971 1254 4027 luercditas
1283 3970 1396 4037 Dei,
1424 3970 1714 4026 secundum
1752 3968 1901 4033 illud,
1940 3967 2086 4023 Dabo

499 4064 593 4117 tibi
609 4072 777 4133 gentes
806 4062 1147 4116 Iucreditatem
1176 4062 1348 4115 tuam’
1394 4059 1562 4131 (Psal.
1604 4076 1661 4127 ιι,
1689 4058 1744 4134 8)
1770 4077 1783 4112 :
1819 4060 1917 4113 nisi
1950 4059 2086 4114 forte

498 4154 659 4225 hujus
685 4153 888 4219 mundi,
918 4169 1025 4223 quo
1064 4153 1208 4222 prius
1247 4161 1495 4223 tanquam
1525 4152 1831 4207 dominante
1872 4153 2087 4207 teneba-

498 4257 641 4299 mur.
668 4244 797 4298 Post
813 4254 991 4298 autem
1016 4257 1138 4297 cum
1159 4242 1403 4308 dicimus,
1424 4240 1556 4296 Mihi
1574 4243 1792 4297 mundus
1812 4242 2086 4312 cruciﬁxus

498 4346 593 4403 est,
625 4344 673 4390 et
698 4351 790 4407 ego
824 4334 1012 4389 mundo
1039 4331 1234 4408 (Galat.
1265 4349 1339 4399 vr,
1380 4334 1505 4403 l4);
1537 4333 1775 4405 possidet
1810 4348 1906 4387 nos
1934 4332 2087 4388 Chri-

495 4437 633 4491 stus,
665 4434 877 4482 mortuo
902 4426 994 4480 illo
1028 4425 1119 4496 qui
1145 4439 1243 4480 nos
1271 4424 1578 4495 possidebat
1604 4441 1617 4477 :
1648 4439 1770 4479 cum
1801 4424 1849 4479 ei
1888 4440 2087 4479 renun—

498 4518 697 4573 tiamus
717 4518 978 4573 morimur
1002 4517 1099 4581 illi,
1123 4525 1178 4571 et
1202 4518 1315 4587 ipse
1342 4516 1518 4571 nobis.

498 4608 733 4663 LXXVI.
782 4607 862 4662 De
905 4624 963 4662 eo
1013 4608 1148 4677 quod
1194 4608 1455 4677 apostolus
1504 4605 1726 4661 Iacobus
1770 4608 1891 4661 dicit
1931 4623 1952 4661 :
1992 4607 2085 4663 Vis

567 4709 745 4754 autem
774 4699 931 4763 scire,
960 4713 995 4754 ο
1034 4698 1195 4753 homo
1227 4699 1418 4764 inanis,
1449 4699 1572 4768 quia
1617 4698 1748 4753 ﬁdes
1794 4700 1910 4754 sine
1950 4713 2082 4770 ope-

569 4791 718 4845 ribus
745 4790 914 4845 otiosa
941 4798 1025 4845 est
1054 4789 1256 4861 (Jacobi
1284 4804 1341 4853 ιι,
1372 4788 1504 4861 20)?

570 4883 623 4936 l.
665 4881 924 4947 Quoniam
957 4879 1149 4934 Paulus
1174 4880 1449 4949 apostolus
1482 4878 1777 4948 praedicans
1801 4878 2081 4948 iustiﬁcari

470 4973 771 5028 oltominem
820 4986 915 5042 per
943 4970 1099 5026 tidem
1142 4971 1258 5025 sine
1294 4970 1566 5039 Operibus,
1591 4986 1696 5023 non
1743 4970 1878 5026 bene
1922 4970 2084 5027 intel-

498 5068 670 5123 lectus
694 5075 777 5122 est
806 5065 875 5120 ab
906 5064 985 5119 eis
1022 5062 1112 5134 qui
1144 5063 1222 5116 sic
1245 5071 1565 5131 acceperunt
1601 5062 1819 5127 dictum,
1844 5073 1902 5117 ut
1931 5072 2081 5133 puta-

499 5166 637 5220 rent,
680 5173 800 5212 cum
843 5155 1007 5213 semel
1058 5155 1109 5208 in
1136 5153 1406 5208 Christum
1453 5152 1833 5219 credidissent,
1872 5154 2080 5209 etiamsi

500 5247 639 5302 male
684 5256 1053 5316 operarentur,
1096 5253 1146 5299 ct
1193 5244 1487 5297 lacinorose
1533 5243 1897 5313 ﬂagitioseque
1938 5244 2081 5299 vive-

497 5346 640 5405 rent,
667 5339 842 5394 salvos
860 5354 920 5393 se
947 5353 1066 5393 esse
1088 5351 1245 5408 posse
1264 5350 1359 5405 per
1385 5333 1542 5389 ﬁdem
1576 5352 1589 5389 :
1621 5335 1769 5390 locus
1796 5335 1899 5390 iste
1920 5333 2079 5405 hujus

560 5472 579 5503 ³
606 5475 705 5518 ttat.
729 5474 803 5518 Er.
830 5476 883 5520 et
903 5470 1072 5532 viginti
1094 5476 1223 5531 Mss,
1256 5466 1544 5534 possidetur.
1563 5496 1624 5505 —
1646 5469 1720 5519 sic
1752 5469 1899 5518 etiam
1920 5467 2071 5532 Lugd.

501 5538 747 5641 ⁸ιέἕέῗά
764 5538 887 5642 Ἑν.
909 5601 1034 5655 post,
1053 5591 1381 5643 hwreditatem
1405 5598 1555 5653 tuam,
1572 5592 1884 5653 repetebant,
1915 5599 2078 5642 ﬂaue-

495 5654 694 5705 ditatem
715 5661 875 5704 mitem
896 5654 1058 5714 tuam;
1081 5656 1207 5717 quod
1231 5656 1372 5703 abest
1393 5668 1421 5702 a
1446 5662 1543 5704 ttat.
1571 5663 1623 5703 et
1645 5661 1750 5702 Mss.
1766 5678 1826 5689 —
1851 5654 1996 5714 Lugd.
2027 5661 2078 5702 et

495 5725 614 5789 ven.
642 5717 827 5789 habent
868 5716 1107 5765 eamdem
1129 5716 1387 5766 lectionem
1412 5729 1467 5769 ac
1491 5717 1732 5768 editiones
1757 5721 1829 5764 Er.
1857 5721 1907 5765 et
1931 5722 2078 5765 Lava-

496 5787 755 5827 niensium.
796 5787 847 5827 tt.

554 5841 627 5902 (ιι)
661 5849 676 5889 t
703 5848 903 5891 κρυ-θυι.
928 5853 1016 5903 cap
1062 5842 1137 5902 19,
1164 5855 1211 5888 ιι.
1236 5841 1283 5888 8.

2203 495 2452 567 Epistulae
2477 499 2722 556 eumdem
2744 515 2961 556 sensum
2986 502 3130 557 Pauli
3157 504 3401 573 apostoli,
3421 508 3685 575 quomodo
3705 513 3771 567 sit

2203 587 2594 659 intelligendus,
2616 593 2833 662 exponit
2859 592 3063 665 (Jacobi
3092 611 3148 662 ιι,
3180 596 3389 672 17-24).
3416 598 3641 670 Ideoque
3668 618 3774 658 ma-

2202 680 2283 749 gis
2323 681 2551 737 Abraha:
2577 683 2744 739 utitur
2779 686 3044 756 exemplo,
3078 704 3296 742 vacuam
3346 704 3465 745 esse
3512 690 3689 759 ﬁdem,
3728 696 3774 748 si

2204 785 2309 826 non
2336 770 2471 827 bene
2494 775 2806 842 Operetur‘;
2835 778 3082 845 quoniam
3112 778 3335 833 Abralre
3355 782 3600 849 exemplo
3621 785 3776 839 etiam

2203 862 2400 919 Paulus
2436 868 2708 935 apostolus
2736 883 2863 923 usus
2890 878 2991 935 est,
3018 879 3073 923 ut
3106 873 3351 940 probaret
3373 874 3648 943 justilicari
3686 876 3779 930 ho-

2202 960 2401 1014 minem
2439 976 2535 1031 per
2562 961 2718 1016 ﬁdem
2762 963 2878 1017 sine
2904 963 3154 1034 operibus
3196 964 3353 1035 chis
3397 966 3567 1037 (Itum.
3599 984 3668 1033 tv,
3697 970 3772 1040 ‘2).

2202 1050 2332 1105 Cum
2373 1053 2515 1106 enim
2558 1052 2695 1108 bona
2736 1069 2896 1125 opera
2941 1067 3325 1112 commemorat
3369 1060 3617 1126 Abrahut,
3662 1076 3777 1129 quae

2202 1140 2320 1211 ejus
2346 1140 2502 1197 ﬁdem
2528 1146 2775 1200 comitata
2804 1155 2948 1211 sunt,
2980 1148 3110 1201 satis
3150 1149 3380 1204 ostendit
3406 1149 3622 1203 Paulum
3655 1167 3781 1220 apu-

2201 1235 2396 1289 stolum
2428 1251 2531 1290 non
2568 1236 2639 1291 ita
2673 1254 2765 1306 per
2788 1238 3051 1293 Abraham
3076 1239 3273 1296 docere
3295 1241 3565 1310 justiﬁcari
3607 1242 3779 1297 homi-

2206 1340 2325 1381 nem
2366 1342 2461 1396 per
2489 1327 2645 1382 ﬁdem
2683 1329 2799 1384 sine
2826 1332 3096 1400 Operibus,
3131 1344 3187 1409 tu
3227 1333 3271 1387 si
3310 1334 3426 1402 quis
3471 1335 3781 1401 crediderit,

2202 1433 2306 1473 non
2335 1418 2399 1473 ad
2428 1435 2549 1475 eum
2581 1421 2845 1491 pertineat
2886 1424 3023 1479 bene
3052 1426 3294 1492 operari;
3340 1426 3431 1481 sed
3458 1427 3523 1480 ad
3556 1427 3660 1483 hoc
3691 1444 3782 1499 pu-

2202 1510 2326 1575 tius,
2354 1522 2413 1566 ut
2439 1528 2597 1569 nemo
2622 1516 2823 1569 meritis
2851 1516 3120 1587 priorum”
3157 1533 3377 1587 cperum
3418 1521 3707 1575 arbitretur
3727 1537 3786 1577 se

2200 1603 2507 1672 pervenisse
2533 1605 2599 1659 ad
2641 1604 2838 1660 donum
2864 1607 3276 1677 justiﬁcationis,
3304 1626 3423 1680 quae
3451 1621 3532 1666 est
3562 1612 3614 1665 in
3658 1611 3783 1668 ﬁde.

2199 1691 2255 1746 In
2305 1691 2407 1748 hoc
2449 1695 2589 1749 enim
2638 1710 2697 1750 se
2726 1694 2986 1753 Gentibus
3032 1698 3085 1752 in
3128 1697 3398 1754 Christum
3445 1700 3788 1759 credentibus

2197 1785 2366 1841 Judmi
2408 1788 2660 1857 praeferre
2689 1790 2994 1860 cupiebant,
3026 1791 3166 1861 quod
3192 1792 3441 1848 dicebant
3482 1810 3540 1849 se
3580 1795 3787 1850 meritis

2198 1877 2460 1933 bonorum
2507 1895 2728 1950 operum
2758 1897 2877 1952 quae
2908 1883 2960 1937 in
2992 1883 3129 1954 Lege
3157 1896 3303 1950 sunt,
3331 1885 3395 1938 ad
3424 1885 3787 1955 evangelicum

2197 1970 2427 2039 gratiam
2458 1971 2767 2040 pervenisse
2791 1990 2804 2025 :
2835 1972 3061 2045 ideoque
3086 1975 3580 2031 scandalizabautur
3608 1977 3786 2045 multi,

2197 2060 2287 2130 qui
2329 2076 2396 2115 ex
2438 2061 2517 2117 eis
2542 2062 2899 2129 crediderant,
2927 2065 3068 2134 quod
3110 2066 3493 2121 incircumcisis
3526 2067 3790 2122 Gentibus

2197 2150 2395 2206 Christi
2420 2153 2589 2223 gratia
2618 2153 2937 2209 traderetur.
2966 2155 3113 2211 Unde
3140 2157 3412 2226 apostolus
3436 2158 3634 2214 Paulus
3661 2158 3793 2212 dicit

2197 2258 2355 2312 posse
2410 2245 2679 2301 hominem
2721 2246 2837 2301 sine
2875 2247 3148 2318 Operibus,
3195 2248 3291 2303 sed
3332 2250 3789 2318 praecedentibus,

2189 2334 2466 2405 justiﬁcari
2494 2352 2589 2407 per
2618 2336 2796 2392 ﬁdem.
2825 2337 2955 2392 Nam
2979 2339 3299 2408 justilicatus
3331 2356 3423 2408 per
3452 2340 3609 2394 ﬁdem
3648 2356 3794 2411 quo-

2195 2422 2356 2483 modo
2413 2437 2586 2499 potest
2636 2429 2736 2484 nisi
2783 2430 2926 2499 juste
2968 2430 3219 2499 deinceps
3262 2432 3491 2500 Operari,
3539 2434 3796 2500 quamvis

2194 2527 2351 2573 antea
2392 2517 2523 2573 nihil
2562 2527 2813 2589 operatus
2861 2519 3023 2589 juste,
3057 2520 3123 2574 ad
3179 2518 3300 2574 ﬁdei
3347 2520 3793 2591 justiticationem

2195 2609 2517 2678 pervenerit,
2544 2625 2649 2664 non
2681 2610 2873 2665 merito
2906 2609 3171 2665 bonorum
3207 2626 3449 2681 operum,
3485 2614 3580 2667 sed
3616 2616 3792 2684 gratia

2194 2699 2314 2767 Dei,
2360 2716 2480 2771 qua:
2522 2702 2574 2756 in
2617 2701 2709 2756 illo
2741 2702 2851 2772 jam
2892 2718 3057 2758 vacua
3085 2719 3207 2758 esse
3254 2719 3357 2758 non
3406 2707 3621 2774 potest’
3666 2723 3792 2763 cum

2187 2790 2299 2861 jam
2344 2808 2438 2862 per
2479 2793 2817 2849 dilectionem
2866 2794 3004 2850 bene
3050 2795 3340 2863 Operatur?
3367 2795 3517 2865 Quod
3564 2798 3612 2853 si
3666 2814 3791 2854 cum

2192 2884 2499 2952 crediderit,
2541 2901 2665 2940 mox
2694 2886 2763 2941 de
2808 2886 2907 2942 hac
2947 2887 3053 2941 vita
3083 2887 3430 2953 decesserit‘,
3470 2889 3800 2959 justiﬁcatio

2192 2974 2316 3029 ﬁdei
2343 2985 2522 3031 manet
2547 2991 2669 3031 cum
2708 2977 2819 3043 illo,
2843 2991 2943 3032 nec
2969 2977 3391 3046 praecedentibus
3424 2978 3577 3034 bonis
3606 2981 3795 3050 operi-

2191 3066 2313 3134 bus,
2342 3068 2464 3138 quia
2496 3085 2600 3122 non
2635 3070 2826 3124 merito
2853 3069 2917 3123 ad
2943 3071 3109 3135 illam,
3157 3072 3250 3127 sed
3290 3074 3459 3143 gratia
3500 3076 3791 3144 pervenit;

2193 3176 2293 3216 nec
2316 3161 2787 3232 consequentibus.
2817 3164 2937 3232 quia
2976 3164 3026 3217 in
3061 3163 3160 3218 hac
3198 3165 3303 3218 vita
3339 3180 3460 3221 esse
3497 3182 3603 3220 non
3649 3169 3792 3223 sini-

2194 3260 2300 3307 tur.
2332 3251 2483 3308 Unde
2510 3252 2846 3308 manil‘estum
2874 3264 2975 3319 est,
3005 3255 3145 3324 quod
3176 3255 3368 3311 Paulus
3396 3258 3678 3327 apostolus
3708 3258 3792 3315 di-

2191 3347 2285 3412 cit,
2312 3346 2629 3400 Arbitrantur
2654 3347 2785 3400 enim
2811 3348 3060 3401 hominem
3086 3350 3357 3417 iustiﬁcari
3380 3368 3468 3418 per
3491 3349 3650 3418 ﬁdem
3680 3351 3795 3406 sine

2192 3438 2427 3509 operibus
2470 3438 2581 3507 (Id.
2631 3455 2708 3505 ιιι,
2755 3438 2870 3509 9-8).
2900 3455 3004 3493 non
3029 3440 3097 3493 ita
3136 3440 3528 3509 intelligendum
3556 3458 3708 3511 esse,
3732 3452 3795 3499 ut

2192 3538 2409 3598 accepta
2443 3528 2569 3596 ﬁde,
2593 3529 2637 3583 si
2661 3530 2875 3595 vixerit,
2907 3528 3147 3584 dicamus
3177 3547 3297 3585 eum
3315 3532 3538 3600 justum,
3566 3534 3793 3589 etiamsi

2192 3620 2330 3674 male
2351 3620 2566 3675 vixerit.
2598 3620 2721 3677 Ideo
2745 3622 2993 3691 exemplo
3021 3622 3248 3676 Abraha:
3268 3631 3320 3676 et
3346 3623 3622 3691 apostolus
3646 3625 3794 3679 Pau-

2192 3712 2274 3767 lus
2294 3717 2479 3779 utitur,
2501 3713 2624 3783 quia
2660 3714 2776 3768 sine
2802 3714 3051 3786 operibus
3089 3714 3239 3784 legis,
3270 3730 3426 3783 qttam
3467 3729 3570 3768 non
3620 3730 3793 3771 acce-

2191 3811 2361 3872 perat,
2390 3818 2485 3872 per
2526 3802 2682 3859 Iidem
2731 3803 3051 3872 justiﬁcatus
3092 3813 3206 3870 est;
3259 3813 3315 3859 et
3358 3803 3607 3867 Iacobus,
3659 3807 3793 3876 quia

2192 3896 2351 3951 ﬁdem
2393 3897 2558 3966 ipsius
2582 3898 2812 3952 Abrahae
2837 3913 2997 3968 opera
3028 3898 3163 3953 bona
3205 3910 3489 3953 consecuta
3516 3915 3642 3956 esse
3684 3901 3792 3957 de-

2190 3997 2471 4053 monstrat,
2489 3989 2778 4045 osteudens
2803 3990 3247 4060 quemadmodum
3278 3989 3688 4061 intelligendum
3718 3992 3795 4048 sit

2190 4079 2333 4151 quod
2365 4079 2559 4135 Paulus
2586 4081 2857 4151 apostolus
2885 4080 3207 4151 praedicavit.

2260 4170 2316 4226 2.
2340 4170 2472 4226 Nam
2496 4173 2583 4242 qui
2614 4180 2798 4242 putant
2823 4170 2979 4226 iSIam
3006 4171 3185 4227 Jacobi
3207 4172 3430 4242 apostoli
3458 4174 3792 4247 sententiam

2189 4265 2510 4321 contrariam
2540 4280 2661 4321 esse
2698 4265 2775 4319 illi
2800 4265 2946 4320 Pauli
2976 4265 3198 4336 apostoli
3228 4267 3525 4331 sententias,
3554 4278 3797 4335 possunt

2189 4360 2434 4415 arbitrari
2474 4360 2633 4415 etiam
2664 4359 2835 4429 ipsum
2862 4359 3079 4414 Paulum
3125 4359 3226 4415 sibi
3272 4375 3391 4415 esse
3426 4362 3793 4430 contrarium,

2188 4452 2312 4522 quia
2343 4450 2472 4506 dicit
2497 4451 2602 4505 alio
2630 4451 2746 4505 loco
2780 4470 2794 4505 :
2845 4447 2967 4504 Non
3009 4451 3143 4503 enim
3188 4451 3442 4504 auditores
3487 4451 3613 4521 legis
3653 4455 3799 4523 justi

2189 4550 2306 4596 sunt
2340 4541 2480 4611 apud
2514 4540 2697 4606 Deum,
2721 4541 2809 4595 sed
2832 4541 3048 4609 factores
3077 4543 3199 4614 legis
3214 4543 3642 4613 justiﬁcabuntur
3670 4542 3794 4615 (Id.

2189 4648 2249 4699 ιι,
2278 4629 2389 4705 15).
2422 4632 2486 4686 Et
2514 4632 2617 4686 alio
2656 4631 2819 4687 loco:
2861 4631 2967 4686 Sed
3012 4632 3136 4701 ﬁdes
3174 4648 3287 4704 qua:
3326 4650 3415 4703 per
3460 4633 3798 4690 dilectione»:

2189 4732 2429 4793 operatur
2455 4720 2651 4791 (Galat.
2682 4738 2735 4789 v,
2764 4721 2840 4793 6).
2876 4722 2939 4777 Et
2967 4723 3156 4777 iterum
3186 4742 3198 4777 :
3232 4724 3295 4778 Si
3332 4724 3463 4778 enim
3501 4728 3797 4781 secundum

2189 4830 2394 4868 carnem
2440 4814 2700 4881 uixeritis,
2757 4815 3072 4879 moriemini;
3108 4816 3151 4868 si
3192 4826 3360 4869 autem
3407 4817 3588 4886 spiritu
3642 4821 3800 4888 facta

2190 4908 2359 4963 carnis
2406 4908 2858 4976 ntortiﬁcaveritis,
2897 4910 3068 4963 uinetis
3110 4907 3284 4982 (Rom.
3330 4925 3443 4973 vm,
3490 4910 3604 4981 15).
3650 4910 3798 4978 Qua:

2188 5000 2297 5053 sint
2324 5008 2500 5054 autem
2544 4998 2682 5053 facta
2728 4999 2929 5075 carnis,
2958 5016 3078 5069 qua:
3122 4982 3799 5071 operibus‘spiritualibus

2189 5090 2555 5146 mortiﬁ'canda
2576 5100 2722 5157 sunt,
2754 5091 2858 5145 alio
2885 5091 3001 5146 loco
3020 5092 3369 5158 demonstrat,
3395 5093 3580 5148 dicens
3605 5112 3617 5148 :
3657 5095 3796 5150 Μα-

2190 5183 2372 5254 nifesta
2400 5192 2566 5236 autem
2594 5190 2712 5236 sunt
2734 5198 2889 5251 opera
2908 5184 3099 5245 carnis,
3116 5199 3229 5252 ante
3250 5194 3365 5237 sunt
3393 5186 3796 5257 fornicationes,

2189 5273 2540 5338 immunditite,
2572 5273 2907 5342 impudicitia,
2948 5274 3199 5327 idolorum
3243 5277 3474 5339 servitus,
3512 5279 3794 5347 veneﬁcia,

2189 5365 2488 5431 inimicitiae,
2512 5364 2863 5426 contentiones,
2888 5362 3249 5431 mutationes,
3274 5366 3641 5432 animositates,
3676 5370 3800 5424 dis-

2190 5460 2466 5525 sensiones,
2496 5458 2728 5523 hereses,
2756 5457 2978 5524 incidite,
3004 5458 3284 5526 ebrietates,
3314 5459 3795 5528 commessationes,

2255 5593 2269 5656 ξ
2298 5597 2522 5656 ouottss.
2548 5602 2656 5656 cum
2678 5596 2799 5650 ttat.,
2824 5587 2980 5656 ﬁdem,
3009 5591 3110 5643 sine
3131 5589 3372 5656 operibus,
3398 5590 3620 5656 quoniam
3639 5627 3658 5652 ,
3684 5604 3796 5648 etc.

2253 5654 2273 5684 ¹
2298 5653 2413 5701 aliti
2437 5665 2546 5701 cum
2560 5651 2741 5713 aliquot
2765 5651 2867 5702 Mss.
2895 5654 3075 5703 addunt
3097 5651 3189 5713 hic,
3215 5651 3455 5704 bonorum.

2256 5716 2391 5762 350x
2438 5712 2685 5771 Mss.,sed
2736 5714 2896 5777 gratia
2956 5714 3074 5777 Dei,
3110 5728 3219 5779 quia
3262 5728 3433 5767 vacare
3476 5716 3526 5768 in
3555 5712 3648 5765 tllo
3690 5730 3801 5770 non

2190 5781 2515 5889 Wﬁoﬁdem
2537 5844 2627 5888 Mss
2649 5872 2663 5900 ,
2688 5836 2976 5888 discesserit.
