4000 6336
210 386 268 440 ss
1639 368 1841 424 LlBER
1881 366 2085 424 unus.
3430 374 3503 431 90

216 512 254 555 et
280 498 353 551 his
395 492 634 557 similia;
676 508 799 564 qua:
826 490 1047 563 praedico
1072 486 1229 556 vobis,
1260 486 1390 541 sicut
1423 483 1656 555 praefixi,
1685 497 1811 554 quo—

219 593 338 643 niam
363 587 450 657 qui
476 584 611 637 talia
639 593 830 654 agunt,
855 598 1060 652 regnum
1093 577 1186 633 Dei
1210 594 1311 631 non
1341 575 1659 646 possidebunt
1687 571 1817 643 (Ga-

221 688 301 739 lat.
326 698 379 744 r,
417 677 645 746 19-21).
681 676 752 730 Et
779 674 848 728 ad
879 671 1181 728 Corinthios
1228 669 1301 723 ait
1342 685 1355 721 :
1403 664 1575 720 Nolite
1614 678 1818 729 errare;

225 791 368 845 neque
393 771 765 844 fornicatores,
812 782 971 836 neque
994 763 1144 818 idolis
1170 760 1454 824 servientes,
1483 773 1640 826 neque
1662 755 1816 810 adul-

224 870 327 933 teri,
356 880 518 934 neque
547 862 756 924 molles,
783 874 943 927 neque
971 852 1310 909 masculorum
1335 848 1696 912 concubitores,
1729 861 1821 900 ne-

224 976 311 1029 que
338 959 499 1027 fures,
532 969 696 1023 neque
736 951 898 1015 avari,
931 962 1086 1019 neque
1133 944 1333 1009 ebriosi,
1365 957 1525 1013 neque
1561 938 1819 1004 maledici,

225 1068 373 1120 neque
404 1065 622 1119 rapaces
644 1061 861 1118 regnum
888 1042 984 1096 Dei
1011 1039 1355 1111 possidebunt.
1388 1034 1453 1089 Et
1488 1035 1595 1089 haec
1622 1033 1824 1103 quidem

226 1144 429 1215 fuistis;
463 1140 556 1195 sed
594 1138 757 1192 abluti
785 1136 927 1199 estis,
957 1132 1047 1187 sed
1069 1128 1377 1199 sanctiﬁcati
1402 1128 1539 1192 estis,
1564 1125 1654 1180 sed
1676 1124 1825 1194 iusti-

230 1235 359 1305 ﬁrmi
391 1233 513 1287 estis
554 1232 609 1283 in
635 1229 840 1283 nomine
872 1224 1081 1279 Domini
1108 1222 1267 1276 nostri
1310 1217 1438 1273 Iesu
1460 1216 1669 1283 Christi,
1698 1214 1826 1271 etin

233 1326 429 1397 Spiritu
459 1322 567 1377 Dei
588 1320 751 1375 nostri
782 1317 837 1387 (l
861 1317 982 1373 Cor.
1013 1330 1087 1378 vr,
1120 1313 1293 1382 9-H).
1323 1310 1525 1378 Quibus
1549 1307 1827 1363 sententiis

234 1413 673 1474 manifestissime
708 1412 868 1465 docet
895 1423 999 1464 non
1042 1422 1137 1463 eos
1180 1403 1450 1476 praeterito
1493 1401 1636 1455 bono
1664 1414 1828 1470 opere

235 1508 299 1563 ad
326 1508 453 1563 ﬁdei
489 1504 933 1576 justificationem
965 1497 1306 1571 pervenisse;
1358 1508 1458 1549 nec
1486 1492 1689 1547 meritis
1732 1506 1827 1546 eo-

243 1622 351 1662 rum
376 1606 536 1658 istam
569 1600 793 1673 gratiam
822 1599 1019 1664 datam,
1051 1595 1264 1667 quando
1291 1592 1441 1660 dicit,
1477 1590 1541 1644 Et
1569 1588 1674 1642 inec
1710 1583 1829 1654 qui-

246 1698 350 1751 dem
377 1696 552 1768 fuistis
580 1710 598 1747 :
624 1692 720 1747 sed
747 1707 868 1747 cum
912 1689 1057 1754 dicit,
1095 1687 1193 1753 Qui
1238 1685 1364 1739 talia
1404 1689 1580 1754 agunt,
1619 1691 1830 1748 regnum

240 1788 332 1843 Dei
359 1805 464 1841 non
494 1784 863 1858 possidebunt;
910 1780 1040 1835 satis
1080 1777 1337 1842 ostendit,
1360 1774 1470 1845 jam
1496 1788 1559 1827 ex
1590 1782 1696 1839 quo
1715 1780 1834 1821 cre-

238 1856 512 1943 diderunt,
539 1877 681 1931 bene
716 1871 927 1943 operari
966 1868 1181 1925 debere.
1211 1865 1361 1936 Quod
1402 1872 1457 1919 et
1483 1861 1712 1918 lacubus
1745 1856 1828 1911 di-

236 1970 331 2031 Cll,
366 1978 425 2024 et
473 1966 653 2022 multis
693 1963 913 2019 omnino
957 1960 1089 2016 locis
1134 1959 1273 2015 idem
1318 1955 1595 2027 apostolus
1638 1950 1833 2005 Paulus

236 2062 373 2117 satis
418 2065 708 2129 aperteque
745 2055 1036 2125 praedicat,
1077 2060 1220 2108 recte
1265 2048 1546 2105 vivendum
1588 2042 1835 2100 omnibus

234 2152 336 2220 qui
366 2151 427 2205 in
460 2149 667 2203 Christo
692 2144 1056 2207 crediderunt,
1087 2158 1153 2198 ne
1179 2140 1243 2196 ad
1283 2153 1470 2211 ptenas
1495 2134 1833 2208 perveniant.

236 2240 405 2308 Quod
457 2249 514 2294 et
558 2239 664 2307 ipse
706 2235 965 2291 Dominus
1008 2238 1413 2295 commemorat,
1454 2227 1676 2282 dicens:
1712 2222 1835 2277 Non

242 2332 411 2387 omnis
448 2330 539 2394 qui
586 2329 707 2382 dicit
768 2326 911 2389 mihi,
962 2323 1194 2387 Domine,
1244 2320 1489 2383 Domine,
1530 2314 1735 2370 intrabit
1784 2313 1837 2365 in

244 2440 460 2495 regnum
487 2421 769 2482 caelorum;
796 2417 884 2471 sed
922 2416 1009 2484 qui
1044 2408 1163 2485 facit
1202 2412 1506 2467 voluntatem
1534 2405 1707 2459 Patris
1740 2402 1839 2457 mei

250 2492 336 2584 qui
352 2517 404 2568 in
424 2513 564 2567 costis
584 2521 679 2575 est,
702 2510 809 2580 ipse
831 2505 1033 2561 intrabit
1060 2506 1112 2558 in
1138 2518 1343 2574 regnum
1364 2499 1602 2579 calorum
1618 2492 1835 2567 (Matth.

250 2570 354 2669 in,
389 2603 507 2674 at).
550 2600 624 2656 Et
667 2570 838 2655 alibi:
876 2595 1066 2667 thuid
1105 2570 1268 2647 dicitis
1300 2590 1445 2656 mihi,
1470 2570 1707 2649 Domine,
1732 2581 1839 2637 Do-

250 2697 412 2762 mine,
442 2673 491 2748 et
533 2708 637 2747 non
681 2690 849 2762 facitis
890 2704 1001 2759 quce
1046 2686 1158 2740 dico
1196 2683 1333 2739 vobis
1376 2680 1528 2752 (Luc.
1578 2693 1667 2745 Vl,
1707 2673 1839 2746 46)?

251 2788 338 2851 Et,
374 2784 554 2840 Omnis
593 2783 680 2853 qui
719 2780 861 2834 audit
897 2777 1046 2831 verba
1087 2792 1199 2830 mea
1227 2775 1333 2828 hac
1361 2782 1408 2827 et
1432 2770 1552 2845 facit
1578 2784 1654 2833 ea,
1697 2765 1840 2821 simi-

249 2879 364 2933 labo
400 2892 515 2932 eum
557 2875 668 2929 uiro
706 2869 975 2944 prudenti,
1017 2867 1104 2939 qui
1142 2863 1412 2935 tedificauit
1453 2862 1657 2915 domum
1694 2872 1840 2937 suam

247 2983 409 3039 supra
448 2975 646 3034 petram
664 3003 683 3029 ,
727 2971 832 3017 etc.
874 2958 944 3013 Et
988 2959 1073 3029 qui
1116 2955 1260 3010 audit
1302 2952 1451 3008 verba
1492 2966 1604 3005 mea
1645 2947 1753 3003 hac
1794 2954 1842 3001 et

248 3074 351 3113 non
384 3059 513 3129 facit
550 3071 644 3122 ea,
678 3052 911 3108 similabo
948 3052 1059 3104 eum
1101 3048 1209 3102 uiro
1246 3045 1431 3108 stulto,
1460 3044 1548 3115 qui
1572 3038 1842 3110 aediﬁcavit

247 3152 455 3205 “mum
491 3165 639 3203 suam
675 3161 829 3215 super
854 3159 1059 3197 arenam
1075 3183 1090 3207 ,
1113 3151 1218 3196 etc.
1253 3137 1463 3211 (Matth.
1486 3152 1559 3192 vn
1576 3177 1591 3203 ,
1615 3134 1838 3205 24-27).

248 3243 591 3312 Quapropter
614 3253 736 3315 ⁵ιιοιι
766 3244 892 3292 sunt
918 3233 1017 3289 sibi
1055 3231 1336 3288 contrariae
1371 3228 1598 3286 duorum
1629 3234 1844 3297 aposto-

249 3333 424 3388 lorum
454 3328 739 3385 sententize
758 3369 773 3391 ,
798 3326 945 3381 Pauli
972 3333 1026 3380 et
1053 3322 1233 3378 Jacobi
1254 3362 1271 3387 ,
1299 3336 1420 3375 cum
1448 3318 1580 3374 dicit
1603 3330 1738 3372 unus
1758 3315 1840 3385 ju-

250 3424 472 3479 stiﬁcari
504 3422 777 3475 hominem
806 3433 904 3488 per
931 3415 1085 3470 fidem
1125 3414 1241 3468 sine
1280 3409 1565 3481 operibus,
1611 3416 1665 3461 et
1708 3406 1843 3460 alius

251 3518 382 3573 dicit
410 3519 627 3571 inanem
654 3527 776 3567 esse
812 3511 968 3564 fidem
996 3508 1111 3562 sine
1141 3503 1427 3575 operibus:
1450 3500 1573 3572 quia
1605 3497 1694 3553 ille
1718 3497 1847 3552 dicit

252 3608 321 3663 de
347 3608 606 3679 operibus
651 3620 769 3674 qua:
808 3601 965 3655 ﬁdem
1014 3595 1340 3671 prmcedunt,
1368 3592 1469 3647 iste
1506 3589 1575 3644 de
1619 3588 1685 3643 iis
1726 3601 1845 3658 quas

253 3678 414 3754 fidem
460 3706 801 3765 sequuntur;
856 3692 995 3746 sicut
1043 3688 1206 3744 etiam
1260 3687 1375 3756 ipse
1425 3681 1623 3737 Paulus
1663 3678 1846 3734 multis

252 3792 387 3847 locis
418 3788 680 3845 ostendit.

474 3877 736 3937 LXXVII.
770 3876 842 3931 De
863 3877 1056 3938 timore,
1086 3882 1253 3928 utrum
1275 3878 1534 3942 peccatum
1555 3866 1640 3920 sit.

324 3975 516 4030 Omnis
538 3971 866 4045 perturbatio
890 4011 905 4035 ,
931 3968 1142 4038 passio;
1187 3963 1363 4018 omnis
1403 3957 1695 4028 cupiditas,
1721 3969 1847 4026 per-

253 4067 532 4123 turbatio:
558 4063 733 4119 cunnis
750 4061 907 4131 igitur
926 4056 1207 4129 cupiditas,
1237 4051 1433 4123 passio.
1460 4047 1647 4104 Omnis
1669 4053 1848 4099 autem

254 4160 469 4231 passio,
501 4172 626 4212 cum
660 4164 742 4210 est
767 4153 819 4207 in
850 4151 1035 4216 nobis,
1068 4148 1177 4218 ipsa
1218 4143 1463 4217 passione
1507 4138 1769 4210 patimur;
1797 4144 1853 4191 et

253 4227 310 4305 in
342 4260 607 4320 quantum
646 4245 825 4316 passio
853 4251 969 4308 est,
1002 4240 1230 4311 patimur
1255 4254 1268 4291 :
1292 4232 1470 4291 omnis
1498 4232 1661 4303 igitur
1697 4227 1849 4299 cupi-

251 4342 432 4407 ditas,
457 4355 582 4395 eum
617 4350 699 4393 est
726 4337 777 4391 in
808 4332 993 4397 nobis,
1040 4330 1152 4399 ipsa
1181 4324 1469 4397 cupiditate
1506 4321 1770 4393 patimur;
1799 4326 1854 4374 et

254 4436 309 4489 iu
340 4441 604 4505 quantum
626 4428 885 4500 cupiditas
905 4432 989 4480 est
1008 4466 1023 4490 ,
1052 4422 1304 4493 patimur.
1327 4414 1512 4473 Omnis
1528 4421 1703 4469 autem
1723 4424 1851 4479 pas-

252 4532 363 4590 sio,
390 4529 445 4581 in
476 4531 732 4594 quantum
755 4521 866 4590 ipsa
910 4515 1161 4588 passione
1188 4511 1436 4582 patimur,
1471 4521 1577 4561 non
1611 4512 1695 4559 est
1723 4517 1854 4573 pec-

253 4630 440 4675 eatum
470 4635 486 4671 :
510 4618 589 4671 sic
616 4624 670 4669 et
688 4614 730 4669 si
752 4613 981 4684 patimur
1006 4608 1275 4668 timorem,
1303 4617 1411 4658 non
1440 4608 1526 4655 est
1553 4604 1851 4668 peccatum.

255 4712 542 4781 Tanquam
590 4705 637 4759 si
681 4704 966 4765 diceretur,
994 4699 1049 4754 Si
1080 4697 1232 4767 bipes
1254 4702 1373 4758 est,
1408 4705 1513 4746 non
1542 4697 1625 4743 est
1667 4699 1852 4755 pecus.

253 4805 311 4858 Si
346 4772 481 4872 ergo
514 4807 793 4870 propterea
814 4794 915 4849 hoc
940 4808 1044 4846 non
1075 4798 1158 4845 est
1181 4799 1545 4855 consequens,
1575 4781 1694 4851 quia
1719 4772 1856 4833 mul-

257 4907 306 4948 ta
326 4901 458 4949 sunt
478 4906 674 4961 pecora
700 4884 944 4956 bipedia;
976 4889 1255 4952 prepterea
1281 4886 1335 4932 et
1352 4873 1479 4930 illud
1508 4886 1613 4927 non
1630 4879 1713 4925 est
1727 4880 1856 4923 con-

254 4959 497 5054 seqnens
515 5022 530 5044 ,
561 4973 684 5050 quia
711 4977 874 5031 multa
899 4982 1020 5029 sunt
1046 4978 1261 5042 peccata
1303 4980 1425 5037 qua:
1465 4961 1713 5035 patimur.
1742 4959 1857 5014 lloc

254 5051 401 5130 enim
425 5081 616 5129 contra
643 5069 855 5133 dicitur,
884 5080 991 5121 non
1019 5076 1137 5119 esse
1165 5069 1497 5127 consequens
1537 5061 1595 5108 ut
1640 5052 1684 5106 si
1716 5051 1856 5122 pati-

258 5181 381 5220 mur
405 5164 659 5218 timorem
680 5200 696 5224 ,
725 5157 847 5213 ideo
874 5171 980 5209 non
1009 5152 1078 5207 sit
1105 5157 1399 5221 peccatum.
1426 5145 1507 5201 'l‘u
1551 5153 1727 5199 autem
1767 5141 1853 5195 di-

258 5259 340 5313 cis
366 5268 705 5325 consequens
742 5264 864 5305 esse
911 5255 969 5302 ut
996 5246 1041 5302 si
1073 5244 1304 5315 patimur
1337 5240 1584 5294 timorem
1606 5278 1622 5304 ,
1655 5251 1762 5290 non
1790 5234 1860 5288 sit

258 5357 575 5421 peccatum:
606 5359 727 5402 cum
764 5355 945 5397 tamen
970 5336 1235 5395 concedas
1258 5336 1275 5368 ι
1306 5334 1482 5404 aliqua
1506 5345 1627 5387 esse
1663 5343 1859 5400 pecca-

259 5452 312 5495 ta
344 5455 464 5511 quae
492 5436 740 5507 patimur.

438 5524 727 5585 LXXVIII.
763 5522 840 5577 De
864 5517 1240 5592 pulchritudine
1262 5512 1671 5570 simulacrorum.

338 5625 440 5677 Ars
484 5621 569 5675 illa
611 5629 824 5675 summa
871 5607 1255 5680 omnipotentis
1297 5605 1421 5671 Dei,
1469 5619 1562 5675 per
1605 5614 1762 5673 quam
1793 5613 1859 5654 ex

261 5716 431 5772 nihilo
457 5714 590 5769 facta
617 5719 746 5769 sunt
771 5703 951 5764 omnia
969 5745 985 5771 ,
1010 5717 1129 5774 qua:
1158 5700 1317 5755 etiam
1348 5694 1607 5769 sapientia
1631 5692 1747 5765 ejus
1776 5690 1861 5747 di-

333 5872 353 5901 ⁸
373 5876 464 5921 ω.
490 5876 542 5921 et
561 5877 654 5916 sex
682 5868 820 5922 Mss,
840 5868 955 5908 cum
975 5862 1133 5907 tamen
1157 5856 1352 5905 constet.

1926 483 2080 547 citur,
2110 482 2222 552 ipsa
2268 492 2520 553 operatur
2547 484 2708 540 etiam
2762 499 2858 555 per
2907 484 3156 549 artifices,
3191 496 3248 540 ut
3279 487 3501 558 pulchra

1922 586 2080 648 atque
2098 578 2440 648 congruentia
2493 578 2720 645 faciant;
2770 579 3011 649 quamvis
3046 594 3151 633 non
3193 579 3261 634 de
3308 579 3501 648 nihilo,

1923 668 2016 725 sed
2046 668 2113 724 de
2137 670 2311 740 aliqua
2338 671 2555 725 materia
2571 680 2878 740 operentur,
2907 671 3050 726 velut
3066 672 3226 741 ligno,
3246 683 3339 726 aut
3359 688 3501 728 mar-

1924 774 2092 827 more,
2116 768 2205 815 aut
2233 760 2416 827 ebore,
2447 762 2570 817 etsi
2596 761 2736 833 quod
2770 761 2912 816 aliud
2943 762 3179 818 materia:
3201 778 3369 833 genus
3393 780 3510 818 ma-

1927 852 2083 935 nibus
2107 851 2325 907 artificis
2349 852 2613 909 subditur.
2649 852 2754 909 Sed
2785 853 2905 909 ideo
2935 854 3020 908 isti
3047 871 3152 907 non
3180 863 3403 924 possunt
3434 854 3503 909 de

1926 943 2094 1000 nihilo
2118 943 2315 1014 aliquid
2344 944 2599 1000 labricare
2617 946 2657 1011 ¹,
2683 944 2803 1016 quia
2835 960 2930 1016 per
2956 959 3150 1015 corpus
3175 954 3466 1015 Operantur
3492 961 3508 1009 ;

1927 1052 2048 1091 cum
2082 1044 2257 1091 tamen
2284 1050 2378 1091 eos
2423 1051 2695 1103 numeros,
2742 1045 2797 1091 et
2840 1036 3281 1091 lineamentorum
3312 1051 3512 1091 conve-

1928 1130 2181 1185 nientiam
2198 1171 2212 1197 ,
2235 1144 2353 1199 quae
2378 1144 2475 1199 per
2493 1143 2687 1199 corpus
2703 1130 2911 1199 corpori
2936 1127 3265 1198 imprimunt,
3292 1128 3345 1182 in
3381 1128 3506 1182 ani-

1929 1237 2019 1279 mo
2042 1222 2303 1294 accipiant
2327 1222 2394 1277 ab
2420 1222 2507 1277 illa
2545 1236 2750 1277 summa
2779 1220 3058 1291 sapientia,
3086 1236 3205 1291 quas
3232 1220 3379 1289 ipsos
3404 1235 3507 1273 nu-

1929 1328 2107 1370 meros
2158 1322 2209 1369 et
2258 1313 2426 1384 ipsam
2477 1312 2901 1368 convenientiam
2954 1312 3109 1382 longe
3169 1310 3511 1365 artificiosius

1930 1406 2181 1462 universo
2228 1404 2411 1460 mundi
2453 1404 2664 1474 corpori
2699 1403 2988 1473 impressit,
3039 1401 3180 1474 quod
3233 1400 3301 1457 de
3344 1401 3511 1457 nihilo

1931 1494 2241 1550 fabricatum
2268 1503 2351 1549 est
2382 1512 2397 1548 :
2427 1496 2481 1549 in
2526 1510 2633 1565 quo
2673 1504 2797 1548 sunt
2823 1492 2984 1549 etiam
3029 1507 3255 1562 corpora
3301 1493 3513 1546 anima-

1933 1585 2080 1651 lium,
2108 1602 2227 1656 quze
2246 1586 2355 1656 jam
2371 1586 2439 1640 de
2464 1585 2661 1655 aliquo,
2692 1584 2743 1640 id
2771 1593 2852 1640 est
2871 1625 2887 1651 ,
2919 1583 2988 1639 de
3011 1582 3292 1638 elementis
3324 1581 3508 1637 mundi

1932 1676 2287 1742 fabricantur;
2341 1674 2434 1731 sed
2508 1675 2664 1745 longe
2706 1674 2975 1745 potentius
3027 1672 3511 1742 excellentiusque,

1932 1782 2090 1838 quam
2110 1782 2229 1821 cum
2255 1766 2487 1821 artifices
2507 1766 2749 1820 homines
2779 1764 2992 1819 easdem
3019 1763 3216 1834 figuras
3229 1776 3519 1833 corporum

1934 1869 1990 1915 et
2014 1860 2209 1915 formas
2230 1861 2280 1913 in
2308 1860 2422 1915 suis
2440 1858 2690 1929 operibus
2719 1857 3009 1911 imitantur.
3031 1840 3318 1911 Non-enim
3342 1852 3520 1911 omnis

1936 1955 2294 2011 numerositas
2346 1954 2563 2007 humani
2606 1953 2847 2021 corporis
2890 1950 3156 2005 invenitur
3194 1948 3247 2003 in
3300 1956 3512 2012 statua;

1936 2048 2032 2103 sed
2060 2057 2235 2103 tamen
2256 2060 2605 2117 quaacumque
2630 2043 2700 2099 ibi
2728 2042 2991 2098 invenitur
3014 2043 3057 2108 ',
3089 2041 3156 2096 ab
3185 2039 3273 2095 illa
3301 2038 3519 2109 sapien-

1940 2142 2009 2195 tia
2038 2157 2131 2211 per
2157 2139 2376 2194 artificis
2408 2154 2625 2193 manum
2666 2136 2924 2207 trajicitur
2952 2134 2995 2199 ³,
3030 2149 3149 2203 quae
3175 2133 3348 2201 ipsum
3392 2145 3519 2187 cor-

1939 2246 2039 2302 pus
2083 2230 2370 2286 humanum
2418 2228 2727 2283 naturaliter
2768 2226 3011 2281 fabricat.
3038 2224 3145 2280 Nec
3177 2223 3300 2279 ideo
3329 2231 3509 2277 tamen

1938 2336 2036 2391 pro
2066 2335 2256 2391 magno
2278 2318 2505 2373 habendi
2535 2327 2678 2383 sunt,
2720 2318 2808 2386 qui
2854 2317 2976 2371 talia
3014 2329 3175 2385 opera
3218 2305 3515 2376 fabricant,

1939 2422 2029 2466 aut
2060 2412 2322 2481 diligunt;
2364 2409 2484 2481 quia
2526 2409 2825 2464 minoribus
2867 2407 3026 2462 rebus
3071 2407 3272 2460 intenta
3317 2403 3516 2469 anima,

1939 2502 2073 2574 quas
2100 2517 2195 2572 per
2217 2516 2413 2572 corpus
2436 2500 2783 2570 corporaliter
2797 2497 2944 2563 facit,
2973 2496 3147 2551 minus
3168 2495 3392 2550 inhaeret
3422 2492 3524 2563 ipsi

1941 2608 2165 2651 summa:
2188 2590 2482 2666 sapientiaz,
2515 2589 2657 2645 unde
2705 2588 2832 2644 istas
2880 2586 3145 2657 potentias
3189 2584 3523 2653 habet:qui-

1942 2686 2041 2741 bus
2067 2684 2206 2740 male
2236 2683 2420 2750 utitur,
2460 2682 2585 2737 dum
2618 2680 2746 2735 foris
2780 2693 2872 2734 eas
2891 2685 3142 2742 exercet;
3171 2674 3259 2729 illa
3292 2674 3436 2729 enim
3468 2673 3524 2728 in

1941 2775 2134 2847 quibus
2154 2790 2246 2831 eas
2284 2781 2519 2838 exercet,
2550 2772 2793 2842 diligens,
2830 2766 3138 2824 interiorem
3188 2779 3373 2820 earum
3402 2761 3518 2817 for-

1942 2882 2083 2922 mam
2110 2865 2352 2924 stabilem
2389 2863 2603 2935 negligit
2622 2903 2638 2927 ,
2669 2870 2724 2917 et
2752 2860 2962 2915 inanior
2991 2857 3356 2925 intirmiorque
3398 2851 3523 2909 em-

1942 2959 2102 3014 citur.
2137 2957 2239 3026 Qui
2280 2972 2410 3012 vero
2437 2954 2561 3010 talia
2589 2967 2751 3024 opera
2784 2952 2945 3006 etiam
2970 2949 3252 3005 coluerunt
3280 2946 3323 3013 ⁸,
3350 2960 3525 3017 quan-

1945 3060 2055 3106 tum
2078 3048 2408 3106 deviaverint
2433 3062 2464 3101 a
2489 3045 2712 3101 veritate
2730 3084 2746 3105 .
2769 3042 2893 3097 hinc
2916 3039 3135 3112 intelligi
3159 3044 3373 3110 potest,
3400 3035 3527 3107 quia

1944 3142 1990 3197 si
2019 3141 2133 3212 ipsa
2177 3138 2481 3193 animalium
2517 3148 2742 3204 corpora
2779 3132 3051 3197 colerent,
3078 3126 3397 3200 qummulto
3427 3142 3527 3181 ex-

1944 3231 2222 3289 cellentius
2242 3228 2494 3285 fabricata
2519 3233 2664 3291 sunt,
2710 3232 2764 3279 et
2798 3235 3023 3293 quorum
3072 3229 3196 3275 sunt
3233 3217 3325 3273 illa
3354 3215 3532 3272 imita-

1945 3332 2145 3388 menta,
2174 3320 2301 3392 quid
2330 3319 2410 3376 eis
2437 3316 2697 3374 infelicius
2723 3312 3068 3370 diceremus?

1945 3410 2181 3469 LXXIX.
2216 3410 2386 3478 Quare
2413 3408 2546 3479 magi
2577 3404 2866 3461 Pharaonis
2898 3407 3124 3475 fecerunt
3159 3399 3393 3472 quedam
3423 3398 3526 3453 mi-

2017 3505 2194 3561 racula
2217 3504 2346 3559 sicut
2368 3501 2569 3573 Moyses
2596 3498 2817 3569 famulus
2845 3494 2943 3550 Dei
2963 3493 3159 3566 (Exod.
3188 3507 3281 3560 vn,
3302 3489 3458 3562 vni)?

2020 3597 2072 3652 1.
2095 3595 2280 3652 Omnis
2325 3594 2499 3649 anima
2553 3588 2741 3662 partim
2766 3586 2953 3659 privati
2984 3582 3256 3657 cujusdam
3279 3582 3415 3654 juris
3441 3580 3527 3638 sui

1949 3680 2266 3761 potestatem
2309 3684 2480 3757 gerit,
2526 3683 2715 3753 partim
2760 3676 3119 3734 universitatis
3147 3673 3347 3746 legibus
3392 3671 3535 3728 sicut

1950 3778 2177 3852 publicis
2204 3787 2481 3832 coercetur
2526 3782 2581 3829 et
2622 3771 2842 3841 regitur.
2884 3768 3017 3837 Quia
3044 3781 3172 3837 ergo
3198 3776 3529 3833 unaquaeque

1950 3851 2038 3927 res
2065 3868 2287 3924 visibilis
2312 3867 2364 3921 in
2396 3865 2498 3919 hoc
2534 3861 2735 3918 mundo
2778 3859 2940 3915 habet
2988 3864 3303 3928 potestatem
3330 3851 3534 3923 angeli-

1950 3976 2066 4018 c:tm
2097 3960 2194 4015 sibi
2224 3956 2589 4029 prmpositam,
2617 3952 2755 4008 sicut
2790 3949 2992 4020 aliquot
3012 3946 3147 4002 locis
3172 3944 3348 4000 divina
3384 3940 3529 3997 Scri-

1953 4061 2111 4123 ptura
2139 4056 2383 4113 testatur,
2434 4045 2503 4101 de
2545 4058 2607 4100 ea
2656 4057 2715 4098 re
2758 4040 2843 4095 cui
2890 4037 3175 4111 prmposita
3222 4044 3326 4101 est,
3379 4032 3537 4087 aliter

1953 4142 2105 4215 quasi
2134 4141 2340 4214 privato
2358 4139 2479 4210 jure
2503 4136 2629 4206 agit,
2674 4134 2829 4188 aliter
2864 4142 3113 4200 tanquam
3141 4125 3350 4197 publice
3375 4137 3537 4195 agere

1954 4236 2180 4306 cogitur.
2212 4231 2483 4287 Potentior
2530 4232 2615 4282 est
2640 4224 2783 4280 enim
2833 4230 2982 4293 parte
3028 4216 3542 4284 universitas;quo-

1957 4302 2097 4381 niam
2128 4321 2255 4378 illud
2276 4318 2417 4391 quod
2439 4317 2508 4371 ibi
2530 4314 2782 4387 privatim
2818 4312 2947 4383 agit,
2976 4318 3183 4363 tantum
3224 4318 3383 4377 agere
3408 4302 3542 4358 sini-

1957 4425 2060 4479 tur,
2085 4420 2339 4483 quantum
2363 4409 2446 4464 les
2483 4402 2842 4461 universitatis
2877 4398 3023 4455 sinit.
3063 4395 3169 4452 Sed
3207 4408 3539 4465 unaquaeque

1956 4471 2131 4561 animi)
2183 4510 2329 4557 tanto
2378 4508 2461 4554 est
2510 4496 2707 4568 pietate
2751 4491 3044 4562 purgatior,
3088 4495 3287 4558 quanto
3332 4485 3542 4556 privato
3581 4471 3605 4519 ί

1958 4612 2056 4653 suo
2082 4596 2257 4650 minus
2281 4591 2540 4647 delectata
2566 4629 2581 4655 ,
2606 4588 2779 4656 legem
2807 4580 3169 4639 universitatis
3191 4578 3444 4637 intuetur.
3472 4575 3544 4628 ei-

1959 4703 2062 4758 que
2091 4686 2281 4741 devote
2306 4698 2368 4737 ac
2396 4680 2623 4735 libenter
2652 4677 3001 4744 obtemperat.
3028 4670 3125 4725 Est
3143 4668 3283 4723 enim
3311 4667 3397 4721 lex
3421 4663 3541 4719 uni-

1960 4775 2225 4832 versitatis
2272 4772 2447 4828 divina
2500 4766 2781 4839 sapientia.
2833 4755 3041 4831 Quanto
3084 4768 3260 4814 autem
3313 4755 3541 4824 amplius

1961 4871 2166 4944 privato
2185 4882 2282 4921 suo
2307 4864 2522 4937 gaudet,
2565 4871 2620 4917 et
2665 4857 2903 4928 neglecto
2954 4854 3097 4919 Deo,
3151 4851 3240 4921 qui
3289 4848 3538 4902 omnibus

1961 4935 2154 5017 animis
2199 4935 2394 5013 utiliter
2422 4970 2485 5010 ac
2517 4950 2801 5007 salubriter
2843 4943 3121 5017 prtesidet,
3169 4942 3283 5010 ipsa
3312 4937 3412 4992 sibi
3454 4935 3541 4991 vel

1963 5055 2079 5109 aliis
2107 5045 2572 5123 qttibusdiotuerit,
2600 5043 2713 5097 vult
2739 5055 2858 5096 esse
2888 5053 2983 5108 pro
3017 5038 3129 5091 Deo
3148 5076 3162 5099 ,
3188 5048 3338 5088 suam
3361 5031 3537 5099 potius

1964 5147 2097 5203 inse
2128 5142 2210 5197 vel
2233 5142 2282 5195 in
2305 5140 2437 5194 alios
2458 5179 2471 5200 ,
2501 5150 2659 5207 quam
2700 5133 2842 5187 illius
2880 5131 2933 5185 in
2970 5140 3155 5181 omnes
3194 5123 3418 5191 diligens
3447 5137 3542 5190 pu-

2029 5281 2045 5313 ¹
2071 5278 2228 5329 Multis
2248 5277 2296 5326 in
2319 5275 2453 5324 libris
2469 5272 2673 5322 verbum
2689 5268 2815 5320 istud
2838 5257 2946 5329 cum
2963 5262 3155 5329 passiva
3172 5257 3517 5329 terminatione
3531 5290 3548 5315 ,

1964 5318 2498 5403 siculi-nd
2507 5318 2810 5403 vilicormien}
2829 5364 2843 5386 .
2869 5318 3372 5403 θίριξῖξξξυτέιτῖυςιυίιηξ
3395 5318 3549 5403 δελξ-

1966 5380 2891 5465 ἷέῐῖξςνιιριιιθνὶιιξιι,
2909 5382 3140 5465 fabricari
3160 5395 3178 5432 :
3195 5380 3404 5445 et’paulo
3422 5387 3549 5441 post,

2300 5501 2313 5521 ν
2340 5455 2444 5530 litor
2465 5455 2756 5530 f
2771 5455 3245 5530 βῄωῇέέφ-ιυ-
3282 5503 3371 5530 ειιλ
3386 5503 3485 5530 “·⁰¹·²

2030 5503 2059 5559 δ’
2071 5503 2209 5576 ἔτῗᾶ
2216 5503 2695 5575 i36.1'i£ééiiimur;
2712 5520 2763 5576 et
2774 5503 2855 5576 in“
2851 5522 2921 5568 ra,
2940 5505 3265 5576 (reficiuntur.
3282 5503 3372 5552 Sed
3386 5503 3552 5576 verius

1969 5564 2144 5639 και-ἓξ
2322 5564 2641 5632 inguini...
2668 5564 2926 5644 trajicitur.
2959 5564 3186 5629 subaudi,
3210 5564 3548 5616 numerositas.

1970 5650 2116 5744 Lugd.
2139 5656 2191 5698 et
2213 5640 2329 5695 Ven.
2354 5652 2403 5692 ut
2426 5651 2495 5690 Fr.
2524 5647 2575 5690 et
2598 5646 2704 5686 Lor.
2773 5640 2828 5681 Μ.

2079 5719 2165 5744 ηας
2202 5711 2433 5744 ηιιίιιίηιιι-
2459 5716 2542 5744 uer
2559 5695 2761 5744 artiﬁcis
2784 5695 2993 5744 animum
3013 5690 3269 5744 traiicitur.
3296 5696 3303 5703 '

2078 5695 2187 5759 iis;
2202 5711 2434 5776 quinque,
2459 5716 2542 5776 per
2559 5695 2761 5776 artificis
2784 5695 2993 5776 unintnm
3013 5695 3269 5757 trajicitw'.
3296 5695 3352 5737 Tr
3361 5699 3415 5736 es
3434 5696 3548 5734 vero

1974 5775 2048 5826 alii
2102 5757 2189 5821 tier
2212 5757 2353 5829 itrtifi'c
2370 5766 2409 5813 is
2426 5757 2713 5810 rho-mum"
2736 5757 2996 5821 trajicitur.

2038 5840 2057 5869 ⁸
2083 5836 2245 5884 t‘lurcs
2275 5846 2287 5870 κ
2306 5846 2393 5887 ss»,
2413 5830 2584 5875 colum.
