4000 6336
418 340 483 396 9|
1144 331 1231 386 DE
1272 326 1579 383 DIVEBSIS
1616 320 2135 397 QUESTIONIDUS
2174 326 2457 395 LXXXIII,
2498 327 2555 383 S.
2599 327 2965 388 AUGUSTINI
3618 334 3689 389 9!

422 459 665 508 testatem
682 491 698 517 ,
726 456 875 506 tanto
903 456 986 504 est
1008 446 1294 515 sordidior,
1325 452 1589 517 tantoque
1611 443 1783 513 magis
1808 455 1993 512 pmna-

421 541 543 596 liter
564 539 758 595 divinis
784 539 1006 610 legibus,
1034 547 1284 609 tanquam
1310 535 1533 606 publicis
1552 535 1753 590 servire
1771 534 1997 603 cogitur.

420 633 629 702 Quanto
660 634 819 704 igitur
847 632 1005 687 etiam
1035 631 1460 687 humanaanima
1482 630 1695 686 deserto
1721 629 1829 684 Deo
1850 669 1864 693 ,
1890 629 2002 684 suis

422 724 714 780 honoribus
739 724 820 779 vel
869 740 963 779 sua
1015 731 1277 794 potestate
1312 721 1474 777 fuerit
1517 720 1802 785 delectata,
1854 729 2002 775 tanto

422 817 590 887 magis
609 815 851 871 subditur
874 815 1063 870 talibus
1099 813 1471 885 potestatibus,
1502 829 1627 882 qua:
1665 812 1873 883 privato
1905 827 2004 866 suo

424 907 685 978 gaudent,
708 915 762 961 et
788 905 1041 960 honorari
1061 905 1128 961 ab
1154 904 1457 960 hominibus
1476 904 1613 958 sicut
1646 901 1719 956 dii
1743 902 1962 971 cupiunt
1987 918 2000 956 :

429 999 623 1069 quibus
650 997 828 1052 divina
862 999 978 1068 lege
1002 1012 1145 1068 saepe
1173 996 1505 1062 conceditur,
1539 1002 1599 1049 ut
1625 994 1706 1048 eis
1732 1008 1867 1063 quos
1904 992 2004 1046 sibi

423 1087 718 1143 secundum
766 1102 949 1141 eorum
993 1086 1179 1140 merita
1219 1083 1651 1155 subjugaverint,
1680 1084 1886 1153 privato
1914 1082 2007 1136 illo

419 1177 541 1245 jure
566 1179 726 1232 etiam
756 1177 1131 1231 miraculorum
1175 1176 1370 1247 aliquid
1413 1183 1701 1247 prtestent,
1730 1175 1782 1229 in
1810 1174 1894 1229 his
1924 1191 2005 1228 rec

423 1267 524 1323 bus
560 1267 1016 1343 exhibendorum,
1044 1268 1237 1337 quibus
1281 1276 1406 1321 sunt
1455 1265 1785 1334 inﬁmo,sed
1830 1276 2006 1319 tamen

426 1356 823 1412 ordinatissimo
855 1366 1173 1427 potestatum
1208 1357 1374 1428 gradu
1422 1357 1740 1427 prmpositaa.
1781 1354 1886 1410 Sed
1916 1355 2006 1409 ubi

331 1449 334 1452 ’
427 1448 606 1503 divina
632 1452 881 1518 tanquam
909 1449 1119 1519 publica
1163 1449 1245 1503 lex
1295 1448 1468 1519 jubet,
1501 1448 1667 1503 vineit
1696 1448 1876 1516 utique
1901 1447 2010 1516 pri-

428 1550 603 1595 vatam
630 1542 898 1596 licentiam
928 1560 942 1596 :
976 1557 1276 1612 quanquam
1305 1550 1359 1596 et
1387 1541 1502 1611 ipsa
1535 1542 1736 1611 privata
1775 1540 2007 1602 licentia,

430 1631 535 1686 nisi
560 1632 874 1687 universalis
896 1634 1175 1700 potestatis
1229 1633 1421 1688 divinae
1460 1633 1833 1703 permissioue,
1867 1632 2008 1686 nulla

431 1730 594 1776 esset.
624 1722 851 1791 Ideoque
874 1722 932 1776 ﬁt
962 1733 1019 1776 ut
1040 1723 1206 1777 sancti
1239 1723 1331 1777 Dei
1352 1723 1517 1787 servi,
1551 1722 1761 1793 quando
1787 1722 1888 1776 hoc
1917 1721 2010 1775 do-

434 1810 559 1867 num
587 1828 681 1869 eos
718 1813 914 1870 habere
970 1814 1099 1869 utile
1143 1824 1254 1877 est,
1310 1813 1602 1868 secundum
1659 1812 1919 1884 publicam
1960 1819 2014 1866 et

436 1904 827 1974 quodammodo
848 1905 1174 1973 imperialem
1204 1906 1392 1974 legem,
1424 1906 1521 1957 hoc
1549 1911 1662 1968 est,
1696 1902 1886 1956 summi
1921 1900 2013 1953 Dei

437 2002 754 2063 potestatem
784 1994 1048 2063 imperent
1075 1993 1270 2047 intimis
1296 1990 1648 2062 potestatibus
1672 1990 1737 2044 ad
1769 1988 2012 2059 quaedam

435 2079 672 2138 visibilia.
700 2084 952 2139 miracula
994 2083 1233 2138 facienda
1269 2102 1282 2137 :
1316 2084 1365 2137 in
1397 2083 1501 2137 illis
1542 2082 1682 2136 enim
1725 2081 1864 2136 Deus
1902 2081 2016 2150 ipse

437 2172 686 2241 imperat,
714 2173 866 2242 cujus
899 2174 1151 2243 templum
1200 2184 1361 2239 sunt,
1409 2181 1465 2227 et
1515 2188 1671 2241 quem
1712 2180 2015 2238 contempla

435 2277 531 2315 sua
555 2263 756 2331 privata
787 2270 1047 2332 potestate
1068 2264 1443 2317 ardentissime
1480 2261 1725 2331 diligunt.
1755 2260 1811 2314 lu
1844 2261 2015 2327 magi-

438 2354 521 2406 cis
543 2363 718 2407 autem
751 2353 1219 2421 imprecationibus
1251 2353 1290 2419 ¹,
1319 2352 1385 2405 ad
1412 2350 1715 2407 illecebram
1744 2350 2017 2418 deceptio.

439 2446 546 2509 nis,
573 2453 632 2498 ut
678 2444 776 2500 sibi
824 2444 1111 2515 subjugent
1150 2459 1243 2498 eos
1286 2444 1479 2513 quibus
1523 2442 1647 2495 talia
1697 2440 2017 2506 concedunt,

442 2544 693 2604 praestant
738 2533 982 2590 elTectum
1026 2535 1270 2605 precibus
1327 2544 1380 2588 et
1425 2533 1765 2587 ministeriis”
1809 2546 2016 2596 eorum,

441 2629 647 2697 privato
671 2627 761 2682 illo
784 2627 905 2696 jure
934 2625 1238 2697 largientes,
1266 2626 1407 2694 quod
1434 2625 1533 2679 sibi
1558 2625 1677 2679 licet
1706 2623 1885 2691 largiri
1923 2622 2012 2675 ho-

442 2722 755 2775 norantibus
782 2720 1087 2790 se,sibique
1132 2718 1506 2784 servientibus,
1546 2723 1601 2770 et
1648 2715 1889 2787 qumdam
1931 2730 2019 2767 se-

441 2829 562 2867 cum
582 2814 633 2868 in
659 2812 1006 2869 sacramentis
1030 2812 1141 2866 suis
1165 2819 1313 2881 pacta
1340 2810 1692 2865 servantibus.
1721 2808 1789 2861 Et
1813 2805 2021 2877 quando

441 2905 689 2959 videntur
731 2904 1033 2975 imporarc’
1072 2905 1246 2975 magi,
1273 2919 1368 2974 per
1402 2902 1772 2957 sublimiorum
1806 2901 2020 2955 nomina

443 2995 729 3071 inferiores
750 3005 987 3062 terrent;
1017 3005 1071 3051 et
1093 2996 1345 3051 nonnulla
1376 2994 1632 3058 visibilia,
1656 3010 1775 3064 quae
1810 3002 2025 3062 propter

446 3086 806 3163 inﬁrmitatem
854 3088 1029 3143 carnis
1071 3102 1260 3157 magna
1317 3086 1563 3140 videntur
1593 3084 1893 3138 hominibus
1919 3098 2022 3135 non

452 3180 749 3236 valentibus
795 3188 995 3235 teterua
1038 3180 1297 3243 contueri,
1341 3194 1458 3247 qtttc
1492 3194 1585 3248 per
1634 3176 1867 3245 seipsum
1897 3191 2026 3243 pra:-

452 3280 560 3326 stat
600 3271 944 3326 dilectoribus
989 3270 1100 3325 suis
1148 3285 1305 3324 verus
1336 3269 1499 3329 Deus,
1528 3267 1845 3321 mirantibus
1874 3264 2024 3319 exhi-

448 3362 593 3417 bent.
636 3362 761 3417 ﬂmc
789 3359 965 3417 autem
998 3361 1257 3430 permittit
1307 3361 1443 3414 Deus
1467 3359 1609 3429 juste
1631 3357 1806 3411 omnia
1842 3354 2025 3409 mode-

445 3467 605 3518 rans,
634 3462 689 3506 ut
713 3451 1206 3522 procupiditatibus
1246 3457 1301 3505 et
1340 3448 1688 3504 electionibns
1715 3447 1827 3501 suis
1852 3445 2026 3502 servi-

446 3554 590 3602 tutes
625 3560 811 3599 eorum
854 3544 1235 3614 libertatesque
1276 3542 1578 3597 distribuat.
1626 3540 1692 3594 Et
1730 3538 1775 3593 si
1816 3537 2027 3608 quando

446 3636 786 3689 invocatione
812 3635 1004 3690 summi
1028 3634 1151 3699 Dei,
1184 3632 1384 3702 aliquid
1414 3648 1509 3701 pro
1536 3630 1648 3685 suis
1688 3629 1841 3683 malis
1880 3628 2029 3696 cupi-

446 3726 701 3779 ditatibus
758 3726 1075 3794 impetrant,
1125 3724 1353 3778 vindicta
1397 3731 1478 3776 est
1529 3721 1637 3786 illa,
1687 3736 1793 3773 non
1836 3719 2024 3788 gratia.

446 3816 560 3871 Non
585 3816 724 3869 enim
750 3814 940 3869 frustm
969 3815 1098 3869 dicit
1126 3813 1408 3883 Apostolus
1426 3854 1440 3876 ,
1471 3810 1703 3865 Tradidit
1728 3808 1844 3863 illos
1889 3807 2029 3862 Deus

447 3894 499 3961 in
524 3908 769 3962 desideria
793 3907 959 3961 cordis
1003 3924 1177 3960 eorum
1222 3904 1392 3976 (Rom.
1429 3920 1465 3970 l,
1514 3903 1627 3971 26).
1668 3901 2027 3970 Quorumdam

446 3982 589 4063 enim
625 4008 956 4067 peccatorum
987 3995 1463 4068 perpetrandorum
1495 3992 1720 4048 facilitas
1751 4006 1906 4062 paena
1945 4000 2029 4045 est

448 4086 1130 4157 aliorumpriecedeutium.
1258 4076 1259 4079 ¹

518 4178 572 4233 2.
604 4178 754 4247 Quod
777 4174 952 4233 autém
979 4177 1233 4233 Dominus
1276 4176 1433 4242 dicit,
1480 4175 1599 4230 Non
1628 4184 1784 4247 potest
1825 4186 2031 4229 satanas

452 4279 683 4337 satauam
712 4267 976 4321 excludere
1002 4267 1191 4337 (Marc.
1216 4283 1294 4334 ut,
1324 4266 1415 4338 25)
1450 4285 1464 4321 :
1493 4282 1561 4320 ne
1591 4264 1727 4319 forte
1752 4265 2028 4334 quisquam

451 4366 605 4413 utens
648 4357 948 4411 nominibus
984 4356 1277 4426 aliquarum
1333 4356 1630 4409 inﬁmarum
1668 4363 1984 4423 potestatum
2010 4395 2027 4419 ,

450 4464 570 4501 cum
598 4447 915 4501 dzemonium
940 4446 1245 4512 excluserit,
1291 4445 1474 4499 falsam
1516 4453 1662 4514 putet
1709 4458 1829 4499 esse
1874 4443 2029 4498 istam

454 4539 661 4594 Domini
690 4540 1040 4604 sententiam;
1092 4537 1158 4591 ad
1205 4538 1304 4591 hoc
1334 4536 1596 4605 intelligat
1640 4535 1838 4589 dictum
1864 4575 1878 4596 ,
1907 4534 2031 4604 quia

456 4632 466 4682 I
490 4647 555 4684 oc
586 4630 742 4685 modo
763 4639 973 4684 satanas
992 4671 1008 4694 ,
1039 4628 1244 4683 etiamsi
1271 4627 1478 4696 corpori
1510 4634 1601 4680 aut
1628 4625 1866 4694 corporis
1904 4639 2031 4679 sen-

452 4721 600 4775 sibus
626 4721 812 4791 parcit,
842 4719 962 4775 ideo
990 4720 1180 4792 parcit,
1214 4727 1271 4773 ut
1299 4719 1465 4787 ipsius
1506 4717 1739 4772 hominis
1773 4716 2030 4770 voluntati

454 4827 549 4880 per
570 4811 852 4880 impietatis
896 4826 1133 4865 errorem
1185 4811 1452 4879 triumpho
1481 4810 1681 4879 majore
1708 4807 2028 4862 dominetur.

455 4903 566 4957 lloc
593 4912 769 4957 autem
792 4902 949 4957 modo
977 4918 1080 4955 non
1110 4903 1224 4956 exit
1252 4912 1461 4955 satanas
1480 4943 1494 4966 ,
1522 4900 1616 4955 sed
1646 4901 1818 4971 potius
1861 4901 1911 4954 in
1952 4903 2032 4953 in-

455 4995 580 5048 tima
622 4992 932 5063 ingreditur,
980 5000 1037 5045 ut
1082 4991 1134 5045 iu
1188 5007 1254 5046 eo
1283 4992 1359 5045 sic
1387 5001 1654 5060 operetur,
1686 4990 2032 5061 quemadmo-

452 5084 580 5138 dum
628 5084 754 5139 dicit
794 5083 1077 5153 Apostolus
1111 5102 1123 5135 :
1156 5081 1448 5136 Secundum
1490 5082 1764 5151 principem
1814 5089 2033 5147 potesta-

460 5175 524 5227 tis
569 5176 699 5228 aeris
744 5175 915 5245 hujus,
944 5173 1029 5245 qui
1075 5189 1211 5226 nunc
1240 5181 1476 5237 operatur
1515 5173 1565 5225 iu
1595 5172 1715 5241 ﬁliis
1744 5170 2033 5241 difﬁdentiae

456 5262 670 5333 (Ephes.
700 5281 753 5326 u,
782 5265 863 5333 Ξ).
891 5264 1004 5318 Νοη
1045 5264 1189 5318 enim
1215 5275 1402 5317 sensus
1424 5262 1666 5331 corporis
1693 5276 1876 5315 eorum
1916 5269 2029 5313 tur-

455 5353 611 5407 babat
635 5363 793 5421 atque
825 5354 1120 5423 torquebat,
1141 5363 1229 5407 aut
1261 5367 1448 5407 eorum
1473 5367 1697 5421 corpora
1724 5350 2027 5416 collidebat,

453 5443 547 5499 sed
569 5443 622 5496 in
648 5458 830 5497 eorum
851 5444 1150 5510 voluntate,
1165 5444 1246 5499 vel
1265 5443 1438 5513 potius
1454 5442 1739 5511 cupiditate
1757 5441 2029 5512 regnabat.

518 5597 534 5629 ι
560 5601 632 5665 Er.
647 5601 743 5665 ttat.
759 5600 816 5665 et,
827 5594 1046 5665 quinque
1060 5603 1187 5655 Mss,
1199 5597 1940 5665 itnperationibus._lttichaeliuus
1954 5618 2034 5656 co-

454 5655 1021 5732 de_x,imp_etratio_t.tilrus.
1042 5684 1105 5694 —
1117 5655 1292 5732 tuadi,
1311 5662 1718 5728 itnpcrationilms.
1781 5673 1838 5713 at.

515 5723 536 5788 ξ
558 5720 837 5788 Quindecim
854 5723 981 5788 διες..
1005 5720 1262 5782 mysteriis.

515 5782 535 5815 ³
551 5789 649 5831 Duo
672 5790 795 5840 Mss,
819 5782 1090 5844 impetrare.

2179 442 2232 496 3.
2263 437 2413 509 Quod
2441 455 2616 499 autem
2646 444 3290 516 diritpseudoprophetas
3331 444 3494 501 multa
3537 446 3683 517 signa

2107 544 2159 589 et
2185 535 2419 606 prodigia
2443 536 2671 590 facturos
2694 578 2710 603 ,
2735 537 2805 591 ita
2836 547 2893 592 ut
2921 538 3111 593 fallant
3150 539 3310 593 etiam
3332 580 3348 606 ,
3378 539 3422 593 si
3451 538 3563 594 ﬁeri
3588 553 3686 608 po-

2108 633 2244 692 test,
2275 626 2475 681 electos
2499 626 2712 695 (Matth.
2761 644 2913 692 xxiv,
2956 628 3092 700 24);
3126 629 3378 684 admonet
3416 630 3595 699 utique
3632 641 3689 684 ut

2108 717 2468 789 intelligamus
2487 719 2728 789 quaedam
2772 721 3031 776 miracula
3074 723 3234 775 etiam
3271 721 3560 776 sceleratos
3587 720 3687 776 ho-

2109 808 2278 864 mines
2300 809 2494 873 facere,
2519 810 2694 880 qualia
2723 811 2891 865 sancti
2936 810 3109 866 facere
3148 826 3255 866 non
3298 821 3523 881 possunt
3553 828 3568 866 :
3593 826 3691 865 nec

2111 908 2286 955 tamen
2313 901 2432 957 ideo
2458 903 2679 972 potioris
2726 902 2827 957 loci
2861 902 3003 972 apud
3033 903 3199 958 Deum
3233 919 3353 958 esse
3394 902 3691 957 arbitrandi

2110 1000 2251 1045 sunt.
2304 990 2419 1046 Non
2474 991 2617 1046 enim
2653 992 2981 1062 acceptiores
3019 1002 3173 1047 erant
3203 992 3335 1058 Deo,
3392 1007 3550 1062 quam
3599 1004 3697 1061 po;

2112 1083 2265 1151 pulus
2306 1081 2489 1146 Israel,
2524 1085 2661 1154 magi
2708 1084 3078 1155 Egyptiorum
3102 1125 3119 1148 ,
3165 1084 3289 1153 quia
3330 1098 3436 1137 non
3486 1092 3697 1153 poterat

2114 1174 2202 1249 ille
2228 1174 2452 1243 populus
2486 1174 2660 1230 facere
2688 1176 2828 1245 quod
2849 1176 2921 1230 illi
2949 1175 3257 1231 faciebant:
3282 1176 3522 1246 quamvis
3549 1175 3698 1246 May-

2112 1279 2199 1319 ses
2218 1268 2272 1319 in
2293 1265 2489 1320 virtute
2514 1266 2609 1320 Dei
2636 1266 2837 1335 majora
2868 1266 3100 1334 potuerit
3122 1263 3317 1336 (Exod.
3348 1263 3567 1337 vit-xu).
3587 1263 3697 1319 Sed

2114 1356 2232 1410 ideo
2258 1372 2363 1410 non
2397 1357 2643 1411 omnibus
2671 1359 2869 1412 sanctis
2907 1358 3006 1412 ista
3046 1358 3369 1422 tribuuntur,
3401 1372 3471 1412 ne
3506 1356 3695 1425 perni-

2114 1446 2414 1500 ciosissimo
2443 1462 2627 1501 errore
2649 1447 2982 1516 decipiantur
3008 1447 3228 1514 inﬁrmi,
3258 1445 3699 1503 existimantcsiu

2118 1537 2307 1591 talibus
2329 1537 2480 1592 factis
2521 1538 2721 1608 majora
2765 1539 2905 1592 dona
2949 1554 3100 1604 esse,
3146 1555 3305 1609 quam
3350 1539 3402 1594 in
3447 1537 3709 1608 operibus

2111 1630 2351 1700 justitiae,
2379 1632 2570 1701 quibus
2621 1641 2817 1687 (eterna
2856 1634 2958 1686 vita
3010 1642 3368 1702 comparatur.
3408 1631 3721 1699 Propterea

2118 1722 2374 1787 Dominus
2406 1722 2649 1790 prohibet
2679 1722 2802 1776 hinc
2827 1722 3057 1792 gaudere
3080 1722 3391 1791 discipulos,
3425 1736 3548 1776 cum
3570 1720 3643 1773 ait
3681 1735 3699 1772 :

2120 1811 2294 1867 Nolite
2315 1814 2365 1865 in
2389 1814 2481 1866 hoc
2501 1814 2738 1883 gaudere,
2766 1816 3003 1885 quoniam
3027 1814 3233 1882 spiritus
3258 1814 3396 1867 vobis
3421 1812 3708 1882 subjiciun-

2118 1910 2235 1968 tur;
2272 1902 2361 1957 sed
2385 1903 2437 1955 in
2461 1907 2555 1956 hoc
2592 1906 2823 1974 gaudete,
2846 1906 3086 1974 quoniam
3128 1906 3332 1959 nomina
3369 1913 3530 1959 vestra
3574 1903 3708 1957 scri-

2120 2002 2207 2062 pta
2235 2002 2352 2045 sunt
2381 1993 2433 2045 in
2457 1993 2595 2046 caelis
2624 1992 2778 2061 (Luc.
2802 2010 2856 2058 x,
2878 1994 2992 2062 20).

2187 2084 2244 2138 4.
2273 2084 2409 2139 Cum
2438 2100 2564 2154 ergo
2589 2085 2708 2140 talia
2732 2084 3105 2157 faciuntmagi,
3130 2086 3302 2155 qualia
3325 2072 3708 2153 nonnunquam

2121 2176 2289 2230 sancti
2303 2177 2518 2240 faciunt,
2535 2176 2656 2230 talia
2669 2177 2881 2246 quidem
2894 2178 3174 2231 visibiliter
3188 2191 3304 2231 esse
3315 2186 3589 2247 apparent,
3604 2173 3711 2228 scd

2122 2276 2176 2322 et
2209 2266 2430 2323 diverso
2458 2269 2564 2322 ﬁne
2589 2276 2642 2323 et
2666 2269 3008 2338 diversojure
3052 2268 3198 2323 ﬁunt.
3232 2269 3306 2322 llli
3333 2269 3474 2322 enim
3505 2268 3710 2321 iaciunt.

2122 2370 2418 2429 quterentes
2441 2360 2660 2431 gloriam
2683 2376 2856 2427 suam,
2885 2360 2973 2414 isti
2990 2372 3288 2430 quaareutes
3314 2360 3536 2430 gloriam
3562 2358 3655 2413 Dei
3682 2374 3703 2411 :

2122 2458 2178 2503 et
2205 2449 2279 2502 illi
2306 2449 2503 2505 faciunt
2522 2465 2619 2521 per
2642 2450 2880 2520 quadam
2912 2451 3257 2520 potestatibus
3279 2464 3529 2505 concessa
3548 2450 3599 2502 in
3622 2464 3710 2502 or-

2124 2538 2251 2595 dine
2288 2555 2420 2604 suo,
2463 2541 2617 2611 quasi
2664 2541 2867 2610 privata
2908 2539 3225 2596 commercia
3257 2539 3341 2594 vel
3372 2538 3625 2593 veneﬁcia
3647 2539 3710 2601 ¹;

2126 2628 2212 2683 isti
2243 2638 2419 2685 autem
2466 2629 2680 2699 publica
2724 2614 3222 2696 administratione,
3267 2628 3419 2697 jussu
3464 2628 3580 2696 ejus
3620 2626 3715 2682 cui

2125 2730 2312 2777 cuneta
2340 2730 2579 2778 creatura
2607 2722 2844 2792 subjecta
2869 2731 2970 2778 est.
2999 2723 3167 2777 Aliter
3188 2722 3332 2777 enim
3358 2722 3564 2791 cogitur
3585 2708 3715 2790 pos-

2126 2828 2307 2868 sessor
2331 2829 2526 2884 equum
2547 2813 2677 2869 dare
2713 2814 2905 2881 militi,
2928 2814 3085 2869 aliter
3105 2830 3228 2869 eum
3259 2814 3421 2869 tradit
3454 2814 3710 2884 emptori,

2126 2905 2210 2961 vel
2240 2906 2455 2960 cuilibet
2478 2905 2642 2960 donat
2663 2914 2758 2960 aut
2784 2906 3108 2963 commodat.
3138 2906 3207 2960 Et
3251 2905 3736 2978 quemadmodum.

2128 2997 2367 3066 plerique
2388 2998 2513 3052 mali
2533 2999 2730 3054 milites
2767 3012 2903 3067 quos
2939 2998 3231 3067 imperialis
3270 2998 3550 3073 disciplina
3575 3013 3714 3053 oon-

2128 3086 2361 3154 demnat,
2391 3087 2558 3159 signis
2584 3090 2919 3160 imperatoris
2940 3089 3024 3146 sui
3046 3089 3334 3145 nonnullos
3370 3104 3739 3160 possessores.

2130 3177 2395 3246 territant,
2414 3186 2469 3233 et
2493 3178 2560 3234 ab
2586 3179 2663 3234 eis
2688 3179 2909 3250 aliquid,
2931 3179 3073 3250 quod
3099 3180 3311 3250 publice
3337 3196 3443 3235 non
3468 3181 3708 3251 jubetur,

2128 3280 2449 3340 extorquent
2470 3290 2485 3326 :
2511 3272 2581 3326 ita
2609 3288 2986 3344 nonnunquam
3010 3274 3135 3328 mali
3150 3274 3449 3341 christiani,
3468 3276 3555 3331 vel
3573 3274 3716 3330 schi-

2130 3361 2358 3427 smatici,
2385 3362 2467 3417 vel
2507 3364 2742 3419 haeretici
2784 3378 2881 3434 per
2910 3380 3103 3419 nomen
3167 3365 3366 3420 Christi
3413 3375 3505 3421 aut
3547 3366 3735 3421 verbar.

2130 3458 2222 3504 aut
2240 3461 2572 3507 sacramenta
2590 3453 2882 3508 christiana
2908 3454 3126 3525 exigunt
3147 3454 3349 3524 aliquid
3397 3470 3428 3510 a
3477 3464 3723 3526 potesta-

2132 3541 2295 3609 tibus,
2316 3543 2506 3613 quibus
2533 3543 2720 3597 honori
2742 3544 2937 3600 Christi
2961 3544 3153 3601 oedere
3177 3546 3429 3601 indictum
3452 3555 3553 3601 est.
3576 3546 3735 3601 Cum.

2130 3642 2307 3687 autem
2358 3635 2512 3689 malis
2550 3635 2860 3705 jubentibus
2902 3638 3131 3703 cedunt,
3185 3640 3457 3694 voluntate
3507 3639 3575 3693 ad
3624 3653 3707 3693 se-

2131 3724 2403 3781 ducendos
2429 3726 2671 3783 homines
2702 3729 2920 3796 cedunt,
2945 3747 3168 3801 quorum
3212 3746 3396 3787 errore
3437 3734 3713 3787 ltetantur.

2133 3816 2466 3887 Quapropter
2485 3818 2641 3873 aliter
2665 3822 2804 3891 magi
2840 3820 3040 3877 faciunt
3069 3823 3345 3890 miracula,
3385 3824 3544 3878 aliter
3583 3824 3721 3880 boni

2133 3908 2442 3976 christiani,
2467 3910 2619 3964 aliter
2646 3912 2773 3965 mali
2818 3913 3091 3969 christiani
3124 3933 3137 3968 :
3166 3916 3303 3984 magi
3342 3930 3437 3984 per
3480 3917 3718 3985 privatos

2134 4009 2459 4064 contractus,
2499 4002 2623 4055 boni
2661 4003 2939 4059 christiani
2974 4020 3069 4075 per
3114 4005 3375 4074 publicam
3412 4008 3672 4078 justitiam
3698 4049 3733 4076 ,.

2135 4088 2258 4171 mali
2296 4090 2571 4145 christiani
2611 4107 2706 4161 per
2746 4093 2893 4164 signa
2934 4095 3160 4164 publica:
3186 4097 3429 4164 justitire.
3468 4098 3576 4153 Nec
3616 4099 3723 4153 mi-

2135 4194 2250 4232 rum
2273 4188 2354 4235 est
2373 4180 2515 4250 quod
2547 4181 2660 4236 haec
2686 4183 2835 4253 signa
2864 4185 3062 4251 valent,
3096 4200 3219 4240 cum
3246 4188 3315 4242 ab
3340 4189 3421 4243 eis
3454 4188 3723 4243 adhiben-

2136 4280 2261 4336 tur;
2289 4272 2499 4341 quando
2523 4273 2682 4335 etiam
2712 4289 2832 4329 eum
2860 4286 3182 4347 usurpantur
3205 4278 3275 4334 ab
3299 4280 3569 4335 extraneis
3586 4322 3600 4347 ,
3622 4280 3717 4350 qui

2136 4364 2352 4417 omnino
2377 4380 2531 4419 suum
2556 4380 2749 4421 nomen
2766 4368 2832 4422 ad
2851 4369 3003 4423 istam
3033 4370 3271 4425 militiam
3298 4387 3404 4427 non
3430 4372 3716 4439 dederunt,

2136 4466 2353 4523 propter
2392 4454 2650 4510 honorem
2690 4466 2871 4531 tamen
2915 4462 3346 4518 excellentissimi
3378 4464 3726 4533 Imperatoris

2139 4542 2335 4597 valent.
2367 4543 2446 4598 Ex
2468 4547 2657 4623 quibus
2686 4547 2786 4601 fuit
2812 4549 2898 4603 ille
2923 4592 2936 4613 ,
2966 4551 3033 4606 de
3062 4567 3168 4622 quo
3205 4553 3447 4623 discipuli
3490 4555 3722 4610 Domino

2136 4635 2542 4702 nuntiaverunt,
2573 4621 2713 4707 quod
2743 4639 2792 4692 in
2823 4641 3039 4697 nomine
3054 4644 3170 4713 ejus
3190 4621 3407 4714 ejiceret
3431 4644 3721 4712 dmmonia,

2137 4726 2377 4795 quamvis
2406 4741 2526 4781 cum
2565 4728 2644 4783 eis
2684 4745 2808 4785 eum
2847 4748 2953 4786 non
2988 4744 3301 4802 sequeretur
3330 4734 3439 4805 (Id.
3485 4752 3559 4800 ix,
3599 4737 3721 4807 l9).

2138 4817 2271 4871 Cum
2300 4828 2476 4874 autem
2505 4837 2607 4874 non
2636 4823 2834 4878 cedunt
2865 4825 2945 4881 his
2973 4827 3137 4897 signis
3160 4828 3460 4898 hujusmodi
3484 4840 3722 4900 potesta-

2141 4920 2249 4975 tes,
2284 4912 2423 4967 Deus
2449 4914 2561 4983 ipse
2591 4916 2838 4983 prohibet
2878 4920 3101 4974 occultis
3144 4920 3345 4983 modis,
3392 4936 3512 4975 cum
3545 4920 3596 4975 id
3631 4925 3719 4991 ju-

2139 5010 2279 5056 stum
2305 5014 2462 5072 atque
2484 5005 2610 5058 utile
2630 5005 2853 5074 jndicat.
2880 5008 3011 5063 Nam
3037 5011 3181 5064 nullo
3201 5011 3360 5065 modo
3385 5008 3472 5065 ulli
3502 5012 3725 5080 Spiritus

2139 5094 2334 5149 audent
2366 5094 2480 5151 ha-c
2520 5097 2669 5173 signa
2704 5109 3050 5157 contemnere
3082 5088 3538 5160 :contrcmiscunt
3579 5107 3725 5161 enim

2141 5183 2276 5249 bmc,
2311 5186 2627 5255 ubicumque
2654 5190 2741 5245 illa
2771 5196 3164 5262 conspexeriut.
3206 5195 3311 5251 Sed
3361 5197 3726 5253 nescientibus

2143 5276 2443 5332 hominibus
2468 5279 2609 5333 aliud
2633 5280 2849 5349 jubetur
2871 5282 3147 5351 divinitus,
3174 5287 3258 5341 vel
3289 5288 3354 5343 ad
3380 5289 3721 5345 confundent-

2141 5368 2239 5422 dos
2263 5369 2449 5434 malos,
2482 5385 2602 5424 cum
2632 5389 2727 5427 eos
2746 5384 2955 5441 Oportet
2983 5378 3267 5442 confundi;
3305 5380 3442 5434 sicut
3477 5380 3545 5435 de
3590 5380 3713 5435 Sce-

2140 5474 2220 5513 va:
2248 5459 2368 5513 ﬁliis
2396 5461 2448 5515 in
2479 5462 2698 5517 Actibus
2723 5465 3099 5535 Apostolorum
3132 5468 3389 5540 legimus,
3427 5471 3621 5540 quibus
3646 5469 3725 5526 ait

2143 5550 2447 5608 immundus
2490 5555 2742 5623 spiritus,
2793 5556 2971 5613 Jesum
3011 5561 3157 5628 scio,
3208 5571 3253 5616 et
3295 5561 3518 5616 Paulum
3571 5563 3729 5628 uoti;

2205 5728 2320 5804 {sic
2340 5737 2437 5804 ttat.
2460 5739 2511 5804 et
2530 5740 2631 5804 tres
2654 5742 2759 5783 \tss.
2786 5742 2839 5785 At
2861 5743 2934 5785 Er.
2949 5742 3054 5787 πλον.
3078 5747 3125 5791 et
3147 5739 3223 5789 alii
3249 5741 3458 5803 calices,
3473 5738 3716 5804 beneﬁcia.

2142 5815 2196 5829 —
2219 5796 2288 5841 Sic
2311 5796 2453 5842 etiam
2475 5796 2617 5857 Lugd.
2647 5804 2697 5846 et
2718 5805 2833 5847 vita.
2898 5805 2954 5848 Μ.
