4000 6336
498 332 568 390 95
1227 327 1315 382 DE
1354 324 1661 382 DlVEIlSlS
1695 324 2216 392 QUESTIONIBUS
2255 324 2541 395 LXXXIII,
2582 328 2639 383 S.
2681 326 3044 383 AUGUSTINI
3699 335 3772 391 96

496 459 650 512 quam
667 451 723 496 ut
741 442 965 497 animum
989 459 1135 497 suum
1155 453 1309 513 ponat
1336 444 1454 514 quis
1465 460 1558 513 pro
1584 442 1758 495 amicis
1784 441 1888 494 suis
1906 438 2083 511 (Joan.

499 547 591 599 xv,
638 532 744 602 15)
773 548 786 585 :
819 548 937 602 qua:
963 528 1106 587 mihi
1124 534 1371 602 pervicax
1399 532 1757 588 contradicunt
1787 538 1959 599 potest
1999 528 2084 583 di-

495 636 620 677 cere
645 622 869 693 ﬁgurate
891 640 921 678 a
949 624 1179 679 Domino
1192 623 1329 679 dicta
1351 641 1375 689 ;
1394 624 1530 679 sicut
1553 623 1716 678 multa
1741 623 1795 676 in
1823 620 2086 691 parabolis

493 729 620 768 eum
645 714 878 770 locutum
902 730 1021 771 esse
1051 715 1388 774 manifestum
1415 724 1516 771 est.
1545 715 1677 770 Nam
1706 715 1804 769 etsi
1833 714 1932 769 ista
1976 728 2083 768 non

497 808 574 859 ita
599 813 756 871 sunt,
799 820 903 860 non
938 816 1110 861 tamen
1141 822 1274 875 opus
1311 815 1394 861 est
1429 808 1734 877 pugnaciter
1773 822 1963 876 agere,
1996 805 2093 859 ubi,

493 892 753 949 habemus
782 895 1235 965 Evangelistarum
1260 898 1619 964 narrationes,
1664 913 1758 967 per
1792 912 1939 968 quas
1960 912 2095 952 eunt

490 994 545 1038 et
593 993 775 1040 natum
804 986 870 1040 de
900 986 1061 1042 Maria
1089 987 1291 1056 virgine
1318 989 1663 1058 cognovimus
1682 1030 1697 1054 ,
1742 996 1803 1042 et
1835 1003 2083 1055 compre-

494 1076 722 1132 hensum
752 1094 781 1131 a
807 1078 1034 1145 Iudaeis,
1055 1088 1111 1134 et
1131 1078 1449 1148 ﬁagellatum
1468 1120 1482 1143 ,
1510 1087 1564 1134 et
1590 1079 1898 1134 cruciﬁxum
1925 1087 2097 1147 atque-

492 1166 913 1234 interfectum,et
926 1170 1187 1239 sepultum
1202 1170 1253 1223 in
1268 1179 1633 1234 monumento;
1646 1186 1763 1240 quae
1775 1170 1950 1224 omnia
1968 1171 2083 1224 sine

490 1273 714 1328 corpore
741 1260 1034 1329 intelligere
1056 1262 1186 1316 facta
1217 1277 1376 1315 nemo
1398 1269 1595 1331 potest.
1616 1260 1726 1315 Nec
1752 1260 1871 1315 ﬁcte
1895 1270 1986 1314 aut
2016 1260 2078 1312 ﬁ-

490 1362 675 1418 gurate
708 1352 1014 1422 accipienda
1043 1355 1320 1424 quisquam
1356 1355 1443 1410 vel
1477 1354 1905 1410 dementissimus
1929 1353 2079 1408 dine-

491 1444 591 1509 rit;
631 1458 751 1496 cum
774 1442 914 1499 dicta
945 1449 1052 1499 sint
1076 1445 1141 1499 ab
1162 1447 1240 1500 eis
1265 1446 1355 1517 qui
1394 1460 1480 1502 res
1505 1455 1683 1516 gestas
1700 1486 1716 1512 ,
1741 1454 1799 1498 ut
1822 1446 2080 1498 memine—

490 1545 632 1597 rant.
656 1547 1023 1592 narraverunt.
1045 1538 1189 1595 Sicut
1212 1555 1339 1609 ergo
1361 1539 1456 1594 ista
1479 1554 1812 1610 corpuscum
1835 1538 2081 1592 habuisse

494 1638 775 1697 testantur,
799 1632 878 1686 sic
902 1648 1024 1686 eum
1052 1632 1288 1687 indicant
1315 1633 1562 1688 habuisse
1588 1632 1817 1687 animam
1845 1631 2079 1685 affectio»

492 1737 591 1780 nes
620 1722 723 1779 illa:
742 1765 759 1789 ,
790 1740 909 1792 qua:
942 1740 1046 1778 non
1091 1734 1313 1794 possunt
1336 1740 1456 1780 esse
1484 1724 1584 1779 nisi
1615 1725 1667 1779 in
1699 1724 1871 1777 anima
1904 1741 1917 1776 :
1947 1738 2080 1791 quas

489 1813 833 1869 nihilominus
851 1815 1051 1871 eisdem
1081 1816 1436 1887 Evangelistis
1475 1816 1811 1870 narrantibus
1835 1814 2082 1884 legimus.

491 1905 557 1960 Et
577 1907 800 1961 miratus
819 1917 903 1962 est
920 1907 1078 1963 Jesus
1096 1906 1118 1980 (
1135 1907 1322 1961 Matth.
1347 1923 1455 1967 vm.
1483 1905 1608 1977 10),
1629 1916 1683 1961 et
1703 1906 1867 1960 iratus
1898 1902 2077 1972 (Jomt.

487 2013 562 2062 χι.
590 1999 659 2053 15
679 1999 697 2068 )
717 2041 734 2065 ,
761 2008 816 2055 et
838 2000 1182 2055 contristatus
1211 1999 1413 2073 (Marc.
1437 2015 1525 2065 ut,
1545 1997 1613 2068 5)
1636 2039 1650 2061 .
1682 2006 1736 2053 et
1753 1997 2087 2052 exhilarahts

490 2085 682 2155 (Jnau.
715 2104 788 2150 xl,
831 2090 956 2159 15).
1002 2098 1057 2144 et
1082 2090 1245 2144 multa
1277 2089 1402 2144 talia
1452 2087 1876 2143 innumerabilia.
1930 2087 2080 2141 Sicut

488 2176 647 2230 etiam
674 2178 762 2232 illa
791 2195 909 2246 qua:
936 2180 1216 2249 conjuncta
1257 2181 1413 2234 simul
1443 2180 1615 2234 ofﬁcia
1664 2186 1720 2233 et
1759 2178 1997 2247 corporis
2026 2187 2079 2233 et

487 2269 680 2323 animm
706 2271 1038 2326 ostendunt:
1081 2272 1217 2327 sicut
1244 2280 1368 2326 sunt
1404 2271 1545 2341 quod
1589 2272 1811 2327 esurivit
1854 2270 2074 2341 (Matth.

487 2374 563 2421 tv,
594 2358 684 2426 2),
713 2360 854 2430 quod
883 2360 1136 2416 dormivit
1156 2360 1272 2433 (Id.
1315 2378 1439 2427 vtu,
1469 2360 1574 2431 24)
1596 2402 1614 2423 ,
1649 2360 1795 2431 quod
1832 2361 2076 2430 fatigatus

486 2447 554 2501 ab
593 2447 781 2503 itinere
829 2450 972 2504 sedit
1014 2449 1201 2522 (Joan.
1251 2466 1325 2515 tv,
1354 2450 1446 2521 6).
1473 2458 1529 2506 et
1552 2450 1655 2506 alia
1689 2450 2074 2518 hujuscemodi.

487 2538 611 2592 Non
633 2540 775 2593 enim
796 2550 1018 2609 possunt
1040 2542 1254 2607 dicere,
1299 2544 1459 2597 etiam
1505 2541 1557 2596 in
1599 2541 1868 2596 veteribus
1902 2540 2081 2596 Libris

484 2632 682 2687 dictam
707 2648 830 2688 esse
860 2634 1000 2689 iram
1022 2635 1119 2690 Dei
1153 2644 1209 2690 et
1241 2635 1478 2690 lzetitiam
1496 2676 1514 2700 ,
1538 2644 1594 2691 et
1614 2634 1898 2690 nonnullos
1918 2634 2077 2705 hujus

462 2714 699 2790 [generis
720 2734 898 2779 motus
919 2764 944 2787 ν
981 2740 1081 2781 nec
1118 2725 1239 2781 ideo
1266 2734 1441 2780 tamen
1486 2741 1613 2782 esse
1642 2741 1977 2796 consequens
2020 2735 2078 2780 ut

484 2812 652 2868 Deum
704 2812 1231 2871 habuisseanimatn
1275 2815 1597 2871 credendum
1641 2816 1732 2872 sit.
1777 2816 1925 2872 Dicta
1951 2825 2077 2872 sunt

484 2903 633 2957 enim
665 2903 761 2957 illa
797 2905 1132 2975 prOpheticis.
1161 2907 1661 2977 imaginationibus,
1691 2924 1797 2963 non
1828 2919 2073 2963 narrato-

482 2992 564 3048 ria
590 2994 1035 3051 manifestatione.
1064 2996 1196 3052 Nam
1223 3008 1279 3053 et
1306 2998 1543 3053 membra
1572 3000 1663 3055 Dei
1684 2998 1825 3055 dicta
1850 3009 1995 3065 sunt,
2020 3009 2076 3054 et

482 3098 707 3147 manus,
739 3094 790 3141 et
811 3086 1007 3154 pedes,
1041 3095 1096 3143 et
1122 3088 1261 3143 oculi
1283 3128 1298 3152 ,
1342 3096 1400 3144 et
1423 3088 1622 3156 facies,
1655 3098 1710 3145 et
1748 3090 1940 3145 similia
1972 3108 1986 3143 :
2018 3102 2072 3148 et

483 3174 930 3241 quemadmodum
954 3177 1053 3234 ista
1078 3194 1185 3234 non
1214 3179 1448 3235 indicant
1470 3196 1593 3235 eum
1626 3181 1822 3236 habere
1851 3196 2069 3253 corpus,

480 3263 558 3318 sic
583 3280 681 3319 nec
707 3265 792 3320 illa
821 3267 1081 3322 animam.
1101 3268 1557 3337 Quemadmodum
1586 3280 1764 3327 autem
1795 3283 2068 3328 narratum

483 3355 703 3425 aliquid,
737 3358 822 3413 ubi
854 3359 1120 3414 nominata
1152 3370 1278 3415 sunt
1305 3376 1491 3416 manus
1515 3360 1713 3417 Christi
1734 3372 1790 3419 et
1813 3372 1991 3433 caput,
2014 3373 2069 3418 et

478 3454 670 3502 caetera
698 3462 817 3517 quae
842 3448 1076 3504 indicant
1108 3450 1237 3520 ejus
1279 3466 1512 3522 corpus;
1556 3453 1626 3507 ita
1668 3453 1830 3508 etiam
1855 3470 1976 3525 qua:
2000 3455 2068 3510 de

477 3536 670 3591 animas
706 3537 1074 3602 aﬁ‘ectionibus
1097 3542 1287 3597 eodem
1337 3543 1657 3598 narrationis
1682 3554 1866 3599 tenore
1896 3546 2065 3600 nomi-

478 3635 600 3681 nata
628 3636 790 3693 sunt,
837 3629 1074 3684 indicant
1098 3632 1214 3699 ejus
1237 3633 1487 3686 animam.
1521 3632 1751 3689 Stultum
1777 3643 1861 3689 est
1885 3643 2064 3691 autem

476 3716 703 3771 credere
728 3720 964 3773 narranti
990 3722 1328 3790 evangelista;
1356 3721 1496 3791 quod
1542 3722 1937 3779 manducaverit
1957 3765 1973 3791 ,
2011 3733 2067 3781 et

475 3819 583 3860 non
613 3806 662 3860 ei
686 3807 907 3863 credere
933 3809 1072 3878 quod
1094 3810 1358 3865 esurierit.
1390 3812 1500 3867 Etsi
1521 3813 1664 3867 enim
1686 3829 1792 3868 non
1821 3822 1905 3870 est
1929 3830 2062 3870 con-

477 3910 708 3967 sequens
735 3910 791 3953 ut
816 3901 990 3954 omnis
1016 3901 1104 3971 qui
1132 3903 1417 3958 manducat
1444 3905 1672 3969 esuriat;
1724 3921 1845 3961 nam
1885 3916 1942 3962 et
1966 3922 2064 3963 an-

474 3986 650 4055 gelum
680 3987 901 4058 legintus
926 3991 1274 4048 manducasse
1302 3992 1466 4065 (Gen.
1500 4012 1647 4061 xvnt,
1676 3997 1729 4061 8,
1761 3997 1817 4061 9,
1846 4007 1892 4053 et
1930 3997 2057 4055 Tob.

475 4090 568 4147 an,
605 4076 731 4148 19),
762 4078 855 4132 sed
884 4081 1117 4137 esurisse
1146 4097 1251 4138 non
1293 4084 1518 4153 legimus
1545 4104 1557 4139 :
1591 4102 1762 4155 neque
1791 4098 1849 4143 ut
1886 4091 2061 4144 omnis

470 4167 561 4235 qtti
587 4169 753 4222 esurit
774 4171 1082 4239 manducet,
1118 4173 1163 4226 si
1190 4184 1281 4228 aut
1316 4175 1493 4230 ofﬁcio
1520 4178 1695 4247 aliquo
1713 4194 1771 4234 se
1790 4180 2056 4244 cohibeat.

473 4267 565 4310 aut
607 4256 747 4313 desit
779 4258 830 4314 ei
868 4260 1019 4316 cibus
1063 4262 1389 4335 facultasque
1433 4267 1784 4324 manducandi
1826 4286 1840 4322 :
1879 4278 2056 4326 tamen

470 4362 591 4401 cum
623 4357 902 4421 utrumque
932 4364 1112 4409 narrat
1156 4355 1478 4426 evangelista
1532 4357 1550 4426 (
1573 4356 1759 4412 Matth.
1793 4375 1865 4424 Iv,
1906 4360 1961 4422 Ξ,
2009 4370 2058 4415 et

469 4454 552 4505 tr,
581 4441 693 4511 ll),
719 4453 1006 4521 utrumque
1034 4447 1363 4503 credendum
1378 4458 1481 4514 est;
1502 4452 1625 4520 quia
1644 4455 2054 4522 utrumquesic-

469 4540 529 4587 ut
544 4548 719 4588 rerum
741 4547 1009 4605 gestarum
1048 4539 1204 4594 index
1247 4541 1441 4597 factum
1473 4554 1788 4614 gestumque
1812 4547 2052 4601 conscri-

468 4625 591 4693 psit.
606 4625 753 4681 Sicut
766 4639 944 4684 autem
964 4631 1084 4702 quia
1098 4632 1455 4704 manducavit,
1469 4635 1583 4691 sine
1593 4651 1818 4705 corpore
1833 4638 2053 4707 intelligi

465 4729 570 4770 non
590 4727 783 4787 potest;
801 4721 876 4775 sic
887 4723 1008 4790 quia
1024 4724 1263 4787 esurivit,
1280 4725 1395 4781 sine
1408 4729 1586 4782 anima
1607 4729 1719 4783 ﬁeri
1736 4744 1840 4783 non
1860 4731 2049 4799 potuit.

533 4808 588 4862 4.
619 4807 730 4864 Nec
756 4810 842 4864 illa
871 4829 966 4867 nos
986 4822 1148 4870 terret
1176 4816 1348 4872 inanis
1376 4828 1533 4889 atque
1563 4820 1737 4890 inepta
1761 4823 2047 4891 calumnia,

460 4914 565 4965 qua
593 4900 852 4958 invidiose
874 4905 1185 4962 resistentes
1208 4909 1360 4964 aiunt
1387 4928 1403 4964 :
1439 4912 1578 4983 Ergo
1614 4914 1719 4970 sub
1735 4917 2050 4974 necessitate

459 4990 667 5057 positus
694 4991 811 5053 fuit.
851 4994 897 5049 si
944 4994 1042 5050 has
1085 4997 1396 5056 affectiones
1432 5004 1596 5058 animi
1641 5020 1797 5061 veras
1840 5007 2045 5064 habuit.

461 5076 640 5134 Facile
691 5083 890 5154 quippe
934 5088 1317 5155 respondemus
1348 5108 1361 5145 :
1390 5091 1532 5162 Ergo
1580 5094 1681 5148 sub
1731 5098 2048 5154 necessitate

458 5172 661 5236 positus
688 5174 806 5242 fuit,
834 5178 956 5247 quia
980 5181 1430 5251 comprehensus,
1462 5185 1758 5258 ﬁagellatus
1777 5232 1791 5256 ,
1829 5193 2045 5247 cruciﬁ-

460 5273 560 5341 xus
589 5272 642 5315 et
668 5278 909 5323 mortuus
929 5281 1012 5324 est
1039 5286 1055 5326 :
1086 5281 1143 5326 ttt
1163 5273 1375 5331 tandem
1402 5277 1518 5333 sine
1547 5281 1853 5349 pertinacia,
1887 5284 1932 5339 si
1959 5301 2046 5347 v0.

456 5348 603 5417 lunt,
636 5351 932 5426 intelligant
957 5360 1035 5417 sic
1059 5378 1182 5419 eum
1211 5368 1485 5434 passiones
1512 5348 1696 5438 animi,
1726 5372 1828 5429 hoc
1852 5385 1935 5431 est
1957 5376 2043 5431 af-

456 5438 736 5532 fectiones,
768 5447 1039 5507 voluntate
1075 5454 1487 5525 dispensationis
1511 5462 1549 5527 ί,
1577 5477 1729 5519 veras
1755 5472 1949 5532 tamen,
1987 5476 2045 5524 ut

454 5530 672 5598 placuit,
702 5537 1001 5607 suscepisse
1019 5582 1036 5609 ,
1066 5546 1515 5613 quemadmodum
1546 5553 1819 5623 passiones
1847 5530 2041 5628 corpo-

497 5686 827 5773 ἕλξίξρςὲᾳῃ
849 5700 955 5746 uss.
980 5696 1097 5750 Editi
1119 5709 1281 5755 autem
1304 5703 1394 5757 hoc
1419 5715 1603 5759 tantum
1639 5708 1765 5773 loco,
1790 5710 2040 5767 mluntotis

453 5746 818 5805 dispensatore.

2192 434 2266 490 ris
2291 438 2477 495 eadem
2504 439 2914 509 dispensationis
2942 442 3211 497 voluntate
3252 443 3367 497 sine
3406 442 3508 498 ulla
3535 452 3769 505 necessi-

2194 536 2301 584 tate
2314 531 2565 601 suscepit.
2580 532 3157 599 Quemadmodnmnos
3182 550 3285 589 non
3313 534 3585 592 voluntate
3606 541 3769 595 muri-

2193 635 2331 686 mur,
2359 622 2438 676 sic
2461 631 2515 677 et
2542 640 2659 679 non
2675 626 2942 681 voluntate
2987 627 3288 681 nascimur:
3319 627 3404 682 ille
3452 637 3629 683 autem
3675 647 3770 686 vo-

2194 708 2393 767 luntate
2419 722 2699 783 utrumque
2717 755 2732 779 ,
2762 725 2813 767 ut
2841 716 3177 785 opportebat,
3206 717 3479 782 exhibuit,
3510 728 3570 775 et
3594 729 3771 776 tamen

2194 801 2470 858 verissime
2490 804 2746 859 exhibuit.
2759 805 2916 861 Sicut
2935 821 3061 876 ergo
3092 808 3418 863 necessitatis
3439 810 3654 866 nomine
3672 828 3769 866 nec

2190 905 2287 944 nos
2304 906 2402 946 nec
2414 893 2533 948 illos
2548 894 2823 964 quisquam
2836 895 3013 950 avellit
3024 911 3051 947 a
3071 895 3173 951 ﬁde
3188 898 3478 954 verissima:
3491 900 3772 970 passionis,

2194 996 2287 1049 per
2314 998 2470 1052 quam
2498 985 2845 1054 corpusejus
2860 986 3186 1041 ostenditur:
3211 988 3288 1044 sic
3320 998 3374 1043 et
3403 1004 3502 1044 nos
3527 990 3642 1060 ipso
3672 1007 3774 1046 no--

2189 1071 2332 1127 mine
2355 1074 2685 1129 necessitatis
2704 1075 2861 1131 nemo
2877 1075 3168 1131 deterreta
3204 1076 3309 1132 ﬁde
3335 1080 3627 1134 verissima:
3646 1080 3769 1137 all‘e.

2188 1166 2400 1232 ctionis,
2426 1182 2521 1236 per
2538 1183 2701 1238 quam
2717 1170 2951 1224 animam
2968 1170 3091 1239 ejus
3104 1171 3441 1240 agnoscimus
3456 1188 3487 1238 ;.
3504 1188 3605 1228 nec
3629 1173 3773 1243 ipsos

2187 1257 2639 1315 debetdeterrere
2654 1275 2684 1314 a
2707 1262 3089 1318 consentiendo
3114 1262 3389 1319 catholica:
3414 1264 3558 1331 ﬁdei,
3581 1266 3625 1319 si
3666 1282 3773 1321 non

2186 1364 2283 1405 eos
2294 1348 2529 1405 deterret
2544 1351 2827 1407 exitiabilis
2845 1354 3016 1425 pudor
3031 1356 3574 1426 mutandae,quamvis
3600 1356 3772 1425 falsze,

2186 1439 2276 1494 diu
2306 1449 2565 1497 tamenet
2590 1457 2710 1498 cum
2753 1446 3052 1500 temeritate
3075 1445 3310 1502 defense
3334 1449 3640 1504 sententiae.

2294 1530 2528 1586 LXXXI.
2569 1530 2649 1586 De
2693 1532 3093 1604 Quadragesima
3119 1547 3167 1590 et
3199 1537 3647 1609 Qui'nquagesima.

2258 1624 2310 1678 ι.
2348 1623 2533 1678 Omnis
2553 1626 2829 1694 sapientia:
2848 1628 3286 1698 disciplina,equ:e
3305 1630 3637 1686 adbomines
3657 1647 3775 1687 ern-

2185 1713 2414 1770 diendos
2434 1717 2684 1786 pertinet,
2709 1728 2792 1773 est
2819 1718 3126 1775 Creatorem
3153 1732 3556 1793 creaturamque
3580 1724 3776 1795 digno-

2184 1816 2356 1869 scere,
2387 1813 2443 1859 et
2481 1806 2627 1860 illum
2655 1807 2831 1864 celere
2855 1809 3215 1865 dominantem
3239 1851 3255 1876 ,
3280 1812 3435 1867 istam
3474 1813 3777 1883 subjectam

2186 1893 2357 1948 fateri.
2388 1893 2485 1950 Est
2528 1906 2705 1953 autem
2742 1907 2953 1954 creator
2981 1900 3153 1965 Deus,
3181 1917 3243 1956 ex
3283 1918 3389 1971 quo
3420 1904 3598 1958 omnia
3618 1947 3637 1971 ,
3680 1920 3778 1974 per

2182 2000 2343 2055 quem
2384 1987 2597 2054 omnia,
2641 1989 2693 2044 in
2736 2005 2842 2057 quo
2879 1992 3057 2046 omnia
3085 1992 3267 2062 (Rom.
3306 2011 3393 2062 tu,
3425 1996 3541 2066 56),
3564 2006 3619 2053 et
3651 1999 3775 2055 ideo

2186 2075 2438 2142 Trinitas,
2461 2078 2620 2134 Pater
2634 2089 2688 2134 et
2717 2079 2882 2136 Filius
2916 2091 2970 2137 et
2992 2082 3221 2152 Spiritus
3246 2095 3481 2141 sanctus.
3508 2086 3776 2145 Creatura

2182 2181 2311 2220 vero
2339 2168 2532 2237 partim
2558 2178 2644 2225 est
2669 2171 2949 2227 invisibilis
2968 2214 2984 2238 ,
3010 2173 3148 2228 sicut
3173 2176 3345 2229 anima
3368 2193 3385 2244 ;
3415 2178 3606 2246 partim
3638 2180 3773 2234 visi-

2182 2254 2324 2320 bilis,
2351 2257 2488 2312 sicut
2526 2264 2742 2330 corpus.
2776 2260 3026 2317 Invisibili
3065 2265 3331 2320 ternarius
3374 2283 3631 2324 numerus
3674 2272 3777 2325 tri-

2182 2346 2398 2411 buitur;
2427 2365 2593 2420 quare
2628 2351 2850 2422 diligere
2889 2353 3054 2409 Deum
3104 2356 3382 2425 tripliciter
3405 2358 3679 2428 iubemur,
3710 2380 3781 2417 α

2183 2439 2478 2503 totocorde,
2506 2457 2568 2495 ea:
2586 2450 2691 2495 tota
2713 2443 2918 2511 anima,
2933 2454 2979 2499 et
3003 2461 3067 2499 ea:
3084 2454 3195 2499 tota
3210 2456 3372 2501 mente
3396 2447 3606 2520 (Matth.
3638 2467 3777 2521 xm,

2181 2526 2275 2598 57)
2305 2531 2555 2599 :corpori
2578 2533 2950 2602 quaternarius
2976 2551 3263 2602 numerus,
3296 2548 3511 2608 propter
3548 2542 3779 2600 eviden-

2183 2618 2442 2674 tissimam
2467 2630 2710 2683 naturam
2739 2623 2856 2693 ejus
2874 2665 2891 2691 ,
2924 2624 2978 2680 id
3001 2634 3117 2693 est,
3141 2627 3367 2684 calidam
3397 2640 3460 2685 et
3476 2631 3727 2703 frigidam
3753 2677 3784 2701 ν

2182 2707 2454 2765 humidam
2470 2720 2526 2767 et
2540 2713 2757 2768 siccam.
2785 2714 3061 2773 Universa
3089 2734 3217 2788 ergo
3230 2730 3488 2778 creantur:
3515 2726 3773 2781 tribuitur

2179 2804 2533 2873 septenarius.
2565 2806 2901 2878 Quapropter
2934 2810 3109 2866 omnis
3128 2812 3405 2882 disciplina
3446 2815 3775 2887 dignoscens

2178 2903 2234 2950 et
2255 2894 2566 2954 discernens
2582 2898 2892 2956 Creatorem
2909 2910 3068 2973 atque
3082 2915 3399 2973 creaturam,
3419 2908 3645 2967 denario
3667 2927 3773 2968 nu-

2179 3000 2329 3042 mero
2358 2987 2653 3044 insinuatur
2681 3007 2696 3044 :
2729 3007 2849 3061 qua:
2875 2990 3175 3062 disciplina,
3204 2996 3458 3065 quamdiu
3486 3004 3773 3071 corporeis

2178 3075 2412 3132 motibus
2437 3080 2802 3149 temporaliter
2836 3082 3193 3152 signiﬁcatur,
3228 3086 3496 3145 credendo
3528 3100 3775 3160 constat,

2177 3179 2232 3224 et
2251 3186 2428 3225 rerum
2449 3181 2717 3242 gestarum
2738 3174 3063 3230 venientium
3082 3184 3241 3247 atque
3258 3182 3645 3247 transeuntium
3673 3199 3774 3239 au-

2175 3265 2420 3318 ctoritate
2443 3266 2594 3334 quasi
2623 3265 2757 3322 laete
2784 3267 3029 3335 parvulos
3057 3270 3258 3335 nutrit;
3290 3281 3348 3326 ut
3372 3272 3590 3330 idoneos
3606 3275 3779 3332 faciat-

2174 3353 2630 3424 contemplationi,
2648 3372 2766 3427 quze
2783 3372 2890 3412 non
2925 3358 3067 3413 venit
3098 3367 3153 3413 et
3188 3362 3398 3428 transit,
3424 3363 3519 3418 sed
3547 3379 3771 3436 semper

2175 3454 2391 3500 manet:
2421 3444 2474 3500 in
2503 3462 2607 3517 qua
2630 3448 2854 3518 quisque
2892 3451 3120 3506 narratis
3155 3452 3258 3508 sibi
3296 3454 3457 3510 rebus
3501 3456 3781 3516 divinitus

2174 3535 2539 3604 temporaliter
2557 3553 2652 3606 pro
2676 3539 2847 3594 salute
2872 3539 3145 3596 hominum
3171 3544 3358 3614 geStis,
3370 3546 3484 3601 sive
3505 3549 3768 3616 gerendis

2169 3638 2291 3692 qua:
2316 3625 2491 3681 adhuc
2517 3627 2688 3682 futura
2720 3630 3094 3699 prmdicantur,
3116 3633 3161 3689 si
3184 3637 3610 3703 permanseritin
3647 3640 3778 3696 ﬁde-

2169 3725 2223 3770 et
2246 3718 2504 3786 promissa
2532 3722 2846 3789 speraverit,
2875 3731 2929 3777 et
2953 3738 3075 3794 quae
3101 3723 3289 3780 divina-
3307 3727 3593 3782 auctoritas
3620 3744 3768 3798 pra:-

2168 3807 2299 3879 cipit
2335 3809 2645 3881 infatigabili
2690 3812 2951 3870 charitate
2984 3816 3204 3887 implere
3261 3819 3563 3888 curaverit,
3610 3830 3775 3879 recte

2167 3908 2288 3966 aget
2304 3900 2463 3954 vitam
2486 3900 2641 3970 hujus
2662 3906 3005 3961 necessitatis
3015 3916 3072 3962 et
3091 3910 3501 3981 temporis,.qu:e
3529 3927 3776 3969 numero

2165 3991 2585 4063 quadragenario
2609 3998 3044 4054 commendatur-
3064 4000 3331 4067 Quoniam
3371 4003 3635 4060 denarius.
3656 4023 3766 4061 nu-

2166 4097 2365 4151 merus,
2390 4084 2478 4155 qui
2508 4093 2670 4141 totam
2697 4087 2928 4144 insinuat
2945 4090 3298 4162 disciplinam,
3321 4104 3518 4165 quater.
3536 4098 3762 4166 ductus,

2165 4170 2217 4225 id
2252 4180 2359 4240 est,
2406 4190 2633 4231 numero
2674 4179 2763 4246 qui
2808 4181 3018 4250 corpori
3059 4184 3308 4241 tribuitur
3347 4188 3769 4259 multiplicatus,

2164 4263 2285 4331 quia
2341 4279 2436 4333 per
2475 4276 2673 4322 motum
2714 4272 3006 4340 corporalis
3034 4274 3050 4305 ί
3081 4275 3477 4334 administratio
3507 4280 3718 4351 geritur
3739 4323 3758 4347 ,

2162 4368 2266 4422 qua
2292 4353 2490 4410 dictum
2516 4365 2600 4411 est
2628 4357 2788 4435 ﬁdem
2817 4371 3100 4431 constare,
3131 4367 3609 4439 quadragenarium
3653 4389 3764 4428 nu-

2162 4459 2367 4500 merum
2394 4447 2629 4503 conﬁcit.
2659 4448 2731 4503 lla
2764 4450 3013 4521 impetrat
3044 4456 3207 4511 etiam
3247 4459 3494 4515 stabilem
3538 4471 3593 4517 et
3626 4465 3763 4519 nut-

2162 4536 2263 4591 lius
2311 4540 2569 4607 temporis
2610 4542 2937 4610 indigentem
2960 4549 3274 4618 sapientiam
3298 4592 3317 4619 ,
3358 4569 3478 4622 quae
3526 4554 3762 4612 denario

2159 4642 2381 4685 numero
2405 4633 2831 4703 commendatur,
2849 4647 2910 4692 ut
2928 4638 2995 4694 ad
3011 4641 3356 4713 quadraginta
3377 4644 3646 4704 addantur
3662 4650 3761 4705 de-

2157 4732 2306 4785 cem;
2332 4721 2452 4790 quia
2482 4732 2538 4779 et
2563 4736 2743 4794 partes
2767 4731 3002 4798 arquales
3024 4734 3430 4806 quadragenarii
3451 4743 3659 4795 numeri
3685 4744 3760 4797 si-

2157 4810 2268 4865 mul
2288 4810 2461 4868 ductae
2489 4814 2556 4870 ad
2574 4818 2954 4890 quinquaginta
2981 4826 3313 4892 perveniunt.
3347 4829 3533 4886 Partes
3562 4842 3754 4889 autem

2156 4902 2389 4993 aequales
2420 4904 2579 4961 habet
2609 4908 3060 4980 quadragenarius
3097 4932 3367 4985 numerus,
3396 4921 3569 4989 primo
3606 4939 3752 4993 qua-

2154 4989 2395 5062 draginta
2427 4994 2479 5049 in
2500 4996 2744 5068 singulis,
2772 4999 2963 5058 deinde
2992 5004 3174 5074 viginti
3201 5008 3251 5061 in
3284 5008 3441 5075 binis,
3469 4989 3654 5067 decem
3688 5015 3746 5068 in

2153 5086 2448 5153 quaternis,
2471 5096 2593 5142 octo
2619 5088 2673 5144 in
2701 5091 2898 5161 quinis,
2920 5096 3154 5166 quinque
3180 5099 3233 5153 in
3253 5102 3481 5169 octonis,
3508 5114 3748 5173 quatuor

2153 5172 2206 5226 in
2228 5172 2399 5239 denis,
2422 5175 2557 5231 duas
2596 5179 2648 5233 in
2690 5181 2908 5238 vicenis.
2945 5185 3120 5242 Unum
3159 5205 3289 5259 ergo
3314 5201 3370 5246 et
3391 5191 3499 5248 duo
3528 5172 3583 5249 et
3608 5211 3750 5262 qua-

2155 5271 2274 5318 tuor
2290 5273 2344 5319 et
2367 5265 2600 5336 quinque
2625 5280 2680 5326 et
2699 5282 2819 5327 octo
2840 5284 2892 5329 et
2916 5275 3102 5333 decem
3119 5289 3175 5335 et
3193 5280 3374 5351 viginti
3396 5283 3552 5340 simul
3576 5284 3747 5344 ducta

2150 5355 2383 5449 efﬁciunt
2407 5360 2808 5434 quinquaginta.
2830 5367 3165 5441 Quapropter
3197 5374 3335 5429 sicut
3361 5376 3743 5449 quadragena-

2150 5448 2262 5504 rius
2324 5467 2577 5510 numerus
2630 5458 2922 5527 aequalibus
2963 5463 3077 5518 suis
3123 5467 3360 5535 partibus
3412 5448 3746 5540 computatis

2148 5541 2287 5610 parit
2310 5544 2539 5614 amplius
2573 5545 2847 5605 denarium
2867 5593 2883 5616 ,
2914 5561 2969 5608 et
3004 5554 3063 5610 ﬁt
3090 5557 3572 5631 quinquagenarius
3605 5579 3618 5615 :
3653 5564 3744 5620 sic

2387 5662 2519 5717 uss"
2540 5671 2626 5722 Μ
2646 5668 2799 5732 Ψααδ
2815 5666 3105 5732 οονρρνᾳιεε.
3125 5667 3268 5718 Paulo
3289 5679 3398 5732 post
3414 5679 3512 5722 Rat.
3535 5681 3585 5722 et
3607 5672 3742 5721 duo.

2144 5716 2614 5796 (ἔξεὲεξξὲξεςαιιςάηι
2638 5723 2821 5796 άίευέπι
2848 5716 2919 5796 τά
2934 5716 3528 5796 βάείὼοὶᾶἀνὲ-Ἡῖζᾶιῖὸ
3539 5716 3749 5787 didici»

2145 5785 2216 5828 est
2238 5785 2380 5828 ruam
2398 5789 2700 5835 cousture.—
2724 5788 2794 5838 sic
2818 5785 2963 5839 etiam
2983 5793 3129 5854 Lugd.
3158 5800 3209 5842 et
3236 5800 3352 5844 ‘feu.
3400 5785 3477 5846 ’θῇ
