  <div class='ocr_page' id='page_1' title='image "/cluster/home/n/w/nwhite01/storage/ocr_20150623/40/hvd.32044024147290/054.png"; bbox 0 0 4000 6336; ppageno 0'>
   <div class='ocr_carea' id='block_1_1' title="bbox 221 368 3500 439">
    <p class='ocr_par' dir='ltr' id='par_1_1' title="bbox 221 368 3500 439">
     <span class='ocr_line' id='line_1_1' title="bbox 221 368 3500 439; baseline 0.004 -14"><span class='ocrx_word' id='word_1_1' title='bbox 221 368 281 425; x_wconf 76' lang='grc' dir='ltr'><strong><em>π</em></strong></span> <span class='ocrx_word' id='word_1_2' title='bbox 1603 422 1607 427; x_wconf 83' lang='grc'><strong><em>,</em></strong></span> <span class='ocrx_word' id='word_1_3' title='bbox 1630 369 1839 427; x_wconf 78' lang='lat' dir='ltr'><strong>LIBER</strong></span> <span class='ocrx_word' id='word_1_4' title='bbox 1874 368 2077 428; x_wconf 80' lang='lat' dir='ltr'><strong>UNUS.</strong></span> <span class='ocrx_word' id='word_1_5' title='bbox 3425 378 3500 439; x_wconf 76' lang='lat'><strong>98</strong></span> 
     </span>
    </p>
   </div>
   <div class='ocr_carea' id='block_1_2' title="bbox 217 478 1804 555">
    <p class='ocr_par' dir='ltr' id='par_1_2' title="bbox 217 478 1804 555">
     <span class='ocr_line' id='line_1_2' title="bbox 217 478 1804 555; baseline 0 -18"><span class='ocrx_word' id='word_1_6' title='bbox 217 496 410 555; x_wconf 67' lang='lat' dir='ltr'><strong>tempus</strong></span> <span class='ocrx_word' id='word_1_7' title='bbox 429 478 558 537; x_wconf 74' lang='lat' dir='ltr'><strong>ﬁdei</strong></span> <span class='ocrx_word' id='word_1_8' title='bbox 582 495 777 537; x_wconf 85' lang='lat' dir='ltr'><strong>rerum</strong></span> <span class='ocrx_word' id='word_1_9' title='bbox 802 497 909 553; x_wconf 86' lang='lat' dir='ltr'><strong>pro</strong></span> <span class='ocrx_word' id='word_1_10' title='bbox 932 483 1104 539; x_wconf 66' lang='lat' dir='ltr'><strong>salute</strong></span> <span class='ocrx_word' id='word_1_11' title='bbox 1133 491 1310 539; x_wconf 83' lang='lat' dir='ltr'><strong>nostra</strong></span> <span class='ocrx_word' id='word_1_12' title='bbox 1338 490 1603 553; x_wconf 79' lang='lat' dir='ltr'><strong>gestarum</strong></span> <span class='ocrx_word' id='word_1_13' title='bbox 1631 493 1684 537; x_wconf 88' lang='lat' dir='ltr'><strong>et</strong></span> <span class='ocrx_word' id='word_1_14' title='bbox 1710 498 1804 552; x_wconf 88' lang='lat' dir='ltr'><strong>ge-</strong></span> 
     </span>
    </p>
   </div>
   <div class='ocr_carea' id='block_1_3' title="bbox 217 575 1806 646">
    <p class='ocr_par' dir='ltr' id='par_1_3' title="bbox 217 575 1806 646">
     <span class='ocr_line' id='line_1_3' title="bbox 217 575 1806 646; baseline -0.005 -9"><span class='ocrx_word' id='word_1_15' title='bbox 217 579 488 637; x_wconf 84' lang='lat' dir='ltr'><strong>rendarum</strong></span> <span class='ocrx_word' id='word_1_16' title='bbox 513 589 643 631; x_wconf 88' lang='lat' dir='ltr'><strong>cum</strong></span> <span class='ocrx_word' id='word_1_17' title='bbox 667 579 935 646; x_wconf 66' lang='lat' dir='ltr'><strong>mquttate</strong></span> <span class='ocrx_word' id='word_1_18' title='bbox 963 578 1086 631; x_wconf 77' lang='lat' dir='ltr'><strong>vitae</strong></span> <span class='ocrx_word' id='word_1_19' title='bbox 1115 585 1289 632; x_wconf 87' lang='lat' dir='ltr'><strong>actum</strong></span> <span class='ocrx_word' id='word_1_20' title='bbox 1327 577 1574 645; x_wconf 85' lang='lat' dir='ltr'><strong>impetrat</strong></span> <span class='ocrx_word' id='word_1_21' title='bbox 1598 575 1806 629; x_wconf 84' lang='lat' dir='ltr'><strong>intelle-</strong></span> 
     </span>
    </p>
   </div>
   <div class='ocr_carea' id='block_1_4' title="bbox 209 663 1801 738">
    <p class='ocr_par' dir='ltr' id='par_1_4' title="bbox 209 663 1801 738">
     <span class='ocr_line' id='line_1_4' title="bbox 209 663 1801 738; baseline -0.005 -9"><span class='ocrx_word' id='word_1_22' title='bbox 209 684 349 729; x_wconf 82' lang='lat' dir='ltr'><strong>ctum</strong></span> <span class='ocrx_word' id='word_1_23' title='bbox 377 667 590 726; x_wconf 87' lang='lat' dir='ltr'><strong>stabilis</strong></span> <span class='ocrx_word' id='word_1_24' title='bbox 619 668 945 738; x_wconf 58' lang='lat' dir='ltr'><strong>sapientiai;</strong></span> <span class='ocrx_word' id='word_1_25' title='bbox 971 676 1030 723; x_wconf 91' lang='lat' dir='ltr'><strong>ut</strong></span> <span class='ocrx_word' id='word_1_26' title='bbox 1059 684 1166 723; x_wconf 87' lang='lat' dir='ltr'><strong>non</strong></span> <span class='ocrx_word' id='word_1_27' title='bbox 1186 668 1358 723; x_wconf 88' lang='lat' dir='ltr'><strong>solum</strong></span> <span class='ocrx_word' id='word_1_28' title='bbox 1387 666 1678 733; x_wconf 89' lang='lat' dir='ltr'><strong>credendo,</strong></span> <span class='ocrx_word' id='word_1_29' title='bbox 1709 663 1801 722; x_wconf 87' lang='lat' dir='ltr'><strong>sed</strong></span> 
     </span>
    </p>
   </div>
   <div class='ocr_carea' id='block_1_5' title="bbox 210 759 1327 830">
    <p class='ocr_par' dir='ltr' id='par_1_5' title="bbox 210 759 1327 830">
     <span class='ocr_line' id='line_1_5' title="bbox 210 759 1327 830; baseline -0.006 -11"><span class='ocrx_word' id='word_1_30' title='bbox 210 765 363 819; x_wconf 85' lang='lat' dir='ltr'><strong>etiam</strong></span> <span class='ocrx_word' id='word_1_31' title='bbox 386 759 743 830; x_wconf 84' lang='lat' dir='ltr'><strong>intelligendo</strong></span> <span class='ocrx_word' id='word_1_32' title='bbox 769 760 1048 829; x_wconf 88' lang='lat' dir='ltr'><strong>disciplina</strong></span> <span class='ocrx_word' id='word_1_33' title='bbox 1073 759 1327 813; x_wconf 84' lang='lat' dir='ltr'><strong>ﬁrmetur.</strong></span> 
     </span>
    </p>
   </div>
   <div class='ocr_carea' id='block_1_6' title="bbox 279 845 1799 921">
    <p class='ocr_par' dir='ltr' id='par_1_6' title="bbox 279 845 1799 921">
     <span class='ocr_line' id='line_1_6' title="bbox 279 845 1799 921; baseline -0.002 -14"><span class='ocrx_word' id='word_1_34' title='bbox 279 855 330 907; x_wconf 73' lang='grc'><strong>2.</strong></span> <span class='ocrx_word' id='word_1_35' title='bbox 370 852 439 907; x_wconf 80' lang='lat' dir='ltr'><strong>Et</strong></span> <span class='ocrx_word' id='word_1_36' title='bbox 467 851 594 906; x_wconf 89' lang='lat' dir='ltr'><strong>ideo</strong></span> <span class='ocrx_word' id='word_1_37' title='bbox 624 866 689 905; x_wconf 87' lang='lat' dir='ltr'><strong>ea</strong></span> <span class='ocrx_word' id='word_1_38' title='bbox 721 866 845 921; x_wconf 68' lang='lat' dir='ltr'><strong>qua:</strong></span> <span class='ocrx_word' id='word_1_39' title='bbox 880 865 1021 905; x_wconf 81' lang='lat' dir='ltr'><strong>mine</strong></span> <span class='ocrx_word' id='word_1_40' title='bbox 1042 859 1125 904; x_wconf 82' lang='lat' dir='ltr'><strong>est</strong></span> <span class='ocrx_word' id='word_1_41' title='bbox 1155 850 1409 915; x_wconf 79' lang='lat' dir='ltr'><strong>Ecclesia,</strong></span> <span class='ocrx_word' id='word_1_42' title='bbox 1439 848 1684 919; x_wconf 75' lang='lat' dir='ltr'><strong>quamvis</strong></span> <span class='ocrx_word' id='word_1_43' title='bbox 1708 845 1799 904; x_wconf 82' lang='lat' dir='ltr'><strong>ﬁlii</strong></span> 
     </span>
    </p>
   </div>
   <div class='ocr_carea' id='block_1_7' title="bbox 213 940 1800 1011">
    <p class='ocr_par' dir='ltr' id='par_1_7' title="bbox 213 940 1800 1011">
     <span class='ocr_line' id='line_1_7' title="bbox 213 940 1800 1011; baseline -0.004 -13"><span class='ocrx_word' id='word_1_44' title='bbox 213 945 299 999; x_wconf 82' lang='lat' dir='ltr'><strong>Dei</strong></span> <span class='ocrx_word' id='word_1_45' title='bbox 327 945 515 1005; x_wconf 83' lang='lat' dir='ltr'><strong>simus,</strong></span> <span class='ocrx_word' id='word_1_46' title='bbox 561 952 688 996; x_wconf 92' lang='lat' dir='ltr'><strong>ante</strong></span> <span class='ocrx_word' id='word_1_47' title='bbox 714 952 892 996; x_wconf 79' lang='lat' dir='ltr'><strong>tamen</strong></span> <span class='ocrx_word' id='word_1_48' title='bbox 933 958 1088 1011; x_wconf 88' lang='lat' dir='ltr'><strong>quam</strong></span> <span class='ocrx_word' id='word_1_49' title='bbox 1124 950 1376 1010; x_wconf 84' lang='lat' dir='ltr'><strong>appareat</strong></span> <span class='ocrx_word' id='word_1_50' title='bbox 1409 941 1534 1011; x_wconf 91' lang='lat' dir='ltr'><strong>quid</strong></span> <span class='ocrx_word' id='word_1_51' title='bbox 1579 940 1800 1005; x_wconf 83' lang='lat' dir='ltr'><strong>erimus,</strong></span> 
     </span>
    </p>
   </div>
   <div class='ocr_carea' id='block_1_8' title="bbox 210 1034 1805 1103">
    <p class='ocr_par' dir='ltr' id='par_1_8' title="bbox 210 1034 1805 1103">
     <span class='ocr_line' id='line_1_8' title="bbox 210 1034 1805 1103; baseline -0.003 -13"><span class='ocrx_word' id='word_1_52' title='bbox 210 1038 262 1090; x_wconf 73' lang='lat' dir='ltr'><strong>iu</strong></span> <span class='ocrx_word' id='word_1_53' title='bbox 292 1035 568 1089; x_wconf 74' lang='lat' dir='ltr'><strong>laboribus</strong></span> <span class='ocrx_word' id='word_1_54' title='bbox 588 1043 641 1088; x_wconf 87' lang='lat' dir='ltr'><strong>et</strong></span> <span class='ocrx_word' id='word_1_55' title='bbox 668 1034 1045 1089; x_wconf 75' lang='lat' dir='ltr'><strong>afﬂictionibus</strong></span> <span class='ocrx_word' id='word_1_56' title='bbox 1073 1036 1181 1103; x_wconf 91' lang='lat' dir='ltr'><strong>agit</strong></span> <span class='ocrx_word' id='word_1_57' title='bbox 1205 1043 1296 1095; x_wconf 72' lang='grc' dir='ltr'><strong>,α</strong></span> <span class='ocrx_word' id='word_1_58' title='bbox 1325 1035 1376 1088; x_wconf 82' lang='lat' dir='ltr'><strong>in</strong></span> <span class='ocrx_word' id='word_1_59' title='bbox 1418 1049 1481 1088; x_wconf 84' lang='lat' dir='ltr'><strong>ea</strong></span> <span class='ocrx_word' id='word_1_60' title='bbox 1520 1034 1692 1100; x_wconf 81' lang='lat' dir='ltr'><strong>justus</strong></span> <span class='ocrx_word' id='word_1_61' title='bbox 1737 1047 1805 1087; x_wconf 88' lang='lat' dir='ltr'><strong>ex</strong></span> 
     </span>
    </p>
   </div>
   <div class='ocr_carea' id='block_1_9' title="bbox 218 1121 1800 1194">
    <p class='ocr_par' dir='ltr' id='par_1_9' title="bbox 218 1121 1800 1194">
     <span class='ocr_line' id='line_1_9' title="bbox 218 1121 1800 1194; baseline -0.003 -15"><span class='ocrx_word' id='word_1_62' title='bbox 218 1125 318 1179; x_wconf 80' lang='lat' dir='ltr'><strong>ﬁde</strong></span> <span class='ocrx_word' id='word_1_63' title='bbox 342 1125 475 1177; x_wconf 88' lang='lat' dir='ltr'><strong>vivit</strong></span> <span class='ocrx_word' id='word_1_64' title='bbox 500 1122 684 1194; x_wconf 78' lang='lat' dir='ltr'><strong>(Rom.</strong></span> <span class='ocrx_word' id='word_1_65' title='bbox 716 1140 753 1188; x_wconf 82' lang='grc' dir='ltr'>ι,</span> <span class='ocrx_word' id='word_1_66' title='bbox 780 1125 887 1191; x_wconf 74' lang='lat' dir='ltr'><strong>l7).</strong></span> <span class='ocrx_word' id='word_1_67' title='bbox 918 1123 1033 1177; x_wconf 71' lang='lat' dir='ltr'><strong>Nisi</strong></span> <span class='ocrx_word' id='word_1_68' title='bbox 1055 1124 1195 1177; x_wconf 86' lang='lat' dir='ltr'><strong>enim</strong></span> <span class='ocrx_word' id='word_1_69' title='bbox 1223 1124 1565 1185; x_wconf 64' lang='lat' dir='ltr'><strong>credideritis,</strong></span> <span class='ocrx_word' id='word_1_70' title='bbox 1613 1121 1800 1191; x_wconf 90' lang='lat' dir='ltr'><strong>inquit,</strong></span> 
     </span>
    </p>
   </div>
   <div class='ocr_carea' id='block_1_10' title="bbox 214 1215 1803 1286">
    <p class='ocr_par' dir='ltr' id='par_1_10' title="bbox 214 1215 1803 1286">
     <span class='ocr_line' id='line_1_10' title="bbox 214 1215 1803 1286; baseline -0.003 -15"><span class='ocrx_word' id='word_1_71' title='bbox 214 1237 309 1271; x_wconf 66' lang='lat' dir='ltr'><strong>non</strong></span> <span class='ocrx_word' id='word_1_72' title='bbox 334 1215 805 1286; x_wconf 70' lang='lat' dir='ltr'><strong>iatelligetisUsai.</strong></span> <span class='ocrx_word' id='word_1_73' title='bbox 834 1232 931 1280; x_wconf 88' lang='lat' dir='ltr'><strong>vn,</strong></span> <span class='ocrx_word' id='word_1_74' title='bbox 958 1215 1034 1284; x_wconf 70' lang='grc' dir='ltr'><strong>ελ).</strong></span> <span class='ocrx_word' id='word_1_75' title='bbox 1066 1216 1126 1268; x_wconf 84' lang='lat' dir='ltr'><strong>Et</strong></span> <span class='ocrx_word' id='word_1_76' title='bbox 1171 1216 1271 1268; x_wconf 81' lang='lat' dir='ltr'><strong>lroc</strong></span> <span class='ocrx_word' id='word_1_77' title='bbox 1317 1223 1402 1268; x_wconf 65' lang='lat' dir='ltr'><strong>est</strong></span> <span class='ocrx_word' id='word_1_78' title='bbox 1443 1223 1650 1281; x_wconf 85' lang='lat' dir='ltr'><strong>tempus</strong></span> <span class='ocrx_word' id='word_1_79' title='bbox 1695 1227 1803 1281; x_wconf 84' lang='lat' dir='ltr'><strong>quo</strong></span> 
     </span>
    </p>
   </div>
   <div class='ocr_carea' id='block_1_11' title="bbox 214 1304 1801 1378">
    <p class='ocr_par' dir='ltr' id='par_1_11' title="bbox 214 1304 1801 1378">
     <span class='ocr_line' id='line_1_11' title="bbox 214 1304 1801 1378; baseline -0.003 -16"><span class='ocrx_word' id='word_1_80' title='bbox 214 1310 684 1378; x_wconf 78' lang='lat' dir='ltr'><strong>ingemiscimnset</strong></span> <span class='ocrx_word' id='word_1_81' title='bbox 704 1308 971 1372; x_wconf 75' lang='lat' dir='ltr'><strong>dolemus,</strong></span> <span class='ocrx_word' id='word_1_82' title='bbox 989 1313 1361 1375; x_wconf 82' lang='lat' dir='ltr'><strong>exspectantes</strong></span> <span class='ocrx_word' id='word_1_83' title='bbox 1384 1304 1801 1372; x_wconf 80' lang='lat' dir='ltr'><strong>redemptionem</strong></span> 
     </span>
    </p>
   </div>
   <div class='ocr_carea' id='block_1_12' title="bbox 217 1393 1799 1465">
    <p class='ocr_par' dir='ltr' id='par_1_12' title="bbox 217 1393 1799 1465">
     <span class='ocr_line' id='line_1_12' title="bbox 217 1393 1799 1465; baseline -0.002 -15"><span class='ocrx_word' id='word_1_84' title='bbox 217 1400 452 1465; x_wconf 71' lang='lat' dir='ltr'><strong>utrporis</strong></span> <span class='ocrx_word' id='word_1_85' title='bbox 490 1398 661 1452; x_wconf 80' lang='lat' dir='ltr'><strong>nostri</strong></span> <span class='ocrx_word' id='word_1_86' title='bbox 693 1400 710 1464; x_wconf 95' lang='lat'><strong>(</strong></span> <span class='ocrx_word' id='word_1_87' title='bbox 737 1397 885 1450; x_wconf 79' lang='lat' dir='ltr'><strong>llam.</strong></span> <span class='ocrx_word' id='word_1_88' title='bbox 913 1413 1022 1458; x_wconf 83' lang='lat' dir='ltr'><strong>vin,</strong></span> <span class='ocrx_word' id='word_1_89' title='bbox 1044 1396 1114 1448; x_wconf 68' lang='lat'><strong>23</strong></span> <span class='ocrx_word' id='word_1_90' title='bbox 1134 1396 1174 1462; x_wconf 89' lang='lat'><strong>).</strong></span> <span class='ocrx_word' id='word_1_91' title='bbox 1206 1394 1345 1463; x_wconf 88' lang='lat' dir='ltr'><strong>quod</strong></span> <span class='ocrx_word' id='word_1_92' title='bbox 1378 1393 1799 1461; x_wconf 75' lang='lat' dir='ltr'><strong>Quadragesima</strong></span> 
     </span>
    </p>
   </div>
   <div class='ocr_carea' id='block_1_13' title="bbox 219 1484 1798 1554">
    <p class='ocr_par' dir='ltr' id='par_1_13' title="bbox 219 1484 1798 1554">
     <span class='ocr_line' id='line_1_13' title="bbox 219 1484 1798 1554; baseline -0.003 -13"><span class='ocrx_word' id='word_1_93' title='bbox 219 1489 537 1541; x_wconf 75' lang='lat' dir='ltr'><strong>celebmtur.</strong></span> <span class='ocrx_word' id='word_1_94' title='bbox 571 1488 774 1542; x_wconf 78' lang='lat' dir='ltr'><strong>Scimus</strong></span> <span class='ocrx_word' id='word_1_95' title='bbox 798 1498 967 1540; x_wconf 76' lang='lat' dir='ltr'><strong>autem</strong></span> <span class='ocrx_word' id='word_1_96' title='bbox 981 1487 1214 1554; x_wconf 79' lang='lat' dir='ltr'><strong>quoniam</strong></span> <span class='ocrx_word' id='word_1_97' title='bbox 1233 1500 1346 1537; x_wconf 82' lang='lat' dir='ltr'><strong>cum</strong></span> <span class='ocrx_word' id='word_1_98' title='bbox 1372 1488 1694 1554; x_wconf 70' lang='lat' dir='ltr'><strong>apparuerit,</strong></span> <span class='ocrx_word' id='word_1_99' title='bbox 1722 1484 1798 1537; x_wconf 78' lang='lat' dir='ltr'><strong>si-</strong></span> 
     </span>
    </p>
   </div>
   <div class='ocr_carea' id='block_1_14' title="bbox 214 1570 1802 1645">
    <p class='ocr_par' dir='ltr' id='par_1_14' title="bbox 214 1570 1802 1645">
     <span class='ocr_line' id='line_1_14' title="bbox 214 1570 1802 1645; baseline -0.001 -16"><span class='ocrx_word' id='word_1_100' title='bbox 214 1578 355 1631; x_wconf 66' lang='lat' dir='ltr'><strong>miles</strong></span> <span class='ocrx_word' id='word_1_101' title='bbox 393 1577 441 1629; x_wconf 86' lang='lat' dir='ltr'><strong>ei</strong></span> <span class='ocrx_word' id='word_1_102' title='bbox 483 1579 677 1631; x_wconf 65' lang='lat' dir='ltr'><strong>erimus</strong></span> <span class='ocrx_word' id='word_1_103' title='bbox 702 1619 716 1635; x_wconf 89' lang='lat'><strong>.</strong></span> <span class='ocrx_word' id='word_1_104' title='bbox 761 1578 1001 1645; x_wconf 76' lang='lat' dir='ltr'><strong>quoniam</strong></span> <span class='ocrx_word' id='word_1_105' title='bbox 1046 1575 1321 1629; x_wconf 82' lang='lat' dir='ltr'><strong>ridebimus</strong></span> <span class='ocrx_word' id='word_1_106' title='bbox 1365 1570 1478 1627; x_wconf 83' lang='lat' dir='ltr'><strong>eum</strong></span> <span class='ocrx_word' id='word_1_107' title='bbox 1527 1573 1675 1627; x_wconf 80' lang='lat' dir='ltr'><strong>sicuti</strong></span> <span class='ocrx_word' id='word_1_108' title='bbox 1727 1582 1802 1627; x_wconf 79' lang='lat' dir='ltr'><strong>est</strong></span> 
     </span>
    </p>
   </div>
   <div class='ocr_carea' id='block_1_15' title="bbox 218 1663 1797 1739">
    <p class='ocr_par' dir='ltr' id='par_1_15' title="bbox 218 1663 1797 1739">
     <span class='ocr_line' id='line_1_15' title="bbox 218 1663 1797 1739; baseline -0.001 -20"><span class='ocrx_word' id='word_1_109' title='bbox 218 1668 267 1735; x_wconf 65' lang='lat' dir='ltr'><strong>(l</strong></span> <span class='ocrx_word' id='word_1_110' title='bbox 289 1666 437 1721; x_wconf 69' lang='lat' dir='ltr'><strong>locis.</strong></span> <span class='ocrx_word' id='word_1_111' title='bbox 476 1684 555 1728; x_wconf 86' lang='lat' dir='ltr'><strong>tu.</strong></span> <span class='ocrx_word' id='word_1_112' title='bbox 578 1666 641 1739; x_wconf 64' lang='grc' dir='ltr'><strong>Ξ)</strong></span> <span class='ocrx_word' id='word_1_113' title='bbox 660 1686 670 1718; x_wconf 91' lang='lat'><strong>:</strong></span> <span class='ocrx_word' id='word_1_114' title='bbox 690 1685 810 1721; x_wconf 87' lang='lat' dir='ltr'><strong>cum</strong></span> <span class='ocrx_word' id='word_1_115' title='bbox 831 1668 1055 1721; x_wconf 85' lang='lat' dir='ltr'><strong>addetur</strong></span> <span class='ocrx_word' id='word_1_116' title='bbox 1074 1667 1325 1720; x_wconf 80' lang='lat' dir='ltr'><strong>denarius</strong></span> <span class='ocrx_word' id='word_1_117' title='bbox 1353 1663 1797 1734; x_wconf 78' lang='lat' dir='ltr'><strong>quadragenario,</strong></span> 
     </span>
    </p>
   </div>
   <div class='ocr_carea' id='block_1_16' title="bbox 214 1754 1792 1827">
    <p class='ocr_par' dir='ltr' id='par_1_16' title="bbox 214 1754 1792 1827">
     <span class='ocr_line' id='line_1_16' title="bbox 214 1754 1792 1827; baseline -0.003 -13"><span class='ocrx_word' id='word_1_118' title='bbox 214 1770 274 1814; x_wconf 79' lang='lat' dir='ltr'><strong>ut</strong></span> <span class='ocrx_word' id='word_1_119' title='bbox 303 1775 404 1815; x_wconf 84' lang='lat' dir='ltr'><strong>non</strong></span> <span class='ocrx_word' id='word_1_120' title='bbox 436 1762 618 1815; x_wconf 84' lang='lat' dir='ltr'><strong>solum</strong></span> <span class='ocrx_word' id='word_1_121' title='bbox 648 1760 870 1815; x_wconf 80' lang='lat' dir='ltr'><strong>credere</strong></span> <span class='ocrx_word' id='word_1_122' title='bbox 906 1775 1023 1827; x_wconf 76' lang='lat' dir='ltr'><strong>qua:</strong></span> <span class='ocrx_word' id='word_1_123' title='bbox 1068 1759 1330 1827; x_wconf 84' lang='lat' dir='ltr'><strong>pertinent</strong></span> <span class='ocrx_word' id='word_1_124' title='bbox 1368 1756 1433 1810; x_wconf 81' lang='lat' dir='ltr'><strong>ad</strong></span> <span class='ocrx_word' id='word_1_125' title='bbox 1478 1757 1665 1820; x_wconf 81' lang='lat' dir='ltr'><strong>tidem,</strong></span> <span class='ocrx_word' id='word_1_126' title='bbox 1694 1754 1792 1810; x_wconf 85' lang='lat' dir='ltr'><strong>sed</strong></span> 
     </span>
    </p>
   </div>
   <div class='ocr_carea' id='block_1_17' title="bbox 218 1849 1797 1923">
    <p class='ocr_par' dir='ltr' id='par_1_17' title="bbox 218 1849 1797 1923">
     <span class='ocr_line' id='line_1_17' title="bbox 218 1849 1797 1923; baseline -0.003 -17"><span class='ocrx_word' id='word_1_127' title='bbox 218 1853 369 1906; x_wconf 88' lang='lat' dir='ltr'><strong>etiam</strong></span> <span class='ocrx_word' id='word_1_128' title='bbox 426 1850 762 1923; x_wconf 78' lang='lat' dir='ltr'><strong>perspicuam</strong></span> <span class='ocrx_word' id='word_1_129' title='bbox 819 1853 1097 1904; x_wconf 74' lang='lat' dir='ltr'><strong>veritatem</strong></span> <span class='ocrx_word' id='word_1_130' title='bbox 1139 1849 1433 1917; x_wconf 82' lang='lat' dir='ltr'><strong>intelligere</strong></span> <span class='ocrx_word' id='word_1_131' title='bbox 1471 1862 1797 1902; x_wconf 82' lang='lat' dir='ltr'><strong>mereamur.</strong></span> 
     </span>
    </p>
   </div>
   <div class='ocr_carea' id='block_1_18' title="bbox 208 1937 1799 2010">
    <p class='ocr_par' dir='ltr' id='par_1_18' title="bbox 208 1937 1799 2010">
     <span class='ocr_line' id='line_1_18' title="bbox 208 1937 1799 2010; baseline -0.003 -15"><span class='ocrx_word' id='word_1_132' title='bbox 208 1942 357 1996; x_wconf 75' lang='lat' dir='ltr'><strong>Talis</strong></span> <span class='ocrx_word' id='word_1_133' title='bbox 383 1944 649 2009; x_wconf 75' lang='lat' dir='ltr'><strong>Ecclesia,</strong></span> <span class='ocrx_word' id='word_1_134' title='bbox 685 1943 738 1996; x_wconf 90' lang='lat' dir='ltr'><strong>in</strong></span> <span class='ocrx_word' id='word_1_135' title='bbox 774 1956 879 2010; x_wconf 83' lang='lat' dir='ltr'><strong>qua</strong></span> <span class='ocrx_word' id='word_1_136' title='bbox 910 1941 1084 1993; x_wconf 86' lang='lat' dir='ltr'><strong>nullus</strong></span> <span class='ocrx_word' id='word_1_137' title='bbox 1114 1942 1216 1993; x_wconf 90' lang='lat' dir='ltr'><strong>erit</strong></span> <span class='ocrx_word' id='word_1_138' title='bbox 1254 1953 1473 2004; x_wconf 65' lang='lat' dir='ltr'><strong>meror,</strong></span> <span class='ocrx_word' id='word_1_139' title='bbox 1500 1937 1646 1991; x_wconf 75' lang='lat' dir='ltr'><strong>nulla</strong></span> <span class='ocrx_word' id='word_1_140' title='bbox 1674 1952 1799 2006; x_wconf 82' lang='lat' dir='ltr'><strong>per-</strong></span> 
     </span>
    </p>
   </div>
   <div class='ocr_carea' id='block_1_19' title="bbox 210 2027 1800 2098">
    <p class='ocr_par' dir='ltr' id='par_1_19' title="bbox 210 2027 1800 2098">
     <span class='ocr_line' id='line_1_19' title="bbox 210 2027 1800 2098; baseline -0.001 -13"><span class='ocrx_word' id='word_1_141' title='bbox 210 2034 403 2085; x_wconf 84' lang='lat' dir='ltr'><strong>mixtio</strong></span> <span class='ocrx_word' id='word_1_142' title='bbox 430 2034 686 2086; x_wconf 84' lang='lat' dir='ltr'><strong>malorum</strong></span> <span class='ocrx_word' id='word_1_143' title='bbox 698 2031 1009 2090; x_wconf 61' lang='lat' dir='ltr'><strong>hominum,</strong></span> <span class='ocrx_word' id='word_1_144' title='bbox 1036 2031 1174 2083; x_wconf 85' lang='lat' dir='ltr'><strong>nulla</strong></span> <span class='ocrx_word' id='word_1_145' title='bbox 1204 2030 1467 2098; x_wconf 81' lang='lat' dir='ltr'><strong>iniquitas,</strong></span> <span class='ocrx_word' id='word_1_146' title='bbox 1496 2027 1589 2082; x_wconf 78' lang='lat' dir='ltr'><strong>sed</strong></span> <span class='ocrx_word' id='word_1_147' title='bbox 1620 2027 1800 2084; x_wconf 69' lang='lat' dir='ltr'><strong>lmtitia</strong></span> 
     </span>
    </p>
   </div>
   <div class='ocr_carea' id='block_1_20' title="bbox 202 2114 1801 2191">
    <p class='ocr_par' dir='ltr' id='par_1_20' title="bbox 202 2114 1801 2191">
     <span class='ocr_line' id='line_1_20' title="bbox 202 2114 1801 2191; baseline -0.003 -14"><span class='ocrx_word' id='word_1_148' title='bbox 202 2132 267 2177; x_wconf 81' lang='lat' dir='ltr'><strong>et</strong></span> <span class='ocrx_word' id='word_1_149' title='bbox 290 2139 402 2191; x_wconf 79' lang='lat' dir='ltr'><strong>pax</strong></span> <span class='ocrx_word' id='word_1_150' title='bbox 423 2132 484 2175; x_wconf 86' lang='lat' dir='ltr'><strong>et</strong></span> <span class='ocrx_word' id='word_1_151' title='bbox 504 2114 759 2189; x_wconf 79' lang='lat' dir='ltr'><strong>gaudium,</strong></span> <span class='ocrx_word' id='word_1_152' title='bbox 786 2121 1253 2190; x_wconf 69' lang='lat' dir='ltr'><strong>Quinquagesimm</strong></span> <span class='ocrx_word' id='word_1_153' title='bbox 1268 2119 1637 2174; x_wconf 70' lang='lat' dir='ltr'><strong>celebratione</strong></span> <span class='ocrx_word' id='word_1_154' title='bbox 1665 2133 1801 2188; x_wconf 67' lang='lat' dir='ltr'><strong>pra-</strong></span> 
     </span>
    </p>
   </div>
   <div class='ocr_carea' id='block_1_21' title="bbox 212 2211 1797 2281">
    <p class='ocr_par' dir='ltr' id='par_1_21' title="bbox 212 2211 1797 2281">
     <span class='ocr_line' id='line_1_21' title="bbox 212 2211 1797 2281; baseline -0.001 -16"><span class='ocrx_word' id='word_1_155' title='bbox 212 2213 503 2281; x_wconf 81' lang='lat' dir='ltr'><strong>ﬁguratur.</strong></span> <span class='ocrx_word' id='word_1_156' title='bbox 536 2214 834 2280; x_wconf 73' lang='lat' dir='ltr'><strong>Propterea,</strong></span> <span class='ocrx_word' id='word_1_157' title='bbox 868 2221 1209 2280; x_wconf 65' lang='lat' dir='ltr'><strong>lmsteaqnam</strong></span> <span class='ocrx_word' id='word_1_158' title='bbox 1234 2211 1488 2264; x_wconf 83' lang='lat' dir='ltr'><strong>Dominus</strong></span> <span class='ocrx_word' id='word_1_159' title='bbox 1514 2219 1697 2265; x_wconf 86' lang='lat' dir='ltr'><strong>noster</strong></span> <span class='ocrx_word' id='word_1_160' title='bbox 1718 2224 1797 2264; x_wconf 86' lang='lat' dir='ltr'><strong>rc-</strong></span> 
     </span>
    </p>
   </div>
   <div class='ocr_carea' id='block_1_22' title="bbox 206 2301 1797 2372">
    <p class='ocr_par' dir='ltr' id='par_1_22' title="bbox 206 2301 1797 2372">
     <span class='ocr_line' id='line_1_22' title="bbox 206 2301 1797 2372; baseline -0.001 -15"><span class='ocrx_word' id='word_1_161' title='bbox 206 2307 448 2357; x_wconf 73' lang='lat' dir='ltr'><strong>surrexit</strong></span> <span class='ocrx_word' id='word_1_162' title='bbox 475 2322 502 2354; x_wconf 78' lang='grc' dir='ltr'>ει</span> <span class='ocrx_word' id='word_1_163' title='bbox 530 2304 747 2357; x_wconf 80' lang='lat' dir='ltr'><strong>mortuis</strong></span> <span class='ocrx_word' id='word_1_164' title='bbox 767 2344 782 2363; x_wconf 92' lang='lat'><strong>,</strong></span> <span class='ocrx_word' id='word_1_165' title='bbox 821 2302 1165 2372; x_wconf 72' lang='lat' dir='ltr'><strong>quadraginta</strong></span> <span class='ocrx_word' id='word_1_166' title='bbox 1205 2301 1392 2356; x_wconf 89' lang='lat' dir='ltr'><strong>diebus</strong></span> <span class='ocrx_word' id='word_1_167' title='bbox 1418 2301 1646 2372; x_wconf 78' lang='lat' dir='ltr'><strong>peractis</strong></span> <span class='ocrx_word' id='word_1_168' title='bbox 1673 2317 1797 2356; x_wconf 88' lang='lat' dir='ltr'><strong>cum</strong></span> 
     </span>
    </p>
   </div>
   <div class='ocr_carea' id='block_1_23' title="bbox 216 2392 1796 2463">
    <p class='ocr_par' dir='ltr' id='par_1_23' title="bbox 216 2392 1796 2463">
     <span class='ocr_line' id='line_1_23' title="bbox 216 2392 1796 2463; baseline 0.002 -18"><span class='ocrx_word' id='word_1_169' title='bbox 216 2396 491 2463; x_wconf 77' lang='lat' dir='ltr'><strong>discipulis</strong></span> <span class='ocrx_word' id='word_1_170' title='bbox 512 2397 643 2458; x_wconf 84' lang='lat' dir='ltr'><strong>suis,</strong></span> <span class='ocrx_word' id='word_1_171' title='bbox 660 2394 847 2449; x_wconf 85' lang='lat' dir='ltr'><strong>eadem</strong></span> <span class='ocrx_word' id='word_1_172' title='bbox 877 2394 986 2462; x_wconf 85' lang='lat' dir='ltr'><strong>ipsa</strong></span> <span class='ocrx_word' id='word_1_173' title='bbox 1005 2393 1206 2447; x_wconf 86' lang='lat' dir='ltr'><strong>scilicet</strong></span> <span class='ocrx_word' id='word_1_174' title='bbox 1231 2408 1325 2461; x_wconf 80' lang='lat' dir='ltr'><strong>per</strong></span> <span class='ocrx_word' id='word_1_175' title='bbox 1351 2392 1489 2447; x_wconf 90' lang='lat' dir='ltr'><strong>hunc</strong></span> <span class='ocrx_word' id='word_1_176' title='bbox 1518 2408 1796 2448; x_wconf 87' lang='lat' dir='ltr'><strong>numerum</strong></span> 
     </span>
    </p>
   </div>
   <div class='ocr_carea' id='block_1_24' title="bbox 224 2482 1798 2554">
    <p class='ocr_par' dir='ltr' id='par_1_24' title="bbox 224 2482 1798 2554">
     <span class='ocr_line' id='line_1_24' title="bbox 224 2482 1798 2554; baseline 0.001 -19"><span class='ocrx_word' id='word_1_177' title='bbox 224 2485 483 2538; x_wconf 75' lang='lat' dir='ltr'><strong>insinuata</strong></span> <span class='ocrx_word' id='word_1_178' title='bbox 515 2484 793 2554; x_wconf 71' lang='lat' dir='ltr'><strong>temponli</strong></span> <span class='ocrx_word' id='word_1_179' title='bbox 812 2483 1227 2551; x_wconf 82' lang='lat' dir='ltr'><strong>dispensatione,</strong></span> <span class='ocrx_word' id='word_1_180' title='bbox 1259 2498 1378 2552; x_wconf 76' lang='lat' dir='ltr'><strong>qua:</strong></span> <span class='ocrx_word' id='word_1_181' title='bbox 1398 2482 1464 2537; x_wconf 88' lang='lat' dir='ltr'><strong>ad</strong></span> <span class='ocrx_word' id='word_1_182' title='bbox 1486 2482 1643 2538; x_wconf 76' lang='lat' dir='ltr'><strong>ﬁdem</strong></span> <span class='ocrx_word' id='word_1_183' title='bbox 1666 2497 1798 2554; x_wconf 72' lang='lat' dir='ltr'><strong>per-</strong></span> 
     </span>
    </p>
   </div>
   <div class='ocr_carea' id='block_1_25' title="bbox 210 2572 1797 2645">
    <p class='ocr_par' dir='ltr' id='par_1_25' title="bbox 210 2572 1797 2645">
     <span class='ocr_line' id='line_1_25' title="bbox 210 2572 1797 2645; baseline 0.001 -18"><span class='ocrx_word' id='word_1_184' title='bbox 210 2575 367 2637; x_wconf 78' lang='lat' dir='ltr'><strong>tinet,</strong></span> <span class='ocrx_word' id='word_1_185' title='bbox 391 2576 632 2630; x_wconf 80' lang='lat' dir='ltr'><strong>ascendit</strong></span> <span class='ocrx_word' id='word_1_186' title='bbox 651 2577 704 2630; x_wconf 91' lang='lat' dir='ltr'><strong>in</strong></span> <span class='ocrx_word' id='word_1_187' title='bbox 733 2575 928 2643; x_wconf 66' lang='lat' dir='ltr'><strong>celum</strong></span> <span class='ocrx_word' id='word_1_188' title='bbox 960 2575 1094 2645; x_wconf 77' lang='lat' dir='ltr'><strong>(Act.</strong></span> <span class='ocrx_word' id='word_1_189' title='bbox 1114 2589 1164 2639; x_wconf 75' lang='lat' dir='ltr'><strong>a,</strong></span> <span class='ocrx_word' id='word_1_190' title='bbox 1187 2574 1244 2639; x_wconf 74' lang='lat'><strong>3,</strong></span> <span class='ocrx_word' id='word_1_191' title='bbox 1277 2572 1367 2645; x_wconf 64' lang='lat' dir='ltr'><strong>9n),</strong></span> <span class='ocrx_word' id='word_1_192' title='bbox 1388 2582 1444 2627; x_wconf 91' lang='lat' dir='ltr'><strong>et</strong></span> <span class='ocrx_word' id='word_1_193' title='bbox 1467 2573 1654 2629; x_wconf 68' lang='lat' dir='ltr'><strong>decem</strong></span> <span class='ocrx_word' id='word_1_194' title='bbox 1680 2574 1797 2629; x_wconf 85' lang='lat' dir='ltr'><strong>aliis</strong></span> 
     </span>
    </p>
   </div>
   <div class='ocr_carea' id='block_1_26' title="bbox 216 2664 1793 2737">
    <p class='ocr_par' dir='ltr' id='par_1_26' title="bbox 216 2664 1793 2737">
     <span class='ocr_line' id='line_1_26' title="bbox 216 2664 1793 2737; baseline 0.001 -18"><span class='ocrx_word' id='word_1_195' title='bbox 216 2668 399 2721; x_wconf 81' lang='lat' dir='ltr'><strong>diebus</strong></span> <span class='ocrx_word' id='word_1_196' title='bbox 424 2668 658 2737; x_wconf 75' lang='lat' dir='ltr'><strong>peractis</strong></span> <span class='ocrx_word' id='word_1_197' title='bbox 677 2666 826 2722; x_wconf 83' lang='lat' dir='ltr'><strong>misit</strong></span> <span class='ocrx_word' id='word_1_198' title='bbox 854 2666 1107 2735; x_wconf 85' lang='lat' dir='ltr'><strong>Spiritum</strong></span> <span class='ocrx_word' id='word_1_199' title='bbox 1136 2674 1378 2720; x_wconf 89' lang='lat' dir='ltr'><strong>sanctum</strong></span> <span class='ocrx_word' id='word_1_200' title='bbox 1400 2664 1513 2734; x_wconf 78' lang='lat' dir='ltr'><strong>(Id.</strong></span> <span class='ocrx_word' id='word_1_201' title='bbox 1544 2681 1577 2719; x_wconf 88' lang='grc' dir='ltr'><strong>ιι</strong></span> <span class='ocrx_word' id='word_1_202' title='bbox 1595 2707 1610 2729; x_wconf 86' lang='grc'><em>,</em></span> <span class='ocrx_word' id='word_1_203' title='bbox 1638 2664 1750 2735; x_wconf 74' lang='grc'><strong>1-4)</strong></span> <span class='ocrx_word' id='word_1_204' title='bbox 1778 2681 1793 2720; x_wconf 91' lang='lat'><strong>:</strong></span> 
     </span>
    </p>
   </div>
   <div class='ocr_carea' id='block_1_27' title="bbox 216 2755 1795 2825">
    <p class='ocr_par' dir='ltr' id='par_1_27' title="bbox 216 2755 1795 2825">
     <span class='ocr_line' id='line_1_27' title="bbox 216 2755 1795 2825; baseline -0.001 -14"><span class='ocrx_word' id='word_1_205' title='bbox 216 2759 267 2811; x_wconf 85' lang='lat' dir='ltr'><strong>id</strong></span> <span class='ocrx_word' id='word_1_206' title='bbox 287 2769 388 2819; x_wconf 86' lang='lat' dir='ltr'><strong>est,</strong></span> <span class='ocrx_word' id='word_1_207' title='bbox 413 2772 468 2811; x_wconf 86' lang='grc' dir='ltr'><strong>ιιι</strong></span> <span class='ocrx_word' id='word_1_208' title='bbox 492 2775 599 2813; x_wconf 82' lang='lat' dir='ltr'><strong>non</strong></span> <span class='ocrx_word' id='word_1_209' title='bbox 625 2757 693 2813; x_wconf 90' lang='lat' dir='ltr'><strong>ad</strong></span> <span class='ocrx_word' id='word_1_210' title='bbox 718 2756 950 2812; x_wconf 84' lang='lat' dir='ltr'><strong>humana</strong></span> <span class='ocrx_word' id='word_1_211' title='bbox 970 2765 1025 2811; x_wconf 89' lang='lat' dir='ltr'><strong>et</strong></span> <span class='ocrx_word' id='word_1_212' title='bbox 1049 2756 1377 2825; x_wconf 88' lang='lat' dir='ltr'><strong>temporalia,</strong></span> <span class='ocrx_word' id='word_1_213' title='bbox 1416 2755 1508 2810; x_wconf 78' lang='lat' dir='ltr'><strong>sed</strong></span> <span class='ocrx_word' id='word_1_214' title='bbox 1528 2755 1594 2809; x_wconf 91' lang='lat' dir='ltr'><strong>ad</strong></span> <span class='ocrx_word' id='word_1_215' title='bbox 1618 2755 1795 2810; x_wconf 85' lang='lat' dir='ltr'><strong>divina</strong></span> 
     </span>
    </p>
   </div>
   <div class='ocr_carea' id='block_1_28' title="bbox 210 2845 1798 2918">
    <p class='ocr_par' dir='ltr' id='par_1_28' title="bbox 210 2845 1798 2918">
     <span class='ocr_line' id='line_1_28' title="bbox 210 2845 1798 2918; baseline 0 -16"><span class='ocrx_word' id='word_1_216' title='bbox 210 2859 270 2902; x_wconf 79' lang='lat' dir='ltr'><strong>et</strong></span> <span class='ocrx_word' id='word_1_217' title='bbox 290 2858 488 2905; x_wconf 60' lang='lat' dir='ltr'><strong>eterna</strong></span> <span class='ocrx_word' id='word_1_218' title='bbox 516 2848 818 2906; x_wconf 74' lang='lat' dir='ltr'><strong>contuentis</strong></span> <span class='ocrx_word' id='word_1_219' title='bbox 846 2848 1074 2918; x_wconf 84' lang='lat' dir='ltr'><strong>quodam</strong></span> <span class='ocrx_word' id='word_1_220' title='bbox 1101 2847 1297 2901; x_wconf 89' lang='lat' dir='ltr'><strong>amoris</strong></span> <span class='ocrx_word' id='word_1_221' title='bbox 1318 2858 1369 2901; x_wconf 89' lang='lat' dir='ltr'><strong>et</strong></span> <span class='ocrx_word' id='word_1_222' title='bbox 1391 2847 1666 2901; x_wconf 83' lang='lat' dir='ltr'><strong>cbaritatis</strong></span> <span class='ocrx_word' id='word_1_223' title='bbox 1689 2845 1798 2915; x_wconf 89' lang='lat' dir='ltr'><strong>spi-</strong></span> 
     </span>
    </p>
   </div>
   <div class='ocr_carea' id='block_1_29' title="bbox 214 2938 1797 3009">
    <p class='ocr_par' dir='ltr' id='par_1_29' title="bbox 214 2938 1797 3009">
     <span class='ocr_line' id='line_1_29' title="bbox 214 2938 1797 3009; baseline -0.001 -13"><span class='ocrx_word' id='word_1_224' title='bbox 214 2953 457 2996; x_wconf 74' lang='lat' dir='ltr'><strong>ramento</strong></span> <span class='ocrx_word' id='word_1_225' title='bbox 476 2953 532 2995; x_wconf 90' lang='lat' dir='ltr'><strong>et</strong></span> <span class='ocrx_word' id='word_1_226' title='bbox 564 2940 833 3006; x_wconf 81' lang='lat' dir='ltr'><strong>incendio,</strong></span> <span class='ocrx_word' id='word_1_227' title='bbox 855 2938 1281 3009; x_wconf 81' lang='lat' dir='ltr'><strong>quadragenario</strong></span> <span class='ocrx_word' id='word_1_228' title='bbox 1299 2938 1549 2992; x_wconf 89' lang='lat' dir='ltr'><strong>denarius</strong></span> <span class='ocrx_word' id='word_1_229' title='bbox 1566 2938 1797 2994; x_wconf 80' lang='lat' dir='ltr'><strong>addere-</strong></span> 
     </span>
    </p>
   </div>
   <div class='ocr_carea' id='block_1_30' title="bbox 220 3028 1797 3101">
    <p class='ocr_par' dir='ltr' id='par_1_30' title="bbox 220 3028 1797 3101">
     <span class='ocr_line' id='line_1_30' title="bbox 220 3028 1797 3101; baseline -0.001 -15"><span class='ocrx_word' id='word_1_230' title='bbox 220 3043 316 3086; x_wconf 90' lang='lat' dir='ltr'><strong>tur.</strong></span> <span class='ocrx_word' id='word_1_231' title='bbox 343 3034 407 3087; x_wconf 76' lang='lat' dir='ltr'><strong>Et</strong></span> <span class='ocrx_word' id='word_1_232' title='bbox 434 3033 558 3087; x_wconf 79' lang='lat' dir='ltr'><strong>ideo</strong></span> <span class='ocrx_word' id='word_1_233' title='bbox 574 3032 686 3101; x_wconf 89' lang='lat' dir='ltr'><strong>jam</strong></span> <span class='ocrx_word' id='word_1_234' title='bbox 715 3032 818 3086; x_wconf 90' lang='lat' dir='ltr'><strong>hoc</strong></span> <span class='ocrx_word' id='word_1_235' title='bbox 853 3039 1018 3084; x_wconf 89' lang='lat' dir='ltr'><strong>totum</strong></span> <span class='ocrx_word' id='word_1_236' title='bbox 1040 3071 1055 3093; x_wconf 94' lang='lat'><strong>,</strong></span> <span class='ocrx_word' id='word_1_237' title='bbox 1084 3028 1135 3083; x_wconf 92' lang='lat' dir='ltr'><strong>id</strong></span> <span class='ocrx_word' id='word_1_238' title='bbox 1171 3037 1287 3095; x_wconf 90' lang='lat' dir='ltr'><strong>est,</strong></span> <span class='ocrx_word' id='word_1_239' title='bbox 1315 3029 1797 3099; x_wconf 82' lang='lat' dir='ltr'><strong>quinquagenarius</strong></span> 
     </span>
    </p>
   </div>
   <div class='ocr_carea' id='block_1_31' title="bbox 212 3119 1794 3189">
    <p class='ocr_par' dir='ltr' id='par_1_31' title="bbox 212 3119 1794 3189">
     <span class='ocr_line' id='line_1_31' title="bbox 212 3119 1794 3189; baseline -0.003 -12"><span class='ocrx_word' id='word_1_240' title='bbox 212 3139 470 3178; x_wconf 77' lang='lat' dir='ltr'><strong>numerus</strong></span> <span class='ocrx_word' id='word_1_241' title='bbox 498 3124 732 3188; x_wconf 80' lang='lat' dir='ltr'><strong>dierum,</strong></span> <span class='ocrx_word' id='word_1_242' title='bbox 754 3120 951 3176; x_wconf 57' lang='lat' dir='ltr'><strong>latitia:</strong></span> <span class='ocrx_word' id='word_1_243' title='bbox 972 3119 1329 3174; x_wconf 77' lang='lat' dir='ltr'><strong>celebratione</strong></span> <span class='ocrx_word' id='word_1_244' title='bbox 1345 3161 1359 3183; x_wconf 92' lang='lat'><strong>,</strong></span> <span class='ocrx_word' id='word_1_245' title='bbox 1386 3120 1674 3189; x_wconf 82' lang='lat' dir='ltr'><strong>signandus</strong></span> <span class='ocrx_word' id='word_1_246' title='bbox 1691 3129 1794 3175; x_wconf 87' lang='lat' dir='ltr'><strong>est.</strong></span> 
     </span>
    </p>
   </div>
   <div class='ocr_carea' id='block_1_32' title="bbox 279 3207 1797 3278">
    <p class='ocr_par' dir='ltr' id='par_1_32' title="bbox 279 3207 1797 3278">
     <span class='ocr_line' id='line_1_32' title="bbox 279 3207 1797 3278; baseline -0.003 -11"><span class='ocrx_word' id='word_1_247' title='bbox 279 3214 331 3267; x_wconf 77' lang='grc'><strong>5.</strong></span> <span class='ocrx_word' id='word_1_248' title='bbox 373 3213 503 3267; x_wconf 57' lang='lat' dir='ltr'><strong>llaec</strong></span> <span class='ocrx_word' id='word_1_249' title='bbox 515 3221 696 3266; x_wconf 87' lang='lat' dir='ltr'><strong>autem</strong></span> <span class='ocrx_word' id='word_1_250' title='bbox 715 3210 822 3264; x_wconf 90' lang='lat' dir='ltr'><strong>duo</strong></span> <span class='ocrx_word' id='word_1_251' title='bbox 846 3218 1103 3278; x_wconf 81' lang='lat' dir='ltr'><strong>tempora,</strong></span> <span class='ocrx_word' id='word_1_252' title='bbox 1129 3207 1179 3263; x_wconf 89' lang='lat' dir='ltr'><strong>id</strong></span> <span class='ocrx_word' id='word_1_253' title='bbox 1201 3216 1304 3275; x_wconf 85' lang='lat' dir='ltr'><strong>cst,</strong></span> <span class='ocrx_word' id='word_1_254' title='bbox 1331 3224 1492 3262; x_wconf 89' lang='lat' dir='ltr'><strong>unum</strong></span> <span class='ocrx_word' id='word_1_255' title='bbox 1523 3210 1719 3263; x_wconf 87' lang='lat' dir='ltr'><strong>laboris</strong></span> <span class='ocrx_word' id='word_1_256' title='bbox 1742 3219 1797 3263; x_wconf 91' lang='lat' dir='ltr'><strong>et</strong></span> 
     </span>
    </p>
   </div>
   <div class='ocr_carea' id='block_1_33' title="bbox 212 3299 1796 3369">
    <p class='ocr_par' dir='ltr' id='par_1_33' title="bbox 212 3299 1796 3369">
     <span class='ocr_line' id='line_1_33' title="bbox 212 3299 1796 3369; baseline -0.003 -12"><span class='ocrx_word' id='word_1_257' title='bbox 212 3304 605 3367; x_wconf 69' lang='lat' dir='ltr'><strong>sollicitudinis,</strong></span> <span class='ocrx_word' id='word_1_258' title='bbox 627 3303 856 3357; x_wconf 85' lang='lat' dir='ltr'><strong>alterum</strong></span> <span class='ocrx_word' id='word_1_259' title='bbox 878 3299 1052 3369; x_wconf 87' lang='lat' dir='ltr'><strong>gaudii</strong></span> <span class='ocrx_word' id='word_1_260' title='bbox 1078 3308 1134 3352; x_wconf 93' lang='lat' dir='ltr'><strong>et</strong></span> <span class='ocrx_word' id='word_1_261' title='bbox 1152 3299 1447 3353; x_wconf 83' lang='lat' dir='ltr'><strong>securitatis</strong></span> <span class='ocrx_word' id='word_1_262' title='bbox 1470 3340 1487 3364; x_wconf 91' lang='lat'><strong>,</strong></span> <span class='ocrx_word' id='word_1_263' title='bbox 1506 3300 1674 3353; x_wconf 70' lang='lat' dir='ltr'><strong>etiam</strong></span> <span class='ocrx_word' id='word_1_264' title='bbox 1706 3313 1796 3353; x_wconf 82' lang='lat' dir='ltr'><strong>re-</strong></span> 
     </span>
    </p>
   </div>
   <div class='ocr_carea' id='block_1_34' title="bbox 212 3388 1794 3459">
    <p class='ocr_par' dir='ltr' id='par_1_34' title="bbox 212 3388 1794 3459">
     <span class='ocr_line' id='line_1_34' title="bbox 212 3388 1794 3459; baseline -0.004 -10"><span class='ocrx_word' id='word_1_265' title='bbox 212 3396 349 3449; x_wconf 82' lang='lat' dir='ltr'><strong>tibus</strong></span> <span class='ocrx_word' id='word_1_266' title='bbox 390 3396 574 3448; x_wconf 81' lang='lat' dir='ltr'><strong>missis</strong></span> <span class='ocrx_word' id='word_1_267' title='bbox 600 3394 652 3446; x_wconf 90' lang='lat' dir='ltr'><strong>in</strong></span> <span class='ocrx_word' id='word_1_268' title='bbox 682 3404 833 3447; x_wconf 87' lang='lat' dir='ltr'><strong>mare</strong></span> <span class='ocrx_word' id='word_1_269' title='bbox 860 3389 1111 3444; x_wconf 80' lang='lat' dir='ltr'><strong>Dominus</strong></span> <span class='ocrx_word' id='word_1_270' title='bbox 1134 3399 1325 3444; x_wconf 61' lang='lat' dir='ltr'><strong>uoster</strong></span> <span class='ocrx_word' id='word_1_271' title='bbox 1351 3389 1631 3459; x_wconf 78' lang='lat' dir='ltr'><strong>signiﬁcat.</strong></span> <span class='ocrx_word' id='word_1_272' title='bbox 1660 3388 1794 3443; x_wconf 82' lang='lat' dir='ltr'><strong>Nam</strong></span> 
     </span>
    </p>
   </div>
   <div class='ocr_carea' id='block_1_35' title="bbox 214 3478 1796 3554">
    <p class='ocr_par' dir='ltr' id='par_1_35' title="bbox 214 3478 1796 3554">
     <span class='ocr_line' id='line_1_35' title="bbox 214 3478 1796 3554; baseline -0.003 -17"><span class='ocrx_word' id='word_1_273' title='bbox 214 3496 329 3539; x_wconf 73' lang='lat' dir='ltr'><strong>ante</strong></span> <span class='ocrx_word' id='word_1_274' title='bbox 366 3484 670 3554; x_wconf 75' lang='lat' dir='ltr'><strong>passionem</strong></span> <span class='ocrx_word' id='word_1_275' title='bbox 713 3481 784 3537; x_wconf 87' lang='lat' dir='ltr'><strong>de</strong></span> <span class='ocrx_word' id='word_1_276' title='bbox 822 3480 1046 3534; x_wconf 84' lang='lat' dir='ltr'><strong>reticulo</strong></span> <span class='ocrx_word' id='word_1_277' title='bbox 1080 3479 1273 3533; x_wconf 88' lang='lat' dir='ltr'><strong>dicitur</strong></span> <span class='ocrx_word' id='word_1_278' title='bbox 1302 3478 1465 3533; x_wconf 88' lang='lat' dir='ltr'><strong>misso</strong></span> <span class='ocrx_word' id='word_1_279' title='bbox 1504 3478 1565 3532; x_wconf 87' lang='lat' dir='ltr'><strong>in</strong></span> <span class='ocrx_word' id='word_1_280' title='bbox 1609 3493 1796 3544; x_wconf 82' lang='lat' dir='ltr'><strong>mare,</strong></span> 
     </span>
    </p>
   </div>
   <div class='ocr_carea' id='block_1_36' title="bbox 206 3569 1795 3644">
    <p class='ocr_par' dir='ltr' id='par_1_36' title="bbox 206 3569 1795 3644">
     <span class='ocr_line' id='line_1_36' title="bbox 206 3569 1795 3644; baseline -0.003 -15"><span class='ocrx_word' id='word_1_281' title='bbox 206 3578 328 3644; x_wconf 80' lang='lat' dir='ltr'><strong>quia</strong></span> <span class='ocrx_word' id='word_1_282' title='bbox 359 3585 567 3628; x_wconf 82' lang='lat' dir='ltr'><strong>tantum</strong></span> <span class='ocrx_word' id='word_1_283' title='bbox 594 3570 818 3642; x_wconf 83' lang='lat' dir='ltr'><strong>piscium</strong></span> <span class='ocrx_word' id='word_1_284' title='bbox 834 3580 1128 3640; x_wconf 76' lang='lat' dir='ltr'><strong>ceperunt,</strong></span> <span class='ocrx_word' id='word_1_285' title='bbox 1172 3579 1228 3625; x_wconf 89' lang='lat' dir='ltr'><strong>ut</strong></span> <span class='ocrx_word' id='word_1_286' title='bbox 1255 3571 1339 3624; x_wconf 85' lang='lat' dir='ltr'><strong>vix</strong></span> <span class='ocrx_word' id='word_1_287' title='bbox 1386 3570 1451 3624; x_wconf 87' lang='lat' dir='ltr'><strong>ad</strong></span> <span class='ocrx_word' id='word_1_288' title='bbox 1497 3569 1647 3624; x_wconf 87' lang='lat' dir='ltr'><strong>littus</strong></span> <span class='ocrx_word' id='word_1_289' title='bbox 1686 3578 1795 3625; x_wconf 84' lang='lat' dir='ltr'><strong>tra-</strong></span> 
     </span>
    </p>
   </div>
   <div class='ocr_carea' id='block_1_37' title="bbox 210 3662 1795 3735">
    <p class='ocr_par' dir='ltr' id='par_1_37' title="bbox 210 3662 1795 3735">
     <span class='ocr_line' id='line_1_37' title="bbox 210 3662 1795 3735; baseline -0.003 -14"><span class='ocrx_word' id='word_1_290' title='bbox 210 3667 384 3721; x_wconf 73' lang='lat' dir='ltr'><strong>hendo</strong></span> <span class='ocrx_word' id='word_1_291' title='bbox 410 3665 790 3735; x_wconf 85' lang='lat' dir='ltr'><strong>perducerent,</strong></span> <span class='ocrx_word' id='word_1_292' title='bbox 819 3670 875 3717; x_wconf 89' lang='lat' dir='ltr'><strong>et</strong></span> <span class='ocrx_word' id='word_1_293' title='bbox 904 3670 961 3716; x_wconf 89' lang='lat' dir='ltr'><strong>ut</strong></span> <span class='ocrx_word' id='word_1_294' title='bbox 989 3664 1117 3716; x_wconf 87' lang='lat' dir='ltr'><strong>retia</strong></span> <span class='ocrx_word' id='word_1_295' title='bbox 1147 3664 1557 3733; x_wconf 89' lang='lat' dir='ltr'><strong>rumperentur(</strong></span> <span class='ocrx_word' id='word_1_296' title='bbox 1582 3662 1706 3716; x_wconf 85' lang='lat' dir='ltr'><strong>Luc.</strong></span> <span class='ocrx_word' id='word_1_297' title='bbox 1740 3678 1795 3731; x_wconf 84' lang='lat' dir='ltr'><strong>v,</strong></span> 
     </span>
    </p>
   </div>
   <div class='ocr_carea' id='block_1_38' title="bbox 213 3752 1798 3827">
    <p class='ocr_par' dir='ltr' id='par_1_38' title="bbox 213 3752 1798 3827">
     <span class='ocr_line' id='line_1_38' title="bbox 213 3752 1798 3827; baseline -0.001 -17"><span class='ocrx_word' id='word_1_298' title='bbox 213 3764 261 3819; x_wconf 81' lang='lat'><strong>6,</strong></span> <span class='ocrx_word' id='word_1_299' title='bbox 294 3758 371 3827; x_wconf 80' lang='lat'><strong>7).</strong></span> <span class='ocrx_word' id='word_1_300' title='bbox 398 3756 519 3811; x_wconf 71' lang='lat' dir='ltr'><strong>Non</strong></span> <span class='ocrx_word' id='word_1_301' title='bbox 545 3755 689 3809; x_wconf 84' lang='lat' dir='ltr'><strong>enim</strong></span> <span class='ocrx_word' id='word_1_302' title='bbox 714 3754 877 3808; x_wconf 79' lang='lat' dir='ltr'><strong>missa</strong></span> <span class='ocrx_word' id='word_1_303' title='bbox 905 3762 1030 3807; x_wconf 87' lang='lat' dir='ltr'><strong>sunt</strong></span> <span class='ocrx_word' id='word_1_304' title='bbox 1053 3753 1104 3806; x_wconf 91' lang='lat' dir='ltr'><strong>in</strong></span> <span class='ocrx_word' id='word_1_305' title='bbox 1127 3754 1399 3807; x_wconf 79' lang='lat' dir='ltr'><strong>dexteram</strong></span> <span class='ocrx_word' id='word_1_306' title='bbox 1438 3761 1675 3823; x_wconf 87' lang='lat' dir='ltr'><strong>partem;</strong></span> <span class='ocrx_word' id='word_1_307' title='bbox 1698 3752 1798 3808; x_wconf 87' lang='lat' dir='ltr'><strong>ha-</strong></span> 
     </span>
    </p>
   </div>
   <div class='ocr_carea' id='block_1_39' title="bbox 212 3843 1797 3914">
    <p class='ocr_par' dir='ltr' id='par_1_39' title="bbox 212 3843 1797 3914">
     <span class='ocr_line' id='line_1_39' title="bbox 212 3843 1797 3914; baseline -0.001 -12"><span class='ocrx_word' id='word_1_308' title='bbox 212 3849 297 3902; x_wconf 81' lang='lat' dir='ltr'><strong>bet</strong></span> <span class='ocrx_word' id='word_1_309' title='bbox 320 3849 466 3902; x_wconf 86' lang='lat' dir='ltr'><strong>enim</strong></span> <span class='ocrx_word' id='word_1_310' title='bbox 499 3846 699 3900; x_wconf 89' lang='lat' dir='ltr'><strong>multos</strong></span> <span class='ocrx_word' id='word_1_311' title='bbox 722 3843 894 3900; x_wconf 86' lang='lat' dir='ltr'><strong>malos</strong></span> <span class='ocrx_word' id='word_1_312' title='bbox 919 3843 1153 3899; x_wconf 84' lang='lat' dir='ltr'><strong>Ecclesia</strong></span> <span class='ocrx_word' id='word_1_313' title='bbox 1181 3843 1337 3913; x_wconf 84' lang='lat' dir='ltr'><strong>hujus</strong></span> <span class='ocrx_word' id='word_1_314' title='bbox 1368 3845 1659 3914; x_wconf 86' lang='lat' dir='ltr'><strong>temporis:</strong></span> <span class='ocrx_word' id='word_1_315' title='bbox 1698 3861 1797 3900; x_wconf 86' lang='lat' dir='ltr'><strong>ne-</strong></span> 
     </span>
    </p>
   </div>
   <div class='ocr_carea' id='block_1_40' title="bbox 210 3935 1797 4009">
    <p class='ocr_par' dir='ltr' id='par_1_40' title="bbox 210 3935 1797 4009">
     <span class='ocr_line' id='line_1_40' title="bbox 210 3935 1797 4009; baseline -0.002 -15"><span class='ocrx_word' id='word_1_316' title='bbox 210 3956 307 4009; x_wconf 73' lang='lat' dir='ltr'><strong>que</strong></span> <span class='ocrx_word' id='word_1_317' title='bbox 338 3940 391 3993; x_wconf 91' lang='lat' dir='ltr'><strong>in</strong></span> <span class='ocrx_word' id='word_1_318' title='bbox 412 3940 724 4000; x_wconf 82' lang='lat' dir='ltr'><strong>sinistram;</strong></span> <span class='ocrx_word' id='word_1_319' title='bbox 754 3936 914 3991; x_wconf 86' lang='lat' dir='ltr'><strong>habet</strong></span> <span class='ocrx_word' id='word_1_320' title='bbox 938 3935 1080 3990; x_wconf 88' lang='lat' dir='ltr'><strong>enim</strong></span> <span class='ocrx_word' id='word_1_321' title='bbox 1120 3935 1280 3990; x_wconf 89' lang='lat' dir='ltr'><strong>etiam</strong></span> <span class='ocrx_word' id='word_1_322' title='bbox 1307 3938 1475 3990; x_wconf 89' lang='lat' dir='ltr'><strong>bonos</strong></span> <span class='ocrx_word' id='word_1_323' title='bbox 1500 3953 1513 3989; x_wconf 89' lang='lat'><strong>:</strong></span> <span class='ocrx_word' id='word_1_324' title='bbox 1553 3935 1649 3991; x_wconf 86' lang='lat' dir='ltr'><strong>sed</strong></span> <span class='ocrx_word' id='word_1_325' title='bbox 1675 3951 1797 4005; x_wconf 85' lang='lat' dir='ltr'><strong>pas-</strong></span> 
     </span>
    </p>
   </div>
   <div class='ocr_carea' id='block_1_41' title="bbox 212 4027 1797 4101">
    <p class='ocr_par' dir='ltr' id='par_1_41' title="bbox 212 4027 1797 4101">
     <span class='ocr_line' id='line_1_41' title="bbox 212 4027 1797 4101; baseline -0.003 -15"><span class='ocrx_word' id='word_1_326' title='bbox 212 4036 327 4095; x_wconf 78' lang='lat' dir='ltr'><strong>sim,</strong></span> <span class='ocrx_word' id='word_1_327' title='bbox 360 4043 420 4084; x_wconf 91' lang='lat' dir='ltr'><strong>ut</strong></span> <span class='ocrx_word' id='word_1_328' title='bbox 446 4030 862 4101; x_wconf 86' lang='lat' dir='ltr'><strong>permixtionem</strong></span> <span class='ocrx_word' id='word_1_329' title='bbox 883 4027 1144 4083; x_wconf 88' lang='lat' dir='ltr'><strong>bonorum</strong></span> <span class='ocrx_word' id='word_1_330' title='bbox 1184 4027 1554 4098; x_wconf 82' lang='lat' dir='ltr'><strong>malorumque</strong></span> <span class='ocrx_word' id='word_1_331' title='bbox 1594 4028 1797 4098; x_wconf 85' lang='lat' dir='ltr'><strong>signiti-</strong></span> 
     </span>
    </p>
   </div>
   <div class='ocr_carea' id='block_1_42' title="bbox 204 4119 1797 4191">
    <p class='ocr_par' dir='ltr' id='par_1_42' title="bbox 204 4119 1797 4191">
     <span class='ocr_line' id='line_1_42' title="bbox 204 4119 1797 4191; baseline -0.003 -13"><span class='ocrx_word' id='word_1_332' title='bbox 204 4134 373 4179; x_wconf 78' lang='lat' dir='ltr'><strong>caret.</strong></span> <span class='ocrx_word' id='word_1_333' title='bbox 393 4123 553 4189; x_wconf 85' lang='lat' dir='ltr'><strong>Quod</strong></span> <span class='ocrx_word' id='word_1_334' title='bbox 574 4132 752 4176; x_wconf 89' lang='lat' dir='ltr'><strong>autem</strong></span> <span class='ocrx_word' id='word_1_335' title='bbox 779 4129 934 4191; x_wconf 81' lang='lat' dir='ltr'><strong>rupta</strong></span> <span class='ocrx_word' id='word_1_336' title='bbox 957 4128 1083 4174; x_wconf 88' lang='lat' dir='ltr'><strong>sunt</strong></span> <span class='ocrx_word' id='word_1_337' title='bbox 1114 4120 1249 4175; x_wconf 83' lang='lat' dir='ltr'><strong>retia</strong></span> <span class='ocrx_word' id='word_1_338' title='bbox 1273 4160 1289 4183; x_wconf 92' lang='lat'><strong>,</strong></span> <span class='ocrx_word' id='word_1_339' title='bbox 1318 4119 1574 4174; x_wconf 85' lang='lat' dir='ltr'><strong>charitate</strong></span> <span class='ocrx_word' id='word_1_340' title='bbox 1601 4121 1797 4175; x_wconf 83' lang='lat' dir='ltr'><strong>violata</strong></span> 
     </span>
    </p>
   </div>
   <div class='ocr_carea' id='block_1_43' title="bbox 206 4210 1795 4281">
    <p class='ocr_par' dir='ltr' id='par_1_43' title="bbox 206 4210 1795 4281">
     <span class='ocr_line' id='line_1_43' title="bbox 206 4210 1795 4281; baseline -0.003 -12"><span class='ocrx_word' id='word_1_341' title='bbox 206 4216 404 4269; x_wconf 70' lang='lat' dir='ltr'><strong>nudus</strong></span> <span class='ocrx_word' id='word_1_342' title='bbox 424 4215 665 4268; x_wconf 72' lang='lat' dir='ltr'><strong>haereses</strong></span> <span class='ocrx_word' id='word_1_343' title='bbox 683 4212 877 4266; x_wconf 83' lang='lat' dir='ltr'><strong>exiisse</strong></span> <span class='ocrx_word' id='word_1_344' title='bbox 891 4210 1175 4281; x_wconf 81' lang='lat' dir='ltr'><strong>signiﬁcat.</strong></span> <span class='ocrx_word' id='word_1_345' title='bbox 1201 4211 1327 4264; x_wconf 82' lang='lat' dir='ltr'><strong>Post</strong></span> <span class='ocrx_word' id='word_1_346' title='bbox 1351 4214 1795 4267; x_wconf 88' lang='lat' dir='ltr'><strong>resurrectionem</strong></span> 
     </span>
    </p>
   </div>
   <div class='ocr_carea' id='block_1_44' title="bbox 211 4302 1799 4372">
    <p class='ocr_par' dir='ltr' id='par_1_44' title="bbox 211 4302 1799 4372">
     <span class='ocr_line' id='line_1_44' title="bbox 211 4302 1799 4372; baseline -0.003 -13"><span class='ocrx_word' id='word_1_347' title='bbox 211 4323 363 4371; x_wconf 83' lang='lat' dir='ltr'><strong>vero,</strong></span> <span class='ocrx_word' id='word_1_348' title='bbox 394 4323 523 4362; x_wconf 88' lang='lat' dir='ltr'><strong>cum</strong></span> <span class='ocrx_word' id='word_1_349' title='bbox 554 4305 719 4360; x_wconf 77' lang='lat' dir='ltr'><strong>vellet</strong></span> <span class='ocrx_word' id='word_1_350' title='bbox 741 4304 1030 4360; x_wconf 77' lang='lat' dir='ltr'><strong>Ecclesium</strong></span> <span class='ocrx_word' id='word_1_351' title='bbox 1058 4302 1220 4357; x_wconf 82' lang='lat' dir='ltr'><strong>futuri</strong></span> <span class='ocrx_word' id='word_1_352' title='bbox 1248 4303 1504 4371; x_wconf 88' lang='lat' dir='ltr'><strong>temporis</strong></span> <span class='ocrx_word' id='word_1_353' title='bbox 1533 4318 1799 4372; x_wconf 56' lang='lat' dir='ltr'><strong>praemon-</strong></span> 
     </span>
    </p>
   </div>
   <div class='ocr_carea' id='block_1_45' title="bbox 207 4394 1793 4466">
    <p class='ocr_par' dir='ltr' id='par_1_45' title="bbox 207 4394 1793 4466">
     <span class='ocr_line' id='line_1_45' title="bbox 207 4394 1793 4466; baseline -0.004 -11"><span class='ocrx_word' id='word_1_354' title='bbox 207 4412 417 4466; x_wconf 80' lang='lat' dir='ltr'><strong>strare,</strong></span> <span class='ocrx_word' id='word_1_355' title='bbox 458 4397 551 4453; x_wconf 91' lang='lat' dir='ltr'><strong>ubi</strong></span> <span class='ocrx_word' id='word_1_356' title='bbox 590 4412 778 4451; x_wconf 88' lang='lat' dir='ltr'><strong>omnes</strong></span> <span class='ocrx_word' id='word_1_357' title='bbox 817 4394 1035 4465; x_wconf 81' lang='lat' dir='ltr'><strong>perfecti</strong></span> <span class='ocrx_word' id='word_1_358' title='bbox 1074 4403 1235 4465; x_wconf 89' lang='lat' dir='ltr'><strong>atque</strong></span> <span class='ocrx_word' id='word_1_359' title='bbox 1259 4396 1429 4450; x_wconf 89' lang='lat' dir='ltr'><strong>sancti</strong></span> <span class='ocrx_word' id='word_1_360' title='bbox 1459 4395 1618 4450; x_wconf 79' lang='lat' dir='ltr'><strong>futuri</strong></span> <span class='ocrx_word' id='word_1_361' title='bbox 1648 4405 1793 4462; x_wconf 88' lang='lat' dir='ltr'><strong>sunt,</strong></span> 
     </span>
    </p>
   </div>
   <div class='ocr_carea' id='block_1_46' title="bbox 206 4485 1801 4563">
    <p class='ocr_par' dir='ltr' id='par_1_46' title="bbox 206 4485 1801 4563">
     <span class='ocr_line' id='line_1_46' title="bbox 206 4485 1801 4563; baseline -0.003 -16"><span class='ocrx_word' id='word_1_362' title='bbox 206 4494 369 4563; x_wconf 72' lang='lat' dir='ltr'><strong>jussit</strong></span> <span class='ocrx_word' id='word_1_363' title='bbox 415 4488 557 4545; x_wconf 85' lang='lat' dir='ltr'><strong>mitti</strong></span> <span class='ocrx_word' id='word_1_364' title='bbox 599 4489 731 4542; x_wconf 88' lang='lat' dir='ltr'><strong>retia</strong></span> <span class='ocrx_word' id='word_1_365' title='bbox 760 4486 814 4540; x_wconf 90' lang='lat' dir='ltr'><strong>in</strong></span> <span class='ocrx_word' id='word_1_366' title='bbox 855 4485 1128 4541; x_wconf 81' lang='lat' dir='ltr'><strong>dexteram</strong></span> <span class='ocrx_word' id='word_1_367' title='bbox 1158 4494 1400 4555; x_wconf 86' lang='lat' dir='ltr'><strong>partem;</strong></span> <span class='ocrx_word' id='word_1_368' title='bbox 1426 4494 1483 4541; x_wconf 91' lang='lat' dir='ltr'><strong>et</strong></span> <span class='ocrx_word' id='word_1_369' title='bbox 1509 4487 1647 4555; x_wconf 87' lang='lat' dir='ltr'><strong>capti</strong></span> <span class='ocrx_word' id='word_1_370' title='bbox 1676 4496 1801 4542; x_wconf 91' lang='lat' dir='ltr'><strong>sunt</strong></span> 
     </span>
    </p>
   </div>
   <div class='ocr_carea' id='block_1_47' title="bbox 208 4576 1801 4651">
    <p class='ocr_par' dir='ltr' id='par_1_47' title="bbox 208 4576 1801 4651">
     <span class='ocr_line' id='line_1_47' title="bbox 208 4576 1801 4651; baseline -0.003 -15"><span class='ocrx_word' id='word_1_371' title='bbox 208 4584 457 4651; x_wconf 73' lang='lat' dir='ltr'><strong>ingentes</strong></span> <span class='ocrx_word' id='word_1_372' title='bbox 486 4578 665 4648; x_wconf 80' lang='lat' dir='ltr'><strong>pisces</strong></span> <span class='ocrx_word' id='word_1_373' title='bbox 684 4585 896 4631; x_wconf 86' lang='lat' dir='ltr'><strong>centum</strong></span> <span class='ocrx_word' id='word_1_374' title='bbox 925 4576 1304 4646; x_wconf 75' lang='lat' dir='ltr'><strong>quinquaginta</strong></span> <span class='ocrx_word' id='word_1_375' title='bbox 1333 4585 1460 4641; x_wconf 88' lang='lat' dir='ltr'><strong>tres,</strong></span> <span class='ocrx_word' id='word_1_376' title='bbox 1485 4576 1801 4632; x_wconf 86' lang='lat' dir='ltr'><strong>mirantibus</strong></span> 
     </span>
    </p>
   </div>
   <div class='ocr_carea' id='block_1_48' title="bbox 206 4665 1801 4739">
    <p class='ocr_par' dir='ltr' id='par_1_48' title="bbox 206 4665 1801 4739">
     <span class='ocr_line' id='line_1_48' title="bbox 206 4665 1801 4739; baseline -0.002 -13"><span class='ocrx_word' id='word_1_377' title='bbox 206 4670 494 4739; x_wconf 79' lang='lat' dir='ltr'><strong>discipulis</strong></span> <span class='ocrx_word' id='word_1_378' title='bbox 522 4665 667 4739; x_wconf 90' lang='lat' dir='ltr'><strong>quod</strong></span> <span class='ocrx_word' id='word_1_379' title='bbox 687 4680 809 4721; x_wconf 90' lang='lat' dir='ltr'><strong>cum</strong></span> <span class='ocrx_word' id='word_1_380' title='bbox 831 4674 935 4718; x_wconf 85' lang='lat' dir='ltr'><strong>tam</strong></span> <span class='ocrx_word' id='word_1_381' title='bbox 961 4665 1135 4735; x_wconf 79' lang='lat' dir='ltr'><strong>niagni</strong></span> <span class='ocrx_word' id='word_1_382' title='bbox 1156 4674 1356 4730; x_wconf 86' lang='lat' dir='ltr'><strong>essent,</strong></span> <span class='ocrx_word' id='word_1_383' title='bbox 1387 4667 1518 4721; x_wconf 85' lang='lat' dir='ltr'><strong>retia</strong></span> <span class='ocrx_word' id='word_1_384' title='bbox 1545 4680 1649 4721; x_wconf 93' lang='lat' dir='ltr'><strong>non</strong></span> <span class='ocrx_word' id='word_1_385' title='bbox 1676 4676 1801 4723; x_wconf 88' lang='lat' dir='ltr'><strong>suat</strong></span> 
     </span>
    </p>
   </div>
   <div class='ocr_carea' id='block_1_49' title="bbox 208 4757 1801 4833">
    <p class='ocr_par' dir='ltr' id='par_1_49' title="bbox 208 4757 1801 4833">
     <span class='ocr_line' id='line_1_49' title="bbox 208 4757 1801 4833; baseline -0.003 -15"><span class='ocrx_word' id='word_1_386' title='bbox 208 4764 451 4833; x_wconf 80' lang='lat' dir='ltr'><strong>disrupta</strong></span> <span class='ocrx_word' id='word_1_387' title='bbox 470 4760 655 4831; x_wconf 73' lang='lat' dir='ltr'><strong>(locat.</strong></span> <span class='ocrx_word' id='word_1_388' title='bbox 678 4771 791 4822; x_wconf 73' lang='grc' dir='ltr'>ιιι,</span> <span class='ocrx_word' id='word_1_389' title='bbox 822 4757 876 4821; x_wconf 86' lang='lat'><strong>6,</strong></span> <span class='ocrx_word' id='word_1_390' title='bbox 903 4758 1013 4827; x_wconf 85' lang='lat' dir='ltr'><strong>tl).</strong></span> <span class='ocrx_word' id='word_1_391' title='bbox 1045 4758 1245 4813; x_wconf 85' lang='lat' dir='ltr'><strong>Horum</strong></span> <span class='ocrx_word' id='word_1_392' title='bbox 1271 4757 1578 4829; x_wconf 75' lang='lat' dir='ltr'><strong>magnitudo</strong></span> <span class='ocrx_word' id='word_1_393' title='bbox 1598 4759 1801 4829; x_wconf 90' lang='lat' dir='ltr'><strong>magni-</strong></span> 
     </span>
    </p>
   </div>
   <div class='ocr_carea' id='block_1_50' title="bbox 212 4848 1800 4921">
    <p class='ocr_par' dir='ltr' id='par_1_50' title="bbox 212 4848 1800 4921">
     <span class='ocr_line' id='line_1_50' title="bbox 212 4848 1800 4921; baseline -0.002 -13"><span class='ocrx_word' id='word_1_394' title='bbox 212 4855 449 4908; x_wconf 80' lang='lat' dir='ltr'><strong>tudinem</strong></span> <span class='ocrx_word' id='word_1_395' title='bbox 508 4849 784 4921; x_wconf 68' lang='lat' dir='ltr'><strong>sapientite</strong></span> <span class='ocrx_word' id='word_1_396' title='bbox 833 4848 1152 4918; x_wconf 60' lang='lat' dir='ltr'><strong>iustitiaque</strong></span> <span class='ocrx_word' id='word_1_397' title='bbox 1196 4848 1492 4918; x_wconf 80' lang='lat' dir='ltr'><strong>signiﬁcat;</strong></span> <span class='ocrx_word' id='word_1_398' title='bbox 1545 4864 1800 4905; x_wconf 88' lang='lat' dir='ltr'><strong>numerus</strong></span> 
     </span>
    </p>
   </div>
   <div class='ocr_carea' id='block_1_51' title="bbox 209 4937 1799 5012">
    <p class='ocr_par' dir='ltr' id='par_1_51' title="bbox 209 4937 1799 5012">
     <span class='ocr_line' id='line_1_51' title="bbox 209 4937 1799 5012; baseline -0.003 -12"><span class='ocrx_word' id='word_1_399' title='bbox 209 4960 364 5008; x_wconf 67' lang='lat' dir='ltr'><strong>ten),</strong></span> <span class='ocrx_word' id='word_1_400' title='bbox 388 4945 565 5012; x_wconf 80' lang='lat' dir='ltr'><strong>ipsam</strong></span> <span class='ocrx_word' id='word_1_401' title='bbox 588 4937 925 5007; x_wconf 82' lang='lat' dir='ltr'><strong>disciplinam</strong></span> <span class='ocrx_word' id='word_1_402' title='bbox 950 4947 1003 4990; x_wconf 85' lang='lat' dir='ltr'><strong>et</strong></span> <span class='ocrx_word' id='word_1_403' title='bbox 1025 4940 1299 5007; x_wconf 86' lang='lat' dir='ltr'><strong>temporali</strong></span> <span class='ocrx_word' id='word_1_404' title='bbox 1325 4939 1722 5007; x_wconf 80' lang='lat' dir='ltr'><strong>dispensatione</strong></span> <span class='ocrx_word' id='word_1_405' title='bbox 1744 4949 1799 4995; x_wconf 87' lang='lat' dir='ltr'><strong>et</strong></span> 
     </span>
    </p>
   </div>
   <div class='ocr_carea' id='block_1_52' title="bbox 207 5028 1803 5105">
    <p class='ocr_par' dir='ltr' id='par_1_52' title="bbox 207 5028 1803 5105">
     <span class='ocr_line' id='line_1_52' title="bbox 207 5028 1803 5105; baseline -0.004 -12"><span class='ocrx_word' id='word_1_406' title='bbox 207 5050 406 5093; x_wconf 85' lang='lat' dir='ltr'><strong>a-terna</strong></span> <span class='ocrx_word' id='word_1_407' title='bbox 443 5031 853 5105; x_wconf 86' lang='lat' dir='ltr'><strong>regeneratione</strong></span> <span class='ocrx_word' id='word_1_408' title='bbox 882 5028 1187 5098; x_wconf 80' lang='lat' dir='ltr'><strong>perfectam,</strong></span> <span class='ocrx_word' id='word_1_409' title='bbox 1215 5044 1373 5099; x_wconf 85' lang='lat' dir='ltr'><strong>quam</strong></span> <span class='ocrx_word' id='word_1_410' title='bbox 1395 5028 1625 5085; x_wconf 78' lang='lat' dir='ltr'><strong>diximus</strong></span> <span class='ocrx_word' id='word_1_411' title='bbox 1652 5030 1803 5101; x_wconf 86' lang='lat' dir='ltr'><strong>quin-</strong></span> 
     </span>
    </p>
   </div>
   <div class='ocr_carea' id='block_1_53' title="bbox 207 5119 1798 5200">
    <p class='ocr_par' dir='ltr' id='par_1_53' title="bbox 207 5119 1798 5200">
     <span class='ocr_line' id='line_1_53' title="bbox 207 5119 1798 5200; baseline -0.005 -16"><span class='ocrx_word' id='word_1_412' title='bbox 207 5126 539 5200; x_wconf 77' lang='lat' dir='ltr'><strong>quagettario</strong></span> <span class='ocrx_word' id='word_1_413' title='bbox 569 5134 793 5180; x_wconf 87' lang='lat' dir='ltr'><strong>numero</strong></span> <span class='ocrx_word' id='word_1_414' title='bbox 811 5119 1194 5177; x_wconf 71' lang='lat' dir='ltr'><strong>commodari.</strong></span> <span class='ocrx_word' id='word_1_415' title='bbox 1211 5120 1345 5188; x_wconf 83' lang='lat' dir='ltr'><strong>Quia</strong></span> <span class='ocrx_word' id='word_1_416' title='bbox 1374 5122 1516 5176; x_wconf 89' lang='lat' dir='ltr'><strong>enim</strong></span> <span class='ocrx_word' id='word_1_417' title='bbox 1544 5130 1669 5176; x_wconf 92' lang='lat' dir='ltr'><strong>tunc</strong></span> <span class='ocrx_word' id='word_1_418' title='bbox 1693 5136 1798 5177; x_wconf 91' lang='lat' dir='ltr'><strong>non</strong></span> 
     </span>
    </p>
   </div>
   <div class='ocr_carea' id='block_1_54' title="bbox 206 5207 1798 5290">
    <p class='ocr_par' dir='ltr' id='par_1_54' title="bbox 206 5207 1798 5290">
     <span class='ocr_line' id='line_1_54' title="bbox 206 5207 1798 5290; baseline -0.006 -13"><span class='ocrx_word' id='word_1_419' title='bbox 206 5223 309 5277; x_wconf 86' lang='lat' dir='ltr'><strong>erit</strong></span> <span class='ocrx_word' id='word_1_420' title='bbox 334 5235 476 5290; x_wconf 88' lang='lat' dir='ltr'><strong>opus</strong></span> <span class='ocrx_word' id='word_1_421' title='bbox 503 5213 873 5285; x_wconf 78' lang='lat' dir='ltr'><strong>corporalibus</strong></span> <span class='ocrx_word' id='word_1_422' title='bbox 898 5207 1239 5279; x_wconf 75' lang='lat' dir='ltr'><strong>adiumentis,</strong></span> <span class='ocrx_word' id='word_1_423' title='bbox 1270 5218 1326 5265; x_wconf 87' lang='lat' dir='ltr'><strong>et</strong></span> <span class='ocrx_word' id='word_1_424' title='bbox 1347 5211 1527 5266; x_wconf 88' lang='lat' dir='ltr'><strong>animo</strong></span> <span class='ocrx_word' id='word_1_425' title='bbox 1553 5212 1798 5267; x_wconf 85' lang='lat' dir='ltr'><strong>contine-</strong></span> 
     </span>
    </p>
   </div>
   <div class='ocr_carea' id='block_1_55' title="bbox 206 5300 1800 5378">
    <p class='ocr_par' dir='ltr' id='par_1_55' title="bbox 206 5300 1800 5378">
     <span class='ocr_line' id='line_1_55' title="bbox 206 5300 1800 5378; baseline -0.008 -9"><span class='ocrx_word' id='word_1_426' title='bbox 206 5313 355 5368; x_wconf 79' lang='lat' dir='ltr'><strong>bitur</strong></span> <span class='ocrx_word' id='word_1_427' title='bbox 378 5312 519 5366; x_wconf 84' lang='lat' dir='ltr'><strong>ﬁdes</strong></span> <span class='ocrx_word' id='word_1_428' title='bbox 545 5320 703 5378; x_wconf 85' lang='lat' dir='ltr'><strong>atque</strong></span> <span class='ocrx_word' id='word_1_429' title='bbox 726 5301 1023 5376; x_wconf 84' lang='lat' dir='ltr'><strong>sapientia;</strong></span> <span class='ocrx_word' id='word_1_430' title='bbox 1053 5300 1177 5371; x_wconf 83' lang='lat' dir='ltr'><strong>quia</strong></span> <span class='ocrx_word' id='word_1_431' title='bbox 1195 5301 1376 5355; x_wconf 86' lang='lat' dir='ltr'><strong>animo</strong></span> <span class='ocrx_word' id='word_1_432' title='bbox 1402 5302 1689 5357; x_wconf 86' lang='lat' dir='ltr'><strong>ternarium</strong></span> <span class='ocrx_word' id='word_1_433' title='bbox 1710 5318 1800 5358; x_wconf 85' lang='lat' dir='ltr'><strong>nu-</strong></span> 
     </span>
    </p>
   </div>
   <div class='ocr_carea' id='block_1_56' title="bbox 205 5393 1795 5466">
    <p class='ocr_par' dir='ltr' id='par_1_56' title="bbox 205 5393 1795 5466">
     <span class='ocr_line' id='line_1_56' title="bbox 205 5393 1795 5466; baseline -0.01 -2"><span class='ocrx_word' id='word_1_434' title='bbox 205 5423 415 5463; x_wconf 68' lang='lat' dir='ltr'><strong>nerum</strong></span> <span class='ocrx_word' id='word_1_435' title='bbox 449 5404 709 5458; x_wconf 90' lang='lat' dir='ltr'><strong>tribututn</strong></span> <span class='ocrx_word' id='word_1_436' title='bbox 739 5398 992 5461; x_wconf 77' lang='lat' dir='ltr'><strong>diximus,</strong></span> <span class='ocrx_word' id='word_1_437' title='bbox 1015 5394 1395 5466; x_wconf 75' lang='lat' dir='ltr'><strong>quinquaginta</strong></span> <span class='ocrx_word' id='word_1_438' title='bbox 1425 5393 1671 5448; x_wconf 89' lang='lat' dir='ltr'><strong>ducimus</strong></span> <span class='ocrx_word' id='word_1_439' title='bbox 1695 5403 1795 5460; x_wconf 87' lang='lat' dir='ltr'><strong>ter,</strong></span> 
     </span>
    </p>
   </div>
   <div class='ocr_carea' id='block_1_57' title="bbox 154 5484 1800 5559">
    <p class='ocr_par' dir='ltr' id='par_1_57' title="bbox 154 5484 1800 5559">
     <span class='ocr_line' id='line_1_57' title="bbox 154 5484 1800 5559; baseline -0.009 -5"><span class='ocrx_word' id='word_1_440' title='bbox 154 5510 157 5513; x_wconf 77' lang='lat'><em>‘</em></span> <span class='ocrx_word' id='word_1_441' title='bbox 203 5509 261 5553; x_wconf 92' lang='lat' dir='ltr'><strong>et</strong></span> <span class='ocrx_word' id='word_1_442' title='bbox 296 5498 438 5553; x_wconf 72' lang='lat' dir='ltr'><strong>inut</strong></span> <span class='ocrx_word' id='word_1_443' title='bbox 478 5502 698 5550; x_wconf 87' lang='lat' dir='ltr'><strong>centum</strong></span> <span class='ocrx_word' id='word_1_444' title='bbox 742 5488 1160 5559; x_wconf 80' lang='lat' dir='ltr'><strong>quinquaginta;</strong></span> <span class='ocrx_word' id='word_1_445' title='bbox 1198 5485 1283 5539; x_wconf 92' lang='lat' dir='ltr'><strong>cui</strong></span> <span class='ocrx_word' id='word_1_446' title='bbox 1328 5498 1550 5539; x_wconf 89' lang='lat' dir='ltr'><strong>numero</strong></span> <span class='ocrx_word' id='word_1_447' title='bbox 1596 5484 1800 5539; x_wconf 84' lang='lat' dir='ltr'><strong>trinitas</strong></span> 
     </span>
    </p>
   </div>
   <div class='ocr_carea' id='block_1_58' title="bbox 202 5574 1803 5658">
    <p class='ocr_par' dir='ltr' id='par_1_58' title="bbox 202 5574 1803 5658">
     <span class='ocr_line' id='line_1_58' title="bbox 202 5574 1803 5658; baseline -0.009 -14"><span class='ocrx_word' id='word_1_448' title='bbox 202 5590 446 5655; x_wconf 69' lang='lat' dir='ltr'><strong>additur,</strong></span> <span class='ocrx_word' id='word_1_449' title='bbox 469 5588 594 5658; x_wconf 80' lang='lat' dir='ltr'><strong>quia</strong></span> <span class='ocrx_word' id='word_1_450' title='bbox 620 5585 801 5641; x_wconf 83' lang='lat' dir='ltr'><strong>omnis</strong></span> <span class='ocrx_word' id='word_1_451' title='bbox 828 5581 914 5635; x_wconf 85' lang='lat' dir='ltr'><strong>illa</strong></span> <span class='ocrx_word' id='word_1_452' title='bbox 943 5578 1195 5648; x_wconf 71' lang='lat' dir='ltr'><strong>perfectio</strong></span> <span class='ocrx_word' id='word_1_453' title='bbox 1225 5579 1277 5631; x_wconf 90' lang='lat' dir='ltr'><strong>in</strong></span> <span class='ocrx_word' id='word_1_454' title='bbox 1306 5576 1520 5631; x_wconf 86' lang='lat' dir='ltr'><strong>nomine</strong></span> <span class='ocrx_word' id='word_1_455' title='bbox 1550 5574 1721 5630; x_wconf 81' lang='lat' dir='ltr'><strong>Patris</strong></span> <span class='ocrx_word' id='word_1_456' title='bbox 1745 5582 1803 5629; x_wconf 83' lang='lat' dir='ltr'><strong>et</strong></span> 
     </span>
    </p>
   </div>
   <div class='ocr_carea' id='block_1_59' title="bbox 206 5666 1803 5750">
    <p class='ocr_par' dir='ltr' id='par_1_59' title="bbox 206 5666 1803 5750">
     <span class='ocr_line' id='line_1_59' title="bbox 206 5666 1803 5750; baseline -0.009 -15"><span class='ocrx_word' id='word_1_457' title='bbox 206 5677 329 5735; x_wconf 63' lang='grc' dir='ltr'>ηιξ</span> <span class='ocrx_word' id='word_1_458' title='bbox 351 5689 407 5736; x_wconf 87' lang='lat' dir='ltr'><strong>et</strong></span> <span class='ocrx_word' id='word_1_459' title='bbox 428 5678 666 5750; x_wconf 84' lang='lat' dir='ltr'><strong>Spiritus</strong></span> <span class='ocrx_word' id='word_1_460' title='bbox 703 5670 880 5731; x_wconf 84' lang='lat' dir='ltr'><strong>sancti</strong></span> <span class='ocrx_word' id='word_1_461' title='bbox 907 5676 1214 5727; x_wconf 71' lang='lat' dir='ltr'><strong>comecrata</strong></span> <span class='ocrx_word' id='word_1_462' title='bbox 1252 5674 1336 5725; x_wconf 87' lang='lat' dir='ltr'><strong>est</strong></span> <span class='ocrx_word' id='word_1_463' title='bbox 1362 5684 1375 5721; x_wconf 89' lang='lat'><strong>:</strong></span> <span class='ocrx_word' id='word_1_464' title='bbox 1405 5667 1475 5721; x_wconf 85' lang='lat' dir='ltr'><strong>ita</strong></span> <span class='ocrx_word' id='word_1_465' title='bbox 1511 5666 1642 5721; x_wconf 80' lang='lat' dir='ltr'><strong>ﬁunt</strong></span> <span class='ocrx_word' id='word_1_466' title='bbox 1675 5680 1803 5721; x_wconf 84' lang='lat' dir='ltr'><strong>oen-</strong></span> 
     </span>
    </p>
   </div>
   <div class='ocr_carea' id='block_1_60' title="bbox 209 5756 1802 5844">
    <p class='ocr_par' dir='ltr' id='par_1_60' title="bbox 209 5756 1802 5844">
     <span class='ocr_line' id='line_1_60' title="bbox 209 5756 1802 5844; baseline -0.011 -15"><span class='ocrx_word' id='word_1_467' title='bbox 209 5780 325 5835; x_wconf 73' lang='lat' dir='ltr'><strong>tlm</strong></span> <span class='ocrx_word' id='word_1_468' title='bbox 353 5770 739 5844; x_wconf 75' lang='lat' dir='ltr'><strong>quinquaginta</strong></span> <span class='ocrx_word' id='word_1_469' title='bbox 770 5774 908 5831; x_wconf 77' lang='lat' dir='ltr'><strong>tres,</strong></span> <span class='ocrx_word' id='word_1_470' title='bbox 929 5759 1021 5843; x_wconf 85' lang='lat' dir='ltr'><strong>qui</strong></span> <span class='ocrx_word' id='word_1_471' title='bbox 1046 5773 1298 5819; x_wconf 86' lang='lat' dir='ltr'><strong>numerus</strong></span> <span class='ocrx_word' id='word_1_472' title='bbox 1324 5757 1543 5831; x_wconf 84' lang='lat' dir='ltr'><strong>piscium</strong></span> <span class='ocrx_word' id='word_1_473' title='bbox 1566 5756 1633 5814; x_wconf 85' lang='lat' dir='ltr'><strong>ad</strong></span> <span class='ocrx_word' id='word_1_474' title='bbox 1672 5757 1802 5813; x_wconf 89' lang='lat' dir='ltr'><strong>dex-</strong></span> 
     </span>
    </p>
   </div>
   <div class='ocr_carea' id='block_1_61' title="bbox 1926 485 2933 556">
    <p class='ocr_par' dir='ltr' id='par_1_61' title="bbox 1926 485 2933 556">
     <span class='ocr_line' id='line_1_61' title="bbox 1926 485 2933 556; baseline 0.007 -19"><span class='ocrx_word' id='word_1_475' title='bbox 1926 490 2093 537; x_wconf 85' lang='lat' dir='ltr'><strong>teram</strong></span> <span class='ocrx_word' id='word_1_476' title='bbox 2116 491 2319 553; x_wconf 84' lang='lat' dir='ltr'><strong>partem</strong></span> <span class='ocrx_word' id='word_1_477' title='bbox 2340 493 2620 556; x_wconf 85' lang='lat' dir='ltr'><strong>captorum</strong></span> <span class='ocrx_word' id='word_1_478' title='bbox 2652 485 2933 544; x_wconf 76' lang='lat' dir='ltr'><strong>invenitur.</strong></span> 
     </span>
    </p>
   </div>
   <div class='ocr_carea' id='block_1_62' title="bbox 1917 572 3499 659">
    <p class='ocr_par' dir='ltr' id='par_1_62' title="bbox 1917 572 3499 659">
     <span class='ocr_line' id='line_1_62' title="bbox 1917 572 3499 659; baseline 0.01 -31"><span class='ocrx_word' id='word_1_479' title='bbox 1917 572 2177 630; x_wconf 77' lang='lat' dir='ltr'><strong>LXXXII.</strong></span> <span class='ocrx_word' id='word_1_480' title='bbox 2217 575 2299 631; x_wconf 83' lang='lat' dir='ltr'><strong>De</strong></span> <span class='ocrx_word' id='word_1_481' title='bbox 2315 578 2525 649; x_wconf 73' lang='lat' dir='ltr'><strong>ecquod</strong></span> <span class='ocrx_word' id='word_1_482' title='bbox 2545 580 2785 651; x_wconf 79' lang='lat' dir='ltr'><strong>scriptum</strong></span> <span class='ocrx_word' id='word_1_483' title='bbox 2807 591 2883 636; x_wconf 84' lang='lat' dir='ltr'><strong>est</strong></span> <span class='ocrx_word' id='word_1_484' title='bbox 2904 596 2926 636; x_wconf 90' lang='lat'><strong><em>:</em></strong></span> <span class='ocrx_word' id='word_1_485' title='bbox 2954 579 3125 649; x_wconf 85' lang='lat' dir='ltr'><strong>Quem</strong></span> <span class='ocrx_word' id='word_1_486' title='bbox 3144 584 3303 641; x_wconf 77' lang='lat' dir='ltr'><strong>enim</strong></span> <span class='ocrx_word' id='word_1_487' title='bbox 3326 584 3499 659; x_wconf 76' lang='lat' dir='ltr'><strong>diligit</strong></span> 
     </span>
    </p>
   </div>
   <div class='ocr_carea' id='block_1_63' title="bbox 1984 665 3495 740">
    <p class='ocr_par' dir='ltr' id='par_1_63' title="bbox 1984 665 3495 740">
     <span class='ocr_line' id='line_1_63' title="bbox 1984 665 3495 740; baseline 0.008 -18"><span class='ocrx_word' id='word_1_488' title='bbox 1984 665 2253 730; x_wconf 87' lang='lat' dir='ltr'><strong>Dominus,</strong></span> <span class='ocrx_word' id='word_1_489' title='bbox 2283 667 2539 737; x_wconf 89' lang='lat' dir='ltr'><strong>corripit;</strong></span> <span class='ocrx_word' id='word_1_490' title='bbox 2582 668 2811 740; x_wconf 82' lang='lat' dir='ltr'><strong>ﬂagellat</strong></span> <span class='ocrx_word' id='word_1_491' title='bbox 2851 681 3030 728; x_wconf 89' lang='lat' dir='ltr'><strong>autem</strong></span> <span class='ocrx_word' id='word_1_492' title='bbox 3068 686 3284 730; x_wconf 87' lang='lat' dir='ltr'><strong>omnem</strong></span> <span class='ocrx_word' id='word_1_493' title='bbox 3328 676 3495 734; x_wconf 81' lang='lat' dir='ltr'><strong>illium</strong></span> 
     </span>
    </p>
   </div>
   <div class='ocr_carea' id='block_1_64' title="bbox 1979 758 2788 835">
    <p class='ocr_par' dir='ltr' id='par_1_64' title="bbox 1979 758 2788 835">
     <span class='ocr_line' id='line_1_64' title="bbox 1979 758 2788 835; baseline 0.011 -26"><span class='ocrx_word' id='word_1_494' title='bbox 1979 772 2138 825; x_wconf 85' lang='lat' dir='ltr'><strong>quem</strong></span> <span class='ocrx_word' id='word_1_495' title='bbox 2169 758 2357 835; x_wconf 86' lang='lat' dir='ltr'><strong>recipit</strong></span> <span class='ocrx_word' id='word_1_496' title='bbox 2374 758 2566 828; x_wconf 74' lang='lat' dir='ltr'><strong>(Hebr.</strong></span> <span class='ocrx_word' id='word_1_497' title='bbox 2590 776 2685 828; x_wconf 85' lang='lat' dir='ltr'><strong>xu,</strong></span> <span class='ocrx_word' id='word_1_498' title='bbox 2710 762 2788 833; x_wconf 77' lang='lat'><strong>6).</strong></span> 
     </span>
    </p>
   </div>
   <div class='ocr_carea' id='block_1_65' title="bbox 1982 847 3496 929">
    <p class='ocr_par' dir='ltr' id='par_1_65' title="bbox 1982 847 3496 929">
     <span class='ocr_line' id='line_1_65' title="bbox 1982 847 3496 929; baseline 0.01 -29"><span class='ocrx_word' id='word_1_499' title='bbox 1982 848 2035 901; x_wconf 79' lang='grc'><strong>1.</strong></span> <span class='ocrx_word' id='word_1_500' title='bbox 2074 847 2219 903; x_wconf 70' lang='lat' dir='ltr'><strong>Multi</strong></span> <span class='ocrx_word' id='word_1_501' title='bbox 2249 859 2639 907; x_wconf 82' lang='lat' dir='ltr'><strong>murmurantes</strong></span> <span class='ocrx_word' id='word_1_502' title='bbox 2658 853 2759 908; x_wconf 85' lang='lat' dir='ltr'><strong>sub</strong></span> <span class='ocrx_word' id='word_1_503' title='bbox 2784 853 3064 925; x_wconf 88' lang='lat' dir='ltr'><strong>disciplina</strong></span> <span class='ocrx_word' id='word_1_504' title='bbox 3096 856 3213 924; x_wconf 88' lang='lat' dir='ltr'><strong>Dei,</strong></span> <span class='ocrx_word' id='word_1_505' title='bbox 3242 860 3496 929; x_wconf 60' lang='lat' dir='ltr'><strong>quaestio-</strong></span> 
     </span>
    </p>
   </div>
   <div class='ocr_carea' id='block_1_66' title="bbox 1900 942 3496 1017">
    <p class='ocr_par' dir='ltr' id='par_1_66' title="bbox 1900 942 3496 1017">
     <span class='ocr_line' id='line_1_66' title="bbox 1900 942 3496 1017; baseline 0.009 -26"><span class='ocrx_word' id='word_1_506' title='bbox 1900 952 2031 991; x_wconf 68' lang='lat' dir='ltr'><strong>.nem</strong></span> <span class='ocrx_word' id='word_1_507' title='bbox 2059 947 2294 1004; x_wconf 87' lang='lat' dir='ltr'><strong>moveut,</strong></span> <span class='ocrx_word' id='word_1_508' title='bbox 2316 954 2437 994; x_wconf 89' lang='lat' dir='ltr'><strong>cum</strong></span> <span class='ocrx_word' id='word_1_509' title='bbox 2468 942 2648 997; x_wconf 89' lang='lat' dir='ltr'><strong>vident</strong></span> <span class='ocrx_word' id='word_1_510' title='bbox 2662 943 2836 1013; x_wconf 90' lang='lat' dir='ltr'><strong>justos</strong></span> <span class='ocrx_word' id='word_1_511' title='bbox 2855 959 2997 1015; x_wconf 68' lang='lat' dir='ltr'><strong>smpe</strong></span> <span class='ocrx_word' id='word_1_512' title='bbox 3015 961 3204 1017; x_wconf 82' lang='lat' dir='ltr'><strong>graves</strong></span> <span class='ocrx_word' id='word_1_513' title='bbox 3224 949 3496 1006; x_wconf 84' lang='lat' dir='ltr'><strong>molestias</strong></span> 
     </span>
    </p>
   </div>
   <div class='ocr_carea' id='block_1_67' title="bbox 1908 1029 3494 1107">
    <p class='ocr_par' dir='ltr' id='par_1_67' title="bbox 1908 1029 3494 1107">
     <span class='ocr_line' id='line_1_67' title="bbox 1908 1029 3494 1107; baseline 0.009 -25"><span class='ocrx_word' id='word_1_514' title='bbox 1908 1029 2201 1082; x_wconf 85' lang='lat' dir='ltr'><strong>secundum</strong></span> <span class='ocrx_word' id='word_1_515' title='bbox 2232 1029 2369 1085; x_wconf 85' lang='lat' dir='ltr'><strong>banc</strong></span> <span class='ocrx_word' id='word_1_516' title='bbox 2394 1032 2557 1086; x_wconf 82' lang='lat' dir='ltr'><strong>vitam</strong></span> <span class='ocrx_word' id='word_1_517' title='bbox 2580 1034 2687 1102; x_wconf 81' lang='lat' dir='ltr'><strong>pati</strong></span> <span class='ocrx_word' id='word_1_518' title='bbox 2715 1051 2731 1087; x_wconf 91' lang='lat'><strong>:</strong></span> <span class='ocrx_word' id='word_1_519' title='bbox 2765 1034 2918 1105; x_wconf 90' lang='lat' dir='ltr'><strong>quasi</strong></span> <span class='ocrx_word' id='word_1_520' title='bbox 2947 1044 3225 1107; x_wconf 85' lang='lat' dir='ltr'><strong>propterea</strong></span> <span class='ocrx_word' id='word_1_521' title='bbox 3254 1038 3387 1094; x_wconf 87' lang='lat' dir='ltr'><strong>nihil</strong></span> <span class='ocrx_word' id='word_1_522' title='bbox 3411 1041 3494 1097; x_wconf 88' lang='lat' dir='ltr'><strong>eis</strong></span> 
     </span>
    </p>
   </div>
   <div class='ocr_carea' id='block_1_68' title="bbox 1900 1118 3490 1198">
    <p class='ocr_par' dir='ltr' id='par_1_68' title="bbox 1900 1118 3490 1198">
     <span class='ocr_line' id='line_1_68' title="bbox 1900 1118 3490 1198; baseline 0.011 -28"><span class='ocrx_word' id='word_1_523' title='bbox 1900 1119 2075 1187; x_wconf 60' lang='lat' dir='ltr'><strong>prosit</strong></span> <span class='ocrx_word' id='word_1_524' title='bbox 2098 1118 2237 1187; x_wconf 88' lang='lat' dir='ltr'><strong>quod</strong></span> <span class='ocrx_word' id='word_1_525' title='bbox 2258 1120 2365 1175; x_wconf 90' lang='lat' dir='ltr'><strong>Deo</strong></span> <span class='ocrx_word' id='word_1_526' title='bbox 2392 1123 2648 1186; x_wconf 89' lang='lat' dir='ltr'><strong>serviunt,</strong></span> <span class='ocrx_word' id='word_1_527' title='bbox 2666 1124 2786 1191; x_wconf 86' lang='lat' dir='ltr'><strong>quia</strong></span> <span class='ocrx_word' id='word_1_528' title='bbox 2807 1127 2889 1180; x_wconf 88' lang='lat' dir='ltr'><strong>vel</strong></span> <span class='ocrx_word' id='word_1_529' title='bbox 2908 1141 3223 1184; x_wconf 88' lang='lat' dir='ltr'><strong>communes</strong></span> <span class='ocrx_word' id='word_1_530' title='bbox 3249 1130 3490 1198; x_wconf 85' lang='lat' dir='ltr'><strong>labores,</strong></span> 
     </span>
    </p>
   </div>
   <div class='ocr_carea' id='block_1_69' title="bbox 1906 1208 3493 1287">
    <p class='ocr_par' dir='ltr' id='par_1_69' title="bbox 1906 1208 3493 1287">
     <span class='ocr_line' id='line_1_69' title="bbox 1906 1208 3493 1287; baseline 0.012 -26"><span class='ocrx_word' id='word_1_531' title='bbox 1906 1217 2066 1278; x_wconf 86' lang='lat' dir='ltr'><strong>atque</strong></span> <span class='ocrx_word' id='word_1_532' title='bbox 2086 1208 2446 1267; x_wconf 73' lang='lat' dir='ltr'><strong>iudiﬂ‘erenter</strong></span> <span class='ocrx_word' id='word_1_533' title='bbox 2465 1228 2749 1284; x_wconf 89' lang='lat' dir='ltr'><strong>corporum</strong></span> <span class='ocrx_word' id='word_1_534' title='bbox 2770 1228 2927 1287; x_wconf 90' lang='lat' dir='ltr'><strong>atque</strong></span> <span class='ocrx_word' id='word_1_535' title='bbox 2950 1219 3267 1277; x_wconf 89' lang='lat' dir='ltr'><strong>damnorum</strong></span> <span class='ocrx_word' id='word_1_536' title='bbox 3288 1231 3343 1278; x_wconf 87' lang='lat' dir='ltr'><strong>et</strong></span> <span class='ocrx_word' id='word_1_537' title='bbox 3368 1239 3493 1279; x_wconf 82' lang='lat' dir='ltr'><strong>con-</strong></span> 
     </span>
    </p>
   </div>
   <div class='ocr_carea' id='block_1_70' title="bbox 1906 1300 3494 1379">
    <p class='ocr_par' dir='ltr' id='par_1_70' title="bbox 1906 1300 3494 1379">
     <span class='ocr_line' id='line_1_70' title="bbox 1906 1300 3494 1379; baseline 0.011 -28"><span class='ocrx_word' id='word_1_538' title='bbox 1906 1300 2242 1354; x_wconf 83' lang='lat' dir='ltr'><strong>tumeliarum</strong></span> <span class='ocrx_word' id='word_1_539' title='bbox 2268 1311 2692 1374; x_wconf 59' lang='lat' dir='ltr'><strong>ceterorumque</strong></span> <span class='ocrx_word' id='word_1_540' title='bbox 2714 1310 2950 1362; x_wconf 89' lang='lat' dir='ltr'><strong>omnium</strong></span> <span class='ocrx_word' id='word_1_541' title='bbox 2972 1350 2985 1372; x_wconf 94' lang='lat'><strong>,</strong></span> <span class='ocrx_word' id='word_1_542' title='bbox 3013 1325 3131 1379; x_wconf 71' lang='lat' dir='ltr'><strong>quae</strong></span> <span class='ocrx_word' id='word_1_543' title='bbox 3160 1311 3299 1366; x_wconf 82' lang='lat' dir='ltr'><strong>mala</strong></span> <span class='ocrx_word' id='word_1_544' title='bbox 3348 1328 3494 1368; x_wconf 91' lang='lat' dir='ltr'><strong>mor-</strong></span> 
     </span>
    </p>
   </div>
   <div class='ocr_carea' id='block_1_71' title="bbox 1897 1390 3493 1473">
    <p class='ocr_par' dir='ltr' id='par_1_71' title="bbox 1897 1390 3493 1473">
     <span class='ocr_line' id='line_1_71' title="bbox 1897 1390 3493 1473; baseline 0.009 -29"><span class='ocrx_word' id='word_1_545' title='bbox 1897 1390 2042 1445; x_wconf 79' lang='lat' dir='ltr'><strong>tales</strong></span> <span class='ocrx_word' id='word_1_546' title='bbox 2076 1403 2283 1461; x_wconf 82' lang='lat' dir='ltr'><strong>putant,</strong></span> <span class='ocrx_word' id='word_1_547' title='bbox 2304 1394 2396 1449; x_wconf 86' lang='lat' dir='ltr'><strong>vel</strong></span> <span class='ocrx_word' id='word_1_548' title='bbox 2441 1395 2600 1449; x_wconf 88' lang='lat' dir='ltr'><strong>etiam</strong></span> <span class='ocrx_word' id='word_1_549' title='bbox 2642 1399 2854 1453; x_wconf 66' lang='lat' dir='ltr'><strong>ueteris</strong></span> <span class='ocrx_word' id='word_1_550' title='bbox 2895 1401 3182 1470; x_wconf 86' lang='lat' dir='ltr'><strong>ampliores</strong></span> <span class='ocrx_word' id='word_1_551' title='bbox 3222 1405 3493 1473; x_wconf 87' lang='lat' dir='ltr'><strong>patiuntur</strong></span> 
     </span>
    </p>
   </div>
   <div class='ocr_carea' id='block_1_72' title="bbox 1902 1486 3487 1562">
    <p class='ocr_par' dir='ltr' id='par_1_72' title="bbox 1902 1486 3487 1562">
     <span class='ocr_line' id='line_1_72' title="bbox 1902 1486 3487 1562; baseline 0.008 -27"><span class='ocrx_word' id='word_1_552' title='bbox 1902 1493 2125 1552; x_wconf 78' lang='lat' dir='ltr'><strong>prepter</strong></span> <span class='ocrx_word' id='word_1_553' title='bbox 2164 1486 2382 1541; x_wconf 89' lang='lat' dir='ltr'><strong>verbum</strong></span> <span class='ocrx_word' id='word_1_554' title='bbox 2438 1486 2529 1542; x_wconf 86' lang='lat' dir='ltr'><strong>Dei</strong></span> <span class='ocrx_word' id='word_1_555' title='bbox 2580 1497 2738 1558; x_wconf 86' lang='lat' dir='ltr'><strong>atque</strong></span> <span class='ocrx_word' id='word_1_556' title='bbox 2771 1490 3027 1560; x_wconf 80' lang='lat' dir='ltr'><strong>justitiam</strong></span> <span class='ocrx_word' id='word_1_557' title='bbox 3053 1533 3068 1557; x_wconf 96' lang='lat'><strong>,</strong></span> <span class='ocrx_word' id='word_1_558' title='bbox 3100 1508 3219 1562; x_wconf 72' lang='lat' dir='ltr'><strong>qua:</strong></span> <span class='ocrx_word' id='word_1_559' title='bbox 3261 1510 3487 1549; x_wconf 83' lang='lat' dir='ltr'><strong>onerosa</strong></span> 
     </span>
    </p>
   </div>
   <div class='ocr_carea' id='block_1_73' title="bbox 1906 1576 3485 1649">
    <p class='ocr_par' dir='ltr' id='par_1_73' title="bbox 1906 1576 3485 1649">
     <span class='ocr_line' id='line_1_73' title="bbox 1906 1576 3485 1649; baseline 0.008 -21"><span class='ocrx_word' id='word_1_560' title='bbox 1906 1576 2250 1645; x_wconf 83' lang='lat' dir='ltr'><strong>peccantibus</strong></span> <span class='ocrx_word' id='word_1_561' title='bbox 2272 1577 2323 1632; x_wconf 90' lang='lat' dir='ltr'><strong>in</strong></span> <span class='ocrx_word' id='word_1_562' title='bbox 2352 1577 2470 1649; x_wconf 83' lang='lat' dir='ltr'><strong>ejus</strong></span> <span class='ocrx_word' id='word_1_563' title='bbox 2496 1580 2871 1649; x_wconf 71' lang='lat' dir='ltr'><strong>przedicatores</strong></span> <span class='ocrx_word' id='word_1_564' title='bbox 2901 1585 3248 1639; x_wconf 81' lang='lat' dir='ltr'><strong>tntnnltuosas</strong></span> <span class='ocrx_word' id='word_1_565' title='bbox 3276 1585 3485 1639; x_wconf 89' lang='lat' dir='ltr'><strong>seditio-</strong></span> 
     </span>
    </p>
   </div>
   <div class='ocr_carea' id='block_1_74' title="bbox 1904 1668 3484 1745">
    <p class='ocr_par' dir='ltr' id='par_1_74' title="bbox 1904 1668 3484 1745">
     <span class='ocr_line' id='line_1_74' title="bbox 1904 1668 3484 1745; baseline 0.006 -24"><span class='ocrx_word' id='word_1_566' title='bbox 1904 1682 2002 1721; x_wconf 87' lang='lat' dir='ltr'><strong>nes</strong></span> <span class='ocrx_word' id='word_1_567' title='bbox 2037 1676 2130 1722; x_wconf 85' lang='lat' dir='ltr'><strong>aut</strong></span> <span class='ocrx_word' id='word_1_568' title='bbox 2154 1668 2370 1723; x_wconf 83' lang='lat' dir='ltr'><strong>insidias</strong></span> <span class='ocrx_word' id='word_1_569' title='bbox 2395 1680 2488 1724; x_wconf 86' lang='lat' dir='ltr'><strong>aut</strong></span> <span class='ocrx_word' id='word_1_570' title='bbox 2521 1670 2640 1725; x_wconf 88' lang='lat' dir='ltr'><strong>odia</strong></span> <span class='ocrx_word' id='word_1_571' title='bbox 2671 1672 2922 1727; x_wconf 83' lang='lat' dir='ltr'><strong>concitat.</strong></span> <span class='ocrx_word' id='word_1_572' title='bbox 2963 1674 3165 1742; x_wconf 83' lang='lat' dir='ltr'><strong>Quibus</strong></span> <span class='ocrx_word' id='word_1_573' title='bbox 3192 1675 3484 1745; x_wconf 83' lang='lat' dir='ltr'><strong>responde-</strong></span> 
     </span>
    </p>
   </div>
   <div class='ocr_carea' id='block_1_75' title="bbox 1903 1759 3483 1830">
    <p class='ocr_par' dir='ltr' id='par_1_75' title="bbox 1903 1759 3483 1830">
     <span class='ocr_line' id='line_1_75' title="bbox 1903 1759 3483 1830; baseline 0.006 -18"><span class='ocrx_word' id='word_1_574' title='bbox 1903 1768 2012 1823; x_wconf 77' lang='lat' dir='ltr'><strong>tuc,</strong></span> <span class='ocrx_word' id='word_1_575' title='bbox 2036 1760 2160 1828; x_wconf 86' lang='lat' dir='ltr'><strong>quia</strong></span> <span class='ocrx_word' id='word_1_576' title='bbox 2190 1759 2235 1813; x_wconf 88' lang='lat' dir='ltr'><strong>sl</strong></span> <span class='ocrx_word' id='word_1_577' title='bbox 2275 1760 2381 1814; x_wconf 86' lang='lat' dir='ltr'><strong>vita</strong></span> <span class='ocrx_word' id='word_1_578' title='bbox 2406 1760 2507 1815; x_wconf 90' lang='lat' dir='ltr'><strong>ista</strong></span> <span class='ocrx_word' id='word_1_579' title='bbox 2551 1763 2663 1817; x_wconf 85' lang='lat' dir='ltr'><strong>sola</strong></span> <span class='ocrx_word' id='word_1_580' title='bbox 2704 1774 2848 1818; x_wconf 83' lang='lat' dir='ltr'><strong>esset</strong></span> <span class='ocrx_word' id='word_1_581' title='bbox 2891 1764 3193 1830; x_wconf 87' lang='lat' dir='ltr'><strong>hominum,</strong></span> <span class='ocrx_word' id='word_1_582' title='bbox 3220 1773 3312 1820; x_wconf 88' lang='lat' dir='ltr'><strong>aut</strong></span> <span class='ocrx_word' id='word_1_583' title='bbox 3349 1766 3483 1822; x_wconf 87' lang='lat' dir='ltr'><strong>nihil</strong></span> 
     </span>
    </p>
   </div>
   <div class='ocr_carea' id='block_1_76' title="bbox 1902 1848 3487 1926">
    <p class='ocr_par' dir='ltr' id='par_1_76' title="bbox 1902 1848 3487 1926">
     <span class='ocr_line' id='line_1_76' title="bbox 1902 1848 3487 1926; baseline 0.006 -24"><span class='ocrx_word' id='word_1_584' title='bbox 1902 1848 2181 1918; x_wconf 88' lang='lat' dir='ltr'><strong>prodesse,</strong></span> <span class='ocrx_word' id='word_1_585' title='bbox 2199 1858 2292 1904; x_wconf 85' lang='lat' dir='ltr'><strong>aut</strong></span> <span class='ocrx_word' id='word_1_586' title='bbox 2315 1850 2476 1905; x_wconf 84' lang='lat' dir='ltr'><strong>etiam</strong></span> <span class='ocrx_word' id='word_1_587' title='bbox 2500 1866 2692 1907; x_wconf 88' lang='lat' dir='ltr'><strong>nocere</strong></span> <span class='ocrx_word' id='word_1_588' title='bbox 2702 1852 2841 1921; x_wconf 89' lang='lat' dir='ltr'><strong>justa</strong></span> <span class='ocrx_word' id='word_1_589' title='bbox 2861 1855 2965 1907; x_wconf 86' lang='lat' dir='ltr'><strong>vita</strong></span> <span class='ocrx_word' id='word_1_590' title='bbox 2986 1868 3089 1908; x_wconf 92' lang='lat' dir='ltr'><strong>non</strong></span> <span class='ocrx_word' id='word_1_591' title='bbox 3109 1854 3487 1926; x_wconf 82' lang='lat' dir='ltr'><strong>usquequaque</strong></span> 
     </span>
    </p>
   </div>
   <div class='ocr_carea' id='block_1_77' title="bbox 1892 1939 3482 2018">
    <p class='ocr_par' dir='ltr' id='par_1_77' title="bbox 1892 1939 3482 2018">
     <span class='ocr_line' id='line_1_77' title="bbox 1892 1939 3482 2018; baseline 0.006 -25"><span class='ocrx_word' id='word_1_592' title='bbox 1892 1939 2137 1994; x_wconf 75' lang='lat' dir='ltr'><strong>absurde</strong></span> <span class='ocrx_word' id='word_1_593' title='bbox 2163 1941 2454 1995; x_wconf 71' lang='lat' dir='ltr'><strong>videretur.</strong></span> <span class='ocrx_word' id='word_1_594' title='bbox 2479 1943 2792 2012; x_wconf 83' lang='lat' dir='ltr'><strong>Quanquam</strong></span> <span class='ocrx_word' id='word_1_595' title='bbox 2822 1961 2925 1998; x_wconf 84' lang='lat' dir='ltr'><strong>non</strong></span> <span class='ocrx_word' id='word_1_596' title='bbox 2971 1946 3233 2000; x_wconf 83' lang='lat' dir='ltr'><strong>defuerint</strong></span> <span class='ocrx_word' id='word_1_597' title='bbox 3275 1948 3363 2016; x_wconf 90' lang='lat' dir='ltr'><strong>qui</strong></span> <span class='ocrx_word' id='word_1_598' title='bbox 3393 1948 3482 2018; x_wconf 85' lang='lat' dir='ltr'><strong>ju-</strong></span> 
     </span>
    </p>
   </div>
   <div class='ocr_carea' id='block_1_78' title="bbox 1903 2030 3486 2109">
    <p class='ocr_par' dir='ltr' id='par_1_78' title="bbox 1903 2030 3486 2109">
     <span class='ocr_line' id='line_1_78' title="bbox 1903 2030 3486 2109; baseline 0.004 -25"><span class='ocrx_word' id='word_1_599' title='bbox 1903 2030 2063 2084; x_wconf 68' lang='lat' dir='ltr'><strong>stitiae</strong></span> <span class='ocrx_word' id='word_1_600' title='bbox 2087 2030 2398 2109; x_wconf 78' lang='lat' dir='ltr'><strong>suavitatem</strong></span> <span class='ocrx_word' id='word_1_601' title='bbox 2421 2040 2477 2086; x_wconf 91' lang='lat' dir='ltr'><strong>et</strong></span> <span class='ocrx_word' id='word_1_602' title='bbox 2514 2032 2779 2087; x_wconf 86' lang='lat' dir='ltr'><strong>internum</strong></span> <span class='ocrx_word' id='word_1_603' title='bbox 2805 2034 2921 2103; x_wconf 90' lang='lat' dir='ltr'><strong>ejus</strong></span> <span class='ocrx_word' id='word_1_604' title='bbox 2947 2036 3197 2104; x_wconf 84' lang='lat' dir='ltr'><strong>gaudium</strong></span> <span class='ocrx_word' id='word_1_605' title='bbox 3222 2051 3342 2090; x_wconf 90' lang='lat' dir='ltr'><strong>cum</strong></span> <span class='ocrx_word' id='word_1_606' title='bbox 3364 2053 3486 2091; x_wconf 89' lang='lat' dir='ltr'><strong>cor-</strong></span> 
     </span>
    </p>
   </div>
   <div class='ocr_carea' id='block_1_79' title="bbox 1904 2121 3487 2196">
    <p class='ocr_par' dir='ltr' id='par_1_79' title="bbox 1904 2121 3487 2196">
     <span class='ocr_line' id='line_1_79' title="bbox 1904 2121 3487 2196; baseline 0.006 -23"><span class='ocrx_word' id='word_1_607' title='bbox 1904 2121 2173 2190; x_wconf 89' lang='lat' dir='ltr'><strong>poralibus</strong></span> <span class='ocrx_word' id='word_1_608' title='bbox 2197 2121 2445 2176; x_wconf 87' lang='lat' dir='ltr'><strong>omnibus</strong></span> <span class='ocrx_word' id='word_1_609' title='bbox 2471 2122 2739 2179; x_wconf 85' lang='lat' dir='ltr'><strong>laboribus</strong></span> <span class='ocrx_word' id='word_1_610' title='bbox 2760 2133 2814 2179; x_wconf 92' lang='lat' dir='ltr'><strong>et</strong></span> <span class='ocrx_word' id='word_1_611' title='bbox 2834 2125 3093 2180; x_wconf 87' lang='lat' dir='ltr'><strong>molestiis</strong></span> <span class='ocrx_word' id='word_1_612' title='bbox 3116 2167 3131 2191; x_wconf 96' lang='lat'><strong>,</strong></span> <span class='ocrx_word' id='word_1_613' title='bbox 3155 2140 3289 2196; x_wconf 89' lang='lat' dir='ltr'><strong>quas</strong></span> <span class='ocrx_word' id='word_1_614' title='bbox 3316 2142 3487 2196; x_wconf 86' lang='lat' dir='ltr'><strong>genus</strong></span> 
     </span>
    </p>
   </div>
   <div class='ocr_carea' id='block_1_80' title="bbox 1904 2212 3479 2286">
    <p class='ocr_par' dir='ltr' id='par_1_80' title="bbox 1904 2212 3479 2286">
     <span class='ocr_line' id='line_1_80' title="bbox 1904 2212 3479 2286; baseline 0.003 -19"><span class='ocrx_word' id='word_1_615' title='bbox 1904 2212 2194 2267; x_wconf 83' lang='lat' dir='ltr'><strong>humanum</strong></span> <span class='ocrx_word' id='word_1_616' title='bbox 2234 2227 2331 2283; x_wconf 91' lang='lat' dir='ltr'><strong>pro</strong></span> <span class='ocrx_word' id='word_1_617' title='bbox 2377 2214 2684 2270; x_wconf 86' lang='lat' dir='ltr'><strong>conditione</strong></span> <span class='ocrx_word' id='word_1_618' title='bbox 2724 2231 2837 2271; x_wconf 68' lang='lat' dir='ltr'><strong>sua:</strong></span> <span class='ocrx_word' id='word_1_619' title='bbox 2878 2217 3217 2271; x_wconf 84' lang='lat' dir='ltr'><strong>mortalitatis</strong></span> <span class='ocrx_word' id='word_1_620' title='bbox 3263 2218 3479 2286; x_wconf 88' lang='lat' dir='ltr'><strong>patitur,</strong></span> 
     </span>
    </p>
   </div>
   <div class='ocr_carea' id='block_1_81' title="bbox 1889 2303 3482 2376">
    <p class='ocr_par' dir='ltr' id='par_1_81' title="bbox 1889 2303 3482 2376">
     <span class='ocr_line' id='line_1_81' title="bbox 1889 2303 3482 2376; baseline 0.003 -20"><span class='ocrx_word' id='word_1_621' title='bbox 1889 2317 2024 2357; x_wconf 79' lang='lat' dir='ltr'><strong>cum</strong></span> <span class='ocrx_word' id='word_1_622' title='bbox 2049 2303 2299 2357; x_wconf 86' lang='lat' dir='ltr'><strong>omnibus</strong></span> <span class='ocrx_word' id='word_1_623' title='bbox 2325 2303 2489 2359; x_wconf 87' lang='lat' dir='ltr'><strong>etiam</strong></span> <span class='ocrx_word' id='word_1_624' title='bbox 2526 2320 2645 2374; x_wconf 72' lang='lat' dir='ltr'><strong>qua:</strong></span> <span class='ocrx_word' id='word_1_625' title='bbox 2668 2315 2885 2375; x_wconf 89' lang='lat' dir='ltr'><strong>propter</strong></span> <span class='ocrx_word' id='word_1_626' title='bbox 2909 2306 3078 2376; x_wconf 88' lang='lat' dir='ltr'><strong>ipsam</strong></span> <span class='ocrx_word' id='word_1_627' title='bbox 3102 2307 3405 2375; x_wconf 85' lang='lat' dir='ltr'><strong>justititiam</strong></span> <span class='ocrx_word' id='word_1_628' title='bbox 3428 2308 3482 2363; x_wconf 90' lang='lat' dir='ltr'><strong>in</strong></span> 
     </span>
    </p>
   </div>
   <div class='ocr_carea' id='block_1_82' title="bbox 1888 2394 3484 2470">
    <p class='ocr_par' dir='ltr' id='par_1_82' title="bbox 1888 2394 3484 2470">
     <span class='ocr_line' id='line_1_82' title="bbox 1888 2394 3484 2470; baseline 0.004 -21"><span class='ocrx_word' id='word_1_629' title='bbox 1888 2409 1997 2449; x_wconf 83' lang='lat' dir='ltr'><strong>eos</strong></span> <span class='ocrx_word' id='word_1_630' title='bbox 2030 2394 2119 2463; x_wconf 92' lang='lat' dir='ltr'><strong>qui</strong></span> <span class='ocrx_word' id='word_1_631' title='bbox 2157 2394 2301 2463; x_wconf 82' lang='lat' dir='ltr'><strong>jnste</strong></span> <span class='ocrx_word' id='word_1_632' title='bbox 2329 2395 2541 2461; x_wconf 89' lang='lat' dir='ltr'><strong>vivunt,</strong></span> <span class='ocrx_word' id='word_1_633' title='bbox 2586 2396 2997 2466; x_wconf 88' lang='lat' dir='ltr'><strong>tnjuriosissime</strong></span> <span class='ocrx_word' id='word_1_634' title='bbox 3022 2399 3320 2470; x_wconf 89' lang='lat' dir='ltr'><strong>cogitantur</strong></span> <span class='ocrx_word' id='word_1_635' title='bbox 3342 2401 3383 2466; x_wconf 80' lang='grc'><strong>⁸,</strong></span> <span class='ocrx_word' id='word_1_636' title='bbox 3413 2398 3484 2455; x_wconf 88' lang='lat' dir='ltr'><strong>ita</strong></span> 
     </span>
    </p>
   </div>
   <div class='ocr_carea' id='block_1_83' title="bbox 1890 2484 3486 2558">
    <p class='ocr_par' dir='ltr' id='par_1_83' title="bbox 1890 2484 3486 2558">
     <span class='ocr_line' id='line_1_83' title="bbox 1890 2484 3486 2558; baseline 0.004 -21"><span class='ocrx_word' id='word_1_637' title='bbox 1890 2493 2333 2554; x_wconf 81' lang='lat' dir='ltr'><strong>compensarem,</strong></span> <span class='ocrx_word' id='word_1_638' title='bbox 2360 2493 2418 2539; x_wconf 90' lang='lat' dir='ltr'><strong>ut</strong></span> <span class='ocrx_word' id='word_1_639' title='bbox 2452 2494 2783 2556; x_wconf 87' lang='lat' dir='ltr'><strong>sequestrata</strong></span> <span class='ocrx_word' id='word_1_640' title='bbox 2809 2501 2905 2556; x_wconf 90' lang='lat' dir='ltr'><strong>spe</strong></span> <span class='ocrx_word' id='word_1_641' title='bbox 2931 2484 3122 2542; x_wconf 75' lang='lat' dir='ltr'><strong>futura:</strong></span> <span class='ocrx_word' id='word_1_642' title='bbox 3150 2487 3486 2558; x_wconf 69' lang='lat' dir='ltr'><strong>vittejucun-</strong></span> 
     </span>
    </p>
   </div>
   <div class='ocr_carea' id='block_1_84' title="bbox 1900 2575 3480 2651">
    <p class='ocr_par' dir='ltr' id='par_1_84' title="bbox 1900 2575 3480 2651">
     <span class='ocr_line' id='line_1_84' title="bbox 1900 2575 3480 2651; baseline 0.004 -22"><span class='ocrx_word' id='word_1_643' title='bbox 1900 2575 2020 2629; x_wconf 88' lang='lat' dir='ltr'><strong>dius</strong></span> <span class='ocrx_word' id='word_1_644' title='bbox 2039 2584 2096 2630; x_wconf 90' lang='lat' dir='ltr'><strong>et</strong></span> <span class='ocrx_word' id='word_1_645' title='bbox 2119 2575 2291 2630; x_wconf 66' lang='lat' dir='ltr'><strong>lietius</strong></span> <span class='ocrx_word' id='word_1_646' title='bbox 2316 2592 2424 2646; x_wconf 71' lang='lat' dir='ltr'><strong>pra:</strong></span> <span class='ocrx_word' id='word_1_647' title='bbox 2445 2591 2629 2632; x_wconf 89' lang='lat' dir='ltr'><strong>amore</strong></span> <span class='ocrx_word' id='word_1_648' title='bbox 2646 2579 2881 2633; x_wconf 81' lang='lat' dir='ltr'><strong>veritatis</strong></span> <span class='ocrx_word' id='word_1_649' title='bbox 2904 2586 3297 2649; x_wconf 88' lang='lat' dir='ltr'><strong>torquerentur,</strong></span> <span class='ocrx_word' id='word_1_650' title='bbox 3321 2582 3480 2651; x_wconf 84' lang='lat' dir='ltr'><strong>quam</strong></span> 
     </span>
    </p>
   </div>
   <div class='ocr_carea' id='block_1_85' title="bbox 1899 2664 3232 2739">
    <p class='ocr_par' dir='ltr' id='par_1_85' title="bbox 1899 2664 3232 2739">
     <span class='ocr_line' id='line_1_85' title="bbox 1899 2664 3232 2739; baseline 0.002 -19"><span class='ocrx_word' id='word_1_651' title='bbox 1899 2664 2155 2720; x_wconf 82' lang='lat' dir='ltr'><strong>luxuriosi</strong></span> <span class='ocrx_word' id='word_1_652' title='bbox 2179 2681 2287 2735; x_wconf 73' lang='lat' dir='ltr'><strong>pra:</strong></span> <span class='ocrx_word' id='word_1_653' title='bbox 2312 2665 2607 2736; x_wconf 86' lang='lat' dir='ltr'><strong>cupiditate</strong></span> <span class='ocrx_word' id='word_1_654' title='bbox 2628 2668 2903 2723; x_wconf 85' lang='lat' dir='ltr'><strong>ebrietatis</strong></span> <span class='ocrx_word' id='word_1_655' title='bbox 2928 2670 3232 2739; x_wconf 88' lang='lat' dir='ltr'><strong>epulentur.</strong></span> 
     </span>
    </p>
   </div>
   <div class='ocr_carea' id='block_1_86' title="bbox 1968 2754 3483 2829">
    <p class='ocr_par' dir='ltr' id='par_1_86' title="bbox 1968 2754 3483 2829">
     <span class='ocr_line' id='line_1_86' title="bbox 1968 2754 3483 2829; baseline 0.006 -20"><span class='ocrx_word' id='word_1_656' title='bbox 1968 2755 2025 2809; x_wconf 71' lang='grc'><strong>2.</strong></span> <span class='ocrx_word' id='word_1_657' title='bbox 2067 2754 2259 2811; x_wconf 83' lang='lat' dir='ltr'><strong>Sediis</strong></span> <span class='ocrx_word' id='word_1_658' title='bbox 2289 2764 2467 2813; x_wconf 89' lang='lat' dir='ltr'><strong>tamen</strong></span> <span class='ocrx_word' id='word_1_659' title='bbox 2505 2758 2595 2828; x_wconf 91' lang='lat' dir='ltr'><strong>qui</strong></span> <span class='ocrx_word' id='word_1_660' title='bbox 2625 2768 2812 2827; x_wconf 87' lang='lat' dir='ltr'><strong>putant</strong></span> <span class='ocrx_word' id='word_1_661' title='bbox 2839 2760 3094 2829; x_wconf 89' lang='lat' dir='ltr'><strong>injustum</strong></span> <span class='ocrx_word' id='word_1_662' title='bbox 3126 2761 3291 2816; x_wconf 87' lang='lat' dir='ltr'><strong>Deum</strong></span> <span class='ocrx_word' id='word_1_663' title='bbox 3316 2803 3330 2826; x_wconf 94' lang='lat'><strong>,</strong></span> <span class='ocrx_word' id='word_1_664' title='bbox 3360 2776 3483 2819; x_wconf 90' lang='lat' dir='ltr'><strong>cum</strong></span> 
     </span>
    </p>
   </div>
   <div class='ocr_carea' id='block_1_87' title="bbox 1896 2843 3482 2914">
    <p class='ocr_par' dir='ltr' id='par_1_87' title="bbox 1896 2843 3482 2914">
     <span class='ocr_line' id='line_1_87' title="bbox 1896 2843 3482 2914; baseline 0.006 -17"><span class='ocrx_word' id='word_1_665' title='bbox 1896 2843 2139 2914; x_wconf 84' lang='lat' dir='ltr'><strong>justosin</strong></span> <span class='ocrx_word' id='word_1_666' title='bbox 2167 2844 2442 2900; x_wconf 88' lang='lat' dir='ltr'><strong>doloribus</strong></span> <span class='ocrx_word' id='word_1_667' title='bbox 2482 2855 2536 2901; x_wconf 89' lang='lat' dir='ltr'><strong>et</strong></span> <span class='ocrx_word' id='word_1_668' title='bbox 2568 2847 2837 2903; x_wconf 87' lang='lat' dir='ltr'><strong>laboribus</strong></span> <span class='ocrx_word' id='word_1_669' title='bbox 2874 2849 3084 2914; x_wconf 90' lang='lat' dir='ltr'><strong>vident,</strong></span> <span class='ocrx_word' id='word_1_670' title='bbox 3122 2859 3213 2905; x_wconf 90' lang='lat' dir='ltr'><strong>aut</strong></span> <span class='ocrx_word' id='word_1_671' title='bbox 3254 2861 3399 2907; x_wconf 88' lang='lat' dir='ltr'><strong>certe</strong></span> <span class='ocrx_word' id='word_1_672' title='bbox 3436 2853 3482 2907; x_wconf 88' lang='lat' dir='ltr'><strong>si</strong></span> 
     </span>
    </p>
   </div>
   <div class='ocr_carea' id='block_1_88' title="bbox 1899 2934 3485 3006">
    <p class='ocr_par' dir='ltr' id='par_1_88' title="bbox 1899 2934 3485 3006">
     <span class='ocr_line' id='line_1_88' title="bbox 1899 2934 3485 3006; baseline 0.006 -17"><span class='ocrx_word' id='word_1_673' title='bbox 1899 2949 2007 2989; x_wconf 86' lang='lat' dir='ltr'><strong>non</strong></span> <span class='ocrx_word' id='word_1_674' title='bbox 2026 2934 2497 3005; x_wconf 87' lang='lat' dir='ltr'><strong>audentiujustum</strong></span> <span class='ocrx_word' id='word_1_675' title='bbox 2527 2937 2690 2991; x_wconf 87' lang='lat' dir='ltr'><strong>Deum</strong></span> <span class='ocrx_word' id='word_1_676' title='bbox 2715 2938 2916 3006; x_wconf 89' lang='lat' dir='ltr'><strong>dicere,</strong></span> <span class='ocrx_word' id='word_1_677' title='bbox 2964 2941 3049 2995; x_wconf 91' lang='lat' dir='ltr'><strong>vel</strong></span> <span class='ocrx_word' id='word_1_678' title='bbox 3091 2955 3179 2997; x_wconf 86' lang='lat' dir='ltr'><strong>res</strong></span> <span class='ocrx_word' id='word_1_679' title='bbox 3223 2942 3485 2999; x_wconf 87' lang='lat' dir='ltr'><strong>humanas</strong></span> 
     </span>
    </p>
   </div>
   <div class='ocr_carea' id='block_1_89' title="bbox 1900 3026 3485 3092">
    <p class='ocr_par' dir='ltr' id='par_1_89' title="bbox 1900 3026 3485 3092">
     <span class='ocr_line' id='line_1_89' title="bbox 1900 3026 3485 3092; baseline 0.008 -14"><span class='ocrx_word' id='word_1_680' title='bbox 1900 3038 2006 3078; x_wconf 86' lang='lat' dir='ltr'><strong>non</strong></span> <span class='ocrx_word' id='word_1_681' title='bbox 2026 3039 2214 3079; x_wconf 88' lang='lat' dir='ltr'><strong>curare</strong></span> <span class='ocrx_word' id='word_1_682' title='bbox 2238 3026 2581 3092; x_wconf 87' lang='lat' dir='ltr'><strong>arbitrantur,</strong></span> <span class='ocrx_word' id='word_1_683' title='bbox 2614 3028 2696 3083; x_wconf 89' lang='lat' dir='ltr'><strong>vel</strong></span> <span class='ocrx_word' id='word_1_684' title='bbox 2723 3031 2886 3085; x_wconf 87' lang='lat' dir='ltr'><strong>semel</strong></span> <span class='ocrx_word' id='word_1_685' title='bbox 2916 3032 3166 3087; x_wconf 88' lang='lat' dir='ltr'><strong>statuisse</strong></span> <span class='ocrx_word' id='word_1_686' title='bbox 3193 3035 3485 3089; x_wconf 82' lang='lat' dir='ltr'><strong>necessita-</strong></span> 
     </span>
    </p>
   </div>
   <div class='ocr_carea' id='block_1_90' title="bbox 1900 3115 3484 3193">
    <p class='ocr_par' dir='ltr' id='par_1_90' title="bbox 1900 3115 3484 3193">
     <span class='ocr_line' id='line_1_90' title="bbox 1900 3115 3484 3193; baseline 0.007 -23"><span class='ocrx_word' id='word_1_687' title='bbox 1900 3124 1983 3172; x_wconf 86' lang='lat' dir='ltr'><strong>tes</strong></span> <span class='ocrx_word' id='word_1_688' title='bbox 2008 3115 2262 3182; x_wconf 73' lang='lat' dir='ltr'><strong>fatorum,</strong></span> <span class='ocrx_word' id='word_1_689' title='bbox 2288 3128 2472 3173; x_wconf 87' lang='lat' dir='ltr'><strong>contra</strong></span> <span class='ocrx_word' id='word_1_690' title='bbox 2491 3135 2624 3189; x_wconf 89' lang='lat' dir='ltr'><strong>quas</strong></span> <span class='ocrx_word' id='word_1_691' title='bbox 2645 3137 2741 3175; x_wconf 90' lang='lat' dir='ltr'><strong>nec</strong></span> <span class='ocrx_word' id='word_1_692' title='bbox 2767 3122 2878 3191; x_wconf 85' lang='lat' dir='ltr'><strong>ipse</strong></span> <span class='ocrx_word' id='word_1_693' title='bbox 2899 3123 3096 3193; x_wconf 82' lang='lat' dir='ltr'><strong>aliquid</strong></span> <span class='ocrx_word' id='word_1_694' title='bbox 3128 3123 3270 3189; x_wconf 78' lang='lat' dir='ltr'><strong>facit,</strong></span> <span class='ocrx_word' id='word_1_695' title='bbox 3301 3142 3365 3180; x_wconf 91' lang='lat' dir='ltr'><strong>ne</strong></span> <span class='ocrx_word' id='word_1_696' title='bbox 3397 3143 3484 3181; x_wconf 89' lang='lat' dir='ltr'><strong>or-</strong></span> 
     </span>
    </p>
   </div>
   <div class='ocr_carea' id='block_1_91' title="bbox 1897 3206 3483 3279">
    <p class='ocr_par' dir='ltr' id='par_1_91' title="bbox 1897 3206 3483 3279">
     <span class='ocr_line' id='line_1_91' title="bbox 1897 3206 3483 3279; baseline 0.004 -17"><span class='ocrx_word' id='word_1_697' title='bbox 1897 3206 2078 3262; x_wconf 86' lang='lat' dir='ltr'><strong>dinem</strong></span> <span class='ocrx_word' id='word_1_698' title='bbox 2120 3223 2302 3263; x_wconf 89' lang='lat' dir='ltr'><strong>rerum</strong></span> <span class='ocrx_word' id='word_1_699' title='bbox 2343 3224 2373 3262; x_wconf 90' lang='lat' dir='ltr'><strong>a</strong></span> <span class='ocrx_word' id='word_1_700' title='bbox 2422 3224 2481 3264; x_wconf 89' lang='lat' dir='ltr'><strong>se</strong></span> <span class='ocrx_word' id='word_1_701' title='bbox 2515 3210 2830 3279; x_wconf 87' lang='lat' dir='ltr'><strong>dispositum</strong></span> <span class='ocrx_word' id='word_1_702' title='bbox 2868 3213 3219 3268; x_wconf 81' lang='lat' dir='ltr'><strong>inconstantia</strong></span> <span class='ocrx_word' id='word_1_703' title='bbox 3268 3215 3483 3269; x_wconf 85' lang='lat' dir='ltr'><strong>turbare</strong></span> 
     </span>
    </p>
   </div>
   <div class='ocr_carea' id='block_1_92' title="bbox 1897 3298 3479 3373">
    <p class='ocr_par' dir='ltr' id='par_1_92' title="bbox 1897 3298 3479 3373">
     <span class='ocr_line' id='line_1_92' title="bbox 1897 3298 3479 3373; baseline 0.004 -20"><span class='ocrx_word' id='word_1_704' title='bbox 1897 3298 2178 3363; x_wconf 83' lang='lat' dir='ltr'><strong>credatur;</strong></span> <span class='ocrx_word' id='word_1_705' title='bbox 2221 3308 2314 3353; x_wconf 87' lang='lat' dir='ltr'><strong>aut</strong></span> <span class='ocrx_word' id='word_1_706' title='bbox 2347 3300 2541 3369; x_wconf 88' lang='lat' dir='ltr'><strong>aliquid</strong></span> <span class='ocrx_word' id='word_1_707' title='bbox 2569 3301 2709 3355; x_wconf 87' lang='lat' dir='ltr'><strong>aliud</strong></span> <span class='ocrx_word' id='word_1_708' title='bbox 2736 3303 3039 3371; x_wconf 88' lang='lat' dir='ltr'><strong>opinantur,</strong></span> <span class='ocrx_word' id='word_1_709' title='bbox 3066 3304 3208 3373; x_wconf 81' lang='lat' dir='ltr'><strong>quod</strong></span> <span class='ocrx_word' id='word_1_710' title='bbox 3251 3304 3389 3360; x_wconf 87' lang='lat' dir='ltr'><strong>Deus</strong></span> <span class='ocrx_word' id='word_1_711' title='bbox 3428 3306 3479 3360; x_wconf 92' lang='lat' dir='ltr'><strong>in</strong></span> 
     </span>
    </p>
   </div>
   <div class='ocr_carea' id='block_1_93' title="bbox 1897 3389 3481 3465">
    <p class='ocr_par' dir='ltr' id='par_1_93' title="bbox 1897 3389 3481 3465">
     <span class='ocr_line' id='line_1_93' title="bbox 1897 3389 3481 3465; baseline 0.004 -22"><span class='ocrx_word' id='word_1_712' title='bbox 1897 3389 2076 3459; x_wconf 80' lang='lat' dir='ltr'><strong>aliquo</strong></span> <span class='ocrx_word' id='word_1_713' title='bbox 2110 3389 2371 3444; x_wconf 89' lang='lat' dir='ltr'><strong>invalidus</strong></span> <span class='ocrx_word' id='word_1_714' title='bbox 2412 3406 2519 3444; x_wconf 81' lang='lat' dir='ltr'><strong>non</strong></span> <span class='ocrx_word' id='word_1_715' title='bbox 2561 3394 2727 3459; x_wconf 91' lang='lat' dir='ltr'><strong>possit</strong></span> <span class='ocrx_word' id='word_1_716' title='bbox 2748 3409 2776 3444; x_wconf 85' lang='lat' dir='ltr'><strong>a</strong></span> <span class='ocrx_word' id='word_1_717' title='bbox 2811 3394 2970 3460; x_wconf 87' lang='lat' dir='ltr'><strong>justis</strong></span> <span class='ocrx_word' id='word_1_718' title='bbox 2996 3395 3094 3447; x_wconf 86' lang='lat' dir='ltr'><strong>ista</strong></span> <span class='ocrx_word' id='word_1_719' title='bbox 3129 3396 3265 3449; x_wconf 88' lang='lat' dir='ltr'><strong>mala</strong></span> <span class='ocrx_word' id='word_1_720' title='bbox 3298 3397 3481 3465; x_wconf 58' lang='lat' dir='ltr'><strong>probi-</strong></span> 
     </span>
    </p>
   </div>
   <div class='ocr_carea' id='block_1_94' title="bbox 1899 3476 3479 3552">
    <p class='ocr_par' dir='ltr' id='par_1_94' title="bbox 1899 3476 3479 3552">
     <span class='ocr_line' id='line_1_94' title="bbox 1899 3476 3479 3552; baseline 0.003 -18"><span class='ocrx_word' id='word_1_721' title='bbox 1899 3476 2029 3534; x_wconf 83' lang='lat' dir='ltr'><strong>bere</strong></span> <span class='ocrx_word' id='word_1_722' title='bbox 2059 3496 2072 3529; x_wconf 91' lang='lat'><strong>:</strong></span> <span class='ocrx_word' id='word_1_723' title='bbox 2101 3476 2389 3533; x_wconf 80' lang='lat' dir='ltr'><strong>dicendum</strong></span> <span class='ocrx_word' id='word_1_724' title='bbox 2417 3487 2501 3533; x_wconf 88' lang='lat' dir='ltr'><strong>est</strong></span> <span class='ocrx_word' id='word_1_725' title='bbox 2530 3480 2725 3533; x_wconf 84' lang='lat' dir='ltr'><strong>nullam</strong></span> <span class='ocrx_word' id='word_1_726' title='bbox 2754 3478 2918 3535; x_wconf 82' lang='lat' dir='ltr'><strong>fuisse</strong></span> <span class='ocrx_word' id='word_1_727' title='bbox 2951 3481 3182 3536; x_wconf 78' lang='lat' dir='ltr'><strong>futuram</strong></span> <span class='ocrx_word' id='word_1_728' title='bbox 3220 3484 3479 3552; x_wconf 88' lang='lat' dir='ltr'><strong>justitiam</strong></span> 
     </span>
    </p>
   </div>
   <div class='ocr_carea' id='block_1_95' title="bbox 1901 3568 3477 3641">
    <p class='ocr_par' dir='ltr' id='par_1_95' title="bbox 1901 3568 3477 3641">
     <span class='ocr_line' id='line_1_95' title="bbox 1901 3568 3477 3641; baseline 0.003 -17"><span class='ocrx_word' id='word_1_729' title='bbox 1901 3570 1954 3624; x_wconf 92' lang='lat' dir='ltr'><strong>in</strong></span> <span class='ocrx_word' id='word_1_730' title='bbox 1985 3569 2307 3634; x_wconf 84' lang='lat' dir='ltr'><strong>hominibus,</strong></span> <span class='ocrx_word' id='word_1_731' title='bbox 2333 3569 2378 3623; x_wconf 89' lang='lat' dir='ltr'><strong>si</strong></span> <span class='ocrx_word' id='word_1_732' title='bbox 2401 3584 2487 3623; x_wconf 87' lang='lat' dir='ltr'><strong>res</strong></span> <span class='ocrx_word' id='word_1_733' title='bbox 2507 3568 2767 3625; x_wconf 88' lang='lat' dir='ltr'><strong>humanas</strong></span> <span class='ocrx_word' id='word_1_734' title='bbox 2795 3585 2900 3624; x_wconf 90' lang='lat' dir='ltr'><strong>nou</strong></span> <span class='ocrx_word' id='word_1_735' title='bbox 2921 3581 3134 3626; x_wconf 87' lang='lat' dir='ltr'><strong>curaret</strong></span> <span class='ocrx_word' id='word_1_736' title='bbox 3167 3573 3319 3626; x_wconf 87' lang='lat' dir='ltr'><strong>Deus.</strong></span> <span class='ocrx_word' id='word_1_737' title='bbox 3344 3574 3477 3641; x_wconf 86' lang='lat' dir='ltr'><strong>Quia</strong></span> 
     </span>
    </p>
   </div>
   <div class='ocr_carea' id='block_1_96' title="bbox 1900 3662 3486 3733">
    <p class='ocr_par' dir='ltr' id='par_1_96' title="bbox 1900 3662 3486 3733">
     <span class='ocr_line' id='line_1_96' title="bbox 1900 3662 3486 3733; baseline 0.001 -15"><span class='ocrx_word' id='word_1_738' title='bbox 1900 3663 2077 3718; x_wconf 86' lang='lat' dir='ltr'><strong>omnis</strong></span> <span class='ocrx_word' id='word_1_739' title='bbox 2109 3662 2208 3717; x_wconf 88' lang='lat' dir='ltr'><strong>ista</strong></span> <span class='ocrx_word' id='word_1_740' title='bbox 2232 3662 2507 3716; x_wconf 88' lang='lat' dir='ltr'><strong>hominum</strong></span> <span class='ocrx_word' id='word_1_741' title='bbox 2533 3662 2758 3731; x_wconf 86' lang='lat' dir='ltr'><strong>justitia,</strong></span> <span class='ocrx_word' id='word_1_742' title='bbox 2783 3677 2943 3733; x_wconf 86' lang='lat' dir='ltr'><strong>quam</strong></span> <span class='ocrx_word' id='word_1_743' title='bbox 2967 3672 3022 3718; x_wconf 88' lang='lat' dir='ltr'><strong>et</strong></span> <span class='ocrx_word' id='word_1_744' title='bbox 3061 3670 3243 3718; x_wconf 87' lang='lat' dir='ltr'><strong>tenere</strong></span> <span class='ocrx_word' id='word_1_745' title='bbox 3274 3663 3486 3719; x_wconf 90' lang='lat' dir='ltr'><strong>animus</strong></span> 
     </span>
    </p>
   </div>
   <div class='ocr_carea' id='block_1_97' title="bbox 1903 3750 3483 3822">
    <p class='ocr_par' dir='ltr' id='par_1_97' title="bbox 1903 3750 3483 3822">
     <span class='ocr_line' id='line_1_97' title="bbox 1903 3750 3483 3822; baseline 0.003 -15"><span class='ocrx_word' id='word_1_746' title='bbox 1903 3752 2167 3808; x_wconf 86' lang='lat' dir='ltr'><strong>humanus</strong></span> <span class='ocrx_word' id='word_1_747' title='bbox 2192 3761 2335 3808; x_wconf 87' lang='lat' dir='ltr'><strong>recte</strong></span> <span class='ocrx_word' id='word_1_748' title='bbox 2355 3750 2599 3807; x_wconf 76' lang='lat' dir='ltr'><strong>faciendo</strong></span> <span class='ocrx_word' id='word_1_749' title='bbox 2618 3760 2812 3822; x_wconf 83' lang='lat' dir='ltr'><strong>potest,</strong></span> <span class='ocrx_word' id='word_1_750' title='bbox 2838 3760 2893 3808; x_wconf 91' lang='lat' dir='ltr'><strong>et</strong></span> <span class='ocrx_word' id='word_1_751' title='bbox 2918 3754 3188 3822; x_wconf 85' lang='lat' dir='ltr'><strong>peccando</strong></span> <span class='ocrx_word' id='word_1_752' title='bbox 3214 3756 3483 3821; x_wconf 83' lang='lat' dir='ltr'><strong>amittere,</strong></span> 
     </span>
    </p>
   </div>
   <div class='ocr_carea' id='block_1_98' title="bbox 1902 3842 3488 3914">
    <p class='ocr_par' dir='ltr' id='par_1_98' title="bbox 1902 3842 3488 3914">
     <span class='ocr_line' id='line_1_98' title="bbox 1902 3842 3488 3914; baseline 0 -14"><span class='ocrx_word' id='word_1_753' title='bbox 1902 3860 2009 3900; x_wconf 90' lang='lat' dir='ltr'><strong>non</strong></span> <span class='ocrx_word' id='word_1_754' title='bbox 2035 3844 2433 3914; x_wconf 85' lang='lat' dir='ltr'><strong>imprimeretur</strong></span> <span class='ocrx_word' id='word_1_755' title='bbox 2453 3842 2669 3909; x_wconf 67' lang='lat' dir='ltr'><strong>animae,</strong></span> <span class='ocrx_word' id='word_1_756' title='bbox 2693 3842 2794 3896; x_wconf 84' lang='lat' dir='ltr'><strong>nisi</strong></span> <span class='ocrx_word' id='word_1_757' title='bbox 2822 3852 2966 3898; x_wconf 84' lang='lat' dir='ltr'><strong>esset</strong></span> <span class='ocrx_word' id='word_1_758' title='bbox 2992 3844 3163 3914; x_wconf 86' lang='lat' dir='ltr'><strong>aliqua</strong></span> <span class='ocrx_word' id='word_1_759' title='bbox 3194 3845 3488 3900; x_wconf 63' lang='lat' dir='ltr'><strong>incommuo</strong></span> 
     </span>
    </p>
   </div>
   <div class='ocr_carea' id='block_1_99' title="bbox 1903 3933 3483 4006">
    <p class='ocr_par' dir='ltr' id='par_1_99' title="bbox 1903 3933 3483 4006">
     <span class='ocr_line' id='line_1_99' title="bbox 1903 3933 3483 4006; baseline 0.001 -16"><span class='ocrx_word' id='word_1_760' title='bbox 1903 3936 2081 3991; x_wconf 82' lang='lat' dir='ltr'><strong>labilis</strong></span> <span class='ocrx_word' id='word_1_761' title='bbox 2099 3933 2301 4004; x_wconf 87' lang='lat' dir='ltr'><strong>justitia</strong></span> <span class='ocrx_word' id='word_1_762' title='bbox 2321 3975 2339 4001; x_wconf 95' lang='lat'><strong>,</strong></span> <span class='ocrx_word' id='word_1_763' title='bbox 2368 3949 2488 4003; x_wconf 78' lang='lat' dir='ltr'><strong>qua:</strong></span> <span class='ocrx_word' id='word_1_764' title='bbox 2515 3933 2717 4003; x_wconf 88' lang='lat' dir='ltr'><strong>integra</strong></span> <span class='ocrx_word' id='word_1_765' title='bbox 2748 3933 3075 3989; x_wconf 84' lang='lat' dir='ltr'><strong>inveniretur</strong></span> <span class='ocrx_word' id='word_1_766' title='bbox 3098 3954 3127 3988; x_wconf 72' lang='grc' dir='ltr'>τι</span> <span class='ocrx_word' id='word_1_767' title='bbox 3149 3936 3306 4006; x_wconf 88' lang='lat' dir='ltr'><strong>justis</strong></span> <span class='ocrx_word' id='word_1_768' title='bbox 3324 3979 3338 4004; x_wconf 96' lang='lat'><strong>,</strong></span> <span class='ocrx_word' id='word_1_769' title='bbox 3361 3952 3483 3991; x_wconf 89' lang='lat' dir='ltr'><strong>cum</strong></span> 
     </span>
    </p>
   </div>
   <div class='ocr_carea' id='block_1_100' title="bbox 1902 4025 3488 4098">
    <p class='ocr_par' dir='ltr' id='par_1_100' title="bbox 1902 4025 3488 4098">
     <span class='ocr_line' id='line_1_100' title="bbox 1902 4025 3488 4098; baseline 0.001 -17"><span class='ocrx_word' id='word_1_770' title='bbox 1902 4027 1969 4082; x_wconf 91' lang='lat' dir='ltr'><strong>ad</strong></span> <span class='ocrx_word' id='word_1_771' title='bbox 1994 4032 2113 4081; x_wconf 86' lang='lat' dir='ltr'><strong>eam</strong></span> <span class='ocrx_word' id='word_1_772' title='bbox 2141 4034 2615 4090; x_wconf 88' lang='lat' dir='ltr'><strong>converterentur;</strong></span> <span class='ocrx_word' id='word_1_773' title='bbox 2644 4025 2845 4095; x_wconf 85' lang='lat' dir='ltr'><strong>integra</strong></span> <span class='ocrx_word' id='word_1_774' title='bbox 2884 4027 3272 4097; x_wconf 87' lang='lat' dir='ltr'><strong>relinqueretur</strong></span> <span class='ocrx_word' id='word_1_775' title='bbox 3296 4045 3324 4081; x_wconf 86' lang='lat' dir='ltr'><strong>a</strong></span> <span class='ocrx_word' id='word_1_776' title='bbox 3362 4044 3488 4098; x_wconf 88' lang='lat' dir='ltr'><strong>pec-</strong></span> 
     </span>
    </p>
   </div>
   <div class='ocr_carea' id='block_1_101' title="bbox 1902 4116 3490 4189">
    <p class='ocr_par' dir='ltr' id='par_1_101' title="bbox 1902 4116 3490 4189">
     <span class='ocr_line' id='line_1_101' title="bbox 1902 4116 3490 4189; baseline 0.002 -18"><span class='ocrx_word' id='word_1_777' title='bbox 1902 4118 2160 4179; x_wconf 87' lang='lat' dir='ltr'><strong>cantibus,</strong></span> <span class='ocrx_word' id='word_1_778' title='bbox 2193 4131 2314 4170; x_wconf 89' lang='lat' dir='ltr'><strong>cum</strong></span> <span class='ocrx_word' id='word_1_779' title='bbox 2344 4117 2413 4170; x_wconf 93' lang='lat' dir='ltr'><strong>ab</strong></span> <span class='ocrx_word' id='word_1_780' title='bbox 2431 4116 2548 4184; x_wconf 84' lang='lat' dir='ltr'><strong>ejus</strong></span> <span class='ocrx_word' id='word_1_781' title='bbox 2586 4116 2788 4171; x_wconf 88' lang='lat' dir='ltr'><strong>lumine</strong></span> <span class='ocrx_word' id='word_1_782' title='bbox 2823 4126 3209 4173; x_wconf 88' lang='lat' dir='ltr'><strong>averterentur.</strong></span> <span class='ocrx_word' id='word_1_783' title='bbox 3240 4118 3369 4187; x_wconf 61' lang='lat' dir='ltr'><strong>Quae</strong></span> <span class='ocrx_word' id='word_1_784' title='bbox 3402 4121 3490 4189; x_wconf 68' lang='lat' dir='ltr'><strong>ju.</strong></span> 
     </span>
    </p>
   </div>
   <div class='ocr_carea' id='block_1_102' title="bbox 1903 4207 3482 4280">
    <p class='ocr_par' dir='ltr' id='par_1_102' title="bbox 1903 4207 3482 4280">
     <span class='ocr_line' id='line_1_102' title="bbox 1903 4207 3482 4280; baseline 0.002 -18"><span class='ocrx_word' id='word_1_785' title='bbox 1903 4210 2043 4262; x_wconf 87' lang='lat' dir='ltr'><strong>stitia</strong></span> <span class='ocrx_word' id='word_1_786' title='bbox 2072 4207 2519 4263; x_wconf 89' lang='lat' dir='ltr'><strong>incommutabilis</strong></span> <span class='ocrx_word' id='word_1_787' title='bbox 2549 4207 2731 4277; x_wconf 90' lang='lat' dir='ltr'><strong>utique</strong></span> <span class='ocrx_word' id='word_1_788' title='bbox 2780 4208 2870 4262; x_wconf 91' lang='lat' dir='ltr'><strong>Dei</strong></span> <span class='ocrx_word' id='word_1_789' title='bbox 2894 4216 2978 4264; x_wconf 90' lang='lat' dir='ltr'><strong>est</strong></span> <span class='ocrx_word' id='word_1_790' title='bbox 2997 4211 3040 4276; x_wconf 78' lang='lat'><strong>&#39;,</strong></span> <span class='ocrx_word' id='word_1_791' title='bbox 3072 4224 3172 4265; x_wconf 88' lang='lat' dir='ltr'><strong>nec</strong></span> <span class='ocrx_word' id='word_1_792' title='bbox 3199 4225 3317 4265; x_wconf 86' lang='lat' dir='ltr'><strong>eam</strong></span> <span class='ocrx_word' id='word_1_793' title='bbox 3357 4226 3482 4280; x_wconf 83' lang='lat' dir='ltr'><strong>por-</strong></span> 
     </span>
    </p>
   </div>
   <div class='ocr_carea' id='block_1_103' title="bbox 1903 4297 3488 4368">
    <p class='ocr_par' dir='ltr' id='par_1_103' title="bbox 1903 4297 3488 4368">
     <span class='ocr_line' id='line_1_103' title="bbox 1903 4297 3488 4368; baseline 0.001 -15"><span class='ocrx_word' id='word_1_794' title='bbox 1903 4300 2100 4368; x_wconf 89' lang='lat' dir='ltr'><strong>rigeret</strong></span> <span class='ocrx_word' id='word_1_795' title='bbox 2126 4297 2192 4351; x_wconf 89' lang='lat' dir='ltr'><strong>ad</strong></span> <span class='ocrx_word' id='word_1_796' title='bbox 2219 4297 2558 4352; x_wconf 88' lang='lat' dir='ltr'><strong>illustrandos</strong></span> <span class='ocrx_word' id='word_1_797' title='bbox 2582 4297 2646 4351; x_wconf 85' lang='lat' dir='ltr'><strong>ad</strong></span> <span class='ocrx_word' id='word_1_798' title='bbox 2676 4313 2733 4352; x_wconf 87' lang='lat' dir='ltr'><strong>se</strong></span> <span class='ocrx_word' id='word_1_799' title='bbox 2752 4312 3063 4365; x_wconf 82' lang='lat' dir='ltr'><strong>conversos,</strong></span> <span class='ocrx_word' id='word_1_800' title='bbox 3086 4301 3129 4353; x_wconf 86' lang='lat' dir='ltr'><strong>si</strong></span> <span class='ocrx_word' id='word_1_801' title='bbox 3170 4315 3259 4355; x_wconf 90' lang='lat' dir='ltr'><strong>res</strong></span> <span class='ocrx_word' id='word_1_802' title='bbox 3302 4300 3488 4355; x_wconf 82' lang='lat' dir='ltr'><strong>huma-</strong></span> 
     </span>
    </p>
   </div>
   <div class='ocr_carea' id='block_1_104' title="bbox 1903 4389 3486 4463">
    <p class='ocr_par' dir='ltr' id='par_1_104' title="bbox 1903 4389 3486 4463">
     <span class='ocr_line' id='line_1_104' title="bbox 1903 4389 3486 4463; baseline 0.001 -18"><span class='ocrx_word' id='word_1_803' title='bbox 1903 4406 2001 4446; x_wconf 88' lang='lat' dir='ltr'><strong>nas</strong></span> <span class='ocrx_word' id='word_1_804' title='bbox 2039 4404 2144 4443; x_wconf 90' lang='lat' dir='ltr'><strong>non</strong></span> <span class='ocrx_word' id='word_1_805' title='bbox 2180 4398 2414 4444; x_wconf 89' lang='lat' dir='ltr'><strong>curaret.</strong></span> <span class='ocrx_word' id='word_1_806' title='bbox 2440 4389 2496 4444; x_wconf 91' lang='lat' dir='ltr'><strong>Si</strong></span> <span class='ocrx_word' id='word_1_807' title='bbox 2551 4404 2680 4443; x_wconf 85' lang='lat' dir='ltr'><strong>vero</strong></span> <span class='ocrx_word' id='word_1_808' title='bbox 2720 4399 3000 4459; x_wconf 76' lang='lat' dir='ltr'><strong>propterea</strong></span> <span class='ocrx_word' id='word_1_809' title='bbox 3052 4391 3231 4460; x_wconf 88' lang='lat' dir='ltr'><strong>gravia</strong></span> <span class='ocrx_word' id='word_1_810' title='bbox 3284 4395 3486 4463; x_wconf 77' lang='lat' dir='ltr'><strong>perpeti</strong></span> 
     </span>
    </p>
   </div>
   <div class='ocr_carea' id='block_1_105' title="bbox 1898 4479 3491 4549">
    <p class='ocr_par' dir='ltr' id='par_1_105' title="bbox 1898 4479 3491 4549">
     <span class='ocr_line' id='line_1_105' title="bbox 1898 4479 3491 4549; baseline 0.003 -16"><span class='ocrx_word' id='word_1_811' title='bbox 1898 4479 2072 4549; x_wconf 83' lang='lat' dir='ltr'><strong>justos</strong></span> <span class='ocrx_word' id='word_1_812' title='bbox 2101 4479 2302 4534; x_wconf 86' lang='lat' dir='ltr'><strong>sineret</strong></span> <span class='ocrx_word' id='word_1_813' title='bbox 2326 4479 2369 4546; x_wconf 85' lang='grc'><strong>⁸,</strong></span> <span class='ocrx_word' id='word_1_814' title='bbox 2392 4479 2516 4548; x_wconf 89' lang='lat' dir='ltr'><strong>quia</strong></span> <span class='ocrx_word' id='word_1_815' title='bbox 2542 4487 2726 4533; x_wconf 91' lang='lat' dir='ltr'><strong>contra</strong></span> <span class='ocrx_word' id='word_1_816' title='bbox 2755 4479 3000 4534; x_wconf 89' lang='lat' dir='ltr'><strong>ordinem</strong></span> <span class='ocrx_word' id='word_1_817' title='bbox 3030 4495 3205 4535; x_wconf 90' lang='lat' dir='ltr'><strong>rerum</strong></span> <span class='ocrx_word' id='word_1_818' title='bbox 3237 4497 3266 4535; x_wconf 88' lang='lat' dir='ltr'><strong>a</strong></span> <span class='ocrx_word' id='word_1_819' title='bbox 3296 4498 3355 4538; x_wconf 89' lang='lat' dir='ltr'><strong>se</strong></span> <span class='ocrx_word' id='word_1_820' title='bbox 3380 4483 3491 4537; x_wconf 83' lang='lat' dir='ltr'><strong>dis-</strong></span> 
     </span>
    </p>
   </div>
   <div class='ocr_carea' id='block_1_106' title="bbox 1907 4570 3488 4640">
    <p class='ocr_par' dir='ltr' id='par_1_106' title="bbox 1907 4570 3488 4640">
     <span class='ocr_line' id='line_1_106' title="bbox 1907 4570 3488 4640; baseline 0.003 -17"><span class='ocrx_word' id='word_1_821' title='bbox 1907 4571 2137 4640; x_wconf 85' lang='lat' dir='ltr'><strong>positum</strong></span> <span class='ocrx_word' id='word_1_822' title='bbox 2186 4570 2352 4626; x_wconf 90' lang='lat' dir='ltr'><strong>nollet</strong></span> <span class='ocrx_word' id='word_1_823' title='bbox 2386 4571 2594 4633; x_wconf 87' lang='lat' dir='ltr'><strong>venire,</strong></span> <span class='ocrx_word' id='word_1_824' title='bbox 2638 4584 2740 4625; x_wconf 88' lang='lat' dir='ltr'><strong>nec</strong></span> <span class='ocrx_word' id='word_1_825' title='bbox 2782 4571 2900 4640; x_wconf 85' lang='lat' dir='ltr'><strong>ipse</strong></span> <span class='ocrx_word' id='word_1_826' title='bbox 2934 4572 3113 4640; x_wconf 88' lang='lat' dir='ltr'><strong>justus</strong></span> <span class='ocrx_word' id='word_1_827' title='bbox 3154 4582 3337 4637; x_wconf 87' lang='lat' dir='ltr'><strong>esset;</strong></span> <span class='ocrx_word' id='word_1_828' title='bbox 3383 4590 3488 4628; x_wconf 89' lang='lat' dir='ltr'><strong>nou</strong></span> 
     </span>
    </p>
   </div>
   <div class='ocr_carea' id='block_1_107' title="bbox 1904 4662 3488 4733">
    <p class='ocr_par' dir='ltr' id='par_1_107' title="bbox 1904 4662 3488 4733">
     <span class='ocr_line' id='line_1_107' title="bbox 1904 4662 3488 4733; baseline 0.003 -18"><span class='ocrx_word' id='word_1_829' title='bbox 1904 4662 2025 4732; x_wconf 87' lang='lat' dir='ltr'><strong>quia</strong></span> <span class='ocrx_word' id='word_1_830' title='bbox 2050 4662 2459 4731; x_wconf 86' lang='lat' dir='ltr'><strong>dispositionem</strong></span> <span class='ocrx_word' id='word_1_831' title='bbox 2484 4676 2637 4716; x_wconf 89' lang='lat' dir='ltr'><strong>suam</strong></span> <span class='ocrx_word' id='word_1_832' title='bbox 2665 4675 2881 4717; x_wconf 85' lang='lat' dir='ltr'><strong>servare</strong></span> <span class='ocrx_word' id='word_1_833' title='bbox 2923 4663 3037 4717; x_wconf 90' lang='lat' dir='ltr'><strong>vult</strong></span> <span class='ocrx_word' id='word_1_834' title='bbox 3059 4704 3074 4729; x_wconf 93' lang='lat'><strong>,</strong></span> <span class='ocrx_word' id='word_1_835' title='bbox 3111 4664 3205 4718; x_wconf 88' lang='lat' dir='ltr'><strong>sed</strong></span> <span class='ocrx_word' id='word_1_836' title='bbox 3251 4665 3373 4733; x_wconf 86' lang='lat' dir='ltr'><strong>quia</strong></span> <span class='ocrx_word' id='word_1_837' title='bbox 3420 4666 3488 4719; x_wconf 85' lang='lat' dir='ltr'><strong>ita</strong></span> 
     </span>
    </p>
   </div>
   <div class='ocr_carea' id='block_1_108' title="bbox 1902 4752 3490 4826">
    <p class='ocr_par' dir='ltr' id='par_1_108' title="bbox 1902 4752 3490 4826">
     <span class='ocr_line' id='line_1_108' title="bbox 1902 4752 3490 4826; baseline 0.003 -19"><span class='ocrx_word' id='word_1_838' title='bbox 1902 4753 2165 4824; x_wconf 89' lang='lat' dir='ltr'><strong>disposuit</strong></span> <span class='ocrx_word' id='word_1_839' title='bbox 2185 4753 2355 4824; x_wconf 89' lang='lat' dir='ltr'><strong>ipsum</strong></span> <span class='ocrx_word' id='word_1_840' title='bbox 2382 4752 2625 4809; x_wconf 86' lang='lat' dir='ltr'><strong>ordinem</strong></span> <span class='ocrx_word' id='word_1_841' title='bbox 2647 4768 2827 4809; x_wconf 89' lang='lat' dir='ltr'><strong>rerum</strong></span> <span class='ocrx_word' id='word_1_842' title='bbox 2851 4793 2869 4820; x_wconf 93' lang='lat'><strong>,</strong></span> <span class='ocrx_word' id='word_1_843' title='bbox 2907 4763 2968 4809; x_wconf 92' lang='lat' dir='ltr'><strong>ut</strong></span> <span class='ocrx_word' id='word_1_844' title='bbox 3011 4754 3290 4810; x_wconf 89' lang='lat' dir='ltr'><strong>immeritis</strong></span> <span class='ocrx_word' id='word_1_845' title='bbox 3320 4758 3490 4826; x_wconf 63' lang='lat' dir='ltr'><strong>prunis</strong></span> 
     </span>
    </p>
   </div>
   <div class='ocr_carea' id='block_1_109' title="bbox 1899 4843 3482 4914">
    <p class='ocr_par' dir='ltr' id='par_1_109' title="bbox 1899 4843 3482 4914">
     <span class='ocr_line' id='line_1_109' title="bbox 1899 4843 3482 4914; baseline 0.002 -17"><span class='ocrx_word' id='word_1_846' title='bbox 1899 4843 2361 4914; x_wconf 83' lang='lat' dir='ltr'><strong>justial‘lligautur.</strong></span> <span class='ocrx_word' id='word_1_847' title='bbox 2386 4843 2441 4899; x_wconf 90' lang='lat' dir='ltr'><strong>In</strong></span> <span class='ocrx_word' id='word_1_848' title='bbox 2468 4843 2648 4914; x_wconf 86' lang='lat' dir='ltr'><strong>aliquo</strong></span> <span class='ocrx_word' id='word_1_849' title='bbox 2670 4854 2847 4899; x_wconf 86' lang='lat' dir='ltr'><strong>autem</strong></span> <span class='ocrx_word' id='word_1_850' title='bbox 2874 4845 3038 4900; x_wconf 89' lang='lat' dir='ltr'><strong>Deum</strong></span> <span class='ocrx_word' id='word_1_851' title='bbox 3055 4861 3177 4901; x_wconf 88' lang='lat' dir='ltr'><strong>esse</strong></span> <span class='ocrx_word' id='word_1_852' title='bbox 3200 4848 3482 4901; x_wconf 81' lang='lat' dir='ltr'><strong>invalidum</strong></span> 
     </span>
    </p>
   </div>
   <div class='ocr_carea' id='block_1_110' title="bbox 1903 4935 3490 5007">
    <p class='ocr_par' dir='ltr' id='par_1_110' title="bbox 1903 4935 3490 5007">
     <span class='ocr_line' id='line_1_110' title="bbox 1903 4935 3490 5007; baseline 0.001 -19"><span class='ocrx_word' id='word_1_853' title='bbox 1903 4935 1970 4989; x_wconf 88' lang='lat' dir='ltr'><strong>ad</strong></span> <span class='ocrx_word' id='word_1_854' title='bbox 1984 4936 2289 5005; x_wconf 84' lang='lat' dir='ltr'><strong>repellenda</strong></span> <span class='ocrx_word' id='word_1_855' title='bbox 2308 4936 2442 4990; x_wconf 90' lang='lat' dir='ltr'><strong>mala</strong></span> <span class='ocrx_word' id='word_1_856' title='bbox 2458 4951 2579 5005; x_wconf 80' lang='lat' dir='ltr'><strong>qua:</strong></span> <span class='ocrx_word' id='word_1_857' title='bbox 2589 4935 2717 5005; x_wconf 85' lang='lat' dir='ltr'><strong>justi</strong></span> <span class='ocrx_word' id='word_1_858' title='bbox 2739 4937 3030 5006; x_wconf 82' lang='lat' dir='ltr'><strong>patiuntur,</strong></span> <span class='ocrx_word' id='word_1_859' title='bbox 3048 4937 3286 5007; x_wconf 87' lang='lat' dir='ltr'><strong>quisquis</strong></span> <span class='ocrx_word' id='word_1_860' title='bbox 3305 4937 3490 5005; x_wconf 78' lang='lat' dir='ltr'><strong>opina-</strong></span> 
     </span>
    </p>
   </div>
   <div class='ocr_carea' id='block_1_111' title="bbox 1903 5025 3490 5099">
    <p class='ocr_par' dir='ltr' id='par_1_111' title="bbox 1903 5025 3490 5099">
     <span class='ocr_line' id='line_1_111' title="bbox 1903 5025 3490 5099; baseline -0.001 -17"><span class='ocrx_word' id='word_1_861' title='bbox 1903 5038 2011 5095; x_wconf 89' lang='lat' dir='ltr'><strong>tur,</strong></span> <span class='ocrx_word' id='word_1_862' title='bbox 2031 5027 2150 5081; x_wconf 89' lang='lat' dir='ltr'><strong>ideo</strong></span> <span class='ocrx_word' id='word_1_863' title='bbox 2163 5025 2377 5096; x_wconf 87' lang='lat' dir='ltr'><strong>desipit,</strong></span> <span class='ocrx_word' id='word_1_864' title='bbox 2396 5027 2518 5096; x_wconf 88' lang='lat' dir='ltr'><strong>quia</strong></span> <span class='ocrx_word' id='word_1_865' title='bbox 2536 5041 2643 5081; x_wconf 91' lang='lat' dir='ltr'><strong>non</strong></span> <span class='ocrx_word' id='word_1_866' title='bbox 2662 5026 2923 5099; x_wconf 89' lang='lat' dir='ltr'><strong>intelligit,</strong></span> <span class='ocrx_word' id='word_1_867' title='bbox 2941 5027 3079 5082; x_wconf 89' lang='lat' dir='ltr'><strong>sicut</strong></span> <span class='ocrx_word' id='word_1_868' title='bbox 3095 5025 3240 5081; x_wconf 78' lang='lat' dir='ltr'><strong>nefas</strong></span> <span class='ocrx_word' id='word_1_869' title='bbox 3254 5033 3336 5080; x_wconf 88' lang='lat' dir='ltr'><strong>est</strong></span> <span class='ocrx_word' id='word_1_870' title='bbox 3354 5026 3490 5095; x_wconf 85' lang='lat' dir='ltr'><strong>inju-</strong></span> 
     </span>
    </p>
   </div>
   <div class='ocr_carea' id='block_1_112' title="bbox 1902 5117 3487 5189">
    <p class='ocr_par' dir='ltr' id='par_1_112' title="bbox 1902 5117 3487 5189">
     <span class='ocr_line' id='line_1_112' title="bbox 1902 5117 3487 5189; baseline 0.001 -13"><span class='ocrx_word' id='word_1_871' title='bbox 1902 5130 2044 5176; x_wconf 89' lang='lat' dir='ltr'><strong>stum</strong></span> <span class='ocrx_word' id='word_1_872' title='bbox 2060 5119 2227 5174; x_wconf 90' lang='lat' dir='ltr'><strong>Deum</strong></span> <span class='ocrx_word' id='word_1_873' title='bbox 2243 5117 2440 5186; x_wconf 89' lang='lat' dir='ltr'><strong>dicere,</strong></span> <span class='ocrx_word' id='word_1_874' title='bbox 2459 5118 2528 5173; x_wconf 85' lang='lat' dir='ltr'><strong>ita</strong></span> <span class='ocrx_word' id='word_1_875' title='bbox 2546 5118 2693 5174; x_wconf 80' lang='lat' dir='ltr'><strong>nefas</strong></span> <span class='ocrx_word' id='word_1_876' title='bbox 2707 5121 3254 5189; x_wconf 86' lang='lat' dir='ltr'><strong>esseomnipotentem</strong></span> <span class='ocrx_word' id='word_1_877' title='bbox 3272 5132 3487 5188; x_wconf 87' lang='lat' dir='ltr'><strong>negare.</strong></span> 
     </span>
    </p>
   </div>
   <div class='ocr_carea' id='block_1_113' title="bbox 1975 5207 3490 5279">
    <p class='ocr_par' dir='ltr' id='par_1_113' title="bbox 1975 5207 3490 5279">
     <span class='ocr_line' id='line_1_113' title="bbox 1975 5207 3490 5279; baseline -0.002 -13"><span class='ocrx_word' id='word_1_878' title='bbox 1975 5213 2029 5267; x_wconf 79' lang='lat'><strong>3.</strong></span> <span class='ocrx_word' id='word_1_879' title='bbox 2067 5210 2272 5278; x_wconf 82' lang='lat' dir='ltr'><strong>Quibus</strong></span> <span class='ocrx_word' id='word_1_880' title='bbox 2300 5223 2396 5279; x_wconf 90' lang='lat' dir='ltr'><strong>pro</strong></span> <span class='ocrx_word' id='word_1_881' title='bbox 2419 5217 2658 5279; x_wconf 87' lang='lat' dir='ltr'><strong>tempore</strong></span> <span class='ocrx_word' id='word_1_882' title='bbox 2697 5216 2957 5279; x_wconf 80' lang='lat' dir='ltr'><strong>suscepta:</strong></span> <span class='ocrx_word' id='word_1_883' title='bbox 2984 5207 3292 5277; x_wconf 69' lang='lat' dir='ltr'><strong>qumstionis</strong></span> <span class='ocrx_word' id='word_1_884' title='bbox 3320 5207 3490 5263; x_wconf 88' lang='lat' dir='ltr'><strong>brevi-</strong></span> 
     </span>
    </p>
   </div>
   <div class='ocr_carea' id='block_1_114' title="bbox 1905 5297 3492 5371">
    <p class='ocr_par' dir='ltr' id='par_1_114' title="bbox 1905 5297 3492 5371">
     <span class='ocr_line' id='line_1_114' title="bbox 1905 5297 3492 5371; baseline -0.003 -11"><span class='ocrx_word' id='word_1_885' title='bbox 1905 5313 1989 5359; x_wconf 88' lang='lat' dir='ltr'><strong>ter</strong></span> <span class='ocrx_word' id='word_1_886' title='bbox 2015 5302 2339 5368; x_wconf 89' lang='lat' dir='ltr'><strong>constitutis,</strong></span> <span class='ocrx_word' id='word_1_887' title='bbox 2367 5301 2491 5371; x_wconf 89' lang='lat' dir='ltr'><strong>quia</strong></span> <span class='ocrx_word' id='word_1_888' title='bbox 2525 5309 2581 5356; x_wconf 88' lang='lat' dir='ltr'><strong>et</strong></span> <span class='ocrx_word' id='word_1_889' title='bbox 2605 5301 2777 5371; x_wconf 90' lang='lat' dir='ltr'><strong>ipsum</strong></span> <span class='ocrx_word' id='word_1_890' title='bbox 2825 5300 2988 5354; x_wconf 88' lang='lat' dir='ltr'><strong>Deum</strong></span> <span class='ocrx_word' id='word_1_891' title='bbox 3024 5307 3076 5353; x_wconf 86' lang='lat' dir='ltr'><strong>et</strong></span> <span class='ocrx_word' id='word_1_892' title='bbox 3100 5297 3303 5368; x_wconf 89' lang='lat' dir='ltr'><strong>justum</strong></span> <span class='ocrx_word' id='word_1_893' title='bbox 3332 5308 3492 5369; x_wconf 85' lang='lat' dir='ltr'><strong>atque</strong></span> 
     </span>
    </p>
   </div>
   <div class='ocr_carea' id='block_1_115' title="bbox 1905 5388 3496 5464">
    <p class='ocr_par' dir='ltr' id='par_1_115' title="bbox 1905 5388 3496 5464">
     <span class='ocr_line' id='line_1_115' title="bbox 1905 5388 3496 5464; baseline -0.004 -11"><span class='ocrx_word' id='word_1_894' title='bbox 1905 5396 2325 5464; x_wconf 88' lang='lat' dir='ltr'><strong>omnipotentem</strong></span> <span class='ocrx_word' id='word_1_895' title='bbox 2372 5407 2513 5459; x_wconf 84' lang='lat' dir='ltr'><strong>esse,</strong></span> <span class='ocrx_word' id='word_1_896' title='bbox 2560 5388 3022 5462; x_wconf 79' lang='lat' dir='ltr'><strong>perniciosissima:</strong></span> <span class='ocrx_word' id='word_1_897' title='bbox 3068 5388 3359 5459; x_wconf 87' lang='lat' dir='ltr'><strong>iniquitatis</strong></span> <span class='ocrx_word' id='word_1_898' title='bbox 3409 5398 3496 5447; x_wconf 87' lang='lat' dir='ltr'><strong>est</strong></span> 
     </span>
    </p>
   </div>
   <div class='ocr_carea' id='block_1_116' title="bbox 1967 5493 2619 5553">
    <p class='ocr_par' dir='ltr' id='par_1_116' title="bbox 1967 5493 2619 5553">
     <span class='ocr_line' id='line_1_116' title="bbox 1967 5493 2619 5553; baseline -0.009 -9"><span class='ocrx_word' id='word_1_899' title='bbox 1967 5496 1986 5528; x_wconf 79' lang='grc' dir='ltr'><strong>ι</strong></span> <span class='ocrx_word' id='word_1_900' title='bbox 2010 5502 2132 5543; x_wconf 78' lang='lat' dir='ltr'><strong>Tres</strong></span> <span class='ocrx_word' id='word_1_901' title='bbox 2149 5499 2279 5553; x_wconf 55' lang='lat' dir='ltr'><strong>Iam,</strong></span> <span class='ocrx_word' id='word_1_902' title='bbox 2301 5493 2619 5542; x_wconf 56' lang='lat' dir='ltr'><strong>metantur.</strong></span> 
     </span>
    </p>
   </div>
   <div class='ocr_carea' id='block_1_117' title="bbox 1966 5558 3493 5613">
    <p class='ocr_par' dir='ltr' id='par_1_117' title="bbox 1966 5558 3493 5613">
     <span class='ocr_line' id='line_1_117' title="bbox 1966 5558 3493 5613; baseline -0.003 -8"><span class='ocrx_word' id='word_1_903' title='bbox 1966 5558 2540 5613; x_wconf 68' lang='lat' dir='ltr'><strong>&#39;nesnss,Deusest.</strong></span> <span class='ocrx_word' id='word_1_904' title='bbox 2726 5608 2793 5613; x_wconf 21' lang='grc' dir='ltr'><em>ν,</em></span> <span class='ocrx_word' id='word_1_905' title='bbox 3288 5611 3297 5613; x_wconf 78' lang='lat'><strong><em>_</em></strong></span> <span class='ocrx_word' id='word_1_906' title='bbox 3490 5590 3493 5591; x_wconf 43' lang='grc' dir='ltr'><em>ν</em></span> 
     </span>
    </p>
   </div>
   <div class='ocr_carea' id='block_1_118' title="bbox 1968 5608 3492 5674">
    <p class='ocr_par' dir='ltr' id='par_1_118' title="bbox 1968 5608 3492 5674">
     <span class='ocr_line' id='line_1_118' title="bbox 1968 5608 3492 5674; baseline -0.003 -8"><span class='ocrx_word' id='word_1_907' title='bbox 1968 5618 1990 5650; x_wconf 82' lang='grc'>³</span> <span class='ocrx_word' id='word_1_908' title='bbox 2013 5622 2086 5665; x_wconf 79' lang='lat' dir='ltr'><strong>Er.</strong></span> <span class='ocrx_word' id='word_1_909' title='bbox 2102 5622 2153 5665; x_wconf 90' lang='lat' dir='ltr'><strong>et</strong></span> <span class='ocrx_word' id='word_1_910' title='bbox 2170 5608 2278 5665; x_wconf 65' lang='lat' dir='ltr'><strong>Lov&#39;.</strong></span> <span class='ocrx_word' id='word_1_911' title='bbox 2299 5626 2394 5663; x_wconf 83' lang='lat' dir='ltr'><strong>non</strong></span> <span class='ocrx_word' id='word_1_912' title='bbox 2413 5613 2620 5674; x_wconf 74' lang='lat' dir='ltr'><strong>sineret;</strong></span> <span class='ocrx_word' id='word_1_913' title='bbox 2638 5619 2687 5661; x_wconf 88' lang='lat' dir='ltr'><strong>et</strong></span> <span class='ocrx_word' id='word_1_914' title='bbox 2721 5608 2860 5673; x_wconf 69' lang='lat' dir='ltr'><strong>intra,</strong></span> <span class='ocrx_word' id='word_1_915' title='bbox 2883 5624 3076 5674; x_wconf 64' lang='lat' dir='ltr'><strong>scrvare</strong></span> <span class='ocrx_word' id='word_1_916' title='bbox 3094 5624 3187 5661; x_wconf 82' lang='lat' dir='ltr'><strong>non</strong></span> <span class='ocrx_word' id='word_1_917' title='bbox 3220 5611 3316 5662; x_wconf 80' lang='lat' dir='ltr'><strong>vult</strong></span> <span class='ocrx_word' id='word_1_918' title='bbox 3344 5613 3492 5674; x_wconf 82' lang='lat' dir='ltr'><strong>:qul-</strong></span> 
     </span>
    </p>
   </div>
   <div class='ocr_carea' id='block_1_119' title="bbox 1904 5673 3492 5738">
    <p class='ocr_par' dir='ltr' id='par_1_119' title="bbox 1904 5673 3492 5738">
     <span class='ocr_line' id='line_1_119' title="bbox 1904 5673 3492 5738; baseline -0.004 -10"><span class='ocrx_word' id='word_1_919' title='bbox 1904 5682 1998 5731; x_wconf 87' lang='lat' dir='ltr'><strong>bus</strong></span> <span class='ocrx_word' id='word_1_920' title='bbox 2017 5679 2207 5728; x_wconf 87' lang='lat' dir='ltr'><strong>duobus</strong></span> <span class='ocrx_word' id='word_1_921' title='bbox 2228 5676 2347 5726; x_wconf 86' lang='lat' dir='ltr'><strong>locis</strong></span> <span class='ocrx_word' id='word_1_922' title='bbox 2368 5673 2597 5738; x_wconf 82' lang='lat' dir='ltr'><strong>particula</strong></span> <span class='ocrx_word' id='word_1_923' title='bbox 2618 5687 2806 5736; x_wconf 82' lang='lat' dir='ltr'><strong>negans</strong></span> <span class='ocrx_word' id='word_1_924' title='bbox 2828 5687 2855 5722; x_wconf 89' lang='lat' dir='ltr'><strong>a</strong></span> <span class='ocrx_word' id='word_1_925' title='bbox 2880 5673 3044 5738; x_wconf 85' lang='lat' dir='ltr'><strong>multis</strong></span> <span class='ocrx_word' id='word_1_926' title='bbox 3078 5683 3181 5724; x_wconf 74' lang='lat' dir='ltr'><strong>Mss.</strong></span> <span class='ocrx_word' id='word_1_927' title='bbox 3206 5675 3350 5723; x_wconf 81' lang='lat' dir='ltr'><strong>abest</strong></span> <span class='ocrx_word' id='word_1_928' title='bbox 3379 5673 3433 5722; x_wconf 82' lang='lat' dir='ltr'><strong>et</strong></span> <span class='ocrx_word' id='word_1_929' title='bbox 3463 5684 3492 5722; x_wconf 88' lang='lat' dir='ltr'><strong>a</strong></span> 
     </span>
    </p>
   </div>
   <div class='ocr_carea' id='block_1_120' title="bbox 1905 5736 3494 5799">
    <p class='ocr_par' dir='ltr' id='par_1_120' title="bbox 1905 5736 3494 5799">
     <span class='ocr_line' id='line_1_120' title="bbox 1905 5736 3494 5799; baseline -0.008 -6"><span class='ocrx_word' id='word_1_930' title='bbox 1905 5750 2006 5793; x_wconf 81' lang='lat' dir='ltr'><strong>ttat.</strong></span> <span class='ocrx_word' id='word_1_931' title='bbox 2036 5765 2097 5780; x_wconf 88' lang='lat'><strong>-—</strong></span> <span class='ocrx_word' id='word_1_932' title='bbox 2130 5747 2276 5798; x_wconf 80' lang='lat' dir='ltr'><strong>Quam</strong></span> <span class='ocrx_word' id='word_1_933' title='bbox 2319 5736 2500 5787; x_wconf 75' lang='lat' dir='ltr'><strong>habent</strong></span> <span class='ocrx_word' id='word_1_934' title='bbox 2540 5741 2613 5784; x_wconf 75' lang='lat' dir='ltr'><strong>Er.</strong></span> <span class='ocrx_word' id='word_1_935' title='bbox 2648 5741 2756 5786; x_wconf 72' lang='grc' dir='ltr'><strong>[ω’.</strong></span> <span class='ocrx_word' id='word_1_936' title='bbox 2784 5736 2929 5799; x_wconf 81' lang='lat' dir='ltr'><strong>Lugd.</strong></span> <span class='ocrx_word' id='word_1_937' title='bbox 2970 5744 3023 5787; x_wconf 81' lang='lat' dir='ltr'><strong>et</strong></span> <span class='ocrx_word' id='word_1_938' title='bbox 3061 5745 3208 5796; x_wconf 80' lang='lat' dir='ltr'><strong>\‘en.,</strong></span> <span class='ocrx_word' id='word_1_939' title='bbox 3252 5742 3302 5787; x_wconf 89' lang='lat' dir='ltr'><strong>ut</strong></span> <span class='ocrx_word' id='word_1_940' title='bbox 3341 5739 3415 5785; x_wconf 78' lang='lat' dir='ltr'><strong>Er.</strong></span> <span class='ocrx_word' id='word_1_941' title='bbox 3441 5741 3494 5788; x_wconf 83' lang='lat' dir='ltr'><strong>et</strong></span> 
     </span>
    </p>
   </div>
   <div class='ocr_carea' id='block_1_121' title="bbox 1905 5808 2136 5857">
    <p class='ocr_par' dir='ltr' id='par_1_121' title="bbox 1905 5808 2136 5857">
     <span class='ocr_line' id='line_1_121' title="bbox 1905 5808 2136 5857; baseline -0.022 0"><span class='ocrx_word' id='word_1_942' title='bbox 1905 5808 2136 5857; x_wconf 77' lang='grc' dir='ltr'>ιον.ιι.</span> 
     </span>
    </p>
   </div>
  </div>
