  <div class='ocr_page' id='page_1' title='image "/cluster/home/n/w/nwhite01/storage/ocr_20150623/40/hvd.32044024147290/055.png"; bbox 0 0 4000 6336; ppageno 0'>
   <div class='ocr_carea' id='block_1_1' title="bbox 40 5872 59 6119">
    <p class='ocr_par' dir='ltr' id='par_1_1' title="bbox 40 5872 59 6089">
     <span class='ocr_line' id='line_1_1' title="bbox 40 5872 59 5923; baseline 0.105 -2"><span class='ocrx_word' id='word_1_1' title='bbox 40 5872 59 5923; x_wconf 63' lang='lat' dir='ltr'><strong>ii</strong></span> 
     </span>
     <span class='ocr_line' id='line_1_2' title="bbox 40 6046 59 6089; baseline 0 0"><span class='ocrx_word' id='word_1_2' title='bbox 40 6046 59 6089; x_wconf 60' lang='grc' dir='ltr'><strong>εἰ</strong></span> 
     </span>
    </p>
   </div>
   <div class='ocr_carea' id='block_1_2' title="bbox 539 333 3787 405">
    <p class='ocr_par' dir='ltr' id='par_1_2' title="bbox 539 333 3787 405">
     <span class='ocr_line' id='line_1_3' title="bbox 539 333 3787 405; baseline -0.001 -10"><span class='ocrx_word' id='word_1_3' title='bbox 539 347 612 403; x_wconf 74' lang='lat'><strong>99</strong></span> <span class='ocrx_word' id='word_1_4' title='bbox 977 339 1065 395; x_wconf 84' lang='lat' dir='ltr'><strong>DE</strong></span> <span class='ocrx_word' id='word_1_5' title='bbox 1103 334 1415 393; x_wconf 79' lang='lat' dir='ltr'><strong>DIVERSIS</strong></span> <span class='ocrx_word' id='word_1_6' title='bbox 1450 333 1968 405; x_wconf 63' lang='lat' dir='ltr'><strong>QUAESTIONIBUS</strong></span> <span class='ocrx_word' id='word_1_7' title='bbox 2007 333 2286 403; x_wconf 71' lang='lat' dir='ltr'><strong>LXXXIII,</strong></span> <span class='ocrx_word' id='word_1_8' title='bbox 2328 334 2386 391; x_wconf 88' lang='lat' dir='ltr'><strong>S.</strong></span> <span class='ocrx_word' id='word_1_9' title='bbox 2430 335 2794 393; x_wconf 81' lang='lat' dir='ltr'><strong>AUGUSTINI</strong></span> <span class='ocrx_word' id='word_1_10' title='bbox 2838 336 3040 392; x_wconf 80' lang='lat' dir='ltr'><strong>LIBER</strong></span> <span class='ocrx_word' id='word_1_11' title='bbox 3080 335 3278 394; x_wconf 78' lang='lat' dir='ltr'><strong>UNUS.</strong></span> <span class='ocrx_word' id='word_1_12' title='bbox 3692 348 3787 403; x_wconf 66' lang='lat' dir='ltr'><strong>too</strong></span> 
     </span>
    </p>
   </div>
   <div class='ocr_carea' id='block_1_3' title="bbox 534 446 2115 520">
    <p class='ocr_par' dir='ltr' id='par_1_3' title="bbox 534 446 2115 520">
     <span class='ocr_line' id='line_1_4' title="bbox 534 446 2115 520; baseline -0.009 -8"><span class='ocrx_word' id='word_1_13' title='bbox 534 455 817 517; x_wconf 87' lang='lat' dir='ltr'><strong>dubitare;</strong></span> <span class='ocrx_word' id='word_1_14' title='bbox 842 452 985 507; x_wconf 90' lang='lat' dir='ltr'><strong>nulla</strong></span> <span class='ocrx_word' id='word_1_15' title='bbox 1020 466 1179 512; x_wconf 84' lang='lat' dir='ltr'><strong>causa</strong></span> <span class='ocrx_word' id='word_1_16' title='bbox 1206 449 1534 520; x_wconf 75' lang='lat' dir='ltr'><strong>probabilior</strong></span> <span class='ocrx_word' id='word_1_17' title='bbox 1569 448 1830 510; x_wconf 88' lang='lat' dir='ltr'><strong>occurrit,</strong></span> <span class='ocrx_word' id='word_1_18' title='bbox 1865 462 1961 501; x_wconf 90' lang='lat' dir='ltr'><strong>cur</strong></span> <span class='ocrx_word' id='word_1_19' title='bbox 1985 446 2115 515; x_wconf 69' lang='lat' dir='ltr'><strong>justi</strong></span> 
     </span>
    </p>
   </div>
   <div class='ocr_carea' id='block_1_4' title="bbox 541 537 2113 612">
    <p class='ocr_par' dir='ltr' id='par_1_4' title="bbox 541 537 2113 612">
     <span class='ocr_line' id='line_1_5' title="bbox 541 537 2113 612; baseline -0.008 -11"><span class='ocrx_word' id='word_1_20' title='bbox 541 546 784 601; x_wconf 85' lang='lat' dir='ltr'><strong>homines</strong></span> <span class='ocrx_word' id='word_1_21' title='bbox 818 542 1413 612; x_wconf 75' lang='lat' dir='ltr'><strong>laborentplerumque</strong></span> <span class='ocrx_word' id='word_1_22' title='bbox 1453 538 1503 591; x_wconf 92' lang='lat' dir='ltr'><strong>in</strong></span> <span class='ocrx_word' id='word_1_23' title='bbox 1549 538 1646 591; x_wconf 87' lang='lat' dir='ltr'><strong>hac</strong></span> <span class='ocrx_word' id='word_1_24' title='bbox 1684 538 1790 590; x_wconf 89' lang='lat' dir='ltr'><strong>vita</strong></span> <span class='ocrx_word' id='word_1_25' title='bbox 1816 577 1831 601; x_wconf 89' lang='lat'><strong>,</strong></span> <span class='ocrx_word' id='word_1_26' title='bbox 1863 537 1962 591; x_wconf 90' lang='lat' dir='ltr'><strong>nisi</strong></span> <span class='ocrx_word' id='word_1_27' title='bbox 1992 537 2113 606; x_wconf 84' lang='lat' dir='ltr'><strong>quia</strong></span> 
     </span>
    </p>
   </div>
   <div class='ocr_carea' id='block_1_5' title="bbox 540 627 2117 701">
    <p class='ocr_par' dir='ltr' id='par_1_5' title="bbox 540 627 2117 701">
     <span class='ocr_line' id='line_1_6' title="bbox 540 627 2117 701; baseline -0.008 -11"><span class='ocrx_word' id='word_1_28' title='bbox 540 636 643 690; x_wconf 89' lang='lat' dir='ltr'><strong>hoc</strong></span> <span class='ocrx_word' id='word_1_29' title='bbox 669 636 746 688; x_wconf 90' lang='lat' dir='ltr'><strong>eis</strong></span> <span class='ocrx_word' id='word_1_30' title='bbox 767 632 997 701; x_wconf 79' lang='lat' dir='ltr'><strong>expedit.</strong></span> <span class='ocrx_word' id='word_1_31' title='bbox 1029 631 1144 685; x_wconf 83' lang='lat' dir='ltr'><strong>Alia</strong></span> <span class='ocrx_word' id='word_1_32' title='bbox 1172 643 1253 684; x_wconf 89' lang='lat' dir='ltr'><strong>est</strong></span> <span class='ocrx_word' id='word_1_33' title='bbox 1286 630 1426 682; x_wconf 84' lang='lat' dir='ltr'><strong>enim</strong></span> <span class='ocrx_word' id='word_1_34' title='bbox 1456 644 1583 696; x_wconf 10' lang='lat' dir='ltr'><strong>aqua:</strong></span> <span class='ocrx_word' id='word_1_35' title='bbox 1628 642 1769 680; x_wconf 91' lang='lat' dir='ltr'><strong>nunc</strong></span> <span class='ocrx_word' id='word_1_36' title='bbox 1806 637 1886 680; x_wconf 90' lang='lat' dir='ltr'><strong>est</strong></span> <span class='ocrx_word' id='word_1_37' title='bbox 1914 627 2117 694; x_wconf 87' lang='lat' dir='ltr'><strong>justitia</strong></span> 
     </span>
    </p>
   </div>
   <div class='ocr_carea' id='block_1_6' title="bbox 540 717 2117 791">
    <p class='ocr_par' dir='ltr' id='par_1_6' title="bbox 540 717 2117 791">
     <span class='ocr_line' id='line_1_7' title="bbox 540 717 2117 791; baseline -0.006 -11"><span class='ocrx_word' id='word_1_38' title='bbox 540 727 813 780; x_wconf 80' lang='lat' dir='ltr'><strong>hominum</strong></span> <span class='ocrx_word' id='word_1_39' title='bbox 840 724 904 777; x_wconf 92' lang='lat' dir='ltr'><strong>ad</strong></span> <span class='ocrx_word' id='word_1_40' title='bbox 934 722 1292 791; x_wconf 87' lang='lat' dir='ltr'><strong>recipiendam</strong></span> <span class='ocrx_word' id='word_1_41' title='bbox 1318 720 1694 788; x_wconf 86' lang='lat' dir='ltr'><strong>sempiternam</strong></span> <span class='ocrx_word' id='word_1_42' title='bbox 1721 718 1946 772; x_wconf 90' lang='lat' dir='ltr'><strong>salutem</strong></span> <span class='ocrx_word' id='word_1_43' title='bbox 1972 759 1987 780; x_wconf 90' lang='lat'><strong>,</strong></span> <span class='ocrx_word' id='word_1_44' title='bbox 2016 717 2117 770; x_wconf 87' lang='lat' dir='ltr'><strong>alia</strong></span> 
     </span>
    </p>
   </div>
   <div class='ocr_carea' id='block_1_7' title="bbox 540 808 2120 884">
    <p class='ocr_par' dir='ltr' id='par_1_7' title="bbox 540 808 2120 884">
     <span class='ocr_line' id='line_1_8' title="bbox 540 808 2120 884; baseline -0.006 -13"><span class='ocrx_word' id='word_1_45' title='bbox 540 826 668 871; x_wconf 91' lang='lat' dir='ltr'><strong>tunc</strong></span> <span class='ocrx_word' id='word_1_46' title='bbox 690 817 741 869; x_wconf 87' lang='lat' dir='ltr'><strong>in</strong></span> <span class='ocrx_word' id='word_1_47' title='bbox 761 812 1007 884; x_wconf 77' lang='lat' dir='ltr'><strong>paradiso</strong></span> <span class='ocrx_word' id='word_1_48' title='bbox 1030 812 1300 866; x_wconf 73' lang='lat' dir='ltr'><strong>constituti</strong></span> <span class='ocrx_word' id='word_1_49' title='bbox 1335 812 1562 864; x_wconf 84' lang='lat' dir='ltr'><strong>hominis</strong></span> <span class='ocrx_word' id='word_1_50' title='bbox 1592 824 1709 863; x_wconf 77' lang='lat' dir='ltr'><strong>esse</strong></span> <span class='ocrx_word' id='word_1_51' title='bbox 1739 808 1921 863; x_wconf 88' lang='lat' dir='ltr'><strong>debuit</strong></span> <span class='ocrx_word' id='word_1_52' title='bbox 1949 808 2013 861; x_wconf 92' lang='lat' dir='ltr'><strong>ad</strong></span> <span class='ocrx_word' id='word_1_53' title='bbox 2043 825 2120 863; x_wconf 89' lang='lat' dir='ltr'><strong>re-</strong></span> 
     </span>
    </p>
   </div>
   <div class='ocr_carea' id='block_1_8' title="bbox 542 901 2116 969">
    <p class='ocr_par' dir='ltr' id='par_1_8' title="bbox 542 901 2116 969">
     <span class='ocr_line' id='line_1_9' title="bbox 542 901 2116 969; baseline -0.005 -8"><span class='ocrx_word' id='word_1_54' title='bbox 542 906 813 962; x_wconf 88' lang='lat' dir='ltr'><strong>tinendam</strong></span> <span class='ocrx_word' id='word_1_55' title='bbox 847 914 902 960; x_wconf 91' lang='lat' dir='ltr'><strong>et</strong></span> <span class='ocrx_word' id='word_1_56' title='bbox 938 919 1041 958; x_wconf 91' lang='lat' dir='ltr'><strong>non</strong></span> <span class='ocrx_word' id='word_1_57' title='bbox 1079 902 1423 958; x_wconf 88' lang='lat' dir='ltr'><strong>amittendam</strong></span> <span class='ocrx_word' id='word_1_58' title='bbox 1463 901 1705 956; x_wconf 80' lang='lat' dir='ltr'><strong>eamdem</strong></span> <span class='ocrx_word' id='word_1_59' title='bbox 1745 901 2116 969; x_wconf 72' lang='lat' dir='ltr'><strong>sempiternam</strong></span> 
     </span>
    </p>
   </div>
   <div class='ocr_carea' id='block_1_9' title="bbox 538 991 2116 1063">
    <p class='ocr_par' dir='ltr' id='par_1_9' title="bbox 538 991 2116 1063">
     <span class='ocr_line' id='line_1_10' title="bbox 538 991 2116 1063; baseline -0.005 -11"><span class='ocrx_word' id='word_1_60' title='bbox 538 998 784 1053; x_wconf 86' lang='lat' dir='ltr'><strong>salutem.</strong></span> <span class='ocrx_word' id='word_1_61' title='bbox 809 997 955 1051; x_wconf 90' lang='lat' dir='ltr'><strong>Sicut</strong></span> <span class='ocrx_word' id='word_1_62' title='bbox 987 994 1127 1049; x_wconf 89' lang='lat' dir='ltr'><strong>enim</strong></span> <span class='ocrx_word' id='word_1_63' title='bbox 1153 994 1357 1063; x_wconf 81' lang='lat' dir='ltr'><strong>justitia</strong></span> <span class='ocrx_word' id='word_1_64' title='bbox 1390 994 1482 1047; x_wconf 87' lang='lat' dir='ltr'><strong>Dei</strong></span> <span class='ocrx_word' id='word_1_65' title='bbox 1506 1002 1589 1047; x_wconf 91' lang='lat' dir='ltr'><strong>est</strong></span> <span class='ocrx_word' id='word_1_66' title='bbox 1615 992 1760 1045; x_wconf 88' lang='lat' dir='ltr'><strong>utilia</strong></span> <span class='ocrx_word' id='word_1_67' title='bbox 1791 991 2116 1060; x_wconf 68' lang='lat' dir='ltr'><strong>praecipere,</strong></span> 
     </span>
    </p>
   </div>
   <div class='ocr_carea' id='block_1_10' title="bbox 539 1083 2119 1154">
    <p class='ocr_par' dir='ltr' id='par_1_10' title="bbox 539 1083 2119 1154">
     <span class='ocr_line' id='line_1_11' title="bbox 539 1083 2119 1154; baseline -0.005 -11"><span class='ocrx_word' id='word_1_68' title='bbox 539 1096 598 1143; x_wconf 87' lang='lat' dir='ltr'><strong>et</strong></span> <span class='ocrx_word' id='word_1_69' title='bbox 617 1087 1045 1142; x_wconf 89' lang='lat' dir='ltr'><strong>inobedientibus</strong></span> <span class='ocrx_word' id='word_1_70' title='bbox 1066 1099 1273 1154; x_wconf 57' lang='lat' dir='ltr'><strong>poenas,</strong></span> <span class='ocrx_word' id='word_1_71' title='bbox 1297 1083 1669 1139; x_wconf 87' lang='lat' dir='ltr'><strong>obcdientibus</strong></span> <span class='ocrx_word' id='word_1_72' title='bbox 1695 1092 1872 1137; x_wconf 89' lang='lat' dir='ltr'><strong>autem</strong></span> <span class='ocrx_word' id='word_1_73' title='bbox 1903 1084 2119 1152; x_wconf 62' lang='lat' dir='ltr'><strong>praemia</strong></span> 
     </span>
    </p>
   </div>
   <div class='ocr_carea' id='block_1_11' title="bbox 539 1173 2120 1244">
    <p class='ocr_par' dir='ltr' id='par_1_11' title="bbox 539 1173 2120 1244">
     <span class='ocr_line' id='line_1_12' title="bbox 539 1173 2120 1244; baseline -0.005 -11"><span class='ocrx_word' id='word_1_74' title='bbox 539 1178 895 1241; x_wconf 77' lang='lat' dir='ltr'><strong>distribuere;</strong></span> <span class='ocrx_word' id='word_1_75' title='bbox 919 1176 991 1230; x_wconf 89' lang='lat' dir='ltr'><strong>ita</strong></span> <span class='ocrx_word' id='word_1_76' title='bbox 1012 1176 1215 1244; x_wconf 87' lang='lat' dir='ltr'><strong>justitia</strong></span> <span class='ocrx_word' id='word_1_77' title='bbox 1253 1184 1337 1230; x_wconf 89' lang='lat' dir='ltr'><strong>est</strong></span> <span class='ocrx_word' id='word_1_78' title='bbox 1378 1175 1629 1238; x_wconf 88' lang='lat' dir='ltr'><strong>hominis,</strong></span> <span class='ocrx_word' id='word_1_79' title='bbox 1662 1174 1944 1243; x_wconf 71' lang='lat' dir='ltr'><strong>praeceptis</strong></span> <span class='ocrx_word' id='word_1_80' title='bbox 1974 1173 2120 1226; x_wconf 89' lang='lat' dir='ltr'><strong>utili-</strong></span> 
     </span>
    </p>
   </div>
   <div class='ocr_carea' id='block_1_12' title="bbox 539 1263 2119 1335">
    <p class='ocr_par' dir='ltr' id='par_1_12' title="bbox 539 1263 2119 1335">
     <span class='ocr_line' id='line_1_13' title="bbox 539 1263 2119 1335; baseline -0.004 -13"><span class='ocrx_word' id='word_1_81' title='bbox 539 1268 643 1322; x_wconf 88' lang='lat' dir='ltr'><strong>bus</strong></span> <span class='ocrx_word' id='word_1_82' title='bbox 665 1268 905 1323; x_wconf 83' lang='lat' dir='ltr'><strong>obedire.</strong></span> <span class='ocrx_word' id='word_1_83' title='bbox 932 1264 1035 1321; x_wconf 87' lang='lat' dir='ltr'><strong>Sed</strong></span> <span class='ocrx_word' id='word_1_84' title='bbox 1066 1265 1315 1335; x_wconf 89' lang='lat' dir='ltr'><strong>quoniam</strong></span> <span class='ocrx_word' id='word_1_85' title='bbox 1343 1266 1421 1318; x_wconf 90' lang='lat' dir='ltr'><strong>sic</strong></span> <span class='ocrx_word' id='word_1_86' title='bbox 1447 1273 1528 1318; x_wconf 89' lang='lat' dir='ltr'><strong>est</strong></span> <span class='ocrx_word' id='word_1_87' title='bbox 1552 1265 1603 1317; x_wconf 94' lang='lat' dir='ltr'><strong>in</strong></span> <span class='ocrx_word' id='word_1_88' title='bbox 1624 1265 1803 1317; x_wconf 88' lang='lat' dir='ltr'><strong>animo</strong></span> <span class='ocrx_word' id='word_1_89' title='bbox 1831 1263 2119 1321; x_wconf 86' lang='lat' dir='ltr'><strong>beatitudo.</strong></span> 
     </span>
    </p>
   </div>
   <div class='ocr_carea' id='block_1_13' title="bbox 541 1355 2123 1427">
    <p class='ocr_par' dir='ltr' id='par_1_13' title="bbox 541 1355 2123 1427">
     <span class='ocr_line' id='line_1_14' title="bbox 541 1355 2123 1427; baseline -0.004 -14"><span class='ocrx_word' id='word_1_90' title='bbox 541 1361 677 1417; x_wconf 90' lang='lat' dir='ltr'><strong>utin</strong></span> <span class='ocrx_word' id='word_1_91' title='bbox 704 1374 929 1427; x_wconf 88' lang='lat' dir='ltr'><strong>corpore</strong></span> <span class='ocrx_word' id='word_1_92' title='bbox 953 1359 1152 1413; x_wconf 79' lang='lat' dir='ltr'><strong>sanitas</strong></span> <span class='ocrx_word' id='word_1_93' title='bbox 1177 1375 1192 1412; x_wconf 87' lang='lat'>:</span> <span class='ocrx_word' id='word_1_94' title='bbox 1213 1355 1659 1426; x_wconf 85' lang='lat' dir='ltr'><strong>quemadmodum</strong></span> <span class='ocrx_word' id='word_1_95' title='bbox 1685 1355 1738 1409; x_wconf 91' lang='lat' dir='ltr'><strong>in</strong></span> <span class='ocrx_word' id='word_1_96' title='bbox 1766 1355 1880 1423; x_wconf 89' lang='lat' dir='ltr'><strong>ipso</strong></span> <span class='ocrx_word' id='word_1_97' title='bbox 1900 1369 2123 1423; x_wconf 85' lang='lat' dir='ltr'><strong>corpore</strong></span> 
     </span>
    </p>
   </div>
   <div class='ocr_carea' id='block_1_14' title="bbox 541 1446 2120 1522">
    <p class='ocr_par' dir='ltr' id='par_1_14' title="bbox 541 1446 2120 1522">
     <span class='ocr_line' id='line_1_15' title="bbox 541 1446 2120 1522; baseline -0.004 -16"><span class='ocrx_word' id='word_1_98' title='bbox 541 1452 643 1506; x_wconf 80' lang='lat' dir='ltr'><strong>alia</strong></span> <span class='ocrx_word' id='word_1_99' title='bbox 673 1452 977 1522; x_wconf 76' lang='lat' dir='ltr'><strong>praecipitur</strong></span> <span class='ocrx_word' id='word_1_100' title='bbox 998 1449 1277 1511; x_wconf 82' lang='lat' dir='ltr'><strong>medicina,</strong></span> <span class='ocrx_word' id='word_1_101' title='bbox 1302 1463 1371 1501; x_wconf 91' lang='lat' dir='ltr'><strong>ne</strong></span> <span class='ocrx_word' id='word_1_102' title='bbox 1393 1447 1529 1503; x_wconf 88' lang='lat' dir='ltr'><strong>bona</strong></span> <span class='ocrx_word' id='word_1_103' title='bbox 1554 1446 1804 1500; x_wconf 78' lang='lat' dir='ltr'><strong>valetudo</strong></span> <span class='ocrx_word' id='word_1_104' title='bbox 1828 1446 2120 1509; x_wconf 87' lang='lat' dir='ltr'><strong>amittatur,</strong></span> 
     </span>
    </p>
   </div>
   <div class='ocr_carea' id='block_1_15' title="bbox 542 1539 2123 1609">
    <p class='ocr_par' dir='ltr' id='par_1_15' title="bbox 542 1539 2123 1609">
     <span class='ocr_line' id='line_1_16' title="bbox 542 1539 2123 1609; baseline -0.005 -11"><span class='ocrx_word' id='word_1_105' title='bbox 542 1545 646 1599; x_wconf 84' lang='lat' dir='ltr'><strong>alia</strong></span> <span class='ocrx_word' id='word_1_106' title='bbox 677 1558 805 1599; x_wconf 89' lang='lat' dir='ltr'><strong>vero</strong></span> <span class='ocrx_word' id='word_1_107' title='bbox 829 1583 845 1609; x_wconf 95' lang='lat'><strong>,</strong></span> <span class='ocrx_word' id='word_1_108' title='bbox 874 1551 934 1597; x_wconf 91' lang='lat' dir='ltr'><strong>ut</strong></span> <span class='ocrx_word' id='word_1_109' title='bbox 976 1543 1170 1596; x_wconf 90' lang='lat' dir='ltr'><strong>amissa</strong></span> <span class='ocrx_word' id='word_1_110' title='bbox 1200 1550 1575 1609; x_wconf 89' lang='lat' dir='ltr'><strong>recuperetur;</strong></span> <span class='ocrx_word' id='word_1_111' title='bbox 1622 1540 1700 1592; x_wconf 90' lang='lat' dir='ltr'><strong>sic</strong></span> <span class='ocrx_word' id='word_1_112' title='bbox 1737 1539 1789 1591; x_wconf 93' lang='lat' dir='ltr'><strong>in</strong></span> <span class='ocrx_word' id='word_1_113' title='bbox 1827 1548 1936 1591; x_wconf 92' lang='lat' dir='ltr'><strong>toto</strong></span> <span class='ocrx_word' id='word_1_114' title='bbox 1982 1545 2123 1591; x_wconf 86' lang='lat' dir='ltr'><strong>statu</strong></span> 
     </span>
    </p>
   </div>
   <div class='ocr_carea' id='block_1_16' title="bbox 546 1628 2125 1701">
    <p class='ocr_par' dir='ltr' id='par_1_16' title="bbox 546 1628 2125 1701">
     <span class='ocr_line' id='line_1_17' title="bbox 546 1628 2125 1701; baseline -0.004 -15"><span class='ocrx_word' id='word_1_115' title='bbox 546 1634 801 1699; x_wconf 81' lang='lat' dir='ltr'><strong>hominis,</strong></span> <span class='ocrx_word' id='word_1_116' title='bbox 832 1633 935 1687; x_wconf 87' lang='lat' dir='ltr'><strong>alia</strong></span> <span class='ocrx_word' id='word_1_117' title='bbox 965 1641 1090 1686; x_wconf 90' lang='lat' dir='ltr'><strong>tunc</strong></span> <span class='ocrx_word' id='word_1_118' title='bbox 1110 1639 1374 1701; x_wconf 71' lang='lat' dir='ltr'><strong>prmcepta</strong></span> <span class='ocrx_word' id='word_1_119' title='bbox 1400 1629 1524 1684; x_wconf 87' lang='lat' dir='ltr'><strong>data</strong></span> <span class='ocrx_word' id='word_1_120' title='bbox 1564 1638 1690 1683; x_wconf 89' lang='lat' dir='ltr'><strong>sunt</strong></span> <span class='ocrx_word' id='word_1_121' title='bbox 1716 1668 1730 1691; x_wconf 94' lang='lat'><strong>,</strong></span> <span class='ocrx_word' id='word_1_122' title='bbox 1758 1644 1826 1682; x_wconf 90' lang='lat' dir='ltr'><strong>ne</strong></span> <span class='ocrx_word' id='word_1_123' title='bbox 1855 1628 2125 1682; x_wconf 90' lang='lat' dir='ltr'><strong>amitteret</strong></span> 
     </span>
    </p>
   </div>
   <div class='ocr_carea' id='block_1_17' title="bbox 545 1720 2123 1789">
    <p class='ocr_par' dir='ltr' id='par_1_17' title="bbox 545 1720 2123 1789">
     <span class='ocr_line' id='line_1_18' title="bbox 545 1720 2123 1789; baseline -0.004 -11"><span class='ocrx_word' id='word_1_124' title='bbox 545 1723 1004 1778; x_wconf 84' lang='lat' dir='ltr'><strong>immortalitatem</strong></span> <span class='ocrx_word' id='word_1_125' title='bbox 1036 1762 1052 1786; x_wconf 92' lang='lat'><strong>,</strong></span> <span class='ocrx_word' id='word_1_126' title='bbox 1099 1722 1200 1776; x_wconf 88' lang='lat' dir='ltr'><strong>alia</strong></span> <span class='ocrx_word' id='word_1_127' title='bbox 1242 1734 1383 1774; x_wconf 92' lang='lat' dir='ltr'><strong>nunc</strong></span> <span class='ocrx_word' id='word_1_128' title='bbox 1439 1720 1855 1789; x_wconf 64' lang='lat' dir='ltr'><strong>principiuntur,</strong></span> <span class='ocrx_word' id='word_1_129' title='bbox 1905 1730 1962 1772; x_wconf 89' lang='lat' dir='ltr'><strong>ut</strong></span> <span class='ocrx_word' id='word_1_130' title='bbox 2003 1734 2123 1774; x_wconf 91' lang='lat' dir='ltr'><strong>eam</strong></span> 
     </span>
    </p>
   </div>
   <div class='ocr_carea' id='block_1_18' title="bbox 542 1810 2125 1883">
    <p class='ocr_par' dir='ltr' id='par_1_18' title="bbox 542 1810 2125 1883">
     <span class='ocr_line' id='line_1_19' title="bbox 542 1810 2125 1883; baseline -0.002 -16"><span class='ocrx_word' id='word_1_131' title='bbox 542 1814 786 1883; x_wconf 83' lang='lat' dir='ltr'><strong>recipiat.</strong></span> <span class='ocrx_word' id='word_1_132' title='bbox 840 1812 909 1867; x_wconf 86' lang='lat' dir='ltr'><strong>Et</strong></span> <span class='ocrx_word' id='word_1_133' title='bbox 957 1814 1095 1866; x_wconf 87' lang='lat' dir='ltr'><strong>sicut</strong></span> <span class='ocrx_word' id='word_1_134' title='bbox 1139 1813 1194 1865; x_wconf 90' lang='lat' dir='ltr'><strong>in</strong></span> <span class='ocrx_word' id='word_1_135' title='bbox 1246 1811 1549 1865; x_wconf 82' lang='lat' dir='ltr'><strong>valetudine</strong></span> <span class='ocrx_word' id='word_1_136' title='bbox 1594 1812 1873 1879; x_wconf 90' lang='lat' dir='ltr'><strong>corporis,</strong></span> <span class='ocrx_word' id='word_1_137' title='bbox 1915 1812 1958 1863; x_wconf 90' lang='lat' dir='ltr'><strong>si</strong></span> <span class='ocrx_word' id='word_1_138' title='bbox 2005 1810 2125 1879; x_wconf 91' lang='lat' dir='ltr'><strong>quis</strong></span> 
     </span>
    </p>
   </div>
   <div class='ocr_carea' id='block_1_19' title="bbox 542 1900 2125 1974">
    <p class='ocr_par' dir='ltr' id='par_1_19' title="bbox 542 1900 2125 1974">
     <span class='ocr_line' id='line_1_20' title="bbox 542 1900 2125 1974; baseline -0.005 -15"><span class='ocrx_word' id='word_1_139' title='bbox 542 1904 825 1974; x_wconf 66' lang='lat' dir='ltr'><strong>praeceptis</strong></span> <span class='ocrx_word' id='word_1_140' title='bbox 867 1903 1060 1957; x_wconf 88' lang='lat' dir='ltr'><strong>medici</strong></span> <span class='ocrx_word' id='word_1_141' title='bbox 1088 1943 1105 1968; x_wconf 93' lang='lat'><strong>,</strong></span> <span class='ocrx_word' id='word_1_142' title='bbox 1138 1901 1330 1970; x_wconf 88' lang='lat' dir='ltr'><strong>quibus</strong></span> <span class='ocrx_word' id='word_1_143' title='bbox 1356 1900 1542 1955; x_wconf 89' lang='lat' dir='ltr'><strong>eadem</strong></span> <span class='ocrx_word' id='word_1_144' title='bbox 1573 1900 1710 1955; x_wconf 89' lang='lat' dir='ltr'><strong>bona</strong></span> <span class='ocrx_word' id='word_1_145' title='bbox 1756 1900 2002 1953; x_wconf 88' lang='lat' dir='ltr'><strong>valetudo</strong></span> <span class='ocrx_word' id='word_1_146' title='bbox 2030 1915 2125 1953; x_wconf 87' lang='lat' dir='ltr'><strong>cu-</strong></span> 
     </span>
    </p>
   </div>
   <div class='ocr_carea' id='block_1_20' title="bbox 542 1990 2123 2060">
    <p class='ocr_par' dir='ltr' id='par_1_20' title="bbox 542 1990 2123 2060">
     <span class='ocr_line' id='line_1_21' title="bbox 542 1990 2123 2060; baseline -0.005 -10"><span class='ocrx_word' id='word_1_147' title='bbox 542 1994 820 2050; x_wconf 86' lang='lat' dir='ltr'><strong>stodienda</strong></span> <span class='ocrx_word' id='word_1_148' title='bbox 847 2002 950 2059; x_wconf 91' lang='lat' dir='ltr'><strong>est,</strong></span> <span class='ocrx_word' id='word_1_149' title='bbox 974 2008 1080 2047; x_wconf 91' lang='lat' dir='ltr'><strong>non</strong></span> <span class='ocrx_word' id='word_1_150' title='bbox 1102 1990 1519 2059; x_wconf 87' lang='lat' dir='ltr'><strong>obtemperando</strong></span> <span class='ocrx_word' id='word_1_151' title='bbox 1546 1991 1596 2044; x_wconf 91' lang='lat' dir='ltr'><strong>in</strong></span> <span class='ocrx_word' id='word_1_152' title='bbox 1627 1991 1854 2060; x_wconf 85' lang='lat' dir='ltr'><strong>aliquem</strong></span> <span class='ocrx_word' id='word_1_153' title='bbox 1881 1990 2123 2044; x_wconf 87' lang='lat' dir='ltr'><strong>morbum</strong></span> 
     </span>
    </p>
   </div>
   <div class='ocr_carea' id='block_1_21' title="bbox 544 2070 2127 2154">
    <p class='ocr_par' dir='ltr' id='par_1_21' title="bbox 544 2070 2127 2154">
     <span class='ocr_line' id='line_1_22' title="bbox 544 2070 2127 2154; baseline -0.004 -14"><span class='ocrx_word' id='word_1_154' title='bbox 544 2085 828 2149; x_wconf 82' lang='lat' dir='ltr'><strong>inciderit,</strong></span> <span class='ocrx_word' id='word_1_155' title='bbox 855 2085 1048 2154; x_wconf 87' lang='lat' dir='ltr'><strong>accipit</strong></span> <span class='ocrx_word' id='word_1_156' title='bbox 1072 2084 1173 2139; x_wconf 88' lang='lat' dir='ltr'><strong>alia</strong></span> <span class='ocrx_word' id='word_1_157' title='bbox 1203 2091 1462 2152; x_wconf 80' lang='lat' dir='ltr'><strong>praecepta</strong></span> <span class='ocrx_word' id='word_1_158' title='bbox 1491 2090 1547 2135; x_wconf 91' lang='lat' dir='ltr'><strong>ut</strong></span> <span class='ocrx_word' id='word_1_159' title='bbox 1575 2070 1748 2136; x_wconf 87' lang='lat' dir='ltr'><strong>sanari</strong></span> <span class='ocrx_word' id='word_1_160' title='bbox 1778 2080 1975 2150; x_wconf 87' lang='lat' dir='ltr'><strong>possit;</strong></span> <span class='ocrx_word' id='word_1_161' title='bbox 2007 2096 2127 2149; x_wconf 68' lang='lat' dir='ltr'><strong>qua:</strong></span> 
     </span>
    </p>
   </div>
   <div class='ocr_carea' id='block_1_22' title="bbox 548 2173 2127 2249">
    <p class='ocr_par' dir='ltr' id='par_1_22' title="bbox 548 2173 2127 2249">
     <span class='ocr_line' id='line_1_23' title="bbox 548 2173 2127 2249; baseline -0.004 -16"><span class='ocrx_word' id='word_1_162' title='bbox 548 2194 697 2249; x_wconf 67' lang='lat' dir='ltr'><strong>saepe</strong></span> <span class='ocrx_word' id='word_1_163' title='bbox 734 2196 839 2237; x_wconf 88' lang='lat' dir='ltr'><strong>non</strong></span> <span class='ocrx_word' id='word_1_164' title='bbox 877 2179 1179 2242; x_wconf 81' lang='lat' dir='ltr'><strong>sufﬁciunt,</strong></span> <span class='ocrx_word' id='word_1_165' title='bbox 1206 2177 1249 2229; x_wconf 91' lang='lat' dir='ltr'><strong>si</strong></span> <span class='ocrx_word' id='word_1_166' title='bbox 1287 2175 1405 2229; x_wconf 85' lang='lat' dir='ltr'><strong>talis</strong></span> <span class='ocrx_word' id='word_1_167' title='bbox 1445 2183 1528 2228; x_wconf 91' lang='lat' dir='ltr'><strong>est</strong></span> <span class='ocrx_word' id='word_1_168' title='bbox 1570 2175 1819 2239; x_wconf 83' lang='lat' dir='ltr'><strong>morbus,</strong></span> <span class='ocrx_word' id='word_1_169' title='bbox 1848 2174 1945 2226; x_wconf 87' lang='lat' dir='ltr'><strong>nisi</strong></span> <span class='ocrx_word' id='word_1_170' title='bbox 1976 2173 2127 2227; x_wconf 80' lang='lat' dir='ltr'><strong>adhi-</strong></span> 
     </span>
    </p>
   </div>
   <div class='ocr_carea' id='block_1_23' title="bbox 542 2264 2125 2337">
    <p class='ocr_par' dir='ltr' id='par_1_23' title="bbox 542 2264 2125 2337">
     <span class='ocr_line' id='line_1_24' title="bbox 542 2264 2125 2337; baseline -0.006 -10"><span class='ocrx_word' id='word_1_171' title='bbox 542 2271 772 2327; x_wconf 85' lang='lat' dir='ltr'><strong>beantur</strong></span> <span class='ocrx_word' id='word_1_172' title='bbox 791 2287 822 2325; x_wconf 91' lang='lat' dir='ltr'><strong>a</strong></span> <span class='ocrx_word' id='word_1_173' title='bbox 840 2269 1046 2324; x_wconf 88' lang='lat' dir='ltr'><strong>medico</strong></span> <span class='ocrx_word' id='word_1_174' title='bbox 1061 2267 1301 2337; x_wconf 79' lang='lat' dir='ltr'><strong>quaedam</strong></span> <span class='ocrx_word' id='word_1_175' title='bbox 1318 2264 1597 2334; x_wconf 84' lang='lat' dir='ltr'><strong>adjutoria,</strong></span> <span class='ocrx_word' id='word_1_176' title='bbox 1614 2265 1924 2334; x_wconf 90' lang='lat' dir='ltr'><strong>plermnque</strong></span> <span class='ocrx_word' id='word_1_177' title='bbox 1939 2279 2125 2331; x_wconf 73' lang='lat' dir='ltr'><strong>aSpera</strong></span> 
     </span>
    </p>
   </div>
   <div class='ocr_carea' id='block_1_24' title="bbox 542 2356 2131 2429">
    <p class='ocr_par' dir='ltr' id='par_1_24' title="bbox 542 2356 2131 2429">
     <span class='ocr_line' id='line_1_25' title="bbox 542 2356 2131 2429; baseline -0.006 -10"><span class='ocrx_word' id='word_1_178' title='bbox 542 2372 600 2420; x_wconf 85' lang='lat' dir='ltr'><strong>et</strong></span> <span class='ocrx_word' id='word_1_179' title='bbox 624 2362 837 2418; x_wconf 85' lang='lat' dir='ltr'><strong>dolores</strong></span> <span class='ocrx_word' id='word_1_180' title='bbox 866 2359 1202 2429; x_wconf 86' lang='lat' dir='ltr'><strong>importantia</strong></span> <span class='ocrx_word' id='word_1_181' title='bbox 1226 2398 1240 2421; x_wconf 87' lang='lat'><strong>,</strong></span> <span class='ocrx_word' id='word_1_182' title='bbox 1269 2373 1389 2427; x_wconf 67' lang='lat' dir='ltr'><strong>qua:</strong></span> <span class='ocrx_word' id='word_1_183' title='bbox 1420 2367 1599 2412; x_wconf 88' lang='lat' dir='ltr'><strong>tamen</strong></span> <span class='ocrx_word' id='word_1_184' title='bbox 1626 2356 1803 2409; x_wconf 87' lang='lat' dir='ltr'><strong>valent</strong></span> <span class='ocrx_word' id='word_1_185' title='bbox 1824 2356 1889 2409; x_wconf 91' lang='lat' dir='ltr'><strong>ad</strong></span> <span class='ocrx_word' id='word_1_186' title='bbox 1917 2370 2131 2423; x_wconf 86' lang='lat' dir='ltr'><strong>recupe-</strong></span> 
     </span>
    </p>
   </div>
   <div class='ocr_carea' id='block_1_25' title="bbox 545 2445 2130 2518">
    <p class='ocr_par' dir='ltr' id='par_1_25' title="bbox 545 2445 2130 2518">
     <span class='ocr_line' id='line_1_26' title="bbox 545 2445 2130 2518; baseline -0.006 -9"><span class='ocrx_word' id='word_1_187' title='bbox 545 2453 769 2509; x_wconf 83' lang='lat' dir='ltr'><strong>randam</strong></span> <span class='ocrx_word' id='word_1_188' title='bbox 798 2453 1021 2507; x_wconf 87' lang='lat' dir='ltr'><strong>salutem</strong></span> <span class='ocrx_word' id='word_1_189' title='bbox 1043 2466 1058 2511; x_wconf 87' lang='lat'><strong>;</strong></span> <span class='ocrx_word' id='word_1_190' title='bbox 1080 2450 1221 2505; x_wconf 91' lang='lat' dir='ltr'><strong>unde</strong></span> <span class='ocrx_word' id='word_1_191' title='bbox 1247 2448 1306 2503; x_wconf 87' lang='lat' dir='ltr'><strong>lit</strong></span> <span class='ocrx_word' id='word_1_192' title='bbox 1333 2457 1390 2502; x_wconf 90' lang='lat' dir='ltr'><strong>ut</strong></span> <span class='ocrx_word' id='word_1_193' title='bbox 1416 2449 1609 2514; x_wconf 90' lang='lat' dir='ltr'><strong>homo,</strong></span> <span class='ocrx_word' id='word_1_194' title='bbox 1636 2448 1875 2518; x_wconf 77' lang='lat' dir='ltr'><strong>quamvis</strong></span> <span class='ocrx_word' id='word_1_195' title='bbox 1898 2445 2007 2516; x_wconf 84' lang='lat' dir='ltr'><strong>jam</strong></span> <span class='ocrx_word' id='word_1_196' title='bbox 2034 2446 2130 2500; x_wconf 88' lang='lat' dir='ltr'><strong>ob-</strong></span> 
     </span>
    </p>
   </div>
   <div class='ocr_carea' id='block_1_26' title="bbox 545 2536 2125 2613">
    <p class='ocr_par' dir='ltr' id='par_1_26' title="bbox 545 2536 2125 2613">
     <span class='ocr_line' id='line_1_27' title="bbox 545 2536 2125 2613; baseline -0.006 -14"><span class='ocrx_word' id='word_1_197' title='bbox 545 2554 851 2613; x_wconf 88' lang='lat' dir='ltr'><strong>temperans</strong></span> <span class='ocrx_word' id='word_1_198' title='bbox 896 2540 1132 2605; x_wconf 90' lang='lat' dir='ltr'><strong>medico,</strong></span> <span class='ocrx_word' id='word_1_199' title='bbox 1183 2541 1413 2608; x_wconf 88' lang='lat' dir='ltr'><strong>patiatur</strong></span> <span class='ocrx_word' id='word_1_200' title='bbox 1456 2547 1629 2592; x_wconf 85' lang='lat' dir='ltr'><strong>tamen</strong></span> <span class='ocrx_word' id='word_1_201' title='bbox 1670 2537 1844 2591; x_wconf 87' lang='lat' dir='ltr'><strong>adhuc</strong></span> <span class='ocrx_word' id='word_1_202' title='bbox 1880 2536 2125 2599; x_wconf 83' lang='lat' dir='ltr'><strong>dolores,</strong></span> 
     </span>
    </p>
   </div>
   <div class='ocr_carea' id='block_1_27' title="bbox 437 2627 2127 2699">
    <p class='ocr_par' dir='ltr' id='par_1_27' title="bbox 437 2627 2127 2699">
     <span class='ocr_line' id='line_1_28' title="bbox 437 2627 2127 2699; baseline -0.004 -12"><span class='ocrx_word' id='word_1_203' title='bbox 437 2674 448 2687; x_wconf 92' lang='lat'><strong>.</strong></span> <span class='ocrx_word' id='word_1_204' title='bbox 544 2647 653 2687; x_wconf 92' lang='lat' dir='ltr'><strong>non</strong></span> <span class='ocrx_word' id='word_1_205' title='bbox 693 2632 866 2688; x_wconf 91' lang='lat' dir='ltr'><strong>solum</strong></span> <span class='ocrx_word' id='word_1_206' title='bbox 912 2630 979 2685; x_wconf 92' lang='lat' dir='ltr'><strong>de</strong></span> <span class='ocrx_word' id='word_1_207' title='bbox 1027 2631 1142 2699; x_wconf 90' lang='lat' dir='ltr'><strong>ipso</strong></span> <span class='ocrx_word' id='word_1_208' title='bbox 1185 2628 1374 2693; x_wconf 83' lang='lat' dir='ltr'><strong>morbo</strong></span> <span class='ocrx_word' id='word_1_209' title='bbox 1413 2627 1646 2681; x_wconf 90' lang='lat' dir='ltr'><strong>nondum</strong></span> <span class='ocrx_word' id='word_1_210' title='bbox 1688 2636 1896 2690; x_wconf 89' lang='lat' dir='ltr'><strong>sanato,</strong></span> <span class='ocrx_word' id='word_1_211' title='bbox 1939 2642 2127 2680; x_wconf 84' lang='lat' dir='ltr'><strong>verum</strong></span> 
     </span>
    </p>
   </div>
   <div class='ocr_carea' id='block_1_28' title="bbox 544 2717 2128 2790">
    <p class='ocr_par' dir='ltr' id='par_1_28' title="bbox 544 2717 2128 2790">
     <span class='ocr_line' id='line_1_29' title="bbox 544 2717 2128 2790; baseline -0.003 -15"><span class='ocrx_word' id='word_1_212' title='bbox 544 2724 709 2778; x_wconf 89' lang='lat' dir='ltr'><strong>etiam</strong></span> <span class='ocrx_word' id='word_1_213' title='bbox 734 2723 803 2778; x_wconf 89' lang='lat' dir='ltr'><strong>de</strong></span> <span class='ocrx_word' id='word_1_214' title='bbox 823 2722 1085 2790; x_wconf 88' lang='lat' dir='ltr'><strong>adjutorio</strong></span> <span class='ocrx_word' id='word_1_215' title='bbox 1113 2719 1392 2789; x_wconf 65' lang='lat' dir='ltr'><strong>medicinae</strong></span> <span class='ocrx_word' id='word_1_216' title='bbox 1418 2737 1433 2768; x_wconf 93' lang='lat'><strong><em>:</em></strong></span> <span class='ocrx_word' id='word_1_217' title='bbox 1457 2719 1526 2772; x_wconf 89' lang='lat' dir='ltr'><strong>ita</strong></span> <span class='ocrx_word' id='word_1_218' title='bbox 1555 2717 1715 2770; x_wconf 88' lang='lat' dir='ltr'><strong>homo</strong></span> <span class='ocrx_word' id='word_1_219' title='bbox 1740 2733 1833 2787; x_wconf 90' lang='lat' dir='ltr'><strong>per</strong></span> <span class='ocrx_word' id='word_1_220' title='bbox 1851 2726 2128 2787; x_wconf 91' lang='lat' dir='ltr'><strong>peccatum</strong></span> 
     </span>
    </p>
   </div>
   <div class='ocr_carea' id='block_1_29' title="bbox 548 2807 2131 2883">
    <p class='ocr_par' dir='ltr' id='par_1_29' title="bbox 548 2807 2131 2883">
     <span class='ocr_line' id='line_1_30' title="bbox 548 2807 2131 2883; baseline -0.004 -16"><span class='ocrx_word' id='word_1_221' title='bbox 548 2813 734 2883; x_wconf 88' lang='lat' dir='ltr'><strong>lapsus</strong></span> <span class='ocrx_word' id='word_1_222' title='bbox 763 2814 814 2867; x_wconf 92' lang='lat' dir='ltr'><strong>in</strong></span> <span class='ocrx_word' id='word_1_223' title='bbox 843 2812 1001 2882; x_wconf 83' lang='lat' dir='ltr'><strong>hujus</strong></span> <span class='ocrx_word' id='word_1_224' title='bbox 1031 2811 1152 2864; x_wconf 68' lang='lat' dir='ltr'><strong>vita:</strong></span> <span class='ocrx_word' id='word_1_225' title='bbox 1191 2808 1486 2879; x_wconf 66' lang='lat' dir='ltr'><strong>morbidum</strong></span> <span class='ocrx_word' id='word_1_226' title='bbox 1511 2816 1566 2862; x_wconf 91' lang='lat' dir='ltr'><strong>et</strong></span> <span class='ocrx_word' id='word_1_227' title='bbox 1593 2807 1957 2862; x_wconf 74' lang='lat' dir='ltr'><strong>calamitosum</strong></span> <span class='ocrx_word' id='word_1_228' title='bbox 1990 2821 2131 2861; x_wconf 89' lang='lat' dir='ltr'><strong>mor-</strong></span> 
     </span>
    </p>
   </div>
   <div class='ocr_carea' id='block_1_30' title="bbox 549 2897 2128 2973">
    <p class='ocr_par' dir='ltr' id='par_1_30' title="bbox 549 2897 2128 2973">
     <span class='ocr_line' id='line_1_31' title="bbox 549 2897 2128 2973; baseline -0.006 -14"><span class='ocrx_word' id='word_1_229' title='bbox 549 2906 803 2961; x_wconf 86' lang='lat' dir='ltr'><strong>talitatem</strong></span> <span class='ocrx_word' id='word_1_230' title='bbox 825 2946 838 2969; x_wconf 91' lang='lat'><strong>,</strong></span> <span class='ocrx_word' id='word_1_231' title='bbox 866 2904 989 2973; x_wconf 89' lang='lat' dir='ltr'><strong>quia</strong></span> <span class='ocrx_word' id='word_1_232' title='bbox 1028 2902 1198 2972; x_wconf 90' lang='lat' dir='ltr'><strong>primo</strong></span> <span class='ocrx_word' id='word_1_233' title='bbox 1236 2909 1502 2971; x_wconf 65' lang='lat' dir='ltr'><strong>prmcepto</strong></span> <span class='ocrx_word' id='word_1_234' title='bbox 1532 2899 1900 2967; x_wconf 85' lang='lat' dir='ltr'><strong>obtemperare</strong></span> <span class='ocrx_word' id='word_1_235' title='bbox 1928 2897 2128 2962; x_wconf 90' lang='lat' dir='ltr'><strong>noluit,</strong></span> 
     </span>
    </p>
   </div>
   <div class='ocr_carea' id='block_1_31' title="bbox 545 2989 2134 3067">
    <p class='ocr_par' dir='ltr' id='par_1_31' title="bbox 545 2989 2134 3067">
     <span class='ocr_line' id='line_1_32' title="bbox 545 2989 2134 3067; baseline -0.005 -17"><span class='ocrx_word' id='word_1_236' title='bbox 545 3012 654 3067; x_wconf 91' lang='lat' dir='ltr'><strong>quo</strong></span> <span class='ocrx_word' id='word_1_237' title='bbox 681 2996 1058 3064; x_wconf 87' lang='lat' dir='ltr'><strong>sempiternam</strong></span> <span class='ocrx_word' id='word_1_238' title='bbox 1100 2992 1393 3046; x_wconf 86' lang='lat' dir='ltr'><strong>custodiret</strong></span> <span class='ocrx_word' id='word_1_239' title='bbox 1417 3006 1479 3044; x_wconf 87' lang='lat' dir='ltr'><strong>ac</strong></span> <span class='ocrx_word' id='word_1_240' title='bbox 1510 3001 1713 3051; x_wconf 76' lang='lat' dir='ltr'><strong>teneret</strong></span> <span class='ocrx_word' id='word_1_241' title='bbox 1749 2989 1971 3042; x_wconf 84' lang='lat' dir='ltr'><strong>salutem</strong></span> <span class='ocrx_word' id='word_1_242' title='bbox 1997 3030 2011 3055; x_wconf 91' lang='lat'><strong>,</strong></span> <span class='ocrx_word' id='word_1_243' title='bbox 2048 3004 2134 3042; x_wconf 86' lang='lat' dir='ltr'><strong>se—</strong></span> 
     </span>
    </p>
   </div>
   <div class='ocr_carea' id='block_1_32' title="bbox 548 3080 2132 3154">
    <p class='ocr_par' dir='ltr' id='par_1_32' title="bbox 548 3080 2132 3154">
     <span class='ocr_line' id='line_1_33' title="bbox 548 3080 2132 3154; baseline -0.005 -12"><span class='ocrx_word' id='word_1_244' title='bbox 548 3086 723 3142; x_wconf 88' lang='lat' dir='ltr'><strong>cunda</strong></span> <span class='ocrx_word' id='word_1_245' title='bbox 770 3095 1031 3154; x_wconf 64' lang='lat' dir='ltr'><strong>praecepta</strong></span> <span class='ocrx_word' id='word_1_246' title='bbox 1069 3099 1210 3152; x_wconf 64' lang='lat' dir='ltr'><strong>a&#39;ger</strong></span> <span class='ocrx_word' id='word_1_247' title='bbox 1235 3082 1440 3150; x_wconf 88' lang='lat' dir='ltr'><strong>accepit</strong></span> <span class='ocrx_word' id='word_1_248' title='bbox 1464 3122 1478 3145; x_wconf 85' lang='lat'><strong>,</strong></span> <span class='ocrx_word' id='word_1_249' title='bbox 1520 3080 1714 3150; x_wconf 85' lang='lat' dir='ltr'><strong>quibus</strong></span> <span class='ocrx_word' id='word_1_250' title='bbox 1754 3081 2132 3150; x_wconf 87' lang='lat' dir='ltr'><strong>obtemperans</strong></span> 
     </span>
    </p>
   </div>
   <div class='ocr_carea' id='block_1_33' title="bbox 544 3172 2133 3249">
    <p class='ocr_par' dir='ltr' id='par_1_33' title="bbox 544 3172 2133 3249">
     <span class='ocr_line' id='line_1_34' title="bbox 544 3172 2133 3249; baseline -0.002 -18"><span class='ocrx_word' id='word_1_251' title='bbox 544 3181 656 3249; x_wconf 87' lang='lat' dir='ltr'><strong>jam</strong></span> <span class='ocrx_word' id='word_1_252' title='bbox 703 3178 913 3248; x_wconf 89' lang='lat' dir='ltr'><strong>quidem</strong></span> <span class='ocrx_word' id='word_1_253' title='bbox 960 3190 1064 3230; x_wconf 91' lang='lat' dir='ltr'><strong>non</strong></span> <span class='ocrx_word' id='word_1_254' title='bbox 1110 3174 1339 3229; x_wconf 89' lang='lat' dir='ltr'><strong>absurde</strong></span> <span class='ocrx_word' id='word_1_255' title='bbox 1379 3173 1572 3227; x_wconf 89' lang='lat' dir='ltr'><strong>dicitur</strong></span> <span class='ocrx_word' id='word_1_256' title='bbox 1609 3173 1749 3241; x_wconf 84' lang='lat' dir='ltr'><strong>juste</strong></span> <span class='ocrx_word' id='word_1_257' title='bbox 1792 3172 2004 3238; x_wconf 81' lang='lat' dir='ltr'><strong>vivere,</strong></span> <span class='ocrx_word' id='word_1_258' title='bbox 2036 3172 2133 3228; x_wconf 83' lang='lat' dir='ltr'><strong>sed</strong></span> 
     </span>
    </p>
   </div>
   <div class='ocr_carea' id='block_1_34' title="bbox 549 3263 2134 3336">
    <p class='ocr_par' dir='ltr' id='par_1_34' title="bbox 549 3263 2134 3336">
     <span class='ocr_line' id='line_1_35' title="bbox 549 3263 2134 3336; baseline -0.004 -12"><span class='ocrx_word' id='word_1_259' title='bbox 549 3278 730 3324; x_wconf 86' lang='lat' dir='ltr'><strong>tamen</strong></span> <span class='ocrx_word' id='word_1_260' title='bbox 761 3267 1032 3323; x_wconf 88' lang='lat' dir='ltr'><strong>molestias</strong></span> <span class='ocrx_word' id='word_1_261' title='bbox 1059 3282 1192 3336; x_wconf 88' lang='lat' dir='ltr'><strong>quas</strong></span> <span class='ocrx_word' id='word_1_262' title='bbox 1222 3266 1435 3334; x_wconf 87' lang='lat' dir='ltr'><strong>patitur,</strong></span> <span class='ocrx_word' id='word_1_263' title='bbox 1460 3264 1543 3319; x_wconf 87' lang='lat' dir='ltr'><strong>vel</strong></span> <span class='ocrx_word' id='word_1_264' title='bbox 1562 3263 1631 3318; x_wconf 91' lang='lat' dir='ltr'><strong>de</strong></span> <span class='ocrx_word' id='word_1_265' title='bbox 1655 3265 1771 3334; x_wconf 89' lang='lat' dir='ltr'><strong>ipso</strong></span> <span class='ocrx_word' id='word_1_266' title='bbox 1800 3265 1987 3317; x_wconf 87' lang='lat' dir='ltr'><strong>morbo</strong></span> <span class='ocrx_word' id='word_1_267' title='bbox 2008 3280 2134 3317; x_wconf 76' lang='lat' dir='ltr'><strong>non-</strong></span> 
     </span>
    </p>
   </div>
   <div class='ocr_carea' id='block_1_35' title="bbox 547 3353 2130 3426">
    <p class='ocr_par' dir='ltr' id='par_1_35' title="bbox 547 3353 2130 3426">
     <span class='ocr_line' id='line_1_36' title="bbox 547 3353 2130 3426; baseline -0.004 -12"><span class='ocrx_word' id='word_1_268' title='bbox 547 3359 676 3414; x_wconf 90' lang='lat' dir='ltr'><strong>dum</strong></span> <span class='ocrx_word' id='word_1_269' title='bbox 702 3367 887 3413; x_wconf 88' lang='lat' dir='ltr'><strong>sanato</strong></span> <span class='ocrx_word' id='word_1_270' title='bbox 913 3358 1130 3426; x_wconf 89' lang='lat' dir='ltr'><strong>patitur,</strong></span> <span class='ocrx_word' id='word_1_271' title='bbox 1179 3356 1267 3410; x_wconf 89' lang='lat' dir='ltr'><strong>vel</strong></span> <span class='ocrx_word' id='word_1_272' title='bbox 1305 3355 1372 3410; x_wconf 91' lang='lat' dir='ltr'><strong>de</strong></span> <span class='ocrx_word' id='word_1_273' title='bbox 1414 3355 1677 3424; x_wconf 88' lang='lat' dir='ltr'><strong>adjutorio</strong></span> <span class='ocrx_word' id='word_1_274' title='bbox 1709 3353 2007 3408; x_wconf 58' lang='lat' dir='ltr'><strong>medicinae.</strong></span> <span class='ocrx_word' id='word_1_275' title='bbox 2036 3355 2130 3410; x_wconf 80' lang='lat' dir='ltr'><strong>Cui</strong></span> 
     </span>
    </p>
   </div>
   <div class='ocr_carea' id='block_1_36' title="bbox 543 3446 2130 3520">
    <p class='ocr_par' dir='ltr' id='par_1_36' title="bbox 543 3446 2130 3520">
     <span class='ocr_line' id='line_1_37' title="bbox 543 3446 2130 3520; baseline -0.004 -14"><span class='ocrx_word' id='word_1_276' title='bbox 543 3450 812 3520; x_wconf 87' lang='lat' dir='ltr'><strong>adjutorio</strong></span> <span class='ocrx_word' id='word_1_277' title='bbox 846 3449 1129 3519; x_wconf 85' lang='lat' dir='ltr'><strong>deputatur</strong></span> <span class='ocrx_word' id='word_1_278' title='bbox 1162 3446 1303 3518; x_wconf 89' lang='lat' dir='ltr'><strong>quod</strong></span> <span class='ocrx_word' id='word_1_279' title='bbox 1343 3447 1599 3514; x_wconf 89' lang='lat' dir='ltr'><strong>scriptum</strong></span> <span class='ocrx_word' id='word_1_280' title='bbox 1643 3454 1754 3511; x_wconf 89' lang='lat' dir='ltr'><strong>est,</strong></span> <span class='ocrx_word' id='word_1_281' title='bbox 1797 3446 1957 3513; x_wconf 81' lang='lat' dir='ltr'><strong>Quem</strong></span> <span class='ocrx_word' id='word_1_282' title='bbox 1999 3448 2130 3499; x_wconf 85' lang='lat' dir='ltr'><strong>enim</strong></span> 
     </span>
    </p>
   </div>
   <div class='ocr_carea' id='block_1_37' title="bbox 548 3535 2131 3612">
    <p class='ocr_par' dir='ltr' id='par_1_37' title="bbox 548 3535 2131 3612">
     <span class='ocr_line' id='line_1_38' title="bbox 548 3535 2131 3612; baseline -0.004 -18"><span class='ocrx_word' id='word_1_283' title='bbox 548 3540 715 3612; x_wconf 79' lang='lat' dir='ltr'><strong>diligit</strong></span> <span class='ocrx_word' id='word_1_284' title='bbox 747 3539 1013 3602; x_wconf 80' lang='lat' dir='ltr'><strong>Dominus,</strong></span> <span class='ocrx_word' id='word_1_285' title='bbox 1041 3538 1289 3603; x_wconf 84' lang='lat' dir='ltr'><strong>corripit;</strong></span> <span class='ocrx_word' id='word_1_286' title='bbox 1308 3535 1537 3605; x_wconf 86' lang='lat' dir='ltr'><strong>ﬂagellat</strong></span> <span class='ocrx_word' id='word_1_287' title='bbox 1564 3545 1730 3588; x_wconf 87' lang='lat' dir='ltr'><strong>autem</strong></span> <span class='ocrx_word' id='word_1_288' title='bbox 1755 3551 1948 3588; x_wconf 88' lang='lat' dir='ltr'><strong>omnem</strong></span> <span class='ocrx_word' id='word_1_289' title='bbox 1971 3536 2131 3604; x_wconf 82' lang='lat' dir='ltr'><strong>[ilium</strong></span> 
     </span>
    </p>
   </div>
   <div class='ocr_carea' id='block_1_38' title="bbox 544 3625 2132 3700">
    <p class='ocr_par' dir='ltr' id='par_1_38' title="bbox 544 3625 2132 3700">
     <span class='ocr_line' id='line_1_39' title="bbox 544 3625 2132 3700; baseline -0.003 -17"><span class='ocrx_word' id='word_1_290' title='bbox 544 3646 692 3700; x_wconf 83' lang='lat' dir='ltr'><strong>quem</strong></span> <span class='ocrx_word' id='word_1_291' title='bbox 718 3630 914 3699; x_wconf 82' lang='lat' dir='ltr'><strong>recipit.</strong></span> <span class='ocrx_word' id='word_1_292' title='bbox 952 3628 1051 3693; x_wconf 85' lang='lat' dir='ltr'><strong>Qui</strong></span> <span class='ocrx_word' id='word_1_293' title='bbox 1088 3642 1217 3681; x_wconf 90' lang='lat' dir='ltr'><strong>vero</strong></span> <span class='ocrx_word' id='word_1_294' title='bbox 1245 3640 1349 3678; x_wconf 91' lang='lat' dir='ltr'><strong>non</strong></span> <span class='ocrx_word' id='word_1_295' title='bbox 1390 3625 1817 3693; x_wconf 87' lang='lat' dir='ltr'><strong>obtemperantes</strong></span> <span class='ocrx_word' id='word_1_296' title='bbox 1852 3627 2132 3693; x_wconf 53' lang='lat' dir='ltr'><strong>praeceptis</strong></span> 
     </span>
    </p>
   </div>
   <div class='ocr_carea' id='block_1_39' title="bbox 545 3714 2129 3785">
    <p class='ocr_par' dir='ltr' id='par_1_39' title="bbox 545 3714 2129 3785">
     <span class='ocr_line' id='line_1_40' title="bbox 545 3714 2129 3785; baseline -0.004 -11"><span class='ocrx_word' id='word_1_297' title='bbox 545 3719 913 3775; x_wconf 83' lang='lat' dir='ltr'><strong>saluberrimis</strong></span> <span class='ocrx_word' id='word_1_298' title='bbox 938 3718 1116 3785; x_wconf 85' lang='lat' dir='ltr'><strong>inique</strong></span> <span class='ocrx_word' id='word_1_299' title='bbox 1148 3718 1348 3779; x_wconf 83' lang='lat' dir='ltr'><strong>vivunt,</strong></span> <span class='ocrx_word' id='word_1_300' title='bbox 1383 3724 1577 3783; x_wconf 80' lang='lat' dir='ltr'><strong>augent</strong></span> <span class='ocrx_word' id='word_1_301' title='bbox 1598 3714 1757 3768; x_wconf 86' lang='lat' dir='ltr'><strong>etiam</strong></span> <span class='ocrx_word' id='word_1_302' title='bbox 1783 3724 1943 3784; x_wconf 91' lang='lat' dir='ltr'><strong>atque</strong></span> <span class='ocrx_word' id='word_1_303' title='bbox 1969 3714 2129 3768; x_wconf 89' lang='lat' dir='ltr'><strong>etiam</strong></span> 
     </span>
    </p>
   </div>
   <div class='ocr_carea' id='block_1_40' title="bbox 545 3803 2131 3872">
    <p class='ocr_par' dir='ltr' id='par_1_40' title="bbox 545 3803 2131 3872">
     <span class='ocr_line' id='line_1_41' title="bbox 545 3803 2131 3872; baseline -0.004 -8"><span class='ocrx_word' id='word_1_304' title='bbox 545 3808 765 3864; x_wconf 88' lang='lat' dir='ltr'><strong>morbos</strong></span> <span class='ocrx_word' id='word_1_305' title='bbox 786 3822 912 3862; x_wconf 87' lang='lat' dir='ltr'><strong>suos</strong></span> <span class='ocrx_word' id='word_1_306' title='bbox 938 3824 950 3858; x_wconf 92' lang='lat'><strong>:</strong></span> <span class='ocrx_word' id='word_1_307' title='bbox 975 3816 1030 3860; x_wconf 90' lang='lat' dir='ltr'><strong>et</strong></span> <span class='ocrx_word' id='word_1_308' title='bbox 1058 3814 1150 3858; x_wconf 90' lang='lat' dir='ltr'><strong>aut</strong></span> <span class='ocrx_word' id='word_1_309' title='bbox 1170 3820 1239 3858; x_wconf 79' lang='lat' dir='ltr'><strong>ex.</strong></span> <span class='ocrx_word' id='word_1_310' title='bbox 1264 3805 1391 3872; x_wconf 82' lang='lat' dir='ltr'><strong>ipsis</strong></span> <span class='ocrx_word' id='word_1_311' title='bbox 1419 3804 1687 3872; x_wconf 91' lang='lat' dir='ltr'><strong>patiuntur</strong></span> <span class='ocrx_word' id='word_1_312' title='bbox 1713 3803 2131 3858; x_wconf 89' lang='lat' dir='ltr'><strong>innumerabiles</strong></span> 
     </span>
    </p>
   </div>
   <div class='ocr_carea' id='block_1_41' title="bbox 546 3894 2127 3964">
    <p class='ocr_par' dir='ltr' id='par_1_41' title="bbox 546 3894 2127 3964">
     <span class='ocr_line' id='line_1_42' title="bbox 546 3894 2127 3964; baseline -0.006 -7"><span class='ocrx_word' id='word_1_313' title='bbox 546 3901 882 3957; x_wconf 84' lang='lat' dir='ltr'><strong>miseriarum</strong></span> <span class='ocrx_word' id='word_1_314' title='bbox 920 3899 1133 3952; x_wconf 77' lang='lat' dir='ltr'><strong>labores</strong></span> <span class='ocrx_word' id='word_1_315' title='bbox 1179 3896 1497 3964; x_wconf 84' lang='lat' dir='ltr'><strong>doloresque</strong></span> <span class='ocrx_word' id='word_1_316' title='bbox 1539 3896 1700 3949; x_wconf 90' lang='lat' dir='ltr'><strong>etiam</strong></span> <span class='ocrx_word' id='word_1_317' title='bbox 1752 3894 1802 3947; x_wconf 92' lang='lat' dir='ltr'><strong>in</strong></span> <span class='ocrx_word' id='word_1_318' title='bbox 1850 3895 1948 3948; x_wconf 90' lang='lat' dir='ltr'><strong>hac</strong></span> <span class='ocrx_word' id='word_1_319' title='bbox 1987 3895 2127 3958; x_wconf 80' lang='lat' dir='ltr'><strong>vita;</strong></span> 
     </span>
    </p>
   </div>
   <div class='ocr_carea' id='block_1_42' title="bbox 547 3985 2127 4062">
    <p class='ocr_par' dir='ltr' id='par_1_42' title="bbox 547 3985 2127 4062">
     <span class='ocr_line' id='line_1_43' title="bbox 547 3985 2127 4062; baseline -0.005 -14"><span class='ocrx_word' id='word_1_320' title='bbox 547 4001 641 4048; x_wconf 89' lang='lat' dir='ltr'><strong>aut</strong></span> <span class='ocrx_word' id='word_1_321' title='bbox 668 3991 838 4062; x_wconf 65' lang='lat' dir='ltr'><strong>pinnis</strong></span> <span class='ocrx_word' id='word_1_322' title='bbox 868 4004 1079 4060; x_wconf 88' lang='lat' dir='ltr'><strong>quoque</strong></span> <span class='ocrx_word' id='word_1_323' title='bbox 1107 3987 1380 4049; x_wconf 87' lang='lat' dir='ltr'><strong>adhibitis,</strong></span> <span class='ocrx_word' id='word_1_324' title='bbox 1410 3994 1469 4040; x_wconf 88' lang='lat' dir='ltr'><strong>ut</strong></span> <span class='ocrx_word' id='word_1_325' title='bbox 1491 3985 1632 4055; x_wconf 91' lang='lat' dir='ltr'><strong>quod</strong></span> <span class='ocrx_word' id='word_1_326' title='bbox 1659 4000 1846 4039; x_wconf 88' lang='lat' dir='ltr'><strong>sanum</strong></span> <span class='ocrx_word' id='word_1_327' title='bbox 1879 4000 1984 4039; x_wconf 88' lang='lat' dir='ltr'><strong>non</strong></span> <span class='ocrx_word' id='word_1_328' title='bbox 2014 3996 2127 4052; x_wconf 87' lang='lat' dir='ltr'><strong>est,</strong></span> 
     </span>
    </p>
   </div>
   <div class='ocr_carea' id='block_1_43' title="bbox 546 4076 2133 4153">
    <p class='ocr_par' dir='ltr' id='par_1_43' title="bbox 546 4076 2133 4153">
     <span class='ocr_line' id='line_1_44' title="bbox 546 4076 2133 4153; baseline -0.006 -14"><span class='ocrx_word' id='word_1_329' title='bbox 546 4092 794 4153; x_wconf 84' lang='lat' dir='ltr'><strong>tangatur</strong></span> <span class='ocrx_word' id='word_1_330' title='bbox 820 4090 872 4135; x_wconf 86' lang='lat' dir='ltr'><strong>et</strong></span> <span class='ocrx_word' id='word_1_331' title='bbox 898 4080 1101 4140; x_wconf 85' lang='lat' dir='ltr'><strong>doleat,</strong></span> <span class='ocrx_word' id='word_1_332' title='bbox 1131 4078 1183 4131; x_wconf 83' lang='lat' dir='ltr'><strong>in</strong></span> <span class='ocrx_word' id='word_1_333' title='bbox 1224 4092 1328 4146; x_wconf 90' lang='lat' dir='ltr'><strong>quo</strong></span> <span class='ocrx_word' id='word_1_334' title='bbox 1368 4078 1507 4131; x_wconf 89' lang='lat' dir='ltr'><strong>man</strong></span> <span class='ocrx_word' id='word_1_335' title='bbox 1547 4077 1685 4140; x_wconf 89' lang='lat' dir='ltr'><strong>sint,</strong></span> <span class='ocrx_word' id='word_1_336' title='bbox 1714 4076 2133 4130; x_wconf 88' lang='lat' dir='ltr'><strong>misericorditer</strong></span> 
     </span>
    </p>
   </div>
   <div class='ocr_carea' id='block_1_44' title="bbox 548 4166 2129 4236">
    <p class='ocr_par' dir='ltr' id='par_1_44' title="bbox 548 4166 2129 4236">
     <span class='ocr_line' id='line_1_45' title="bbox 548 4166 2129 4236; baseline -0.004 -9"><span class='ocrx_word' id='word_1_337' title='bbox 548 4173 923 4234; x_wconf 89' lang='lat' dir='ltr'><strong>admonentur,</strong></span> <span class='ocrx_word' id='word_1_338' title='bbox 970 4179 1025 4222; x_wconf 93' lang='lat' dir='ltr'><strong>ut</strong></span> <span class='ocrx_word' id='word_1_339' title='bbox 1064 4167 1129 4221; x_wconf 89' lang='lat' dir='ltr'><strong>ad</strong></span> <span class='ocrx_word' id='word_1_340' title='bbox 1164 4166 1481 4222; x_wconf 88' lang='lat' dir='ltr'><strong>medicinam</strong></span> <span class='ocrx_word' id='word_1_341' title='bbox 1519 4168 1763 4221; x_wconf 86' lang='lat' dir='ltr'><strong>conversi</strong></span> <span class='ocrx_word' id='word_1_342' title='bbox 1791 4183 1884 4235; x_wconf 84' lang='lat' dir='ltr'><strong>per</strong></span> <span class='ocrx_word' id='word_1_343' title='bbox 1906 4167 2129 4236; x_wconf 77' lang='lat' dir='ltr'><strong>gratiam</strong></span> 
     </span>
    </p>
   </div>
   <div class='ocr_carea' id='block_1_45' title="bbox 554 4255 2133 4326">
    <p class='ocr_par' dir='ltr' id='par_1_45' title="bbox 554 4255 2133 4326">
     <span class='ocr_line' id='line_1_46' title="bbox 554 4255 2133 4326; baseline -0.005 -9"><span class='ocrx_word' id='word_1_344' title='bbox 554 4263 650 4317; x_wconf 87' lang='lat' dir='ltr'><strong>Dei</strong></span> <span class='ocrx_word' id='word_1_345' title='bbox 691 4262 805 4316; x_wconf 83' lang='lat' dir='ltr'><strong>sani</strong></span> <span class='ocrx_word' id='word_1_346' title='bbox 836 4260 981 4313; x_wconf 80' lang='lat' dir='ltr'><strong>ﬁant.</strong></span> <span class='ocrx_word' id='word_1_347' title='bbox 1006 4259 1135 4326; x_wconf 69' lang='lat' dir='ltr'><strong>Quae</strong></span> <span class='ocrx_word' id='word_1_348' title='bbox 1180 4257 1354 4310; x_wconf 86' lang='lat' dir='ltr'><strong>omnia</strong></span> <span class='ocrx_word' id='word_1_349' title='bbox 1401 4257 1445 4309; x_wconf 87' lang='lat' dir='ltr'><strong>si</strong></span> <span class='ocrx_word' id='word_1_350' title='bbox 1488 4256 1943 4325; x_wconf 86' lang='lat' dir='ltr'><strong>contempserint,</strong></span> <span class='ocrx_word' id='word_1_351' title='bbox 1972 4255 2025 4311; x_wconf 91' lang='lat' dir='ltr'><strong>id</strong></span> <span class='ocrx_word' id='word_1_352' title='bbox 2050 4264 2133 4309; x_wconf 88' lang='lat' dir='ltr'><strong>est</strong></span> 
     </span>
    </p>
   </div>
   <div class='ocr_carea' id='block_1_46' title="bbox 548 4346 2132 4424">
    <p class='ocr_par' dir='ltr' id='par_1_46' title="bbox 548 4346 2132 4424">
     <span class='ocr_line' id='line_1_47' title="bbox 548 4346 2132 4424; baseline -0.005 -16"><span class='ocrx_word' id='word_1_353' title='bbox 548 4360 814 4424; x_wconf 75' lang='lat' dir='ltr'><strong>pnecepta</strong></span> <span class='ocrx_word' id='word_1_354' title='bbox 838 4350 1119 4404; x_wconf 87' lang='lat' dir='ltr'><strong>verborum</strong></span> <span class='ocrx_word' id='word_1_355' title='bbox 1154 4349 1169 4379; x_wconf 74' lang='grc'>⁸</span> <span class='ocrx_word' id='word_1_356' title='bbox 1200 4357 1254 4402; x_wconf 90' lang='lat' dir='ltr'><strong>et</strong></span> <span class='ocrx_word' id='word_1_357' title='bbox 1291 4347 1561 4413; x_wconf 84' lang='lat' dir='ltr'><strong>dolorum,</strong></span> <span class='ocrx_word' id='word_1_358' title='bbox 1578 4346 1776 4415; x_wconf 85' lang='lat' dir='ltr'><strong>justam</strong></span> <span class='ocrx_word' id='word_1_359' title='bbox 1830 4353 1949 4414; x_wconf 88' lang='lat' dir='ltr'><strong>post</strong></span> <span class='ocrx_word' id='word_1_360' title='bbox 1995 4346 2132 4400; x_wconf 92' lang='lat' dir='ltr'><strong>hanc</strong></span> 
     </span>
    </p>
   </div>
   <div class='ocr_carea' id='block_1_47' title="bbox 548 4434 2130 4510">
    <p class='ocr_par' dir='ltr' id='par_1_47' title="bbox 548 4434 2130 4510">
     <span class='ocr_line' id='line_1_48' title="bbox 548 4434 2130 4510; baseline -0.006 -12"><span class='ocrx_word' id='word_1_361' title='bbox 548 4444 710 4498; x_wconf 83' lang='lat' dir='ltr'><strong>vitam</strong></span> <span class='ocrx_word' id='word_1_362' title='bbox 736 4442 1114 4510; x_wconf 74' lang='lat' dir='ltr'><strong>sempiternam</strong></span> <span class='ocrx_word' id='word_1_363' title='bbox 1143 4438 1538 4493; x_wconf 88' lang='lat' dir='ltr'><strong>damnationem</strong></span> <span class='ocrx_word' id='word_1_364' title='bbox 1577 4436 1945 4491; x_wconf 88' lang='lat' dir='ltr'><strong>merebuntur.</strong></span> <span class='ocrx_word' id='word_1_365' title='bbox 1978 4434 2130 4490; x_wconf 88' lang='lat' dir='ltr'><strong>Ideo-</strong></span> 
     </span>
    </p>
   </div>
   <div class='ocr_carea' id='block_1_48' title="bbox 547 4525 2130 4604">
    <p class='ocr_par' dir='ltr' id='par_1_48' title="bbox 547 4525 2130 4604">
     <span class='ocr_line' id='line_1_49' title="bbox 547 4525 2130 4604; baseline -0.006 -16"><span class='ocrx_word' id='word_1_366' title='bbox 547 4547 655 4604; x_wconf 86' lang='lat' dir='ltr'><strong>que</strong></span> <span class='ocrx_word' id='word_1_367' title='bbox 681 4532 767 4587; x_wconf 88' lang='lat' dir='ltr'><strong>ille</strong></span> <span class='ocrx_word' id='word_1_368' title='bbox 792 4538 965 4600; x_wconf 83' lang='lat' dir='ltr'><strong>potest</strong></span> <span class='ocrx_word' id='word_1_369' title='bbox 991 4528 1173 4584; x_wconf 88' lang='lat' dir='ltr'><strong>dicere</strong></span> <span class='ocrx_word' id='word_1_370' title='bbox 1198 4528 1392 4595; x_wconf 84' lang='lat' dir='ltr'><strong>injuste</strong></span> <span class='ocrx_word' id='word_1_371' title='bbox 1424 4526 1524 4581; x_wconf 91' lang='lat' dir='ltr'><strong>ista</strong></span> <span class='ocrx_word' id='word_1_372' title='bbox 1552 4526 1663 4581; x_wconf 90' lang='lat' dir='ltr'><strong>lieri</strong></span> <span class='ocrx_word' id='word_1_373' title='bbox 1686 4567 1699 4589; x_wconf 94' lang='lat'><strong>,</strong></span> <span class='ocrx_word' id='word_1_374' title='bbox 1728 4527 1817 4595; x_wconf 86' lang='lat' dir='ltr'><strong>qui</strong></span> <span class='ocrx_word' id='word_1_375' title='bbox 1848 4525 2017 4580; x_wconf 87' lang='lat' dir='ltr'><strong>solam</strong></span> <span class='ocrx_word' id='word_1_376' title='bbox 2046 4526 2130 4579; x_wconf 88' lang='lat' dir='ltr'><strong>vi-</strong></span> 
     </span>
    </p>
   </div>
   <div class='ocr_carea' id='block_1_49' title="bbox 548 4616 2127 4689">
    <p class='ocr_par' dir='ltr' id='par_1_49' title="bbox 548 4616 2127 4689">
     <span class='ocr_line' id='line_1_50' title="bbox 548 4616 2127 4689; baseline -0.006 -10"><span class='ocrx_word' id='word_1_377' title='bbox 548 4634 656 4679; x_wconf 92' lang='lat' dir='ltr'><strong>tam</strong></span> <span class='ocrx_word' id='word_1_378' title='bbox 688 4622 990 4687; x_wconf 87' lang='lat' dir='ltr'><strong>mortalem,</strong></span> <span class='ocrx_word' id='word_1_379' title='bbox 1017 4636 1175 4689; x_wconf 88' lang='lat' dir='ltr'><strong>quam</strong></span> <span class='ocrx_word' id='word_1_380' title='bbox 1205 4633 1344 4673; x_wconf 84' lang='lat' dir='ltr'><strong>IllllIC</strong></span> <span class='ocrx_word' id='word_1_381' title='bbox 1366 4619 1572 4688; x_wconf 79' lang='lat' dir='ltr'><strong>agimus</strong></span> <span class='ocrx_word' id='word_1_382' title='bbox 1594 4660 1607 4681; x_wconf 91' lang='lat'><strong>,</strong></span> <span class='ocrx_word' id='word_1_383' title='bbox 1637 4632 1758 4671; x_wconf 89' lang='lat' dir='ltr'><strong>esse</strong></span> <span class='ocrx_word' id='word_1_384' title='bbox 1782 4616 2093 4672; x_wconf 76' lang='lat' dir='ltr'><strong>existimans</strong></span> <span class='ocrx_word' id='word_1_385' title='bbox 2111 4657 2127 4684; x_wconf 95' lang='lat'><strong>,</strong></span> 
     </span>
    </p>
   </div>
   <div class='ocr_carea' id='block_1_50' title="bbox 547 4708 2131 4793">
    <p class='ocr_par' dir='ltr' id='par_1_50' title="bbox 547 4708 2131 4793">
     <span class='ocr_line' id='line_1_51' title="bbox 547 4708 2131 4793; baseline -0.008 -19"><span class='ocrx_word' id='word_1_386' title='bbox 547 4732 668 4793; x_wconf 64' lang='lat' dir='ltr'><strong>quin</strong></span> <span class='ocrx_word' id='word_1_387' title='bbox 692 4715 943 4771; x_wconf 89' lang='lat' dir='ltr'><strong>divinitus</strong></span> <span class='ocrx_word' id='word_1_388' title='bbox 975 4712 1223 4783; x_wconf 62' lang='lat' dir='ltr'><strong>praedicta</strong></span> <span class='ocrx_word' id='word_1_389' title='bbox 1252 4719 1376 4765; x_wconf 87' lang='lat' dir='ltr'><strong>sunt</strong></span> <span class='ocrx_word' id='word_1_390' title='bbox 1404 4708 1580 4765; x_wconf 78' lang='lat' dir='ltr'><strong>futura</strong></span> <span class='ocrx_word' id='word_1_391' title='bbox 1621 4725 1727 4764; x_wconf 83' lang='lat' dir='ltr'><strong>non</strong></span> <span class='ocrx_word' id='word_1_392' title='bbox 1764 4708 1967 4775; x_wconf 89' lang='lat' dir='ltr'><strong>credit,</strong></span> <span class='ocrx_word' id='word_1_393' title='bbox 2000 4724 2131 4778; x_wconf 58' lang='lat' dir='ltr'><strong>pen-</strong></span> 
     </span>
    </p>
   </div>
   <div class='ocr_carea' id='block_1_51' title="bbox 611 4823 1430 4890">
    <p class='ocr_par' dir='ltr' id='par_1_51' title="bbox 611 4823 1430 4890">
     <span class='ocr_line' id='line_1_52' title="bbox 611 4823 1430 4890; baseline -0.011 -11"><span class='ocrx_word' id='word_1_394' title='bbox 611 4830 631 4861; x_wconf 77' lang='grc' dir='ltr'>ί</span> <span class='ocrx_word' id='word_1_395' title='bbox 653 4829 720 4878; x_wconf 75' lang='lat' dir='ltr'><strong>Ad</strong></span> <span class='ocrx_word' id='word_1_396' title='bbox 735 4826 1006 4890; x_wconf 83' lang='lat' dir='ltr'><strong>marginem</strong></span> <span class='ocrx_word' id='word_1_397' title='bbox 1028 4832 1148 4885; x_wconf 69' lang='lat' dir='ltr'><strong>ML,</strong></span> <span class='ocrx_word' id='word_1_398' title='bbox 1163 4823 1430 4874; x_wconf 79' lang='lat' dir='ltr'><strong>verberum.</strong></span> 
     </span>
    </p>
   </div>
   <div class='ocr_carea' id='block_1_52' title="bbox 1083 4921 1610 4930">
    <p class='ocr_par' dir='ltr' id='par_1_52' title="bbox 1083 4921 1610 4930">
     <span class='ocr_line' id='line_1_53' title="bbox 1083 4921 1610 4930; baseline 0 0"><span class='ocrx_word' id='word_1_399' title='bbox 1083 4921 1610 4930; x_wconf 64' lang='grc' dir='ltr'>ω</span> 
     </span>
    </p>
   </div>
   <div class='ocr_carea' id='block_1_53' title="bbox 739 4953 944 4963">
    <p class='ocr_par' dir='ltr' id='par_1_53' title="bbox 739 4953 944 4963">
     <span class='ocr_line' id='line_1_54' title="bbox 739 4953 944 4963; baseline 0 0"><span class='ocrx_word' id='word_1_400' title='bbox 739 4953 944 4963; x_wconf 55' lang='grc' dir='ltr'><strong><em>Ἦ</em></strong></span> 
     </span>
    </p>
   </div>
   <div class='ocr_carea' id='block_1_54' title="bbox 571 4956 738 4964">
    <p class='ocr_par' dir='ltr' id='par_1_54' title="bbox 571 4956 738 4964">
     <span class='ocr_line' id='line_1_55' title="bbox 571 4956 738 4964; baseline 0 0"><span class='ocrx_word' id='word_1_401' title='bbox 571 4956 738 4964; x_wconf 60' lang='lat' dir='ltr'><strong>sm:</strong></span> 
     </span>
    </p>
   </div>
   <div class='ocr_carea' id='block_1_55' title="bbox 1860 4914 2192 4924">
    <p class='ocr_par' dir='ltr' id='par_1_55' title="bbox 1860 4914 2192 4924">
     <span class='ocr_line' id='line_1_56' title="bbox 1860 4914 2192 4924; baseline 0 0"><span class='ocrx_word' id='word_1_402' title='bbox 1860 4914 2192 4924; x_wconf 49' lang='lat' dir='ltr'><strong>magia:</strong></span> 
     </span>
    </p>
   </div>
   <div class='ocr_carea' id='block_1_56' title="bbox 2221 449 3789 522">
    <p class='ocr_par' dir='ltr' id='par_1_56' title="bbox 2221 449 3789 522">
     <span class='ocr_line' id='line_1_57' title="bbox 2221 449 3789 522; baseline 0.008 -22"><span class='ocrx_word' id='word_1_403' title='bbox 2221 462 2378 501; x_wconf 80' lang='lat' dir='ltr'><strong>suros</strong></span> <span class='ocrx_word' id='word_1_404' title='bbox 2405 449 2711 519; x_wconf 84' lang='lat' dir='ltr'><strong>gravissima</strong></span> <span class='ocrx_word' id='word_1_405' title='bbox 2739 451 2991 519; x_wconf 89' lang='lat' dir='ltr'><strong>supplicia</strong></span> <span class='ocrx_word' id='word_1_406' title='bbox 3024 449 3430 521; x_wconf 72' lang='lat' dir='ltr'><strong>perseverantia:</strong></span> <span class='ocrx_word' id='word_1_407' title='bbox 3458 450 3789 522; x_wconf 82' lang='lat' dir='ltr'><strong>peccatorum</strong></span> 
     </span>
    </p>
   </div>
   <div class='ocr_carea' id='block_1_57' title="bbox 2224 539 3353 606">
    <p class='ocr_par' dir='ltr' id='par_1_57' title="bbox 2224 539 3353 606">
     <span class='ocr_line' id='line_1_58' title="bbox 2224 539 3353 606; baseline 0.007 -17"><span class='ocrx_word' id='word_1_408' title='bbox 2224 548 2384 606; x_wconf 88' lang='lat' dir='ltr'><strong>atque</strong></span> <span class='ocrx_word' id='word_1_409' title='bbox 2415 539 2741 595; x_wconf 85' lang='lat' dir='ltr'><strong>inﬁdelitatis</strong></span> <span class='ocrx_word' id='word_1_410' title='bbox 2769 556 2900 595; x_wconf 79' lang='lat' dir='ltr'><strong>suae.</strong></span> <span class='ocrx_word' id='word_1_411' title='bbox 3352 570 3353 573; x_wconf 56' lang='grc' dir='ltr'><strong>η</strong></span> 
     </span>
    </p>
   </div>
   <div class='ocr_carea' id='block_1_58' title="bbox 2222 630 3789 706">
    <p class='ocr_par' dir='ltr' id='par_1_58' title="bbox 2222 630 3789 706">
     <span class='ocr_line' id='line_1_59' title="bbox 2222 630 3789 706; baseline 0.006 -22"><span class='ocrx_word' id='word_1_412' title='bbox 2222 630 2505 686; x_wconf 73' lang='lat' dir='ltr'><strong>LXXXIII.</strong></span> <span class='ocrx_word' id='word_1_413' title='bbox 2548 632 2624 686; x_wconf 86' lang='lat' dir='ltr'><strong>De</strong></span> <span class='ocrx_word' id='word_1_414' title='bbox 2665 634 2927 703; x_wconf 86' lang='lat' dir='ltr'><strong>conjugio,</strong></span> <span class='ocrx_word' id='word_1_415' title='bbox 2959 632 3011 687; x_wconf 86' lang='lat' dir='ltr'><strong>in</strong></span> <span class='ocrx_word' id='word_1_416' title='bbox 3048 650 3105 687; x_wconf 85' lang='lat' dir='ltr'><strong>eo</strong></span> <span class='ocrx_word' id='word_1_417' title='bbox 3148 634 3283 706; x_wconf 82' lang='lat' dir='ltr'><strong>quod</strong></span> <span class='ocrx_word' id='word_1_418' title='bbox 3316 633 3560 688; x_wconf 80' lang='lat' dir='ltr'><strong>Dominus</strong></span> <span class='ocrx_word' id='word_1_419' title='bbox 3601 638 3669 689; x_wconf 79' lang='lat' dir='ltr'><strong>ait</strong></span> <span class='ocrx_word' id='word_1_420' title='bbox 3692 654 3710 691; x_wconf 91' lang='lat'><strong><em>:</em></strong></span> <span class='ocrx_word' id='word_1_421' title='bbox 3736 640 3789 694; x_wconf 82' lang='lat' dir='ltr'><strong>Si</strong></span> 
     </span>
    </p>
   </div>
   <div class='ocr_carea' id='block_1_59' title="bbox 2293 724 3796 795">
    <p class='ocr_par' dir='ltr' id='par_1_59' title="bbox 2293 724 3796 795">
     <span class='ocr_line' id='line_1_60' title="bbox 2293 724 3796 795; baseline 0.007 -21"><span class='ocrx_word' id='word_1_422' title='bbox 2293 725 2410 792; x_wconf 91' lang='lat' dir='ltr'><strong>quis</strong></span> <span class='ocrx_word' id='word_1_423' title='bbox 2446 724 2706 779; x_wconf 88' lang='lat' dir='ltr'><strong>dimiserit</strong></span> <span class='ocrx_word' id='word_1_424' title='bbox 2746 740 2965 777; x_wconf 76' lang='lat' dir='ltr'><strong>uxorem</strong></span> <span class='ocrx_word' id='word_1_425' title='bbox 2994 740 3142 778; x_wconf 85' lang='lat' dir='ltr'><strong>suam</strong></span> <span class='ocrx_word' id='word_1_426' title='bbox 3164 766 3178 783; x_wconf 90' lang='lat'><strong>.</strong></span> <span class='ocrx_word' id='word_1_427' title='bbox 3208 736 3424 795; x_wconf 74' lang='lat' dir='ltr'><strong>excepta</strong></span> <span class='ocrx_word' id='word_1_428' title='bbox 3455 742 3614 782; x_wconf 89' lang='lat' dir='ltr'><strong>causa</strong></span> <span class='ocrx_word' id='word_1_429' title='bbox 3641 728 3796 784; x_wconf 81' lang='lat' dir='ltr'><strong>forni-</strong></span> 
     </span>
    </p>
   </div>
   <div class='ocr_carea' id='block_1_60' title="bbox 2291 814 3126 885">
    <p class='ocr_par' dir='ltr' id='par_1_60' title="bbox 2291 814 3126 885">
     <span class='ocr_line' id='line_1_61' title="bbox 2291 814 3126 885; baseline 0.004 -18"><span class='ocrx_word' id='word_1_430' title='bbox 2291 814 2534 876; x_wconf 87' lang='lat' dir='ltr'><strong>cationis,</strong></span> <span class='ocrx_word' id='word_1_431' title='bbox 2565 825 2658 869; x_wconf 91' lang='lat' dir='ltr'><strong>etc.</strong></span> <span class='ocrx_word' id='word_1_432' title='bbox 2692 815 2903 883; x_wconf 80' lang='lat' dir='ltr'><strong>(Matth.</strong></span> <span class='ocrx_word' id='word_1_433' title='bbox 2934 831 2990 881; x_wconf 87' lang='lat' dir='ltr'><strong>v,</strong></span> <span class='ocrx_word' id='word_1_434' title='bbox 3014 815 3126 885; x_wconf 76' lang='lat'><strong>52).</strong></span> 
     </span>
    </p>
   </div>
   <div class='ocr_carea' id='block_1_61' title="bbox 2295 903 3800 976">
    <p class='ocr_par' dir='ltr' id='par_1_61' title="bbox 2295 903 3800 976">
     <span class='ocr_line' id='line_1_62' title="bbox 2295 903 3800 976; baseline 0.004 -18"><span class='ocrx_word' id='word_1_435' title='bbox 2295 903 2350 959; x_wconf 87' lang='lat' dir='ltr'><strong>Si</strong></span> <span class='ocrx_word' id='word_1_436' title='bbox 2381 905 2638 959; x_wconf 87' lang='lat' dir='ltr'><strong>Dominus</strong></span> <span class='ocrx_word' id='word_1_437' title='bbox 2658 906 2984 960; x_wconf 66' lang='lat' dir='ltr'><strong>dimittendce</strong></span> <span class='ocrx_word' id='word_1_438' title='bbox 3011 907 3251 976; x_wconf 80' lang='lat' dir='ltr'><strong>conjugis</strong></span> <span class='ocrx_word' id='word_1_439' title='bbox 3270 907 3434 961; x_wconf 88' lang='lat' dir='ltr'><strong>solam</strong></span> <span class='ocrx_word' id='word_1_440' title='bbox 3458 923 3670 962; x_wconf 82' lang='lat' dir='ltr'><strong>causam</strong></span> <span class='ocrx_word' id='word_1_441' title='bbox 3698 910 3800 964; x_wconf 87' lang='lat' dir='ltr'><strong>l‘or-</strong></span> 
     </span>
    </p>
   </div>
   <div class='ocr_carea' id='block_1_62' title="bbox 2224 994 3798 1069">
    <p class='ocr_par' dir='ltr' id='par_1_62' title="bbox 2224 994 3798 1069">
     <span class='ocr_line' id='line_1_63' title="bbox 2224 994 3798 1069; baseline 0.004 -21"><span class='ocrx_word' id='word_1_442' title='bbox 2224 994 2504 1049; x_wconf 88' lang='lat' dir='ltr'><strong>nieationis</strong></span> <span class='ocrx_word' id='word_1_443' title='bbox 2550 996 2813 1061; x_wconf 88' lang='lat' dir='ltr'><strong>admittit,</strong></span> <span class='ocrx_word' id='word_1_444' title='bbox 2855 1004 2911 1052; x_wconf 90' lang='lat' dir='ltr'><strong>et</strong></span> <span class='ocrx_word' id='word_1_445' title='bbox 2956 1012 3215 1066; x_wconf 81' lang='lat' dir='ltr'><strong>paganum</strong></span> <span class='ocrx_word' id='word_1_446' title='bbox 3263 998 3565 1069; x_wconf 78' lang='lat' dir='ltr'><strong>conjugium</strong></span> <span class='ocrx_word' id='word_1_447' title='bbox 3613 999 3798 1055; x_wconf 82' lang='lat' dir='ltr'><strong>dimitti</strong></span> 
     </span>
    </p>
   </div>
   <div class='ocr_carea' id='block_1_63' title="bbox 2225 1084 3801 1156">
    <p class='ocr_par' dir='ltr' id='par_1_63' title="bbox 2225 1084 3801 1156">
     <span class='ocr_line' id='line_1_64' title="bbox 2225 1084 3801 1156; baseline 0.004 -19"><span class='ocrx_word' id='word_1_448' title='bbox 2225 1099 2330 1137; x_wconf 90' lang='lat' dir='ltr'><strong>non</strong></span> <span class='ocrx_word' id='word_1_449' title='bbox 2360 1084 2635 1153; x_wconf 90' lang='lat' dir='ltr'><strong>prohibet,</strong></span> <span class='ocrx_word' id='word_1_450' title='bbox 2657 1101 2991 1155; x_wconf 90' lang='lat' dir='ltr'><strong>consequens</strong></span> <span class='ocrx_word' id='word_1_451' title='bbox 3020 1095 3101 1141; x_wconf 90' lang='lat' dir='ltr'><strong>est</strong></span> <span class='ocrx_word' id='word_1_452' title='bbox 3127 1096 3184 1140; x_wconf 91' lang='lat' dir='ltr'><strong>ut</strong></span> <span class='ocrx_word' id='word_1_453' title='bbox 3212 1089 3549 1156; x_wconf 80' lang='lat' dir='ltr'><strong>paganismus</strong></span> <span class='ocrx_word' id='word_1_454' title='bbox 3574 1089 3801 1142; x_wconf 75' lang='lat' dir='ltr'><strong>fornica~</strong></span> 
     </span>
    </p>
   </div>
   <div class='ocr_carea' id='block_1_64' title="bbox 2228 1174 3800 1243">
    <p class='ocr_par' dir='ltr' id='par_1_64' title="bbox 2228 1174 3800 1243">
     <span class='ocr_line' id='line_1_65' title="bbox 2228 1174 3800 1243; baseline 0.003 -15"><span class='ocrx_word' id='word_1_455' title='bbox 2228 1174 2299 1228; x_wconf 92' lang='lat' dir='ltr'><strong>tio</strong></span> <span class='ocrx_word' id='word_1_456' title='bbox 2342 1175 2627 1243; x_wconf 89' lang='lat' dir='ltr'><strong>deputetur</strong></span> <span class='ocrx_word' id='word_1_457' title='bbox 2669 1178 2709 1228; x_wconf 85' lang='grc'><strong>¹.</strong></span> <span class='ocrx_word' id='word_1_458' title='bbox 2740 1176 2919 1231; x_wconf 88' lang='lat' dir='ltr'><strong>Solam</strong></span> <span class='ocrx_word' id='word_1_459' title='bbox 2963 1186 3139 1230; x_wconf 88' lang='lat' dir='ltr'><strong>autem</strong></span> <span class='ocrx_word' id='word_1_460' title='bbox 3185 1178 3546 1232; x_wconf 79' lang='lat' dir='ltr'><strong>fornicationis</strong></span> <span class='ocrx_word' id='word_1_461' title='bbox 3592 1193 3800 1232; x_wconf 84' lang='lat' dir='ltr'><strong>causam</strong></span> 
     </span>
    </p>
   </div>
   <div class='ocr_carea' id='block_1_65' title="bbox 2226 1263 3802 1331">
    <p class='ocr_par' dir='ltr' id='par_1_65' title="bbox 2226 1263 3802 1331">
     <span class='ocr_line' id='line_1_66' title="bbox 2226 1263 3802 1331; baseline 0.004 -16"><span class='ocrx_word' id='word_1_462' title='bbox 2226 1271 2500 1331; x_wconf 84' lang='lat' dir='ltr'><strong>exceptam</strong></span> <span class='ocrx_word' id='word_1_463' title='bbox 2532 1263 2705 1318; x_wconf 79' lang='lat' dir='ltr'><strong>facere</strong></span> <span class='ocrx_word' id='word_1_464' title='bbox 2730 1265 3008 1319; x_wconf 88' lang='lat' dir='ltr'><strong>Dominum</strong></span> <span class='ocrx_word' id='word_1_465' title='bbox 3032 1306 3046 1329; x_wconf 90' lang='lat'><strong>,</strong></span> <span class='ocrx_word' id='word_1_466' title='bbox 3077 1280 3197 1320; x_wconf 91' lang='lat' dir='ltr'><strong>cum</strong></span> <span class='ocrx_word' id='word_1_467' title='bbox 3232 1265 3299 1320; x_wconf 90' lang='lat' dir='ltr'><strong>de</strong></span> <span class='ocrx_word' id='word_1_468' title='bbox 3331 1266 3643 1320; x_wconf 88' lang='lat' dir='ltr'><strong>dimittenda</strong></span> <span class='ocrx_word' id='word_1_469' title='bbox 3677 1282 3802 1321; x_wconf 85' lang='lat' dir='ltr'><strong>con-</strong></span> 
     </span>
    </p>
   </div>
   <div class='ocr_carea' id='block_1_66' title="bbox 2222 1352 3802 1427">
    <p class='ocr_par' dir='ltr' id='par_1_66' title="bbox 2222 1352 3802 1427">
     <span class='ocr_line' id='line_1_67' title="bbox 2222 1352 3802 1427; baseline 0.004 -23"><span class='ocrx_word' id='word_1_470' title='bbox 2222 1352 2348 1423; x_wconf 80' lang='lat' dir='ltr'><strong>juge</strong></span> <span class='ocrx_word' id='word_1_471' title='bbox 2396 1355 2625 1423; x_wconf 89' lang='lat' dir='ltr'><strong>loquitur</strong></span> <span class='ocrx_word' id='word_1_472' title='bbox 2667 1355 2718 1409; x_wconf 91' lang='lat' dir='ltr'><strong>in</strong></span> <span class='ocrx_word' id='word_1_473' title='bbox 2767 1355 3083 1424; x_wconf 78' lang='lat' dir='ltr'><strong>Evangelia,</strong></span> <span class='ocrx_word' id='word_1_474' title='bbox 3117 1355 3455 1410; x_wconf 80' lang='lat' dir='ltr'><strong>manifestum</strong></span> <span class='ocrx_word' id='word_1_475' title='bbox 3501 1366 3603 1410; x_wconf 91' lang='lat' dir='ltr'><strong>est.</strong></span> <span class='ocrx_word' id='word_1_476' title='bbox 3637 1356 3802 1427; x_wconf 83' lang='lat' dir='ltr'><strong>Paga-</strong></span> 
     </span>
    </p>
   </div>
   <div class='ocr_carea' id='block_1_67' title="bbox 2228 1445 3800 1515">
    <p class='ocr_par' dir='ltr' id='par_1_67' title="bbox 2228 1445 3800 1515">
     <span class='ocr_line' id='line_1_68' title="bbox 2228 1445 3800 1515; baseline 0.003 -19"><span class='ocrx_word' id='word_1_477' title='bbox 2228 1459 2353 1497; x_wconf 91' lang='lat' dir='ltr'><strong>num</strong></span> <span class='ocrx_word' id='word_1_478' title='bbox 2382 1453 2511 1498; x_wconf 83' lang='lat' dir='ltr'><strong>vero</strong></span> <span class='ocrx_word' id='word_1_479' title='bbox 2550 1445 2852 1515; x_wconf 87' lang='lat' dir='ltr'><strong>conjugium</strong></span> <span class='ocrx_word' id='word_1_480' title='bbox 2908 1446 3028 1500; x_wconf 88' lang='lat' dir='ltr'><strong>hinc</strong></span> <span class='ocrx_word' id='word_1_481' title='bbox 3073 1462 3176 1500; x_wconf 89' lang='lat' dir='ltr'><strong>non</strong></span> <span class='ocrx_word' id='word_1_482' title='bbox 3226 1445 3537 1514; x_wconf 88' lang='lat' dir='ltr'><strong>prohibetur</strong></span> <span class='ocrx_word' id='word_1_483' title='bbox 3581 1447 3800 1512; x_wconf 86' lang='lat' dir='ltr'><strong>dimitti,</strong></span> 
     </span>
    </p>
   </div>
   <div class='ocr_carea' id='block_1_68' title="bbox 2227 1537 3807 1607">
    <p class='ocr_par' dir='ltr' id='par_1_68' title="bbox 2227 1537 3807 1607">
     <span class='ocr_line' id='line_1_69' title="bbox 2227 1537 3807 1607; baseline 0.003 -18"><span class='ocrx_word' id='word_1_484' title='bbox 2227 1538 2349 1607; x_wconf 87' lang='lat' dir='ltr'><strong>quia</strong></span> <span class='ocrx_word' id='word_1_485' title='bbox 2392 1552 2512 1591; x_wconf 93' lang='lat' dir='ltr'><strong>cum</strong></span> <span class='ocrx_word' id='word_1_486' title='bbox 2562 1539 2848 1607; x_wconf 85' lang='lat' dir='ltr'><strong>Apostolus</strong></span> <span class='ocrx_word' id='word_1_487' title='bbox 2892 1539 2959 1593; x_wconf 91' lang='lat' dir='ltr'><strong>de</strong></span> <span class='ocrx_word' id='word_1_488' title='bbox 2998 1539 3095 1592; x_wconf 88' lang='lat' dir='ltr'><strong>hac</strong></span> <span class='ocrx_word' id='word_1_489' title='bbox 3136 1554 3195 1593; x_wconf 91' lang='lat' dir='ltr'><strong>re</strong></span> <span class='ocrx_word' id='word_1_490' title='bbox 3228 1539 3502 1592; x_wconf 88' lang='lat' dir='ltr'><strong>consilium</strong></span> <span class='ocrx_word' id='word_1_491' title='bbox 3545 1537 3723 1601; x_wconf 86' lang='lat' dir='ltr'><strong>daret,</strong></span> <span class='ocrx_word' id='word_1_492' title='bbox 3752 1551 3807 1593; x_wconf 93' lang='lat' dir='ltr'><strong>ut</strong></span> 
     </span>
    </p>
   </div>
   <div class='ocr_carea' id='block_1_69' title="bbox 2230 1628 3803 1696">
    <p class='ocr_par' dir='ltr' id='par_1_69' title="bbox 2230 1628 3803 1696">
     <span class='ocr_line' id='line_1_70' title="bbox 2230 1628 3803 1696; baseline 0.001 -14"><span class='ocrx_word' id='word_1_493' title='bbox 2230 1629 2401 1684; x_wconf 83' lang='lat' dir='ltr'><strong>ﬁdelis</strong></span> <span class='ocrx_word' id='word_1_494' title='bbox 2425 1631 2689 1685; x_wconf 87' lang='lat' dir='ltr'><strong>volentem</strong></span> <span class='ocrx_word' id='word_1_495' title='bbox 2717 1647 2898 1686; x_wconf 89' lang='lat' dir='ltr'><strong>secum</strong></span> <span class='ocrx_word' id='word_1_496' title='bbox 2926 1646 3045 1685; x_wconf 86' lang='lat' dir='ltr'><strong>esse</strong></span> <span class='ocrx_word' id='word_1_497' title='bbox 3074 1633 3350 1696; x_wconf 73' lang='lat' dir='ltr'><strong>conjugem</strong></span> <span class='ocrx_word' id='word_1_498' title='bbox 3383 1630 3672 1693; x_wconf 82' lang='lat' dir='ltr'><strong>inﬁdelem,</strong></span> <span class='ocrx_word' id='word_1_499' title='bbox 3704 1628 3803 1683; x_wconf 89' lang='lat' dir='ltr'><strong>non</strong></span> 
     </span>
    </p>
   </div>
   <div class='ocr_carea' id='block_1_70' title="bbox 2226 1720 3808 1792">
    <p class='ocr_par' dir='ltr' id='par_1_70' title="bbox 2226 1720 3808 1792">
     <span class='ocr_line' id='line_1_71' title="bbox 2226 1720 3808 1792; baseline 0.001 -18"><span class='ocrx_word' id='word_1_500' title='bbox 2226 1720 2486 1786; x_wconf 83' lang='lat' dir='ltr'><strong>dimittat,</strong></span> <span class='ocrx_word' id='word_1_501' title='bbox 2535 1723 2641 1787; x_wconf 85' lang='lat' dir='ltr'><strong>ait,</strong></span> <span class='ocrx_word' id='word_1_502' title='bbox 2674 1722 2787 1792; x_wconf 85' lang='lat' dir='ltr'><strong>Ego</strong></span> <span class='ocrx_word' id='word_1_503' title='bbox 2830 1724 2973 1785; x_wconf 87' lang='lat' dir='ltr'><strong>dico,</strong></span> <span class='ocrx_word' id='word_1_504' title='bbox 3002 1740 3104 1777; x_wconf 89' lang='lat' dir='ltr'><strong>non</strong></span> <span class='ocrx_word' id='word_1_505' title='bbox 3148 1721 3395 1776; x_wconf 77' lang='lat' dir='ltr'><strong>Dominus</strong></span> <span class='ocrx_word' id='word_1_506' title='bbox 3422 1733 3515 1776; x_wconf 92' lang='lat' dir='ltr'><strong>:ut</strong></span> <span class='ocrx_word' id='word_1_507' title='bbox 3557 1724 3808 1777; x_wconf 86' lang='lat' dir='ltr'><strong>Dominus</strong></span> 
     </span>
    </p>
   </div>
   <div class='ocr_carea' id='block_1_71' title="bbox 2231 1811 3809 1882">
    <p class='ocr_par' dir='ltr' id='par_1_71' title="bbox 2231 1811 3809 1882">
     <span class='ocr_line' id='line_1_72' title="bbox 2231 1811 3809 1882; baseline 0.001 -18"><span class='ocrx_word' id='word_1_508' title='bbox 2231 1811 2569 1882; x_wconf 86' lang='lat' dir='ltr'><strong>intelligatur,</strong></span> <span class='ocrx_word' id='word_1_509' title='bbox 2599 1829 2704 1868; x_wconf 91' lang='lat' dir='ltr'><strong>non</strong></span> <span class='ocrx_word' id='word_1_510' title='bbox 2727 1815 2937 1882; x_wconf 90' lang='lat' dir='ltr'><strong>quidem</strong></span> <span class='ocrx_word' id='word_1_511' title='bbox 2958 1814 3146 1881; x_wconf 89' lang='lat' dir='ltr'><strong>jubere</strong></span> <span class='ocrx_word' id='word_1_512' title='bbox 3177 1824 3231 1866; x_wconf 92' lang='lat' dir='ltr'><strong>ut</strong></span> <span class='ocrx_word' id='word_1_513' title='bbox 3254 1814 3569 1878; x_wconf 89' lang='lat' dir='ltr'><strong>dimittatur,</strong></span> <span class='ocrx_word' id='word_1_514' title='bbox 3597 1829 3667 1867; x_wconf 90' lang='lat' dir='ltr'><strong>ne</strong></span> <span class='ocrx_word' id='word_1_515' title='bbox 3686 1828 3809 1866; x_wconf 85' lang='lat' dir='ltr'><strong>con-</strong></span> 
     </span>
    </p>
   </div>
   <div class='ocr_carea' id='block_1_72' title="bbox 2232 1904 3805 1972">
    <p class='ocr_par' dir='ltr' id='par_1_72' title="bbox 2232 1904 3805 1972">
     <span class='ocr_line' id='line_1_73' title="bbox 2232 1904 3805 1972; baseline -0.001 -16"><span class='ocrx_word' id='word_1_516' title='bbox 2232 1910 2309 1957; x_wconf 91' lang='lat' dir='ltr'><strong>tra</strong></span> <span class='ocrx_word' id='word_1_517' title='bbox 2350 1904 2554 1971; x_wconf 86' lang='lat' dir='ltr'><strong>jussum</strong></span> <span class='ocrx_word' id='word_1_518' title='bbox 2593 1905 2708 1972; x_wconf 87' lang='lat' dir='ltr'><strong>ejus</strong></span> <span class='ocrx_word' id='word_1_519' title='bbox 2749 1905 3026 1959; x_wconf 88' lang='lat' dir='ltr'><strong>consilium</strong></span> <span class='ocrx_word' id='word_1_520' title='bbox 3058 1905 3184 1958; x_wconf 90' lang='lat' dir='ltr'><strong>dare</strong></span> <span class='ocrx_word' id='word_1_521' title='bbox 3225 1904 3468 1958; x_wconf 88' lang='lat' dir='ltr'><strong>videatur</strong></span> <span class='ocrx_word' id='word_1_522' title='bbox 3494 1904 3805 1971; x_wconf 58' lang='lat' dir='ltr'><strong>Apostolus.</strong></span> 
     </span>
    </p>
   </div>
   <div class='ocr_carea' id='block_1_73' title="bbox 2230 1991 3809 2061">
    <p class='ocr_par' dir='ltr' id='par_1_73' title="bbox 2230 1991 3809 2061">
     <span class='ocr_line' id='line_1_74' title="bbox 2230 1991 3809 2061; baseline -0.001 -16"><span class='ocrx_word' id='word_1_523' title='bbox 2230 1991 2324 2045; x_wconf 90' lang='lat' dir='ltr'><strong>sed</strong></span> <span class='ocrx_word' id='word_1_524' title='bbox 2352 2002 2526 2046; x_wconf 88' lang='lat' dir='ltr'><strong>tamen</strong></span> <span class='ocrx_word' id='word_1_525' title='bbox 2556 1994 2888 2060; x_wconf 86' lang='lat' dir='ltr'><strong>permittere;</strong></span> <span class='ocrx_word' id='word_1_526' title='bbox 2915 2000 2973 2046; x_wconf 90' lang='lat' dir='ltr'><strong>ut</strong></span> <span class='ocrx_word' id='word_1_527' title='bbox 3001 2009 3157 2047; x_wconf 91' lang='lat' dir='ltr'><strong>nemo</strong></span> <span class='ocrx_word' id='word_1_528' title='bbox 3179 1992 3230 2045; x_wconf 92' lang='lat' dir='ltr'><strong>in</strong></span> <span class='ocrx_word' id='word_1_529' title='bbox 3261 2007 3321 2045; x_wconf 83' lang='lat' dir='ltr'><strong>ea</strong></span> <span class='ocrx_word' id='word_1_530' title='bbox 3348 2007 3406 2045; x_wconf 89' lang='lat' dir='ltr'><strong>re</strong></span> <span class='ocrx_word' id='word_1_531' title='bbox 3432 1992 3688 2061; x_wconf 90' lang='lat' dir='ltr'><strong>jussionis</strong></span> <span class='ocrx_word' id='word_1_532' title='bbox 3718 2008 3809 2044; x_wconf 89' lang='lat' dir='ltr'><strong>ne-</strong></span> 
     </span>
    </p>
   </div>
   <div class='ocr_carea' id='block_1_74' title="bbox 2231 2081 3810 2148">
    <p class='ocr_par' dir='ltr' id='par_1_74' title="bbox 2231 2081 3810 2148">
     <span class='ocr_line' id='line_1_75' title="bbox 2231 2081 3810 2148; baseline -0.001 -13"><span class='ocrx_word' id='word_1_533' title='bbox 2231 2083 2477 2136; x_wconf 83' lang='lat' dir='ltr'><strong>cessitate</strong></span> <span class='ocrx_word' id='word_1_534' title='bbox 2503 2091 2762 2148; x_wconf 74' lang='lat' dir='ltr'><strong>teneatur,</strong></span> <span class='ocrx_word' id='word_1_535' title='bbox 2795 2084 2885 2137; x_wconf 85' lang='lat' dir='ltr'><strong>sed</strong></span> <span class='ocrx_word' id='word_1_536' title='bbox 2908 2084 3112 2137; x_wconf 86' lang='lat' dir='ltr'><strong>consilii</strong></span> <span class='ocrx_word' id='word_1_537' title='bbox 3142 2084 3412 2136; x_wconf 86' lang='lat' dir='ltr'><strong>voluntate</strong></span> <span class='ocrx_word' id='word_1_538' title='bbox 3438 2082 3606 2137; x_wconf 89' lang='lat' dir='ltr'><strong>libere</strong></span> <span class='ocrx_word' id='word_1_539' title='bbox 3638 2081 3810 2135; x_wconf 79' lang='lat' dir='ltr'><strong>faciat.</strong></span> 
     </span>
    </p>
   </div>
   <div class='ocr_carea' id='block_1_75' title="bbox 2218 2170 3815 2243">
    <p class='ocr_par' dir='ltr' id='par_1_75' title="bbox 2218 2170 3815 2243">
     <span class='ocr_line' id='line_1_76' title="bbox 2218 2170 3815 2243; baseline 0.002 -19"><span class='ocrx_word' id='word_1_540' title='bbox 2218 2170 2605 2227; x_wconf 74' lang='lat' dir='ltr'><strong>Verumtamen</strong></span> <span class='ocrx_word' id='word_1_541' title='bbox 2638 2175 2679 2227; x_wconf 82' lang='lat' dir='ltr'><strong>si</strong></span> <span class='ocrx_word' id='word_1_542' title='bbox 2702 2175 2976 2243; x_wconf 89' lang='lat' dir='ltr'><strong>quisquam</strong></span> <span class='ocrx_word' id='word_1_543' title='bbox 2999 2185 3200 2227; x_wconf 85' lang='lat' dir='ltr'><strong>asserat</strong></span> <span class='ocrx_word' id='word_1_544' title='bbox 3225 2175 3389 2227; x_wconf 86' lang='lat' dir='ltr'><strong>solam</strong></span> <span class='ocrx_word' id='word_1_545' title='bbox 3418 2175 3559 2227; x_wconf 89' lang='lat' dir='ltr'><strong>illam</strong></span> <span class='ocrx_word' id='word_1_546' title='bbox 3588 2173 3815 2228; x_wconf 81' lang='lat' dir='ltr'><strong>fornica-</strong></span> 
     </span>
    </p>
   </div>
   <div class='ocr_carea' id='block_1_76' title="bbox 2233 2264 3817 2335">
    <p class='ocr_par' dir='ltr' id='par_1_76' title="bbox 2233 2264 3817 2335">
     <span class='ocr_line' id='line_1_77' title="bbox 2233 2264 3817 2335; baseline 0.002 -19"><span class='ocrx_word' id='word_1_547' title='bbox 2233 2264 2429 2318; x_wconf 88' lang='lat' dir='ltr'><strong>tionem</strong></span> <span class='ocrx_word' id='word_1_548' title='bbox 2477 2265 2753 2319; x_wconf 89' lang='lat' dir='ltr'><strong>Dominum</strong></span> <span class='ocrx_word' id='word_1_549' title='bbox 2799 2265 3078 2320; x_wconf 87' lang='lat' dir='ltr'><strong>admittere</strong></span> <span class='ocrx_word' id='word_1_550' title='bbox 3118 2267 3181 2318; x_wconf 89' lang='lat' dir='ltr'><strong>ad</strong></span> <span class='ocrx_word' id='word_1_551' title='bbox 3210 2281 3422 2319; x_wconf 84' lang='lat' dir='ltr'><strong>causam</strong></span> <span class='ocrx_word' id='word_1_552' title='bbox 3454 2267 3817 2335; x_wconf 69' lang='lat' dir='ltr'><strong>relinquenda!</strong></span> 
     </span>
    </p>
   </div>
   <div class='ocr_carea' id='block_1_77' title="bbox 2231 2354 3818 2428">
    <p class='ocr_par' dir='ltr' id='par_1_77' title="bbox 2231 2354 3818 2428">
     <span class='ocr_line' id='line_1_78' title="bbox 2231 2354 3818 2428; baseline 0.003 -21"><span class='ocrx_word' id='word_1_553' title='bbox 2231 2354 2503 2425; x_wconf 84' lang='lat' dir='ltr'><strong>c0njngis,</strong></span> <span class='ocrx_word' id='word_1_554' title='bbox 2547 2373 2664 2424; x_wconf 82' lang='lat' dir='ltr'><strong>quze</strong></span> <span class='ocrx_word' id='word_1_555' title='bbox 2702 2358 2859 2426; x_wconf 89' lang='lat' dir='ltr'><strong>vulgo</strong></span> <span class='ocrx_word' id='word_1_556' title='bbox 2901 2357 3093 2411; x_wconf 90' lang='lat' dir='ltr'><strong>dicitur</strong></span> <span class='ocrx_word' id='word_1_557' title='bbox 3136 2358 3446 2423; x_wconf 80' lang='lat' dir='ltr'><strong>fornicatio,</strong></span> <span class='ocrx_word' id='word_1_558' title='bbox 3476 2358 3528 2412; x_wconf 91' lang='lat' dir='ltr'><strong>id</strong></span> <span class='ocrx_word' id='word_1_559' title='bbox 3568 2369 3652 2413; x_wconf 87' lang='lat' dir='ltr'><strong>est</strong></span> <span class='ocrx_word' id='word_1_560' title='bbox 3702 2375 3818 2428; x_wconf 71' lang='lat' dir='ltr'><strong>qua:</strong></span> 
     </span>
    </p>
   </div>
   <div class='ocr_carea' id='block_1_78' title="bbox 2233 2449 3817 2519">
    <p class='ocr_par' dir='ltr' id='par_1_78' title="bbox 2233 2449 3817 2519">
     <span class='ocr_line' id='line_1_79' title="bbox 2233 2449 3817 2519; baseline -0.002 -18"><span class='ocrx_word' id='word_1_561' title='bbox 2233 2449 2514 2503; x_wconf 88' lang='lat' dir='ltr'><strong>concubitu</strong></span> <span class='ocrx_word' id='word_1_562' title='bbox 2546 2449 2726 2503; x_wconf 90' lang='lat' dir='ltr'><strong>illicito</strong></span> <span class='ocrx_word' id='word_1_563' title='bbox 2752 2458 3087 2519; x_wconf 87' lang='lat' dir='ltr'><strong>perpetratur</strong></span> <span class='ocrx_word' id='word_1_564' title='bbox 3117 2467 3128 2501; x_wconf 92' lang='lat'><strong>:</strong></span> <span class='ocrx_word' id='word_1_565' title='bbox 3154 2449 3253 2503; x_wconf 89' lang='lat' dir='ltr'><strong>hoc</strong></span> <span class='ocrx_word' id='word_1_566' title='bbox 3280 2460 3455 2519; x_wconf 89' lang='lat' dir='ltr'><strong>potest</strong></span> <span class='ocrx_word' id='word_1_567' title='bbox 3484 2450 3685 2513; x_wconf 89' lang='lat' dir='ltr'><strong>dicere,</strong></span> <span class='ocrx_word' id='word_1_568' title='bbox 3714 2452 3817 2503; x_wconf 75' lang='lat' dir='ltr'><strong>Do-</strong></span> 
     </span>
    </p>
   </div>
   <div class='ocr_carea' id='block_1_79' title="bbox 2235 2540 3816 2611">
    <p class='ocr_par' dir='ltr' id='par_1_79' title="bbox 2235 2540 3816 2611">
     <span class='ocr_line' id='line_1_80' title="bbox 2235 2540 3816 2611; baseline 0.003 -19"><span class='ocrx_word' id='word_1_569' title='bbox 2235 2540 2467 2604; x_wconf 91' lang='lat' dir='ltr'><strong>minum,</strong></span> <span class='ocrx_word' id='word_1_570' title='bbox 2494 2555 2614 2593; x_wconf 88' lang='lat' dir='ltr'><strong>cum</strong></span> <span class='ocrx_word' id='word_1_571' title='bbox 2652 2540 2719 2594; x_wconf 90' lang='lat' dir='ltr'><strong>de</strong></span> <span class='ocrx_word' id='word_1_572' title='bbox 2746 2540 2844 2593; x_wconf 89' lang='lat' dir='ltr'><strong>hac</strong></span> <span class='ocrx_word' id='word_1_573' title='bbox 2881 2556 2939 2594; x_wconf 92' lang='lat' dir='ltr'><strong>re</strong></span> <span class='ocrx_word' id='word_1_574' title='bbox 2970 2540 3298 2610; x_wconf 90' lang='lat' dir='ltr'><strong>loqueretur,</strong></span> <span class='ocrx_word' id='word_1_575' title='bbox 3330 2540 3398 2595; x_wconf 91' lang='lat' dir='ltr'><strong>de</strong></span> <span class='ocrx_word' id='word_1_576' title='bbox 3425 2550 3655 2611; x_wconf 89' lang='lat' dir='ltr'><strong>utroque</strong></span> <span class='ocrx_word' id='word_1_577' title='bbox 3684 2544 3816 2597; x_wconf 83' lang='lat' dir='ltr'><strong>lidcli</strong></span> 
     </span>
    </p>
   </div>
   <div class='ocr_carea' id='block_1_80' title="bbox 2232 2631 3815 2698">
    <p class='ocr_par' dir='ltr' id='par_1_80' title="bbox 2232 2631 3815 2698">
     <span class='ocr_line' id='line_1_81' title="bbox 2232 2631 3815 2698; baseline 0 -13"><span class='ocrx_word' id='word_1_578' title='bbox 2232 2631 2461 2696; x_wconf 81' lang='lat' dir='ltr'><strong>dixisse,</strong></span> <span class='ocrx_word' id='word_1_579' title='bbox 2490 2641 2543 2686; x_wconf 89' lang='lat' dir='ltr'><strong>et</strong></span> <span class='ocrx_word' id='word_1_580' title='bbox 2568 2632 2756 2685; x_wconf 86' lang='lat' dir='ltr'><strong>marito</strong></span> <span class='ocrx_word' id='word_1_581' title='bbox 2782 2639 2837 2685; x_wconf 90' lang='lat' dir='ltr'><strong>et</strong></span> <span class='ocrx_word' id='word_1_582' title='bbox 2864 2647 3029 2686; x_wconf 80' lang='lat' dir='ltr'><strong>uxore</strong></span> <span class='ocrx_word' id='word_1_583' title='bbox 3048 2672 3063 2698; x_wconf 94' lang='lat'><strong>,</strong></span> <span class='ocrx_word' id='word_1_584' title='bbox 3095 2642 3152 2685; x_wconf 92' lang='lat' dir='ltr'><strong>ut</strong></span> <span class='ocrx_word' id='word_1_585' title='bbox 3194 2633 3235 2685; x_wconf 92' lang='lat' dir='ltr'><strong>si</strong></span> <span class='ocrx_word' id='word_1_586' title='bbox 3282 2632 3440 2686; x_wconf 87' lang='lat' dir='ltr'><strong>ambo</strong></span> <span class='ocrx_word' id='word_1_587' title='bbox 3467 2632 3653 2687; x_wconf 89' lang='lat' dir='ltr'><strong>lideles</strong></span> <span class='ocrx_word' id='word_1_588' title='bbox 3680 2634 3783 2686; x_wconf 91' lang='lat' dir='ltr'><strong>sint</strong></span> <span class='ocrx_word' id='word_1_589' title='bbox 3802 2674 3815 2693; x_wconf 86' lang='lat'><strong>.</strong></span> 
     </span>
    </p>
   </div>
   <div class='ocr_carea' id='block_1_81' title="bbox 2237 2722 3818 2791">
    <p class='ocr_par' dir='ltr' id='par_1_81' title="bbox 2237 2722 3818 2791">
     <span class='ocr_line' id='line_1_82' title="bbox 2237 2722 3818 2791; baseline 0 -16"><span class='ocrx_word' id='word_1_590' title='bbox 2237 2723 2411 2776; x_wconf 88' lang='lat' dir='ltr'><strong>neutri</strong></span> <span class='ocrx_word' id='word_1_591' title='bbox 2442 2722 2597 2777; x_wconf 89' lang='lat' dir='ltr'><strong>liceat</strong></span> <span class='ocrx_word' id='word_1_592' title='bbox 2625 2724 2848 2777; x_wconf 89' lang='lat' dir='ltr'><strong>alterum</strong></span> <span class='ocrx_word' id='word_1_593' title='bbox 2888 2722 3190 2791; x_wconf 88' lang='lat' dir='ltr'><strong>relinquere</strong></span> <span class='ocrx_word' id='word_1_594' title='bbox 3210 2764 3222 2785; x_wconf 88' lang='lat'><strong>,</strong></span> <span class='ocrx_word' id='word_1_595' title='bbox 3253 2722 3354 2775; x_wconf 89' lang='lat' dir='ltr'><strong>nisi</strong></span> <span class='ocrx_word' id='word_1_596' title='bbox 3395 2737 3552 2777; x_wconf 90' lang='lat' dir='ltr'><strong>causa</strong></span> <span class='ocrx_word' id='word_1_597' title='bbox 3595 2722 3818 2777; x_wconf 80' lang='lat' dir='ltr'><strong>fornica-</strong></span> 
     </span>
    </p>
   </div>
   <div class='ocr_carea' id='block_1_82' title="bbox 2238 2813 3817 2883">
    <p class='ocr_par' dir='ltr' id='par_1_82' title="bbox 2238 2813 3817 2883">
     <span class='ocr_line' id='line_1_83' title="bbox 2238 2813 3817 2883; baseline -0.001 -16"><span class='ocrx_word' id='word_1_598' title='bbox 2238 2814 2427 2877; x_wconf 89' lang='lat' dir='ltr'><strong>tionis;</strong></span> <span class='ocrx_word' id='word_1_599' title='bbox 2454 2815 2539 2867; x_wconf 88' lang='lat' dir='ltr'><strong>ubi</strong></span> <span class='ocrx_word' id='word_1_600' title='bbox 2569 2830 2672 2867; x_wconf 89' lang='lat' dir='ltr'><strong>non</strong></span> <span class='ocrx_word' id='word_1_601' title='bbox 2698 2822 2868 2880; x_wconf 90' lang='lat' dir='ltr'><strong>potest</strong></span> <span class='ocrx_word' id='word_1_602' title='bbox 2886 2814 3224 2883; x_wconf 80' lang='lat' dir='ltr'><strong>paganismus</strong></span> <span class='ocrx_word' id='word_1_603' title='bbox 3251 2813 3471 2882; x_wconf 82' lang='lat' dir='ltr'><strong>intelligi</strong></span> <span class='ocrx_word' id='word_1_604' title='bbox 3494 2854 3506 2875; x_wconf 97' lang='lat'><strong>,</strong></span> <span class='ocrx_word' id='word_1_605' title='bbox 3531 2815 3653 2881; x_wconf 85' lang='lat' dir='ltr'><strong>quia</strong></span> <span class='ocrx_word' id='word_1_606' title='bbox 3678 2823 3817 2867; x_wconf 78' lang='lat' dir='ltr'><strong>nter-</strong></span> 
     </span>
    </p>
   </div>
   <div class='ocr_carea' id='block_1_83' title="bbox 2236 2903 3818 2974">
    <p class='ocr_par' dir='ltr' id='par_1_83' title="bbox 2236 2903 3818 2974">
     <span class='ocr_line' id='line_1_84' title="bbox 2236 2903 3818 2974; baseline -0.003 -15"><span class='ocrx_word' id='word_1_607' title='bbox 2236 2921 2339 2974; x_wconf 85' lang='lat' dir='ltr'><strong>que</strong></span> <span class='ocrx_word' id='word_1_608' title='bbox 2367 2905 2534 2959; x_wconf 85' lang='lat' dir='ltr'><strong>l‘tdelis</strong></span> <span class='ocrx_word' id='word_1_609' title='bbox 2558 2915 2658 2959; x_wconf 90' lang='lat' dir='ltr'><strong>est.</strong></span> <span class='ocrx_word' id='word_1_610' title='bbox 2690 2904 2778 2959; x_wconf 85' lang='lat' dir='ltr'><strong>Sic</strong></span> <span class='ocrx_word' id='word_1_611' title='bbox 2806 2905 2945 2958; x_wconf 91' lang='lat' dir='ltr'><strong>enim</strong></span> <span class='ocrx_word' id='word_1_612' title='bbox 2986 2914 3039 2956; x_wconf 90' lang='lat' dir='ltr'><strong>et</strong></span> <span class='ocrx_word' id='word_1_613' title='bbox 3070 2904 3357 2971; x_wconf 77' lang='lat' dir='ltr'><strong>Apostolus</strong></span> <span class='ocrx_word' id='word_1_614' title='bbox 3385 2904 3591 2956; x_wconf 79' lang='lat' dir='ltr'><strong>videtur</strong></span> <span class='ocrx_word' id='word_1_615' title='bbox 3632 2903 3818 2957; x_wconf 86' lang='lat' dir='ltr'><strong>distin-</strong></span> 
     </span>
    </p>
   </div>
   <div class='ocr_carea' id='block_1_84' title="bbox 2235 2984 3820 3065">
    <p class='ocr_par' dir='ltr' id='par_1_84' title="bbox 2235 2984 3820 3065">
     <span class='ocr_line' id='line_1_85' title="bbox 2235 2984 3820 3065; baseline 0.001 -19"><span class='ocrx_word' id='word_1_616' title='bbox 2235 3010 2398 3065; x_wconf 87' lang='lat' dir='ltr'><strong>guere</strong></span> <span class='ocrx_word' id='word_1_617' title='bbox 2421 3036 2436 3061; x_wconf 92' lang='lat'><strong>,</strong></span> <span class='ocrx_word' id='word_1_618' title='bbox 2466 3010 2585 3049; x_wconf 92' lang='lat' dir='ltr'><strong>cum</strong></span> <span class='ocrx_word' id='word_1_619' title='bbox 2612 2996 2686 3048; x_wconf 88' lang='lat' dir='ltr'><strong>ait</strong></span> <span class='ocrx_word' id='word_1_620' title='bbox 2712 3011 2724 3045; x_wconf 92' lang='lat'>:</span> <span class='ocrx_word' id='word_1_621' title='bbox 2753 2993 2848 3046; x_wconf 74' lang='lat' dir='ltr'><strong>llis</strong></span> <span class='ocrx_word' id='word_1_622' title='bbox 2870 3004 3033 3047; x_wconf 85' lang='lat' dir='ltr'><strong>anlem</strong></span> <span class='ocrx_word' id='word_1_623' title='bbox 3062 2995 3146 3062; x_wconf 81' lang='lat' dir='ltr'><strong>qui</strong></span> <span class='ocrx_word' id='word_1_624' title='bbox 3186 2995 3235 3046; x_wconf 86' lang='lat' dir='ltr'><strong>in</strong></span> <span class='ocrx_word' id='word_1_625' title='bbox 3275 2994 3510 3064; x_wconf 87' lang='lat' dir='ltr'><strong>conjugio</strong></span> <span class='ocrx_word' id='word_1_626' title='bbox 3545 3004 3666 3047; x_wconf 82' lang='lat' dir='ltr'><strong>sunt</strong></span> <span class='ocrx_word' id='word_1_627' title='bbox 3694 2984 3820 3062; x_wconf 52' lang='lat' dir='ltr'><strong>prat-</strong></span> 
     </span>
    </p>
   </div>
   <div class='ocr_carea' id='block_1_85' title="bbox 2234 3086 3819 3157">
    <p class='ocr_par' dir='ltr' id='par_1_85' title="bbox 2234 3086 3819 3157">
     <span class='ocr_line' id='line_1_86' title="bbox 2234 3086 3819 3157; baseline -0.001 -17"><span class='ocrx_word' id='word_1_628' title='bbox 2234 3088 2368 3157; x_wconf 84' lang='lat' dir='ltr'><strong>cipio</strong></span> <span class='ocrx_word' id='word_1_629' title='bbox 2387 3128 2402 3152; x_wconf 94' lang='lat'><strong>,</strong></span> <span class='ocrx_word' id='word_1_630' title='bbox 2432 3103 2532 3140; x_wconf 91' lang='lat' dir='ltr'><strong>non</strong></span> <span class='ocrx_word' id='word_1_631' title='bbox 2560 3103 2648 3157; x_wconf 85' lang='lat' dir='ltr'><strong>ego</strong></span> <span class='ocrx_word' id='word_1_632' title='bbox 2668 3128 2683 3153; x_wconf 90' lang='lat'><strong>,</strong></span> <span class='ocrx_word' id='word_1_633' title='bbox 2712 3087 2799 3139; x_wconf 79' lang='lat' dir='ltr'><strong>sed</strong></span> <span class='ocrx_word' id='word_1_634' title='bbox 2826 3086 3073 3138; x_wconf 78' lang='lat' dir='ltr'><strong>Dominus</strong></span> <span class='ocrx_word' id='word_1_635' title='bbox 3091 3127 3106 3151; x_wconf 93' lang='lat'><strong>,</strong></span> <span class='ocrx_word' id='word_1_636' title='bbox 3130 3102 3340 3138; x_wconf 80' lang='lat' dir='ltr'><strong>uxorem</strong></span> <span class='ocrx_word' id='word_1_637' title='bbox 3356 3101 3387 3137; x_wconf 91' lang='lat' dir='ltr'><strong>a</strong></span> <span class='ocrx_word' id='word_1_638' title='bbox 3407 3087 3512 3139; x_wconf 79' lang='lat' dir='ltr'><strong>viro</strong></span> <span class='ocrx_word' id='word_1_639' title='bbox 3537 3102 3641 3139; x_wconf 84' lang='lat' dir='ltr'><strong>non</strong></span> <span class='ocrx_word' id='word_1_640' title='bbox 3662 3088 3819 3139; x_wconf 76' lang='lat' dir='ltr'><strong>disce-</strong></span> 
     </span>
    </p>
   </div>
   <div class='ocr_carea' id='block_1_86' title="bbox 2237 3178 3821 3247">
    <p class='ocr_par' dir='ltr' id='par_1_86' title="bbox 2237 3178 3821 3247">
     <span class='ocr_line' id='line_1_87' title="bbox 2237 3178 3821 3247; baseline -0.002 -16"><span class='ocrx_word' id='word_1_641' title='bbox 2237 3179 2387 3242; x_wconf 79' lang='lat' dir='ltr'><strong>dere;</strong></span> <span class='ocrx_word' id='word_1_642' title='bbox 2406 3178 2543 3247; x_wconf 77' lang='lat' dir='ltr'><strong>quod</strong></span> <span class='ocrx_word' id='word_1_643' title='bbox 2565 3179 2608 3231; x_wconf 77' lang='lat' dir='ltr'><strong>si</strong></span> <span class='ocrx_word' id='word_1_644' title='bbox 2634 3178 2889 3231; x_wconf 78' lang='lat' dir='ltr'><strong>recesserit</strong></span> <span class='ocrx_word' id='word_1_645' title='bbox 2907 3218 2921 3241; x_wconf 96' lang='lat'><strong>,</strong></span> <span class='ocrx_word' id='word_1_646' title='bbox 2953 3193 3154 3230; x_wconf 84' lang='lat' dir='ltr'><strong>manere</strong></span> <span class='ocrx_word' id='word_1_647' title='bbox 3178 3179 3446 3246; x_wconf 78' lang='lat' dir='ltr'><strong>innuptam</strong></span> <span class='ocrx_word' id='word_1_648' title='bbox 3463 3219 3476 3241; x_wconf 94' lang='lat'><strong>,</strong></span> <span class='ocrx_word' id='word_1_649' title='bbox 3500 3186 3589 3229; x_wconf 81' lang='lat' dir='ltr'><strong>aut</strong></span> <span class='ocrx_word' id='word_1_650' title='bbox 3608 3179 3716 3231; x_wconf 76' lang='lat' dir='ltr'><strong>viro</strong></span> <span class='ocrx_word' id='word_1_651' title='bbox 3736 3194 3821 3231; x_wconf 81' lang='lat' dir='ltr'><strong>suo</strong></span> 
     </span>
    </p>
   </div>
   <div class='ocr_carea' id='block_1_87' title="bbox 2236 3267 3820 3337">
    <p class='ocr_par' dir='ltr' id='par_1_87' title="bbox 2236 3267 3820 3337">
     <span class='ocr_line' id='line_1_88' title="bbox 2236 3267 3820 3337; baseline -0.001 -16"><span class='ocrx_word' id='word_1_652' title='bbox 2236 3268 2573 3322; x_wconf 82' lang='lat' dir='ltr'><strong>reconciliari.</strong></span> <span class='ocrx_word' id='word_1_653' title='bbox 2606 3267 2702 3323; x_wconf 87' lang='lat' dir='ltr'><strong>Ubi</strong></span> <span class='ocrx_word' id='word_1_654' title='bbox 2737 3269 2895 3322; x_wconf 87' lang='lat' dir='ltr'><strong>etiam</strong></span> <span class='ocrx_word' id='word_1_655' title='bbox 2947 3267 3257 3337; x_wconf 88' lang='lat' dir='ltr'><strong>intelligitur</strong></span> <span class='ocrx_word' id='word_1_656' title='bbox 3299 3267 3439 3337; x_wconf 92' lang='lat' dir='ltr'><strong>quod</strong></span> <span class='ocrx_word' id='word_1_657' title='bbox 3489 3267 3532 3321; x_wconf 90' lang='lat' dir='ltr'><strong>si</strong></span> <span class='ocrx_word' id='word_1_658' title='bbox 3583 3283 3689 3321; x_wconf 90' lang='lat' dir='ltr'><strong>una</strong></span> <span class='ocrx_word' id='word_1_659' title='bbox 3735 3268 3820 3321; x_wconf 89' lang='lat' dir='ltr'><strong>illa</strong></span> 
     </span>
    </p>
   </div>
   <div class='ocr_carea' id='block_1_88' title="bbox 2237 3357 3819 3429">
    <p class='ocr_par' dir='ltr' id='par_1_88' title="bbox 2237 3357 3819 3429">
     <span class='ocr_line' id='line_1_89' title="bbox 2237 3357 3819 3429; baseline -0.003 -15"><span class='ocrx_word' id='word_1_660' title='bbox 2237 3376 2418 3426; x_wconf 88' lang='lat' dir='ltr'><strong>causa,</strong></span> <span class='ocrx_word' id='word_1_661' title='bbox 2438 3375 2538 3429; x_wconf 90' lang='lat' dir='ltr'><strong>qua</strong></span> <span class='ocrx_word' id='word_1_662' title='bbox 2571 3360 2682 3414; x_wconf 89' lang='lat' dir='ltr'><strong>sola</strong></span> <span class='ocrx_word' id='word_1_663' title='bbox 2714 3361 2930 3414; x_wconf 75' lang='lat' dir='ltr'><strong>reiectio</strong></span> <span class='ocrx_word' id='word_1_664' title='bbox 2956 3359 3185 3427; x_wconf 76' lang='lat' dir='ltr'><strong>conjugii</strong></span> <span class='ocrx_word' id='word_1_665' title='bbox 3217 3357 3558 3428; x_wconf 89' lang='lat' dir='ltr'><strong>permittitur,</strong></span> <span class='ocrx_word' id='word_1_666' title='bbox 3583 3358 3774 3412; x_wconf 91' lang='lat' dir='ltr'><strong>mulier</strong></span> <span class='ocrx_word' id='word_1_667' title='bbox 3792 3372 3819 3410; x_wconf 90' lang='lat' dir='ltr'><strong>a</strong></span> 
     </span>
    </p>
   </div>
   <div class='ocr_carea' id='block_1_89' title="bbox 2237 3448 3819 3520">
    <p class='ocr_par' dir='ltr' id='par_1_89' title="bbox 2237 3448 3819 3520">
     <span class='ocr_line' id='line_1_90' title="bbox 2237 3448 3819 3520; baseline -0.003 -16"><span class='ocrx_word' id='word_1_668' title='bbox 2237 3452 2355 3505; x_wconf 85' lang='lat' dir='ltr'><strong>viro</strong></span> <span class='ocrx_word' id='word_1_669' title='bbox 2402 3451 2713 3516; x_wconf 88' lang='lat' dir='ltr'><strong>recesserit,</strong></span> <span class='ocrx_word' id='word_1_670' title='bbox 2765 3450 2979 3520; x_wconf 87' lang='lat' dir='ltr'><strong>innupta</strong></span> <span class='ocrx_word' id='word_1_671' title='bbox 3026 3464 3367 3518; x_wconf 78' lang='lat' dir='ltr'><strong>perseverare</strong></span> <span class='ocrx_word' id='word_1_672' title='bbox 3422 3448 3616 3503; x_wconf 81' lang='lat' dir='ltr'><strong>debet:</strong></span> <span class='ocrx_word' id='word_1_673' title='bbox 3648 3459 3740 3503; x_wconf 91' lang='lat' dir='ltr'><strong>aut</strong></span> <span class='ocrx_word' id='word_1_674' title='bbox 3780 3450 3819 3501; x_wconf 92' lang='lat' dir='ltr'><strong>si</strong></span> 
     </span>
    </p>
   </div>
   <div class='ocr_carea' id='block_1_90' title="bbox 2238 3541 3821 3611">
    <p class='ocr_par' dir='ltr' id='par_1_90' title="bbox 2238 3541 3821 3611">
     <span class='ocr_line' id='line_1_91' title="bbox 2238 3541 3821 3611; baseline -0.003 -15"><span class='ocrx_word' id='word_1_675' title='bbox 2238 3559 2296 3596; x_wconf 89' lang='lat' dir='ltr'><strong>se</strong></span> <span class='ocrx_word' id='word_1_676' title='bbox 2328 3561 2429 3597; x_wconf 90' lang='lat' dir='ltr'><strong>non</strong></span> <span class='ocrx_word' id='word_1_677' title='bbox 2461 3542 2726 3608; x_wconf 89' lang='lat' dir='ltr'><strong>continet,</strong></span> <span class='ocrx_word' id='word_1_678' title='bbox 2760 3542 2873 3595; x_wconf 80' lang='lat' dir='ltr'><strong>viro</strong></span> <span class='ocrx_word' id='word_1_679' title='bbox 2900 3543 3074 3611; x_wconf 87' lang='lat' dir='ltr'><strong>potius</strong></span> <span class='ocrx_word' id='word_1_680' title='bbox 3101 3541 3429 3596; x_wconf 87' lang='lat' dir='ltr'><strong>reconciliari</strong></span> <span class='ocrx_word' id='word_1_681' title='bbox 3460 3541 3539 3595; x_wconf 82' lang='lat' dir='ltr'><strong>vel</strong></span> <span class='ocrx_word' id='word_1_682' title='bbox 3577 3551 3821 3595; x_wconf 88' lang='lat' dir='ltr'><strong>correcto</strong></span> 
     </span>
    </p>
   </div>
   <div class='ocr_carea' id='block_1_91' title="bbox 2238 3631 3823 3702">
    <p class='ocr_par' dir='ltr' id='par_1_91' title="bbox 2238 3631 3823 3702">
     <span class='ocr_line' id='line_1_92' title="bbox 2238 3631 3823 3702; baseline 0 -18"><span class='ocrx_word' id='word_1_683' title='bbox 2238 3635 2319 3686; x_wconf 87' lang='lat' dir='ltr'><strong>vel</strong></span> <span class='ocrx_word' id='word_1_684' title='bbox 2368 3642 2513 3687; x_wconf 77' lang='lat' dir='ltr'><strong>certe</strong></span> <span class='ocrx_word' id='word_1_685' title='bbox 2560 3632 2863 3697; x_wconf 76' lang='lat' dir='ltr'><strong>tolerando,</strong></span> <span class='ocrx_word' id='word_1_686' title='bbox 2898 3648 3053 3702; x_wconf 89' lang='lat' dir='ltr'><strong>quam</strong></span> <span class='ocrx_word' id='word_1_687' title='bbox 3104 3632 3251 3685; x_wconf 89' lang='lat' dir='ltr'><strong>alteri</strong></span> <span class='ocrx_word' id='word_1_688' title='bbox 3301 3631 3518 3684; x_wconf 82' lang='lat' dir='ltr'><strong>nuhere.</strong></span> <span class='ocrx_word' id='word_1_689' title='bbox 3569 3631 3823 3700; x_wconf 89' lang='lat' dir='ltr'><strong>Sequitur</strong></span> 
     </span>
    </p>
   </div>
   <div class='ocr_carea' id='block_1_92' title="bbox 2238 3721 3824 3787">
    <p class='ocr_par' dir='ltr' id='par_1_92' title="bbox 2238 3721 3824 3787">
     <span class='ocr_line' id='line_1_93' title="bbox 2238 3721 3824 3787; baseline -0.001 -10"><span class='ocrx_word' id='word_1_690' title='bbox 2238 3734 2446 3786; x_wconf 86' lang='lat' dir='ltr'><strong>autem,</strong></span> <span class='ocrx_word' id='word_1_691' title='bbox 2478 3732 2530 3777; x_wconf 91' lang='lat' dir='ltr'><strong>et</strong></span> <span class='ocrx_word' id='word_1_692' title='bbox 2553 3723 2707 3787; x_wconf 87' lang='lat' dir='ltr'><strong>dicit,</strong></span> <span class='ocrx_word' id='word_1_693' title='bbox 2742 3723 2806 3776; x_wconf 73' lang='lat' dir='ltr'><strong>Et</strong></span> <span class='ocrx_word' id='word_1_694' title='bbox 2846 3726 2919 3775; x_wconf 71' lang='lat' dir='ltr'><strong>vir</strong></span> <span class='ocrx_word' id='word_1_695' title='bbox 2953 3739 3159 3776; x_wconf 68' lang='lat' dir='ltr'><strong>uxorem</strong></span> <span class='ocrx_word' id='word_1_696' title='bbox 3182 3739 3279 3774; x_wconf 90' lang='lat' dir='ltr'><strong>non</strong></span> <span class='ocrx_word' id='word_1_697' title='bbox 3306 3722 3523 3774; x_wconf 83' lang='lat' dir='ltr'><strong>dimittat</strong></span> <span class='ocrx_word' id='word_1_698' title='bbox 3549 3737 3565 3773; x_wconf 93' lang='lat'><strong><em>:</em></strong></span> <span class='ocrx_word' id='word_1_699' title='bbox 3590 3721 3824 3776; x_wconf 83' lang='lat' dir='ltr'><strong>breviter</strong></span> 
     </span>
    </p>
   </div>
   <div class='ocr_carea' id='block_1_93' title="bbox 2238 3815 3823 3885">
    <p class='ocr_par' dir='ltr' id='par_1_93' title="bbox 2238 3815 3823 3885">
     <span class='ocr_line' id='line_1_94' title="bbox 2238 3815 3823 3885; baseline -0.002 -16"><span class='ocrx_word' id='word_1_700' title='bbox 2238 3816 2479 3869; x_wconf 84' lang='lat' dir='ltr'><strong>eamdem</strong></span> <span class='ocrx_word' id='word_1_701' title='bbox 2515 3816 2735 3870; x_wconf 80' lang='lat' dir='ltr'><strong>formam</strong></span> <span class='ocrx_word' id='word_1_702' title='bbox 2768 3817 3017 3871; x_wconf 73' lang='lat' dir='ltr'><strong>intimans</strong></span> <span class='ocrx_word' id='word_1_703' title='bbox 3044 3817 3093 3868; x_wconf 91' lang='lat' dir='ltr'><strong>in</strong></span> <span class='ocrx_word' id='word_1_704' title='bbox 3123 3816 3267 3880; x_wconf 84' lang='lat' dir='ltr'><strong>viro,</strong></span> <span class='ocrx_word' id='word_1_705' title='bbox 3300 3830 3455 3884; x_wconf 86' lang='lat' dir='ltr'><strong>quam</strong></span> <span class='ocrx_word' id='word_1_706' title='bbox 3481 3815 3823 3885; x_wconf 56' lang='lat' dir='ltr'><strong>praecipiebat</strong></span> 
     </span>
    </p>
   </div>
   <div class='ocr_carea' id='block_1_94' title="bbox 2239 3904 3821 3975">
    <p class='ocr_par' dir='ltr' id='par_1_94' title="bbox 2239 3904 3821 3975">
     <span class='ocr_line' id='line_1_95' title="bbox 2239 3904 3821 3975; baseline -0.001 -17"><span class='ocrx_word' id='word_1_707' title='bbox 2239 3905 2293 3958; x_wconf 91' lang='lat' dir='ltr'><strong>in</strong></span> <span class='ocrx_word' id='word_1_708' title='bbox 2324 3904 2538 3958; x_wconf 82' lang='lat' dir='ltr'><strong>femina.</strong></span> <span class='ocrx_word' id='word_1_709' title='bbox 2569 3905 2771 3971; x_wconf 84' lang='lat' dir='ltr'><strong>Quibus</strong></span> <span class='ocrx_word' id='word_1_710' title='bbox 2808 3922 2872 3961; x_wconf 87' lang='lat' dir='ltr'><strong>ex</strong></span> <span class='ocrx_word' id='word_1_711' title='bbox 2900 3915 3163 3975; x_wconf 86' lang='lat' dir='ltr'><strong>pra-cepto</strong></span> <span class='ocrx_word' id='word_1_712' title='bbox 3210 3906 3414 3959; x_wconf 84' lang='lat' dir='ltr'><strong>Domini</strong></span> <span class='ocrx_word' id='word_1_713' title='bbox 3445 3906 3729 3960; x_wconf 88' lang='lat' dir='ltr'><strong>insinuatis</strong></span> <span class='ocrx_word' id='word_1_714' title='bbox 3755 3906 3821 3958; x_wconf 90' lang='lat' dir='ltr'><strong>ita</strong></span> 
     </span>
    </p>
   </div>
   <div class='ocr_carea' id='block_1_95' title="bbox 2239 3996 3823 4068">
    <p class='ocr_par' dir='ltr' id='par_1_95' title="bbox 2239 3996 3823 4068">
     <span class='ocr_line' id='line_1_96' title="bbox 2239 3996 3823 4068; baseline -0.003 -15"><span class='ocrx_word' id='word_1_715' title='bbox 2239 3999 2477 4068; x_wconf 81' lang='lat' dir='ltr'><strong>sequitur</strong></span> <span class='ocrx_word' id='word_1_716' title='bbox 2506 4017 2518 4051; x_wconf 92' lang='lat'>:</span> <span class='ocrx_word' id='word_1_717' title='bbox 2549 3999 2753 4052; x_wconf 74' lang='lat' dir='ltr'><strong>Cmteris</strong></span> <span class='ocrx_word' id='word_1_718' title='bbox 2789 4009 2957 4051; x_wconf 63' lang='lat' dir='ltr'><strong>mrtem</strong></span> <span class='ocrx_word' id='word_1_719' title='bbox 2998 4015 3087 4067; x_wconf 86' lang='lat' dir='ltr'><strong>ego</strong></span> <span class='ocrx_word' id='word_1_720' title='bbox 3130 3998 3242 4050; x_wconf 84' lang='lat' dir='ltr'><strong>dico</strong></span> <span class='ocrx_word' id='word_1_721' title='bbox 3262 4040 3275 4060; x_wconf 90' lang='lat'><strong>,</strong></span> <span class='ocrx_word' id='word_1_722' title='bbox 3307 4015 3407 4051; x_wconf 92' lang='lat' dir='ltr'><strong>non</strong></span> <span class='ocrx_word' id='word_1_723' title='bbox 3450 3996 3701 4052; x_wconf 80' lang='lat' dir='ltr'><strong>Dominus</strong></span> <span class='ocrx_word' id='word_1_724' title='bbox 3721 4040 3733 4059; x_wconf 86' lang='lat'><strong>.</strong></span> <span class='ocrx_word' id='word_1_725' title='bbox 3764 3997 3823 4049; x_wconf 89' lang='lat' dir='ltr'><strong>Si</strong></span> 
     </span>
    </p>
   </div>
   <div class='ocr_carea' id='block_1_96' title="bbox 2238 4087 3819 4160">
    <p class='ocr_par' dir='ltr' id='par_1_96' title="bbox 2238 4087 3819 4160">
     <span class='ocr_line' id='line_1_97' title="bbox 2238 4087 3819 4160; baseline -0.003 -19"><span class='ocrx_word' id='word_1_726' title='bbox 2238 4090 2348 4159; x_wconf 81' lang='lat' dir='ltr'><strong>quis</strong></span> <span class='ocrx_word' id='word_1_727' title='bbox 2369 4090 2526 4160; x_wconf 77' lang='lat' dir='ltr'><strong>frater</strong></span> <span class='ocrx_word' id='word_1_728' title='bbox 2549 4089 2693 4142; x_wconf 78' lang='lat' dir='ltr'><strong>habet</strong></span> <span class='ocrx_word' id='word_1_729' title='bbox 2722 4105 2927 4142; x_wconf 71' lang='lat' dir='ltr'><strong>uxorem</strong></span> <span class='ocrx_word' id='word_1_730' title='bbox 2954 4087 3207 4155; x_wconf 61' lang='lat' dir='ltr'><strong>inﬁdelem:</strong></span> <span class='ocrx_word' id='word_1_731' title='bbox 3226 4130 3240 4151; x_wconf 95' lang='lat'><strong>,</strong></span> <span class='ocrx_word' id='word_1_732' title='bbox 3270 4100 3314 4140; x_wconf 89' lang='lat' dir='ltr'><strong>et</strong></span> <span class='ocrx_word' id='word_1_733' title='bbox 3337 4090 3442 4141; x_wconf 75' lang='lat' dir='ltr'><strong>ltwc</strong></span> <span class='ocrx_word' id='word_1_734' title='bbox 3468 4089 3713 4141; x_wconf 84' lang='lat' dir='ltr'><strong>consentit</strong></span> <span class='ocrx_word' id='word_1_735' title='bbox 3735 4089 3819 4139; x_wconf 84' lang='lat' dir='ltr'><strong>Im-</strong></span> 
     </span>
    </p>
   </div>
   <div class='ocr_carea' id='block_1_97' title="bbox 2239 4178 3819 4245">
    <p class='ocr_par' dir='ltr' id='par_1_97' title="bbox 2239 4178 3819 4245">
     <span class='ocr_line' id='line_1_98' title="bbox 2239 4178 3819 4245; baseline -0.001 -15"><span class='ocrx_word' id='word_1_736' title='bbox 2239 4178 2397 4231; x_wconf 85' lang='lat' dir='ltr'><strong>bitare</strong></span> <span class='ocrx_word' id='word_1_737' title='bbox 2424 4195 2537 4231; x_wconf 85' lang='lat' dir='ltr'><strong>cum</strong></span> <span class='ocrx_word' id='word_1_738' title='bbox 2575 4179 2664 4231; x_wconf 87' lang='lat' dir='ltr'><strong>illo</strong></span> <span class='ocrx_word' id='word_1_739' title='bbox 2684 4221 2698 4245; x_wconf 94' lang='lat'><strong>,</strong></span> <span class='ocrx_word' id='word_1_740' title='bbox 2728 4196 2830 4232; x_wconf 88' lang='lat' dir='ltr'><strong>non</strong></span> <span class='ocrx_word' id='word_1_741' title='bbox 2868 4178 3086 4230; x_wconf 82' lang='lat' dir='ltr'><strong>dimittat</strong></span> <span class='ocrx_word' id='word_1_742' title='bbox 3115 4178 3257 4231; x_wconf 88' lang='lat' dir='ltr'><strong>illam</strong></span> <span class='ocrx_word' id='word_1_743' title='bbox 3280 4195 3298 4233; x_wconf 93' lang='lat'><strong><em>:</em></strong></span> <span class='ocrx_word' id='word_1_744' title='bbox 3320 4188 3366 4230; x_wconf 85' lang='lat' dir='ltr'><strong>et</strong></span> <span class='ocrx_word' id='word_1_745' title='bbox 3405 4179 3585 4231; x_wconf 84' lang='lat' dir='ltr'><strong>mulier</strong></span> <span class='ocrx_word' id='word_1_746' title='bbox 3612 4179 3657 4231; x_wconf 82' lang='lat' dir='ltr'><strong>si</strong></span> <span class='ocrx_word' id='word_1_747' title='bbox 3677 4178 3819 4231; x_wconf 81' lang='lat' dir='ltr'><strong>habet</strong></span> 
     </span>
    </p>
   </div>
   <div class='ocr_carea' id='block_1_98' title="bbox 2238 4267 3819 4337">
    <p class='ocr_par' dir='ltr' id='par_1_98' title="bbox 2238 4267 3819 4337">
     <span class='ocr_line' id='line_1_99' title="bbox 2238 4267 3819 4337; baseline -0.001 -16"><span class='ocrx_word' id='word_1_748' title='bbox 2238 4270 2401 4321; x_wconf 81' lang='lat' dir='ltr'><strong>virum</strong></span> <span class='ocrx_word' id='word_1_749' title='bbox 2426 4268 2681 4337; x_wconf 80' lang='lat' dir='ltr'><strong>inﬁdelem</strong></span> <span class='ocrx_word' id='word_1_750' title='bbox 2698 4309 2711 4332; x_wconf 95' lang='lat'><strong>,</strong></span> <span class='ocrx_word' id='word_1_751' title='bbox 2737 4278 2783 4321; x_wconf 89' lang='lat' dir='ltr'><strong>et</strong></span> <span class='ocrx_word' id='word_1_752' title='bbox 2810 4269 2890 4321; x_wconf 82' lang='lat' dir='ltr'><strong>hic</strong></span> <span class='ocrx_word' id='word_1_753' title='bbox 2919 4269 3161 4321; x_wconf 85' lang='lat' dir='ltr'><strong>consentit</strong></span> <span class='ocrx_word' id='word_1_754' title='bbox 3188 4268 3411 4321; x_wconf 82' lang='lat' dir='ltr'><strong>habitare</strong></span> <span class='ocrx_word' id='word_1_755' title='bbox 3435 4284 3545 4320; x_wconf 78' lang='lat' dir='ltr'><strong>cum</strong></span> <span class='ocrx_word' id='word_1_756' title='bbox 3571 4267 3694 4333; x_wconf 81' lang='lat' dir='ltr'><strong>illa,</strong></span> <span class='ocrx_word' id='word_1_757' title='bbox 3722 4283 3819 4320; x_wconf 90' lang='lat' dir='ltr'><strong>non</strong></span> 
     </span>
    </p>
   </div>
   <div class='ocr_carea' id='block_1_99' title="bbox 2239 4359 3819 4429">
    <p class='ocr_par' dir='ltr' id='par_1_99' title="bbox 2239 4359 3819 4429">
     <span class='ocr_line' id='line_1_100' title="bbox 2239 4359 3819 4429; baseline -0.002 -16"><span class='ocrx_word' id='word_1_758' title='bbox 2239 4361 2457 4414; x_wconf 85' lang='lat' dir='ltr'><strong>dimittat</strong></span> <span class='ocrx_word' id='word_1_759' title='bbox 2476 4362 2634 4413; x_wconf 80' lang='lat' dir='ltr'><strong>virum</strong></span> <span class='ocrx_word' id='word_1_760' title='bbox 2657 4361 2701 4429; x_wconf 91' lang='lat' dir='ltr'><strong>(l</strong></span> <span class='ocrx_word' id='word_1_761' title='bbox 2722 4359 2838 4414; x_wconf 90' lang='lat' dir='ltr'><strong>Cor.</strong></span> <span class='ocrx_word' id='word_1_762' title='bbox 2871 4376 2970 4420; x_wconf 86' lang='lat' dir='ltr'><strong>vn,</strong></span> <span class='ocrx_word' id='word_1_763' title='bbox 3006 4359 3212 4429; x_wconf 76' lang='grc'><strong>10-15).</strong></span> <span class='ocrx_word' id='word_1_764' title='bbox 3235 4359 3335 4415; x_wconf 90' lang='lat' dir='ltr'><strong>Ubi</strong></span> <span class='ocrx_word' id='word_1_765' title='bbox 3364 4359 3454 4412; x_wconf 90' lang='lat' dir='ltr'><strong>dat</strong></span> <span class='ocrx_word' id='word_1_766' title='bbox 3478 4359 3700 4428; x_wconf 83' lang='lat' dir='ltr'><strong>intelligi</strong></span> <span class='ocrx_word' id='word_1_767' title='bbox 3722 4359 3819 4411; x_wconf 85' lang='lat' dir='ltr'><strong>Do-</strong></span> 
     </span>
    </p>
   </div>
   <div class='ocr_carea' id='block_1_100' title="bbox 2239 4450 3816 4513">
    <p class='ocr_par' dir='ltr' id='par_1_100' title="bbox 2239 4450 3816 4513">
     <span class='ocr_line' id='line_1_101' title="bbox 2239 4450 3816 4513; baseline -0.003 -7"><span class='ocrx_word' id='word_1_768' title='bbox 2239 4454 2438 4506; x_wconf 89' lang='lat' dir='ltr'><strong>minum</strong></span> <span class='ocrx_word' id='word_1_769' title='bbox 2460 4453 2528 4507; x_wconf 94' lang='lat' dir='ltr'><strong>de</strong></span> <span class='ocrx_word' id='word_1_770' title='bbox 2551 4452 2634 4506; x_wconf 88' lang='lat' dir='ltr'><strong>bis</strong></span> <span class='ocrx_word' id='word_1_771' title='bbox 2659 4453 2889 4506; x_wconf 91' lang='lat' dir='ltr'><strong>locutum</strong></span> <span class='ocrx_word' id='word_1_772' title='bbox 2914 4491 2927 4512; x_wconf 88' lang='lat'><strong>,</strong></span> <span class='ocrx_word' id='word_1_773' title='bbox 2957 4459 3013 4505; x_wconf 91' lang='lat' dir='ltr'><strong>ut</strong></span> <span class='ocrx_word' id='word_1_774' title='bbox 3052 4460 3238 4505; x_wconf 86' lang='lat' dir='ltr'><strong>neuter</strong></span> <span class='ocrx_word' id='word_1_775' title='bbox 3262 4451 3483 4504; x_wconf 90' lang='lat' dir='ltr'><strong>alterum</strong></span> <span class='ocrx_word' id='word_1_776' title='bbox 3506 4450 3816 4513; x_wconf 88' lang='lat' dir='ltr'><strong>dimitteret,</strong></span> 
     </span>
    </p>
   </div>
   <div class='ocr_carea' id='block_1_101' title="bbox 2237 4543 2893 4599">
    <p class='ocr_par' dir='ltr' id='par_1_101' title="bbox 2237 4543 2893 4599">
     <span class='ocr_line' id='line_1_102' title="bbox 2237 4543 2893 4599; baseline -0.008 0"><span class='ocrx_word' id='word_1_777' title='bbox 2237 4544 2283 4599; x_wconf 89' lang='lat' dir='ltr'><strong>si</strong></span> <span class='ocrx_word' id='word_1_778' title='bbox 2313 4544 2496 4599; x_wconf 79' lang='lat' dir='ltr'><strong>ﬁdeles</strong></span> <span class='ocrx_word' id='word_1_779' title='bbox 2523 4543 2680 4598; x_wconf 89' lang='lat' dir='ltr'><strong>ambo</strong></span> <span class='ocrx_word' id='word_1_780' title='bbox 2696 4552 2893 4598; x_wconf 82' lang='lat' dir='ltr'><strong>essent.</strong></span> 
     </span>
    </p>
   </div>
   <div class='ocr_carea' id='block_1_102' title="bbox 2277 4631 3822 4706">
    <p class='ocr_par' dir='ltr' id='par_1_102' title="bbox 2277 4631 3822 4706">
     <span class='ocr_line' id='line_1_103' title="bbox 2277 4631 3822 4706; baseline -0.001 0"><span class='ocrx_word' id='word_1_781' title='bbox 2277 4635 2319 4706; x_wconf 84' lang='grc'>.¹</span> <span class='ocrx_word' id='word_1_782' title='bbox 2345 4633 2481 4706; x_wconf 57' lang='lat' dir='ltr'><strong>edet</strong></span> <span class='ocrx_word' id='word_1_783' title='bbox 2501 4632 2678 4706; x_wconf 58' lang='lat' dir='ltr'><strong>demi</strong></span> <span class='ocrx_word' id='word_1_784' title='bbox 2693 4632 2930 4706; x_wconf 51' lang='lat' dir='ltr'><strong>prohibet,</strong></span> <span class='ocrx_word' id='word_1_785' title='bbox 2950 4643 3237 4706; x_wconf 58' lang='grc' dir='ltr'><strong>εοηεςεαυεηδ</strong></span> <span class='ocrx_word' id='word_1_786' title='bbox 3252 4638 3321 4683; x_wconf 69' lang='grc' dir='ltr'><strong>εει</strong></span> <span class='ocrx_word' id='word_1_787' title='bbox 3338 4638 3388 4706; x_wconf 66' lang='grc' dir='ltr'><strong>’ἔτ</strong></span> <span class='ocrx_word' id='word_1_788' title='bbox 3405 4631 3711 4706; x_wconf 47' lang='lat' dir='ltr'><strong>Bagesum</strong></span> <span class='ocrx_word' id='word_1_789' title='bbox 3730 4633 3822 4706; x_wconf 60' lang='lat' dir='ltr'><strong>r0:-</strong></span> 
     </span>
    </p>
   </div>
   <div class='ocr_carea' id='block_1_103' title="bbox 2235 4693 3821 4759">
    <p class='ocr_par' dir='ltr' id='par_1_103' title="bbox 2235 4693 3821 4759">
     <span class='ocr_line' id='line_1_104' title="bbox 2235 4693 3821 4759; baseline -0.004 -14"><span class='ocrx_word' id='word_1_790' title='bbox 2235 4693 2553 4759; x_wconf 65' lang='lat' dir='ltr'><strong>m&#39;catiotvel,</strong></span> <span class='ocrx_word' id='word_1_791' title='bbox 2577 4693 2898 4759; x_wconf 62' lang='lat' dir='ltr'><strong>fornicationi)</strong></span> <span class='ocrx_word' id='word_1_792' title='bbox 2921 4708 3013 4745; x_wconf 89' lang='lat' dir='ltr'><strong>non</strong></span> <span class='ocrx_word' id='word_1_793' title='bbox 3044 4693 3317 4759; x_wconf 81' lang='lat' dir='ltr'><strong>deputetur.</strong></span> <span class='ocrx_word' id='word_1_794' title='bbox 3346 4693 3436 4759; x_wconf 61' lang='lat' dir='ltr'><strong>sed</strong></span> <span class='ocrx_word' id='word_1_795' title='bbox 3460 4693 3652 4759; x_wconf 76' lang='lat' dir='ltr'><strong>nitidior</strong></span> <span class='ocrx_word' id='word_1_796' title='bbox 3686 4693 3821 4759; x_wconf 51' lang='lat' dir='ltr'><strong>earli-</strong></span> 
     </span>
    </p>
   </div>
   <div class='ocr_carea' id='block_1_104' title="bbox 2236 4754 3819 4820">
    <p class='ocr_par' dir='ltr' id='par_1_104' title="bbox 2236 4754 3819 4820">
     <span class='ocr_line' id='line_1_105' title="bbox 2236 4754 3819 4820; baseline -0.004 -13"><span class='ocrx_word' id='word_1_797' title='bbox 2236 4754 2548 4820; x_wconf 22' lang='lat' dir='ltr'><strong>cum‘aliquot</strong></span> <span class='ocrx_word' id='word_1_798' title='bbox 2578 4754 2684 4807; x_wconf 71' lang='lat' dir='ltr'><strong>Mss.</strong></span> <span class='ocrx_word' id='word_1_799' title='bbox 2719 4754 2895 4818; x_wconf 74' lang='lat' dir='ltr'><strong>lectio,</strong></span> <span class='ocrx_word' id='word_1_800' title='bbox 2922 4754 3136 4820; x_wconf 80' lang='lat' dir='ltr'><strong>negante</strong></span> <span class='ocrx_word' id='word_1_801' title='bbox 3159 4755 3391 4819; x_wconf 78' lang='lat' dir='ltr'><strong>particula</strong></span> <span class='ocrx_word' id='word_1_802' title='bbox 3424 4757 3576 4804; x_wconf 85' lang='lat' dir='ltr'><strong>verbo</strong></span> <span class='ocrx_word' id='word_1_803' title='bbox 3605 4754 3819 4819; x_wconf 69' lang='lat' dir='ltr'><strong>prohibet</strong></span> 
     </span>
    </p>
   </div>
   <div class='ocr_carea' id='block_1_105' title="bbox 2236 4818 3021 4882">
    <p class='ocr_par' dir='ltr' id='par_1_105' title="bbox 2236 4818 3021 4882">
     <span class='ocr_line' id='line_1_106' title="bbox 2236 4818 3021 4882; baseline 0 -15"><span class='ocrx_word' id='word_1_804' title='bbox 2236 4818 2565 4881; x_wconf 62' lang='lat' dir='ltr'><strong>praeﬁxa,&#39;non</strong></span> <span class='ocrx_word' id='word_1_805' title='bbox 2587 4821 2738 4869; x_wconf 89' lang='lat' dir='ltr'><strong>verbo</strong></span> <span class='ocrx_word' id='word_1_806' title='bbox 2753 4818 3021 4882; x_wconf 70' lang='lat' dir='ltr'><strong>deputetuf.</strong></span> 
     </span>
    </p>
   </div>
   <div class='ocr_carea' id='block_1_106' title="bbox 2192 4909 3805 4929">
    <p class='ocr_par' dir='ltr' id='par_1_106' title="bbox 2192 4909 3788 4929">
     <span class='ocr_line' id='line_1_107' title="bbox 2192 4909 3788 4929; baseline 0 -9"><span class='ocrx_word' id='word_1_807' title='bbox 2192 4912 2416 4929; x_wconf 51' lang='grc' dir='ltr'><strong>ες...ςὲ</strong></span> <span class='ocrx_word' id='word_1_808' title='bbox 2436 4913 3005 4929; x_wconf 36' lang='lat' dir='ltr'><strong>ﬂama”:</strong></span> <span class='ocrx_word' id='word_1_809' title='bbox 3017 4912 3213 4929; x_wconf 51' lang='grc' dir='ltr'><strong>ωε</strong></span> <span class='ocrx_word' id='word_1_810' title='bbox 3226 4915 3237 4921; x_wconf 86' lang='grc'>.</span> <span class='ocrx_word' id='word_1_811' title='bbox 3274 4909 3788 4929; x_wconf 50' lang='lat' dir='ltr'><strong>ang-m</strong></span> 
     </span>
    </p>
   </div>
   <div class='ocr_carea' id='block_1_107' title="bbox 1863 4929 3805 4974">
    <p class='ocr_par' dir='ltr' id='par_1_107' title="bbox 1863 4929 3801 4962">
     <span class='ocr_line' id='line_1_108' title="bbox 1863 4929 3801 4962; baseline -0.003 -1"><span class='ocrx_word' id='word_1_812' title='bbox 1863 4929 3801 4962; x_wconf 70' lang='lat' dir='ltr'><strong>m—</strong></span> 
     </span>
    </p>
   </div>
   <div class='ocr_carea' id='block_1_108' title="bbox 2243 4946 2394 4954">
    <p class='ocr_par' dir='ltr' id='par_1_108' title="bbox 2243 4946 2394 4954">
     <span class='ocr_line' id='line_1_109' title="bbox 2243 4946 2394 4954; baseline 0 0"><span class='ocrx_word' id='word_1_813' title='bbox 2243 4946 2327 4954; x_wconf 48' lang='lat' dir='ltr'><strong>t.</strong></span> <span class='ocrx_word' id='word_1_814' title='bbox 2340 4946 2394 4954; x_wconf 70' lang='lat'><strong>——__.</strong></span> 
     </span>
    </p>
   </div>
   <div class='ocr_carea' id='block_1_109' title="bbox 999 4914 3358 5166">
    <p class='ocr_par' dir='ltr' id='par_1_109' title="bbox 999 4914 3358 5166">
     <span class='ocr_line' id='line_1_110' title="bbox 999 4914 3358 5166; baseline -0.005 -30"><span class='ocrx_word' id='word_1_815' title='bbox 999 4914 3358 5166; x_wconf 34' lang='grc' dir='ltr'><em>Μ</em></span> 
     </span>
    </p>
   </div>
   <div class='ocr_carea' id='block_1_110' title="bbox 562 5144 3829 5246">
    <p class='ocr_par' dir='ltr' id='par_1_110' title="bbox 562 5144 3829 5246">
     <span class='ocr_line' id='line_1_111' title="bbox 562 5144 3829 5246; baseline -0.005 -8"><span class='ocrx_word' id='word_1_816' title='bbox 562 5175 715 5238; x_wconf 79' lang='lat' dir='ltr'><strong>Vide</strong></span> <span class='ocrx_word' id='word_1_817' title='bbox 746 5182 792 5235; x_wconf 87' lang='lat' dir='ltr'><strong>t.</strong></span> <span class='ocrx_word' id='word_1_818' title='bbox 820 5175 880 5246; x_wconf 87' lang='grc'><strong>1,</strong></span> <span class='ocrx_word' id='word_1_819' title='bbox 915 5172 1026 5236; x_wconf 85' lang='lat' dir='ltr'><strong>lib.</strong></span> <span class='ocrx_word' id='word_1_820' title='bbox 1053 5171 1116 5245; x_wconf 82' lang='lat'><strong>2,</strong></span> <span class='ocrx_word' id='word_1_821' title='bbox 1151 5168 1722 5246; x_wconf 76' lang='lat' dir='ltr'><strong>Retractationum,</strong></span> <span class='ocrx_word' id='word_1_822' title='bbox 1760 5184 1895 5246; x_wconf 83' lang='lat' dir='ltr'><strong>cap.</strong></span> <span class='ocrx_word' id='word_1_823' title='bbox 2020 5164 2317 5246; x_wconf 64' lang='lat' dir='ltr'><strong>acerbis,</strong></span> <span class='ocrx_word' id='word_1_824' title='bbox 2350 5164 2692 5246; x_wconf 82' lang='lat' dir='ltr'><strong>Librorum</strong></span> <span class='ocrx_word' id='word_1_825' title='bbox 2713 5183 2885 5246; x_wconf 87' lang='lat' dir='ltr'><strong>quos</strong></span> <span class='ocrx_word' id='word_1_826' title='bbox 2911 5166 3277 5246; x_wconf 85' lang='lat' dir='ltr'><strong>episcOpus,</strong></span> <span class='ocrx_word' id='word_1_827' title='bbox 3310 5165 3429 5227; x_wconf 82' lang='lat' dir='ltr'><strong>col.</strong></span> <span class='ocrx_word' id='word_1_828' title='bbox 3456 5164 3599 5237; x_wconf 75' lang='lat'><strong>629,</strong></span> <span class='ocrx_word' id='word_1_829' title='bbox 3628 5174 3829 5244; x_wconf 73' lang='lat' dir='ltr'><strong>usque</strong></span> 
     </span>
    </p>
   </div>
   <div class='ocr_carea' id='block_1_111' title="bbox 1428 5244 2945 5322">
    <p class='ocr_par' dir='ltr' id='par_1_111' title="bbox 1428 5244 2945 5322">
     <span class='ocr_line' id='line_1_112' title="bbox 1428 5244 2945 5322; baseline 0 -13"><span class='ocrx_word' id='word_1_830' title='bbox 1428 5247 1509 5309; x_wconf 84' lang='lat' dir='ltr'><strong>ad</strong></span> <span class='ocrx_word' id='word_1_831' title='bbox 1522 5244 1749 5313; x_wconf 60' lang='lat' dir='ltr'><strong>verba,</strong></span> <span class='ocrx_word' id='word_1_832' title='bbox 1783 5244 2229 5307; x_wconf 72' lang='lat' dir='ltr'><strong>Gratissimum</strong></span> <span class='ocrx_word' id='word_1_833' title='bbox 2256 5245 2473 5322; x_wconf 87' lang='lat' dir='ltr'><strong>plane,</strong></span> <span class='ocrx_word' id='word_1_834' title='bbox 2508 5244 2628 5305; x_wconf 87' lang='lat' dir='ltr'><strong>col.</strong></span> <span class='ocrx_word' id='word_1_835' title='bbox 2660 5245 2802 5304; x_wconf 82' lang='lat'><strong>631.</strong></span> <span class='ocrx_word' id='word_1_836' title='bbox 2860 5245 2945 5310; x_wconf 88' lang='lat' dir='ltr'><strong>M.</strong></span> 
     </span>
    </p>
   </div>
   <div class='ocr_carea' id='block_1_112' title="bbox 1448 5359 2927 5411">
    <p class='ocr_par' dir='ltr' id='par_1_112' title="bbox 1448 5359 2927 5411">
     <span class='ocr_line' id='line_1_113' title="bbox 1448 5359 2927 5411; baseline -0.003 -8"><span class='ocrx_word' id='word_1_837' title='bbox 1448 5364 1515 5403; x_wconf 74' lang='grc' dir='ltr'><strong>ει</strong></span> <span class='ocrx_word' id='word_1_838' title='bbox 1546 5361 1698 5402; x_wconf 70' lang='grc' dir='ltr'><strong>ιιωιο</strong></span> <span class='ocrx_word' id='word_1_839' title='bbox 1723 5363 1790 5402; x_wconf 74' lang='lat' dir='ltr'><strong>DE</strong></span> <span class='ocrx_word' id='word_1_840' title='bbox 1818 5359 2317 5401; x_wconf 62' lang='lat' dir='ltr'><strong>PREDES’I‘INA&#39;I‘IONE</strong></span> <span class='ocrx_word' id='word_1_841' title='bbox 2343 5359 2677 5411; x_wconf 70' lang='lat' dir='ltr'><strong>SANCTORUI,</strong></span> <span class='ocrx_word' id='word_1_842' title='bbox 2710 5361 2827 5401; x_wconf 73' lang='lat' dir='ltr'><strong>CAP.</strong></span> <span class='ocrx_word' id='word_1_843' title='bbox 2856 5360 2927 5400; x_wconf 78' lang='grc' dir='ltr'><strong>ιν.</strong></span> 
     </span>
    </p>
   </div>
   <div class='ocr_carea' id='block_1_113' title="bbox 635 5435 3837 5513">
    <p class='ocr_par' dir='ltr' id='par_1_113' title="bbox 635 5435 3837 5513">
     <span class='ocr_line' id='line_1_114' title="bbox 635 5435 3837 5513; baseline -0.003 -15"><span class='ocrx_word' id='word_1_844' title='bbox 635 5465 653 5498; x_wconf 74' lang='grc' dir='ltr'>ι</span> <span class='ocrx_word' id='word_1_845' title='bbox 684 5444 886 5498; x_wconf 82' lang='lat' dir='ltr'><strong>Videtis</strong></span> <span class='ocrx_word' id='word_1_846' title='bbox 906 5452 1051 5499; x_wconf 88' lang='lat' dir='ltr'><strong>certe</strong></span> <span class='ocrx_word' id='word_1_847' title='bbox 1080 5441 1207 5513; x_wconf 91' lang='lat' dir='ltr'><strong>quid</strong></span> <span class='ocrx_word' id='word_1_848' title='bbox 1237 5450 1362 5496; x_wconf 87' lang='lat' dir='ltr'><strong>tunc</strong></span> <span class='ocrx_word' id='word_1_849' title='bbox 1396 5440 1463 5495; x_wconf 90' lang='lat' dir='ltr'><strong>de</strong></span> <span class='ocrx_word' id='word_1_850' title='bbox 1491 5439 1595 5494; x_wconf 76' lang='lat' dir='ltr'><strong>[ide</strong></span> <span class='ocrx_word' id='word_1_851' title='bbox 1620 5448 1781 5508; x_wconf 89' lang='lat' dir='ltr'><strong>atque</strong></span> <span class='ocrx_word' id='word_1_852' title='bbox 1818 5438 2071 5508; x_wconf 88' lang='lat' dir='ltr'><strong>operibus</strong></span> <span class='ocrx_word' id='word_1_853' title='bbox 2097 5438 2389 5493; x_wconf 86' lang='lat' dir='ltr'><strong>sentiebam</strong></span> <span class='ocrx_word' id='word_1_854' title='bbox 2411 5479 2425 5501; x_wconf 93' lang='lat'><strong>,</strong></span> <span class='ocrx_word' id='word_1_855' title='bbox 2471 5441 2716 5508; x_wconf 86' lang='lat' dir='ltr'><strong>quamvis</strong></span> <span class='ocrx_word' id='word_1_856' title='bbox 2758 5441 2826 5495; x_wconf 89' lang='lat' dir='ltr'><strong>de</strong></span> <span class='ocrx_word' id='word_1_857' title='bbox 2851 5440 3268 5496; x_wconf 84' lang='lat' dir='ltr'><strong>commendanda</strong></span> <span class='ocrx_word' id='word_1_858' title='bbox 3296 5440 3463 5511; x_wconf 82' lang='lat' dir='ltr'><strong>gratia</strong></span> <span class='ocrx_word' id='word_1_859' title='bbox 3495 5438 3584 5493; x_wconf 86' lang='lat' dir='ltr'><strong>Dei</strong></span> <span class='ocrx_word' id='word_1_860' title='bbox 3610 5435 3837 5491; x_wconf 57' lang='lat' dir='ltr'><strong>labora»</strong></span> 
     </span>
    </p>
   </div>
   <div class='ocr_carea' id='block_1_114' title="bbox 558 5526 3822 5609">
    <p class='ocr_par' dir='ltr' id='par_1_114' title="bbox 558 5526 3822 5609">
     <span class='ocr_line' id='line_1_115' title="bbox 558 5526 3822 5609; baseline -0.006 -13"><span class='ocrx_word' id='word_1_861' title='bbox 558 5555 671 5596; x_wconf 89' lang='lat' dir='ltr'><strong>rem</strong></span> <span class='ocrx_word' id='word_1_862' title='bbox 699 5540 777 5609; x_wconf 77' lang='grc' dir='ltr'><strong>(ὁ)</strong></span> <span class='ocrx_word' id='word_1_863' title='bbox 804 5555 817 5591; x_wconf 91' lang='lat'><strong>:</strong></span> <span class='ocrx_word' id='word_1_864' title='bbox 850 5537 903 5591; x_wconf 88' lang='lat' dir='ltr'><strong>in</strong></span> <span class='ocrx_word' id='word_1_865' title='bbox 928 5551 1028 5606; x_wconf 87' lang='lat' dir='ltr'><strong>qua</strong></span> <span class='ocrx_word' id='word_1_866' title='bbox 1056 5533 1475 5591; x_wconf 82' lang='lat' dir='ltr'><strong>sententiaistos</strong></span> <span class='ocrx_word' id='word_1_867' title='bbox 1503 5531 1694 5586; x_wconf 78' lang='lat' dir='ltr'><strong>fratres</strong></span> <span class='ocrx_word' id='word_1_868' title='bbox 1728 5540 1943 5584; x_wconf 88' lang='lat' dir='ltr'><strong>nostros</strong></span> <span class='ocrx_word' id='word_1_869' title='bbox 1966 5545 2086 5585; x_wconf 88' lang='lat' dir='ltr'><strong>esse</strong></span> <span class='ocrx_word' id='word_1_870' title='bbox 2112 5544 2255 5585; x_wconf 90' lang='lat' dir='ltr'><strong>nunc</strong></span> <span class='ocrx_word' id='word_1_871' title='bbox 2281 5529 2467 5595; x_wconf 89' lang='lat' dir='ltr'><strong>video;</strong></span> <span class='ocrx_word' id='word_1_872' title='bbox 2496 5532 2618 5601; x_wconf 90' lang='lat' dir='ltr'><strong>quia</strong></span> <span class='ocrx_word' id='word_1_873' title='bbox 2650 5546 2754 5585; x_wconf 91' lang='lat' dir='ltr'><strong>non</strong></span> <span class='ocrx_word' id='word_1_874' title='bbox 2793 5531 2931 5586; x_wconf 89' lang='lat' dir='ltr'><strong>sicut</strong></span> <span class='ocrx_word' id='word_1_875' title='bbox 2959 5532 3137 5603; x_wconf 84' lang='lat' dir='ltr'><strong>legere</strong></span> <span class='ocrx_word' id='word_1_876' title='bbox 3167 5533 3329 5587; x_wconf 89' lang='lat' dir='ltr'><strong>libros</strong></span> <span class='ocrx_word' id='word_1_877' title='bbox 3356 5544 3535 5595; x_wconf 93' lang='lat' dir='ltr'><strong>meos,</strong></span> <span class='ocrx_word' id='word_1_878' title='bbox 3569 5529 3637 5581; x_wconf 88' lang='lat' dir='ltr'><strong>ita</strong></span> <span class='ocrx_word' id='word_1_879' title='bbox 3660 5526 3822 5580; x_wconf 87' lang='lat' dir='ltr'><strong>etiam</strong></span> 
     </span>
    </p>
   </div>
   <div class='ocr_carea' id='block_1_115' title="bbox 615 5642 3827 5737">
    <p class='ocr_par' dir='ltr' id='par_1_115' title="bbox 615 5642 3827 5737">
     <span class='ocr_line' id='line_1_116' title="bbox 615 5642 3827 5737; baseline -0.004 -18"><span class='ocrx_word' id='word_1_880' title='bbox 615 5674 689 5737; x_wconf 72' lang='grc' dir='ltr'><strong>(α)</strong></span> <span class='ocrx_word' id='word_1_881' title='bbox 724 5673 1051 5737; x_wconf 70' lang='lat' dir='ltr'><strong>Episwpatum</strong></span> <span class='ocrx_word' id='word_1_882' title='bbox 1087 5669 1291 5737; x_wconf 80' lang='lat' dir='ltr'><strong>sumpsit</strong></span> <span class='ocrx_word' id='word_1_883' title='bbox 1328 5667 1620 5737; x_wconf 75' lang='lat' dir='ltr'><strong>Augustinus</strong></span> <span class='ocrx_word' id='word_1_884' title='bbox 1653 5663 1850 5713; x_wconf 82' lang='lat' dir='ltr'><strong>labente</strong></span> <span class='ocrx_word' id='word_1_885' title='bbox 1888 5673 2015 5711; x_wconf 88' lang='lat' dir='ltr'><strong>anno</strong></span> <span class='ocrx_word' id='word_1_886' title='bbox 2170 5663 2444 5737; x_wconf 78' lang='lat' dir='ltr'><strong>Ambrosius</strong></span> <span class='ocrx_word' id='word_1_887' title='bbox 2466 5670 2628 5737; x_wconf 84' lang='lat' dir='ltr'><strong>autem</strong></span> <span class='ocrx_word' id='word_1_888' title='bbox 2656 5665 2791 5737; x_wconf 13' lang='lat' dir='ltr'><strong>gobiit</strong></span> <span class='ocrx_word' id='word_1_889' title='bbox 2825 5666 2906 5737; x_wconf 79' lang='lat' dir='ltr'><strong>die</strong></span> <span class='ocrx_word' id='word_1_890' title='bbox 2930 5665 2961 5714; x_wconf 79' lang='grc'><strong>4</strong></span> <span class='ocrx_word' id='word_1_891' title='bbox 2981 5665 3143 5729; x_wconf 84' lang='lat' dir='ltr'><strong>aprilis</strong></span> <span class='ocrx_word' id='word_1_892' title='bbox 3161 5667 3271 5737; x_wconf 79' lang='lat' dir='ltr'><strong>anni</strong></span> <span class='ocrx_word' id='word_1_893' title='bbox 3295 5665 3413 5737; x_wconf 58' lang='grc' dir='ltr'><strong>39⁸7ἱ</strong></span> <span class='ocrx_word' id='word_1_894' title='bbox 3432 5656 3496 5714; x_wconf 86' lang='lat' dir='ltr'><strong>tta</strong></span> <span class='ocrx_word' id='word_1_895' title='bbox 3516 5642 3827 5737; x_wconf 46' lang='lat' dir='ltr'><strong>subsequens</strong></span> 
     </span>
    </p>
   </div>
   <div class='ocr_carea' id='block_1_116' title="bbox 552 5725 3761 5802">
    <p class='ocr_par' dir='ltr' id='par_1_116' title="bbox 552 5725 3761 5802">
     <span class='ocr_line' id='line_1_117' title="bbox 552 5725 3761 5802; baseline -0.003 -16"><span class='ocrx_word' id='word_1_896' title='bbox 552 5753 599 5802; x_wconf 69' lang='grc' dir='ltr'><strong>οε</strong></span> <span class='ocrx_word' id='word_1_897' title='bbox 618 5725 683 5802; x_wconf 66' lang='lat' dir='ltr'><strong>us&#39;</strong></span> <span class='ocrx_word' id='word_1_898' title='bbox 710 5725 772 5783; x_wconf 82' lang='lat' dir='ltr'><strong>ad</strong></span> <span class='ocrx_word' id='word_1_899' title='bbox 795 5725 903 5794; x_wconf 71' lang='lat' dir='ltr'><strong>simi</strong></span> <span class='ocrx_word' id='word_1_900' title='bbox 923 5730 1144 5802; x_wconf 77' lang='lat' dir='ltr'><strong>licianum</strong></span> <span class='ocrx_word' id='word_1_901' title='bbox 1172 5725 1415 5802; x_wconf 61' lang='lat' dir='ltr'><strong>A&#39;mhrosii&#39;</strong></span> <span class='ocrx_word' id='word_1_902' title='bbox 1434 5740 1819 5802; x_wconf 23' lang='lat' dir='ltr'><strong>successor-ent,”</strong></span> <span class='ocrx_word' id='word_1_903' title='bbox 1836 5725 2130 5802; x_wconf 15' lang='grc' dir='ltr'><strong>Μῖνα-ξψξξῇ</strong></span> <span class='ocrx_word' id='word_1_904' title='bbox 2150 5727 2739 5802; x_wconf 36' lang='grc' dir='ltr'><strong>θ-ιιξδςφρᾳψξ-Αιξευδιὶρὶ</strong></span> <span class='ocrx_word' id='word_1_905' title='bbox 2785 5725 3043 5790; x_wconf 53' lang='lat' dir='ltr'><strong>scriptum}</strong></span> <span class='ocrx_word' id='word_1_906' title='bbox 3103 5730 3320 5791; x_wconf 81' lang='lat' dir='ltr'><strong>pertinet</strong></span> <span class='ocrx_word' id='word_1_907' title='bbox 3355 5728 3415 5778; x_wconf 86' lang='lat' dir='ltr'><strong>ad</strong></span> <span class='ocrx_word' id='word_1_908' title='bbox 3452 5735 3633 5778; x_wconf 80' lang='lat' dir='ltr'><strong>annum</strong></span> <span class='ocrx_word' id='word_1_909' title='bbox 3647 5725 3761 5770; x_wconf 72' lang='lat'><strong>597-</strong></span> 
     </span>
    </p>
   </div>
   <div class='ocr_carea' id='block_1_117' title="bbox 622 5785 2725 5859">
    <p class='ocr_par' dir='ltr' id='par_1_117' title="bbox 622 5785 2725 5859">
     <span class='ocr_line' id='line_1_118' title="bbox 622 5785 2725 5859; baseline -0.006 -11"><span class='ocrx_word' id='word_1_910' title='bbox 622 5785 697 5859; x_wconf 69' lang='grc' dir='ltr'><strong>(ὑ)</strong></span> <span class='ocrx_word' id='word_1_911' title='bbox 730 5806 779 5846; x_wconf 91' lang='lat' dir='ltr'><strong>tn</strong></span> <span class='ocrx_word' id='word_1_912' title='bbox 802 5785 1102 5855; x_wconf 73' lang='lat' dir='ltr'><strong>Expositione</strong></span> <span class='ocrx_word' id='word_1_913' title='bbox 1125 5792 1438 5855; x_wconf 88' lang='lat' dir='ltr'><strong>quarumdam</strong></span> <span class='ocrx_word' id='word_1_914' title='bbox 1453 5798 1554 5852; x_wconf 65' lang='lat' dir='ltr'><strong>Pro;</strong></span> <span class='ocrx_word' id='word_1_915' title='bbox 1572 5791 1828 5839; x_wconf 88' lang='lat' dir='ltr'><strong>ositionum</strong></span> <span class='ocrx_word' id='word_1_916' title='bbox 1846 5801 1909 5837; x_wconf 84' lang='lat' dir='ltr'><strong>ex</strong></span> <span class='ocrx_word' id='word_1_917' title='bbox 1933 5785 2138 5848; x_wconf 70' lang='lat' dir='ltr'><strong>Epistola</strong></span> <span class='ocrx_word' id='word_1_918' title='bbox 2170 5785 2231 5835; x_wconf 85' lang='lat' dir='ltr'><strong>ad</strong></span> <span class='ocrx_word' id='word_1_919' title='bbox 2253 5785 2483 5836; x_wconf 77' lang='lat' dir='ltr'><strong>nouianos</strong></span> <span class='ocrx_word' id='word_1_920' title='bbox 2500 5824 2513 5848; x_wconf 89' lang='lat'><strong>,</strong></span> <span class='ocrx_word' id='word_1_921' title='bbox 2539 5785 2654 5837; x_wconf 77' lang='lat' dir='ltr'><strong>tum.</strong></span> <span class='ocrx_word' id='word_1_922' title='bbox 2679 5789 2725 5836; x_wconf 80' lang='lat'><strong>5.</strong></span> 
     </span>
    </p>
   </div>
  </div>
