4000 6336
445 343 554 401 ωδ

443 458 535 516 illa
555 460 766 532 quidem
794 475 913 532 quae
943 459 1011 515 de
1032 460 1196 517 Paulo
1214 463 1457 531 apostolo
1475 462 1815 518 dissolveuda
1839 480 2033 533 propo-

440 554 625 619 suisti,
646 555 754 622 jam
784 567 813 606 a
841 552 996 607 nobis
1031 563 1184 606 erant
1226 562 1513 622 utcumque
1551 551 1787 607 discussa
1819 554 2036 609 litteris-

438 657 548 713 que
579 644 825 713 mandata
853 644 891 697 ί.
918 642 1021 697 Sed
1051 651 1227 697 tiniien
1261 642 1447 698 eadem
1492 642 1604 712 ipsa
1633 643 1792 697 verba
1821 654 2036 714 aposto-

440 735 541 791 lica
563 749 912 804 tenoremque
934 734 1319 789 sententiarum
1339 774 1353 797 ,
1388 749 1492 787 non
1536 742 1822 789 contentus
1852 735 2028 805 inqui-

438 825 633 880 sitioue
675 833 836 894 atque
859 823 1211 893 explicatione
1254 824 1555 893 praeterita,
1601 840 1668 879 ne
1704 824 1828 894 quid
1877 825 1930 879 in
1966 841 2030 879 ca

439 916 794 987 negligentius
836 915 1190 985 prreterissem
1211 954 1227 977 .
1254 915 1461 970 cautius
1485 917 1844 986 attentiusque
1865 917 2028 970 rima-

439 1019 525 1064 tus
563 1024 703 1064 sum.
744 1006 862 1063 Non
890 1007 1033 1062 enim
1062 1018 1117 1060 tu
1156 1022 1218 1061 ea
1264 1008 1623 1076 percontanda
1671 1022 1954 1076 censeres,
1981 1008 2027 1064 si

436 1113 622 1153 eorum
654 1097 951 1152 intellectus
979 1096 1149 1151 facilis
1172 1104 1331 1167 atque
1358 1096 1638 1166 expeditus
1667 1100 1820 1153 foret.

508 1188 780 1258 QU/EST.
820 1188 1054 1243 PRIMA.
1094 1216 1168 1229 —-
1193 1190 1243 1243 l.
1284 1187 1393 1243 Lex
1416 1190 1485 1242 ad
1509 1189 1631 1261 quid
1653 1190 1796 1244 data.
1825 1190 2024 1246 Conca-

437 1282 682 1351 piscentia
709 1290 860 1335 aucta
881 1298 971 1352 per
990 1280 1473 1353 legem-Peccatum
1498 1284 1747 1353 quomodo
1769 1292 2023 1338 mortuum

432 1383 542 1427 erat
567 1375 676 1429 sine
696 1374 820 1444 lege.
861 1373 1128 1441 Quomodo
1163 1376 1361 1429 revixit.
1390 1374 1524 1446 Lege
1548 1374 1660 1446 quis
1687 1378 1820 1430 male
1843 1378 2021 1431 utitur.

435 1465 545 1521 Lea:
560 1468 761 1521 nonnisi
784 1484 815 1520 u
840 1464 1188 1535 spiritualibus
1210 1466 1467 1537 impletur.
1489 1466 1728 1521 Carnales
1754 1467 2025 1536 dupliciter

434 1557 579 1611 dicti.
610 1557 885 1627 Originalis
923 1558 1114 1626 peccati
1151 1572 1317 1626 ptena.
1350 1554 1458 1610 Lex
1495 1558 1684 1626 peccati
1713 1558 1764 1611 in
1790 1557 2024 1612 membris

432 1648 577 1719 quid.
616 1647 741 1702 Loci
761 1648 813 1701 in
840 1648 1020 1715 quibus
1049 1646 1131 1701 lea:
1163 1646 1321 1700 videri
1345 1647 1503 1717 possit
1528 1646 1631 1700 dici
1654 1647 1807 1701 mala.
1838 1646 2025 1718 Legem

429 1757 539 1796 esse
569 1741 771 1795 bonum.
805 1739 1205 1794 Maniclnnsrum
1230 1755 1371 1793 error
1407 1738 1471 1792 de
1498 1740 1647 1793 veteri
1675 1740 1799 1810 lege.
1830 1738 2016 1809 Expli-

430 1840 614 1886 cantur
650 1831 965 1895 testintonia,
991 1830 1172 1900 quibus
1214 1830 1298 1883 lea:
1334 1828 1493 1883 videri
1520 1830 1676 1898 possit
1720 1846 1822 1883 non
1869 1831 2020 1885 bona.

430 1921 563 1976 Nam
587 1938 653 1977 ex
682 1937 747 1976 eo
768 1922 886 1975 loco
915 1921 1002 1974 ubi
1023 1919 1278 1988 scriptum
1305 1927 1420 1983 est,
1451 1918 1587 1983 Quid
1611 1935 1730 1988 ergo
1757 1920 2021 1973 dicemus?

429 2011 542 2066 Lex
583 2020 840 2081 peccatum
878 2010 987 2063 est?
1015 2008 1191 2072 Absit;
1218 2023 1385 2077 usque
1427 2006 1493 2062 ad
1524 2023 1646 2062 eum
1691 2008 1899 2074 locum,
1930 2007 2019 2063 ubi

428 2104 538 2169 ait,
584 2102 752 2173 Igitur
796 2102 878 2155 lex
921 2100 1104 2155 volenti
1148 2100 1274 2154 mihi
1318 2099 1503 2154 bonum
1549 2109 1658 2163 est;
1683 2109 1735 2155 et
1789 2109 2016 2168 caitera,

428 2191 593 2247 credo
618 2206 787 2261 usque
810 2190 877 2245 ad
903 2190 1027 2245 illud
1042 2232 1059 2257 ,
1092 2189 1249 2243 Miser
1274 2205 1364 2259 ego
1391 2190 1576 2255 homo,
1598 2190 1708 2258 quis
1736 2207 1815 2244 me
1839 2190 2022 2243 libera-

428 2281 498 2335 bit
517 2280 581 2337 de
604 2296 813 2352 corpore
834 2280 1006 2335 mortis
1027 2280 1180 2350 hujus
1195 2281 1222 2334 Σ)
1242 2278 1417 2333 Gratia
1436 2278 1527 2333 Dei
1554 2298 1644 2349 per
1666 2280 1843 2335 Iesum
1864 2280 2018 2335 Chri-

425 2381 560 2426 stum
584 2371 860 2426 Dominum
880 2381 1108 2424 nostrum
1133 2369 1307 2440 (Rom.
1332 2385 1423 2435 vn,
1455 2369 1600 2441 7-25)
1630 2388 1643 2423 :
1667 2371 1892 2441 primam
1917 2386 2016 2428 nos

424 2462 642 2519 voluisti
680 2462 917 2518 enodare
954 2462 1323 2531 quaestionem.
1351 2460 1468 2528 Quo
1497 2461 1615 2516 loco
1640 2461 1851 2517 videtur
1883 2462 2016 2518 mihi

423 2555 712 2624 Apostolus
761 2553 1171 2622 transfigurasse
1218 2552 1272 2606 in
1318 2567 1381 2607 se
1427 2552 1696 2607 hominem
1744 2553 1846 2609 sub
1894 2554 2014 2625 lege

423 2645 687 2716 positum,
716 2643 867 2714 cujus
901 2642 1077 2697 verbis
1118 2657 1185 2697 ex
1230 2656 1455 2711 persona
1503 2656 1597 2696 sua
1641 2642 1895 2713 loquitur.
1945 2643 2016 2700 Et

424 2737 553 2806 quia
581 2735 740 2805 paulo
778 2741 902 2787 ante
940 2731 1178 2797 dixerat,
1212 2731 1461 2786 Evucuati
1487 2747 1659 2785 sumus
1686 2749 1717 2784 a
1747 2733 1853 2804 lege
1878 2750 2015 2787 mor-

423 2826 517 2890 tis,
548 2826 602 2879 in
628 2841 729 2896 qua
772 2821 1136 2888 detinebantur,
1177 2822 1251 2874 ita
1289 2831 1343 2874 ut
1387 2821 1661 2875 serviamus
1702 2823 1756 2875 in
1798 2823 2014 2877 novitate

422 2918 629 2987 spiritus
646 2958 661 2983 ,
689 2926 736 2970 et
763 2933 866 2969 non
894 2916 947 2969 in
976 2923 1214 2968 vetustate
1241 2914 1451 2977 litterte,
1477 2922 1635 2982 atque
1674 2913 1741 2967 ita
1780 2928 1875 2983 per
1897 2913 2013 2970 lucc

420 3009 581 3064 verba
608 3008 760 3078 quasi
787 3005 1191 3076 reprehendisse
1230 3005 1403 3074 legem
1452 3014 1631 3074 posset
1656 3005 1853 3071 videri;
1886 3007 2013 3061 sub-

419 3100 547 3172 iecit
572 3102 780 3165 statim,
819 3099 956 3164 Quid
999 3114 1116 3169 ergo
1158 3095 1551 3151 dicemus?Lea:
1592 3108 1851 3168 peccatum
1896 3098 2012 3153 est.’

420 3192 582 3247 Absit.
617 3192 722 3247 Sed
743 3202 1001 3261 peccatum
1030 3206 1130 3242 non
1172 3188 1381 3258 cognovi
1408 3187 1505 3241 nisi
1546 3204 1637 3256 per
1662 3188 1840 3259 legem.
1872 3188 2011 3242 Nam

420 3284 875 3349 concupiscentiam
902 3279 1183 3336 nesciebam
1206 3319 1223 3347 ,
1251 3280 1347 3333 nisi
1375 3277 1457 3333 lea:
1498 3278 1713 3346 diceret,
1740 3277 1861 3333 Non
1887 3296 2011 3333 con-

420 3393 480 3430 αι
486 3393 645 3430 υικεε
653 3414 664 3428 .

538 3394 664 3430 sees.

485 3394 547 3521 ζ..
587 3467 683 3522 Hic
707 3480 891 3520 rursus
916 3471 1124 3530 movet,
1153 3463 1208 3519 Si
1234 3464 1315 3519 lex
1346 3479 1449 3518 non
1479 3472 1563 3519 est
1590 3472 1885 3533 peccatum,
1912 3462 2008 3520 sed

418 3559 731 3614 insinuatrix
756 3559 776 3589 ³
806 3556 1027 3626 peccati,
1051 3554 1394 3631 nihilominus
1413 3554 1496 3608 his
1514 3554 1692 3609 verbis
1717 3557 2010 3624 reprehen-

419 3651 582 3703 ditur.
612 3652 787 3714 Quare
815 3644 1214 3715 intelligendum
1251 3654 1362 3709 est,
1392 3644 1562 3715 legem
1601 3645 1667 3700 ad
1705 3648 1806 3701 hoc
1828 3646 2004 3701 datam

418 3754 561 3803 esse,
583 3753 686 3792 non
714 3746 771 3790 ut
796 3745 1070 3805 peccatum
1090 3735 1432 3798 insereretur,
1461 3750 1633 3804 neque
1659 3745 1717 3789 ut
1740 3735 2005 3805 exstirpa-

418 3839 590 3895 retur,
619 3828 712 3883 sed
763 3835 966 3881 tantum
999 3836 1058 3880 ut
1103 3826 1579 3890 demonstrantur,
1624 3842 1731 3897 quo
1774 3828 2003 3882 animam

420 3920 706 3974 humanam
732 3916 883 3987 quasi
928 3916 995 3970 de
1034 3916 1335 3969 innocentia
1377 3931 1619 3971 securam
1664 3918 1776 3987 ipsa
1806 3918 2005 3987 peccati

417 4009 870 4064 demonstratione
897 4022 1042 4061 ream
1068 4006 1267 4060 faceret
1295 4021 1309 4058 :
1338 4017 1395 4061 ut
1422 4005 1543 4076 quia
1584 4016 1859 4077 peccatum
1889 4008 2006 4063 sine

415 4104 584 4170 gratia
619 4100 710 4153 Dei
738 4098 876 4151 vinci
903 4113 1004 4152 non
1036 4107 1245 4165 posset,
1276 4097 1386 4165 ipsa
1425 4106 1603 4152 reatus
1648 4098 2004 4154 sollicitudine

417 4193 483 4246 ad
514 4188 904 4260 percipiendam
952 4186 1173 4256 gratiam
1217 4196 1637 4241 converteretur.
1686 4186 1867 4257 Itaque
1895 4203 2003 4242 non

417 4284 526 4345 ait,
562 4281 838 4334 I‘eccmnm
869 4294 972 4331 non
1006 4276 1103 4331 feci
1125 4317 1139 4341 ,
1170 4276 1266 4330 nisi
1300 4290 1393 4346 per
1424 4276 1628 4345 legem;
1657 4276 1750 4331 sed
1770 4318 1785 4342 ,
1811 4276 2003 4331 Pecca-

416 4385 522 4427 tum
566 4389 663 4425 non
692 4370 930 4439 cognovi,
972 4370 1066 4423 nisi
1101 4385 1189 4438 per
1230 4367 1407 4439 legem.
1444 4367 1631 4438 Neque
1664 4383 1851 4423 rursus
1890 4368 1999 4437 ait,

417 4465 548 4520 Nam
577 4462 1054 4530 concupiscentiam
1085 4476 1189 4513 non
1219 4459 1473 4513 habebam
1494 4500 1508 4523 ,
1541 4459 1641 4514 nisi
1672 4460 1757 4514 lex
1778 4459 2000 4525 diceret,

418 4556 531 4609 Non
561 4557 938 4621 concupisces;
968 4550 1059 4605 sed
1090 4551 1191 4613 ait,
1223 4549 1686 4618 Concupiscentiam
1726 4550 2004 4605 nesciebam

418 4648 517 4700 nisi
543 4649 623 4699 lex
651 4645 867 4709 diceret,
915 4642 1034 4696 Non
1063 4642 1401 4711 concupisces.
1436 4641 1584 4697 Unde
1625 4653 1845 4713 apparet
1871 4658 2002 4698 con-

415 4737 796 4806 t'ttpiscctttiam
847 4750 941 4804 per
988 4734 1161 4803 legem
1208 4748 1314 4788 non
1364 4733 1612 4799 insitam,
1639 4735 1732 4790 sed
1780 4735 2002 4790 demon—

416 4837 658 4883 stratam.

487 4920 539 4973 5.
576 4918 924 4985 Consequens
949 4923 1126 4968 autem
1153 4921 1346 4967 eratut
1369 4912 1619 4983 quoniam
1651 4912 1884 4969 nondum
1905 4928 1999 4969 ac-

414 5021 567 5081 cepta
596 5009 763 5080 gratia
806 5006 1255 5076 concupiscentiae
1290 5006 1462 5060 resisti
1501 5022 1606 5060 non
1635 5014 1876 5075 poterat,
1899 5021 1999 5060 au-

413 5112 629 5171 geretur
647 5100 835 5162 etiam;
858 5098 980 5167 quia
1008 5096 1239 5164 majores
1263 5096 1403 5150 vires
1431 5095 1590 5150 habet
1616 5097 2001 5166 concupiscen-

416 5193 486 5245 tia
537 5190 759 5245 crimine
812 5186 1260 5257 praevaricationis
1323 5187 1616 5254 adjuncto,
1666 5202 1787 5241 cum
1836 5187 1997 5242 etiam

419 5291 603 5336 contra
647 5281 816 5351 legem
845 5278 1003 5341 facit,
1032 5291 1191 5347 quam
1218 5276 1262 5330 si
1289 5277 1427 5331 nulla
1458 5277 1574 5347 lege
1603 5277 1994 5347 prohiberetur.

413 5374 812 5442 Consequenter
842 5373 1020 5441 itaque
1064 5368 1367 5439 subiungit,
1402 5368 1677 5425 Occasione
1702 5379 1870 5423 autem
1904 5385 1995 5422 ac-

478 5489 497 5521 ¹
523 5492 654 5544 Post,
679 5482 940 5544 litterisque
967 5482 1220 5544 mtmdata,
1248 5483 1512 5544 Victorinus
1545 5479 1869 5544 codex__so_lus_
1890 5481 1997 5544 haec

478 5496 497 5521 ι
523 5496 654 5544 Post,
679 5496 806 5535 tuter
967 5496 1220 5541 mundata,
1251 5496 1512 5532 Victorinus
1545 5496 1701 5532 cooex
1725 5496 1859 5530 sonis
1892 5496 1996 5530 mea

414 5548 581 5599 addit:
608 5553 659 5597 ut
672 5496 1077 5618 militia
1097 5542 1326 5615 exposita.
1345 5543 1439 5614 sint
1472 5547 1649 5613 praeter
1674 5540 1829 5592 libelli

414 5616 615 5654 unum
643 5613 764 5654 sicut
786 5617 883 5654 tum
897 5611 1071 5654 parata
1091 5613 1229 5654 erant
1260 5618 1398 5654 nasi.
1421 5606 1772 5654 consideranda
1786 5617 1844 5654 ar
1915 5616 1996 5654 en-

413 5616 615 5669 textum,
643 5606 764 5659 sicut
776 5606 883 5667 jam
897 5611 1071 5669 parata
1091 5606 1229 5654 erant
1243 5606 1370 5669 misi
1385 5643 1398 5663 ,
1421 5606 1772 5655 cansiderandu
1786 5606 1998 5668 pruden-

413 5674 496 5724 tia
514 5666 629 5721 tute.
652 5666 1134 5730 Nm’prosetptitur;
1162 5666 1251 5716 sed
1271 5672 1447 5725 tamen,
1470 5675 1565 5717 etc.

480 5735 502 5765 ι
523 5740 623 5781 Am.
652 5738 703 5780 et
724 5725 803 5778 Er:
1206 5734 1348 5777 l-‘avet
1383 5729 1689 5779 tmrbcicnsis
1720 5727 1994 5779 vetustissi-

415 5807 525 5847 mus
542 5793 717 5854 codex,
743 5792 826 5856 qui
850 5789 1016 5851 habet,
1038 5786 1387 5840 insemirutrix.

1037 344 1125 401 DE
1164 344 1475 401 DIVERSIS
1511 346 2032 415 QUAESTIONIBUS
2069 350 2161 406 ΑΙ)
2196 350 2692 422 SIMPLICIANUM,
2734 356 2792 413 S.
2834 357 3197 437 AUGUSTI.“

3615 363 3723 422 ιω

2141 480 2319 536 cepta,
2371 482 2625 539 peccatum
2674 490 2762 543 per
2800 477 3096 529 nuindutunt
3138 487 3399 546 operatum
3439 488 3511 533 est
3552 480 3606 533 in
3636 498 3720 536 me

2140 576 2337 614 omnem
2362 564 2837 634 concupiscentiam.
2863 567 2989 620 Erat
3008 568 3147 621 enim
3179 578 3232 622 et
3254 579 3377 621 ante
3407 569 3598 640 legem,
3623 570 3724 627 sed

2141 666 2246 705 non
2264 652 2436 707 omnis
2459 666 2593 719 erat,
2613 657 2824 724 quando
2849 658 3049 712 crimen
3076 659 3519 727 prwvaricationis
3546 661 3725 718 adhuc

2138 741 2347 798 deerat.
2379 744 2531 801 Unde
2560 747 2663 803 alio
2707 750 2824 803 loco
2860 750 3026 805 dicit:
3059 750 3155 806 Ubi
3180 752 3315 806 enim
3357 770 3459 806 non
3503 762 3573 807 est
3600 754 3723 824 lex,

2137 848 2228 887 nec
2247 837 2593 903 pra’varicatio
2618 836 2797 910 (Rom.
2829 856 2904 906 Iv,
2940 842 3043 910 I5).

2206 923 2259 978 4.
2300 924 2451 992 Quod
2496 937 2671 982 autem
2717 929 2981 1001 adjnngit,
3015 932 3139 986 Sine
3160 932 3267 1003 lege
3290 933 3423 986 enim
3458 943 3716 1004 peccatum

2134 1024 2387 1069 mortuum
2406 1026 2514 1078 est;
2539 1034 2634 1088 pro
2655 1035 2720 1074 eo
2743 1021 2969 1089 positum
2999 1031 3112 1082 est.
3141 1038 3204 1077 ac
3230 1024 3273 1077 si
3298 1023 3517 1089 diceret,
3541 1024 3717 1087 Latet.

2134 1103 2236 1160 hoc
2261 1115 2372 1173 est,
2407 1118 2674 1164 mortuum
2705 1123 2917 1180 putatur
2945 1130 2959 1167 :
2986 1114 3127 1183 quod
3168 1115 3323 1183 paulo
3355 1124 3475 1184 post
3499 1117 3723 1172 eviden-

2133 1197 2240 1252 tius
2284 1198 2524 1254 dicturus
2568 1210 2670 1256 est.
2714 1200 2829 1275 Ego
2867 1214 3070 1272 autem,
3101 1206 3302 1276 inquit,
3335 1207 3555 1262 vivtbam
3607 1211 3721 1264 sine

2133 1289 2241 1360 lege
2267 1291 2543 1360 aliquando
2564 1309 2583 1346 :
2606 1293 2656 1348 id
2683 1305 2798 1361 est,
2826 1297 2969 1353 nulla
2997 1314 3062 1354 ex
3086 1309 3304 1370 peccato
3339 1312 3509 1357 morte
3541 1312 3718 1361 terre-

2131 1379 2230 1435 bar
2258 1382 2305 1448 ¹;
2337 1382 2459 1453 quia
2487 1399 2590 1439 non
2629 1387 2945 1455 apparebat,
2978 1403 3098 1444 eum
3135 1389 3221 1447 lex
3252 1406 3358 1445 non
3397 1402 3572 1458 esset,
3606 1394 3719 1447 Ad-

2129 1475 2356 1529 veniente
2392 1486 2560 1531 autem
2607 1478 2878 1545 mandato,
2922 1492 3183 1548 peccatum
3221 1483 3399 1537 revixit
3419 1499 3439 1547 ,'
3463 1483 3564 1538 hoc
3593 1493 3714 1551 est,

2128 1566 2390 1636 apparuit.
2421 1565 2533 1637 Ego
2576 1579 2742 1622 autent
2784 1580 3008 1625 mortuus
3044 1589 3153 1626 sunt
3176 1589 3196 1628 :
3217 1573 3268 1627 id
3298 1582 3411 1641 est,
3444 1584 3714 1630 mortuum

2128 1672 2216 1711 me
2260 1673 2382 1713 esse
2429 1660 2688 1729 cognovi;
2720 1661 2805 1716 vel
2857 1662 2978 1731 quia
3030 1675 3211 1720 reatus
3257 1666 3714 1735 przevaricationis

2127 1756 2335 1804 certum
2382 1752 2571 1806 mortis
2610 1753 2924 1822 supplicium
2966 1757 3341 1812 comminatur.
3387 1758 3528 1815 Sane
3567 1760 3715 1831 quod

2126 1839 2237 1905 ait,
2268 1839 2541 1895 Peccatum
2567 1842 2745 1896 revixit
2772 1845 3063 1899 adveniente
3090 1847 3332 1900 mandato
3348 1890 3362 1912 ,
3386 1849 3515 1903 satis
3540 1850 3712 1920 signi-

2127 1928 2302 1984 ﬁcavit
2340 1930 2444 1986 hoc
2471 1934 2629 1987 modo
2667 1935 2949 2002 aliquando
2975 1938 3168 1992 vixisse
3205 1948 3515 2009 peceatum,
3547 1940 3600 1995 id
3628 1949 3717 1997 est

2126 2031 2312 2076 notum
2330 2021 2494 2078 fuisse
2509 2025 2551 2090 ',
2575 2024 2711 2080 sicut
2738 2025 2984 2091 arbitror,
3015 2028 3065 2081 in
3096 2028 3530 2097 prmvaricatione
3551 2016 3711 2102 primi

2125 2111 2389 2177 hominis,
2417 2114 2539 2183 quia
2567 2123 2622 2167 et
2657 2114 2770 2182 ipse
2798 2116 3102 2171 mandatum
3143 2128 3421 2188 acceperat
3444 2119 3600 2190 (Gen.
3634 2138 3669 2177 n
3688 2162 3710 2188 ,

2126 2204 2238 2275 l7).
2270 2204 2400 2259 Nam
2429 2214 2485 2260 et
2506 2204 2612 2259 alio
2655 2201 2774 2260 lo'éo
2803 2207 2929 2260 dicit
2948 2248 2964 2270 ,
2995 2206 3184 2262 Mulier
3216 2220 3385 2264 autem
3419 2212 3627 2266 seducta
3653 2214 3714 2269 ire

2124 2297 2533 2367 prtevaricatione
2560 2299 2693 2367 facta
2712 2307 2784 2352 est
2805 2297 2826 2328 ³
2856 2295 2903 2364 (1
2922 2295 3057 2351 Tim.
3082 2314 3147 2365 n,
3180 2297 3268 2371 ll)
3288 2316 3301 2351 :
3321 2310 3375 2355 et
3404 2302 3613 2369 iterum,
3639 2301 3712 2358 In

2121 2387 2449 2442 similitudine
2471 2380 2896 2458 prevaricationis
2936 2388 3090 2457 Adae,
3113 2393 3199 2459 qui
3236 2400 3307 2445 est
3337 2395 3504 2464 forma
3544 2394 3714 2463 futuri

2123 2480 2297 2551 (Rom.
2328 2497 2382 2547 v,
2409 2482 2517 2550 li).
2544 2480 2658 2536 Non
2684 2480 2827 2535 enim
2849 2490 3023 2550 potest
3051 2481 3402 2549 reviviscere,
3433 2483 3537 2539 nisi
3563 2485 3711 2555 quod

2120 2573 2253 2627 vixit
2270 2572 2578 2643 aliquando.
2610 2569 2717 2627 Sed
2754 2580 3019 2626 mortuum
3053 2572 3248 2639 fuerat,
3282 2571 3333 2628 id
3363 2584 3445 2628 est
3470 2576 3713 2647 occulta-

2120 2671 2232 2718 tum
2251 2704 2269 2730 ,
2295 2677 2416 2717 cum
2446 2661 2695 2717 mortales
2734 2661 2842 2715 nati
2868 2661 2984 2717 sine
3021 2661 3271 2716 mandato
3304 2663 3436 2733 legis
3461 2663 3710 2723 homines

2118 2753 2390 2820 viverent,
2420 2762 2705 2823 sequentes
2743 2752 3204 2822 concupiscentias
3246 2754 3421 2807 carnis
3449 2753 3565 2809 sine
3595 2756 3703 2811 ulla

2118 2846 2420 2917 cognitione
2443 2887 2458 2912 ,
2489 2845 2612 2915 quia
2648 2845 2767 2899 sine
2796 2843 2900 2898 ulla
2944 2842 3323 2914 prohibitione.
3356 2844 3526 2916 Ergo,
3555 2845 3702 2918 Ego,

2118 2937 2318 3007 inquit,
2346 2937 2570 2991 vivebam
2598 2937 2705 2989 sine
2736 2935 2846 3006 lege
2862 2935 3159 3006 aliquando.
3191 2933 3344 2991 Unde
3365 2935 3701 3007 manifestat,

2118 3045 2227 3084 non
2262 3045 2328 3084 ex
2359 3043 2583 3099 persona
2619 3044 2711 3082 sua
2742 3032 2982 3097 proprie,
3012 3027 3106 3082 sed
3143 3029 3465 3099 generaliter
3487 3045 3555 3085 ex
3581 3047 3704 3101 per-

2117 3135 2248 3175 sona
2300 3120 2496 3174 veteris
2526 3118 2549 3150 ⁸
2579 3118 2815 3173 hominis
2864 3134 2924 3173 se
2968 3118 3135 3188 loqui.
3183 3119 3487 3175 Adveniente
3533 3132 3704 3177 autem

2116 3210 2359 3264 mandato
2382 3218 2641 3280 peccatum
2668 3210 2865 3264 revixit.
2893 3208 3006 3281 Ego
3030 3221 3198 3264 autem
3235 3221 3459 3267 mortuus
3478 3230 3589 3269 sum
3603 3229 3625 3278 ,'
3653 3225 3703 3270 et

2115 3303 2373 3357 inventum
2411 3311 2480 3356 est
2509 3302 2632 3355 mihi
2661 3302 2953 3355 mandatum
2988 3304 3123 3372 quod
3153 3313 3262 3358 erat
3299 3305 3353 3359 in
3391 3307 3569 3373 vitam,
3601 3309 3701 3362 hoc

2116 3411 2222 3449 esse
2264 3394 2319 3448 in
2360 3403 2588 3448 mortem.
2632 3393 2877 3447 Maudato
2920 3395 3061 3449 enim
3105 3395 3150 3449 si
3191 3396 3489 3461 obediatur,
3517 3398 3700 3468 utique

2114 3486 2221 3539 vita
2257 3494 2360 3541 est.
2402 3483 2508 3539 Sed
2552 3484 2821 3539 inventum
2848 3494 2932 3539 est
2966 3500 3086 3540 esse
3115 3487 3167 3541 in
3194 3498 3419 3542 mortem
3439 3526 3455 3551 ,
3481 3487 3608 3544 dum
3639 3490 3702 3544 fit

2114 3585 2298 3630 contra
2324 3575 2629 3630 mandatum
2650 3615 2664 3637 ,
2698 3585 2753 3628 ut
2779 3590 2883 3628 non
2910 3575 3080 3630 solum
3108 3584 3382 3645 peccatum
3406 3576 3517 3642 fiat,
3553 3560 3701 3649 quod

2114 3670 2275 3722 etiam
2325 3677 2449 3722 ante
2490 3666 2797 3720 mandatum
2848 3667 3035 3734 fiebat,
3066 3667 3159 3722 sed
3205 3672 3305 3725 hoc
3337 3669 3701 3728 abundantius

2113 3770 2168 3816 et
2192 3759 2573 3830 perniciosius,
2602 3768 2661 3812 ut
2678 3759 2788 3829 jam
2817 3773 2848 3812 a
2870 3761 3073 3814 sciente
3092 3768 3146 3815 et
3166 3760 3547 3830 pravaricante
3566 3776 3700 3832 pec-

2113 3862 2283 3909 cetur.

2184 3943 2239 3998 5.
2283 3940 2557 3995 Peccatum
2599 3942 2764 4008 enim,
2809 3941 3008 4011 inquit,
3049 3943 3313 3997 occasione
3356 3952 3561 4016 accepta
3602 3963 3701 4016 per

2112 4033 2437 4098 mandatum,
2469 4031 2650 4103 fefellit
2670 4049 2782 4097 me,
2810 4041 2857 4085 et
2895 4049 2984 4103 per
3017 4032 3148 4085 illud
3180 4033 3378 4088 occidit.
3410 4034 3697 4092 Peccatum

2112 4142 2218 4179 non
2266 4125 2497 4193 legitime
2543 4132 2695 4179 utens
2722 4123 2800 4194 (a)
2836 4123 2985 4193 lege,
3032 4138 3105 4178 ex
3142 4123 3499 4194 prohibitione
3536 4137 3699 4182 aucto

2109 4215 2411 4278 desiderio,
2434 4213 2640 4268 dulcius
2672 4212 2866 4267 factum
2897 4222 3008 4278 est,
3037 4222 3093 4267 et
3124 4212 3245 4269 ideo
3278 4212 3480 4269 fefellit.
3508 4213 3698 4271 Fallax

2109 4306 2253 4360 enim
2282 4303 2513 4359 dulcedo
2538 4311 2621 4358 est
2643 4343 2658 4369 ,
2690 4318 2847 4372 quam
2878 4302 3059 4372 plures
3100 4311 3260 4373 atque
3304 4303 3535 4373 majores
3571 4319 3699 4375 pa:-

2109 4414 2299 4454 narum
2328 4395 2715 4451 amaritudines
2743 4404 3158 4464 consequuntur.
3188 4395 3321 4461 Quia
3350 4411 3479 4466 ergo
3502 4396 3568 4451 ab
3592 4395 3698 4451 bo-

2107 4490 2341 4546 minibus
2381 4489 2613 4541 nondum
2642 4486 2971 4556 spiritualem
3010 4487 3230 4557 gratiam
3277 4487 3697 4560 percipientibns

2109 4582 2325 4638 suavius
2348 4579 2645 4633 admittitur
2667 4577 2809 4647 quod
2835 4587 3065 4644 vetatnr,
3094 4578 3227 4632 fallit
3252 4588 3524 4649 peccatum
3554 4578 3696 4635 falsa

2106 4669 2413 4727 dulcedine.
2439 4668 2571 4735 Quia
2600 4682 2730 4723 vero
2753 4667 2914 4723 etiam
2939 4666 3145 4723 accedit
3165 4680 3345 4724 reatus
3372 4669 3699 4739 praevarica-

2107 4764 2268 4821 tionis
2286 4804 2301 4829 ,
2332 4761 2548 4816 occidit.

2178 4855 2232 4910 6.
2274 4853 2455 4921 Itaque
2478 4852 2560 4906 lea:
2577 4850 2779 4921 quidem
2797 4859 2972 4904 sancta
2989 4890 3005 4915 ,
3028 4858 3076 4904 et
3104 4850 3399 4905 mandatum
3424 4860 3655 4905 sanctum
3669 4895 3695 4916 ,

2104 4957 2151 5003 et
2167 4950 2400 5020 justum,
2427 4955 2474 4999 et
2503 4946 2707 4999 bonum.
2744 4943 2984 4998 Julwnda
3018 4944 3161 4998 enim
3202 4943 3387 5013 jubet,
3420 4954 3475 4999 et
3500 4944 3697 5014 probi-

2106 5039 2278 5097 benda
2306 5037 2569 5108 prohibet.
2606 5036 2755 5104 Quod
2770 5052 2888 5106 ergo
2908 5037 3091 5089 bonum
3118 5045 3220 5101 est,
3251 5036 3377 5103 mihi
3406 5040 3593 5107 factum
3612 5050 3700 5091 est

2104 5132 2282 5187 mors?
2310 5130 2467 5184 Absit.
2500 5128 2556 5185 ln
2584 5130 2723 5184 male
2761 5138 2942 5183 ntente
2983 5129 3178 5199 quippe
3213 5128 3399 5183 vitium
3429 5137 3546 5195 est,
3579 5145 3697 5187 non

2105 5228 2159 5282 in
2187 5225 2434 5281 mandato
2464 5223 2611 5294 ipso,
2640 5220 2783 5292 quod
2812 5221 3009 5276 bonum
3030 5230 3130 5276 est.
3153 5220 3415 5289 Quoniam
3436 5221 3577 5277 bona
3603 5233 3698 5278 est

2170 5415 2311 5480 ἔδεις
2330 5406 2699 5480 ἐδδ-’.κηρίνανο
2732 5475 2742 5480 _
2856 5468 2876 5480 .
2908 5466 2922 5480 .

2167 5478 2188 5508 ι
2211 5468 2515 5523 OorbeienSis
2536 5477 2640 5531 Ms.,
2662 5475 2827 5520 natum
2846 5468 3013 5534 fuisse.

2167 5538 2278 5604 {Ita
2292 5542 2416 5604 _Mss.
2452 5534 2590 5604 juxta
2893 5539 2950 5583 At
2972 5531 3107 5594 editi,
3127 5528 3296 5583 lulier
3313 5536 3471 5582 autem
3488 5534 3540 5583 tu
3559 5541 3700 5595 pro-

2102 5595 2389 5650 varicatiane
2410 5595 2608 5644 seducta
2629 5595 2737 5650 fuit.

2102 5658 2376 5772 maga,
2398 5652 2600 5718 veteris,
2621 5652 2652 5708 ἐι
2673 5655 2914 5709 Victorino
2946 5654 3114 5709 codice
3153 5661 3207 5709 et
3226 5654 3556 5709 venustissima
3567 5658 3693 5705 coro

2169 5732 2314 5771 ἱθιιει.

2168 5783 2242 5847 (a)
2263 5786 2423 5843 Forte,
2446 5776 2611 5831 utenti.
