4000 6336
173 383 260 442 tos
788 418 797 427 ν
1584 377 1785 436 LIBER

1902 374 2093 434 LIMUS.

176 502 275 567 lex,
297 496 344 553 si
372 496 501 567 quis
521 512 595 554 ea
622 497 889 571 legitime
911 505 1087 555 utatur
1119 495 1160 569 (l
1188 495 1321 551 Tim.
1350 510 1403 563 ι,
1430 493 1513 567 8).
1540 493 1675 550 Male
1703 508 1797 549 au-

181 603 270 649 tem
289 589 459 645 utitur
488 589 646 661 lege,
670 595 774 661 qui
798 606 914 646 non
939 605 997 647 se
1020 588 1197 645 subdit
1225 588 1335 643 Deo
1363 586 1446 656 pia
1475 585 1792 653 humilitate,

188 697 236 744 ut
252 700 342 757 per
356 683 599 756 gratiam
626 683 725 739 lex
751 685 931 755 possit
961 682 1186 755 impleri.
1208 681 1388 754 Itaque
1405 679 1471 735 ad
1499 678 1631 734 nihil
1654 678 1796 734 aliud

192 778 363 848 accipit
408 777 633 848 legem,
665 776 766 847 qui
813 792 926 831 non
974 790 1037 832 ea
1080 773 1316 846 legitime
1363 775 1547 841 utitur,
1592 770 1694 827 nisi
1740 777 1800 826 ut

194 878 459 943 peccatum
487 868 615 937 ejus
647 866 802 939 quod
832 867 1034 923 latebat
1059 875 1185 921 ante
1212 864 1632 937 prohibitionem
1655 904 1670 931 ,
1699 878 1797 934 ap-

197 975 373 1034 parere
415 960 647 1031 incipiat
689 975 789 1030 per
832 958 1346 1030 praevaricationem.
1389 956 1457 1012 Et
1499 955 1603 1012 hoc
1641 971 1799 1026 supra

198 1057 432 1118 modum;
462 1053 591 1123 quia
616 1053 731 1123 jam
752 1068 861 1108 non
887 1053 1056 1109 solum
1087 1059 1365 1123 peccatum
1395 1049 1487 1117 fit,
1516 1050 1612 1106 sed
1637 1049 1798 1104 etiam

197 1156 372 1204 contra
420 1144 765 1201 mandatum.
806 1144 1060 1216 Sequitur
1096 1157 1261 1216 ergo,
1287 1152 1341 1200 et
1384 1142 1623 1213 adjungit
1649 1159 1662 1196 :
1692 1140 1799 1198 Sed

196 1248 450 1311 peccatum
469 1280 484 1305 ,
511 1247 570 1292 ut
599 1246 852 1308 appareat
878 1245 1159 1309 peccatum,
1185 1253 1273 1308 per
1300 1235 1485 1290 bonum
1514 1233 1641 1288 mihi
1678 1250 1798 1305 ope-

196 1340 355 1385 ratum
398 1339 477 1385 est
515 1338 767 1397 mortem,
797 1338 855 1384 ut
890 1330 980 1400 ﬁat
1015 1344 1173 1400 supra
1215 1327 1422 1382 modum
1450 1334 1683 1398 peccator
1709 1334 1798 1381 aut

200 1434 457 1496 peceatum
496 1441 591 1495 per
618 1422 939 1478 mandatum.
966 1421 1119 1478 Unde
1162 1420 1473 1478 manifestat
1499 1434 1605 1491 quo
1632 1433 1795 1476 sensu

198 1515 383 1573 dixerit
412 1516 710 1589 superius,
738 1516 869 1572 Sine
909 1516 1017 1587 lege
1058 1514 1193 1571 enim
1240 1523 1502 1584 peccatum
1543 1520 1798 1568 mortuum

202 1618 304 1675 est;
330 1624 436 1665 non
467 1609 597 1680 quia
636 1623 746 1664 non
794 1618 942 1675 erat,
967 1605 1062 1663 sed
1090 1607 1214 1679 quia
1245 1622 1352 1663 non
1381 1606 1672 1678 apparebat
1700 1624 1713 1660 :
1742 1615 1798 1662 et

203 1700 466 1772 quomodo
490 1701 700 1756 dictum
731 1700 833 1768 sit,
865 1697 1141 1753 Peccatum
1180 1697 1395 1762 revixit;
1423 1712 1530 1752 non
1563 1706 1621 1752 ut
1653 1705 1800 1754 esset

200 1791 334 1862 quod
354 1801 479 1848 erat
504 1800 562 1848 et
598 1800 725 1847 ante
753 1792 962 1862 legem,
992 1788 1085 1845 sed
1115 1794 1176 1844 ut
1203 1796 1517 1861 appareret,
1545 1788 1796 1859 quoniam

197 1885 351 1942 ﬁebat
370 1894 574 1941 contra
604 1885 777 1955 legem
801 1901 815 1937 :
842 1880 1275 1953 quandoquidem
1307 1879 1411 1936 hoc
1429 1880 1547 1936 loco
1570 1881 1665 1948 ait,
1691 1879 1798 1936 Sed

197 1985 458 2048 peccatum
479 2020 496 2045 ,
524 1986 583 2031 ut
607 1985 852 2047 appareat
876 1984 1136 2046 peccatum
1158 2013 1175 2040 ,
1202 1991 1290 2045 per
1317 1975 1501 2029 bonum
1525 1974 1651 2028 mihi
1674 1990 1794 2045 ope-

192 2081 358 2125 ratum
382 2081 465 2126 est
485 2080 711 2125 mortem.
735 2068 854 2125 Non
876 2068 1021 2125 enim
1043 2067 1147 2135 ait,
1173 2077 1231 2122 ut
1250 2066 1319 2122 sit
1343 2076 1619 2140 peccatum
1639 2083 1653 2134 ;
1677 2065 1794 2137 sed,

193 2174 246 2217 lt
268 2172 537 2235 appareat
562 2172 832 2234 peccatum.

259 2256 319 2311 7.
356 2253 567 2309 Deinde
611 2252 878 2323 subjungit
920 2264 1170 2319 causam,
1199 2265 1297 2307 cur
1338 2251 1412 2306 ita
1454 2252 1522 2307 sit
1550 2268 1564 2307 :
1592 2250 1797 2308 Scimus

196 2348 347 2415 enim,
377 2348 576 2415 inquit,
603 2348 721 2411 quia
748 2346 830 2400 (ea:
857 2346 1138 2416 spiritualis
1165 2352 1274 2409 est;
1300 2361 1391 2416 ego
1419 2355 1584 2400 autem
1609 2361 1795 2399 carna-

199 2440 260 2494 lis
287 2454 423 2493 suam
452 2436 509 2491 la
531 2451 639 2508 quo
660 2437 788 2492 satis
809 2436 1045 2492 ostendit
1073 2450 1178 2492 non
1204 2450 1363 2507 posse
1394 2435 1602 2506 impleri
1625 2436 1797 2508 legem

196 2531 301 2585 nisi
331 2545 359 2583 a
386 2529 759 2599 spiritualibus
784 2571 800 2598 ,
829 2530 921 2600 qui
952 2543 1058 2585 non
1087 2529 1222 2584 fiunt
1264 2529 1367 2584 nisi
1409 2544 1505 2600 per
1548 2530 1793 2600 gratiam.

194 2623 468 2695 Spirituali
496 2624 645 2679 enim
673 2623 779 2694 legi
821 2630 1022 2695 quanto
1066 2622 1125 2678 fit
1161 2624 1387 2694 quisque
1430 2622 1695 2689 similior,
1743 2622 1797 2678 id

198 2726 314 2783 est,
362 2725 568 2786 quanto
621 2716 791 2787 magis
846 2724 903 2773 et
953 2715 1066 2786 ipse
1121 2715 1176 2769 in
1241 2714 1574 2785 spiritualcm
1628 2715 1797 2785 surgit

198 2807 439 2863 aﬂectum
462 2849 479 2875 ,
508 2815 662 2863 tanto
695 2821 814 2862 eam
851 2809 1020 2878 magis
1055 2806 1278 2877 implet;
1319 2807 1443 2878 quia
1496 2814 1646 2863 tanto
1684 2820 1799 2861 ma-

197 2901 274 2970 gis
308 2915 370 2956 ea
422 2899 759 2967 delectatur,
786 2899 900 2970 jam
927 2913 1032 2954 non
1058 2899 1159 2955 sub
1195 2899 1311 2970 ejus
1337 2913 1503 2956 onere
1530 2899 1758 2956 afﬂictus
1776 2941 1794 2971 ,

199 2991 287 3046 sed
337 2990 461 3061 ejus
514 2990 719 3045 lumine
775 2998 1091 3060 vegetatus:
1129 2990 1252 3061 quia
1306 2999 1634 3062 praeceptum
1685 2989 1795 3045 Do-

198 3083 321 3139 mini
345 3081 590 3139 lucidum
609 3091 693 3138 est
714 3082 1018 3138 illuminans
1041 3083 1251 3153 oculos,
1277 3092 1331 3139 et
1352 3084 1437 3139 lex
1467 3083 1677 3139 Domini
1693 3084 1795 3139 im-

200 3175 460 3230 maculata
509 3182 835 3231 convertens
858 3175 1063 3230 animas
1090 3173 1260 3246 (Psal.
1284 3191 1436 3241 xvnt,
1466 3175 1499 3230 8
1522 3216 1536 3242 ,
1560 3175 1651 3246 9);
1678 3190 1797 3246 gra-

198 3267 265 3321 tia
285 3266 527 3323 donante
554 3275 774 3335 peccata
798 3308 815 3334 ,
844 3275 899 3322 et
936 3265 1247 3322 iufundente
1276 3266 1524 3337 spiritum
1560 3267 1793 3322 charita-

198 3359 293 3425 tis,
318 3373 431 3428 quo
455 3366 514 3413 et
554 3373 663 3412 non
686 3358 758 3413 sit
784 3358 1008 3414 molesta
1033 3400 1048 3426 ,
1077 3368 1130 3413 et
1154 3359 1225 3413 sit
1264 3359 1423 3414 etiam
1454 3358 1690 3431 jucunda
1712 3360 1798 3431 ju-

198 3452 352 3505 stitia.
398 3450 551 3506 Sane
594 3465 719 3505 cum
742 3450 1004 3515 dixisset,
1042 3448 1155 3521 Ego
1183 3459 1353 3504 autem
1382 3452 1604 3507 carnalis
1643 3467 1797 3517 sum;

197 3542 471 3598 contexuit
500 3541 669 3598 etiam
708 3541 882 3612 qualis
910 3541 1157 3596 carnalis.
1194 3540 1458 3612 Appellati
1502 3552 1626 3597 sunt
1651 3543 1795 3598 enim

196 3634 260 3688 ad
282 3632 578 3704 quemdam
610 3630 830 3687 modum
860 3631 1123 3695 carnales,
1156 3631 1267 3702 jam
1298 3633 1459 3688 etiam
1500 3633 1599 3690 sub
1624 3634 1794 3705 gratia

196 3725 495 3791 constituti,
530 3723 647 3794 jam
673 3722 938 3794 redempti
972 3724 1230 3795 sanguine
1271 3724 1520 3792 Domini,
1542 3735 1595 3782 et
1624 3726 1795 3783 renati

195 3829 285 3885 per
308 3814 502 3883 ﬁdem,
526 3813 725 3886 quibus
752 3814 894 3870 idem
924 3815 1197 3885 apostolus
1223 3814 1354 3871 dicit
1386 3834 1399 3870 :
1430 3815 1496 3870 Et
1522 3834 1645 3889 ego,
1679 3821 1793 3889 {ra-

197 3917 315 3975 tres,
345 3926 451 3963 non
479 3909 629 3977 potui
655 3907 794 3979 loqui
818 3908 957 3964 vobis
978 3909 1124 3979 quasi
1143 3909 1518 3980 spiritualibus,
1541 3910 1631 3966 scd
1649 3911 1795 3982 quasi

192 4001 531 4064 carnalibus;
555 4008 797 4071 tanquam
825 4001 1055 4072 parvulis
1090 4002 1145 4057 in
1174 4001 1375 4057 Christo
1417 4004 1496 4059 lac
1539 4003 1675 4059 vobis
1702 4021 1794 4075 po-

192 4100 299 4145 tum
328 4091 475 4157 dedi,
515 4106 623 4145 non
644 4106 815 4145 escam
841 4090 885 4161 (l
912 4090 1031 4145 Cor.
1058 4106 1149 4159 ιιι,
1191 4092 1217 4146 l
1242 4131 1258 4160 ,
1285 4091 1367 4163 2).
1399 4092 1551 4160 Quod
1576 4094 1792 4166 dicens,

192 4183 376 4253 utique
400 4181 647 4238 ostendit
669 4182 781 4252 jam
808 4192 1025 4237 renatos
1054 4182 1218 4238 fuisse
1256 4198 1354 4252 per
1391 4184 1611 4255 gratiam
1638 4228 1653 4255 ,
1703 4187 1794 4259 qui

192 4282 350 4328 erant
377 4274 593 4344 parvuli
637 4273 691 4328 in
730 4270 947 4328 Christo
973 4281 1029 4329 et
1066 4273 1203 4329 laete
1231 4275 1491 4344 potandi,
1536 4285 1590 4331 et
1613 4286 1792 4334 tamen

190 4381 284 4422 eos
307 4366 493 4423 adhuc
520 4366 764 4423 carnales
790 4374 964 4423 vocat.
994 4366 1095 4435 Qui
1116 4376 1294 4423 autem
1321 4369 1555 4424 nondum
1588 4378 1671 4426 est
1692 4371 1793 4428 sub

190 4458 363 4529 gratia
381 4501 397 4524 ,
426 4458 531 4514 sed
553 4457 656 4513 sub
684 4457 800 4531 lege
822 4500 837 4524 ,
874 4458 947 4513 ita
970 4458 1202 4514 carnalis
1228 4468 1311 4515 est
1334 4499 1349 4527 ,
1378 4469 1437 4517 ut
1460 4461 1696 4518 nondum
1721 4462 1794 4520 sit

192 4560 414 4609 renatus
451 4567 487 4606 a
516 4561 773 4622 peccato,
825 4550 919 4608 sed
957 4552 1309 4609 venumdatus
1351 4554 1453 4610 sub
1489 4564 1708 4626 peccato
1731 4557 1789 4625 ¹;

193 4645 451 4715 quoniam
507 4644 741 4713 pretium
783 4644 1075 4700 mortiferae
1112 4645 1402 4715 voluptatis
1451 4649 1791 4720 amplectitur

191 4738 541 4794 dulcedinem
586 4737 733 4793 illam
777 4752 880 4809 qua
926 4737 1149 4807 fallitur,
1197 4748 1251 4795 et
1292 4740 1586 4797 delectatur
1629 4743 1790 4798 etiam

192 4840 381 4885 contra
406 4830 587 4900 legem
616 4827 813 4894 facere,
842 4844 964 4885 cum
1006 4837 1156 4886 tanto
1184 4831 1353 4901 magis
1389 4830 1557 4899 libet,
1590 4842 1791 4902 quanto

194 4923 375 4978 mitius
398 4922 552 4977 licet.
593 4921 710 4989 Qua
735 4921 998 4978 suavitate
1024 4922 1126 4976 frui
1153 4936 1260 4976 non
1286 4930 1461 4991 potest
1485 4923 1636 4992 quasi
1664 4938 1789 4994 pre-

195 5015 267 5069 tio
304 5012 641 5069 conditionis
683 5026 797 5068 sua:
819 5054 834 5077 ,
880 5011 983 5068 nisi
1022 5020 1243 5082 cogatur
1273 5022 1522 5083 tanquam
1551 5024 1788 5084 emptum

194 5104 529 5174 mancipium
552 5102 760 5158 servire
803 5102 1032 5159 libidini.
1075 5103 1250 5159 Sentit
1288 5103 1429 5159 enim
1473 5119 1533 5160 se
1575 5119 1788 5161 servum

194 5196 530 5254 dominantis
568 5195 897 5266 cupiditatis,
939 5195 1030 5266 qui
1057 5195 1407 5266 prohibetur,
1450 5205 1506 5252 et
1543 5211 1603 5254 se
1647 5206 1792 5254 recte

196 5290 471 5359 prohiberi
498 5287 794 5356 cognoscit,
823 5297 878 5342 et
906 5297 1081 5342 tamen
1110 5287 1255 5343 facit.

262 5382 319 5436 8.
370 5380 529 5448 Quod
556 5379 688 5433 enim
717 5395 900 5449 operor
922 5421 936 5443 ,
968 5380 1076 5445 ait,
1106 5379 1304 5449 ignoro.
1336 5378 1451 5434 Non
1492 5379 1563 5435 ita
1592 5380 1680 5436 hic
1707 5380 1792 5436 di-

194 5484 342 5530 ctum
369 5485 475 5538 est,
506 5475 706 5545 ignoro,
735 5472 885 5543 quasi
905 5486 1130 5542 peccare
1152 5487 1211 5528 se
1239 5474 1459 5528 nesciat.
1490 5472 1623 5528 Nam
1660 5488 1793 5529 con-

196 5567 421 5621 trarium
448 5566 554 5620 erit
582 5565 725 5635 quod
764 5564 932 5631 dixit,
980 5563 1085 5620 Sed
1126 5576 1383 5633 peccatum
1407 5608 1423 5634 ,
1460 5577 1515 5620 ut
1548 5577 1794 5639 appareat

196 5666 485 5725 peccatum,
514 5673 603 5726 per
628 5656 812 5710 bonum
837 5655 962 5719 mihi
990 5665 1253 5727 apemtum
1275 5665 1348 5712 est
1373 5667 1621 5725 mortem;
1648 5668 1705 5715 et
1731 5660 1794 5714 il-

258 5791 1046 5858 ‘Editgsublegeapeccatomt
1073 5794 1681 5861 Mss.,subpeccato;vol,
1706 5786 1794 5849 sub

451 5938 681 6005 Sacr.
724 5939 1007 6005 Ληουεῖ.
1049 5940 1157 6005 Vl.

3387 381 3493 443 ιοσ

1910 491 2001 547 lud
2031 492 2303 563 superius,
2337 492 2443 550 Sed
2470 502 2728 566 peccatum
2753 510 2853 551 non
2877 494 3085 568 cognoui
3105 535 3119 561 ,
3166 494 3264 551 nisi
3300 511 3391 569 per
3417 496 3491 552 leo

1904 602 2033 656 gem.
2064 584 2340 654 Quomodo
2379 586 2520 641 enim
2556 595 2792 658 apparet,
2833 594 2925 641 aut
2952 585 3219 657 quomodo
3241 587 3494 658 cognovit

1904 680 2046 750 quod
2074 680 2323 751 ignorat?
2351 679 2456 737 Sed
2485 682 2554 737 ita
2586 680 2783 737 dictum
2810 692 2921 749 est,
2951 682 3219 752 quomodo
3247 681 3491 740 dicturus

1903 782 1987 829 est
2016 773 2271 830 Dominus
2300 775 2476 846 impiis
2498 818 2514 844 ,
2549 774 2669 831 Non
2695 778 2810 831 novi
2836 793 2920 832 vos
2947 775 3158 850 (Matth.
3187 793 3291 832 xxv
3315 818 3331 843 ,
3373 776 3490 850 12).

1903 863 2085 934 Neque
2110 866 2251 920 enim
2279 864 2476 937 aliquid
2514 867 2681 922 Deum
2714 867 2881 932 latet,
2922 867 3135 938 quando
3175 869 3343 923 vultus
3374 866 3489 922 Do-

1902 958 2028 1011 mini
2050 973 2202 1029 super
2226 959 2463 1031 facientes
2487 960 2644 1027 ntala,
2674 968 2730 1014 ut
2752 961 2929 1031 perdat
2951 960 3013 1014 de
3038 969 3171 1015 terra
3196 961 3492 1015 memoriam

1903 1066 2078 1104 eorum
2104 1048 2274 1125 (Psal.
2304 1067 2495 1119 xxxm,
2520 1051 2629 1123 l7).
2659 1050 2766 1108 Sed
2791 1051 3018 1109 dicimur
3037 1053 3321 1125 aliquando
3341 1054 3492 1125 igno-

1901 1158 2025 1201 rare
2061 1145 2201 1215 quod
2228 1160 2333 1202 non
2371 1145 2746 1217 approhamus.
2775 1145 2849 1201 lta
2876 1162 3003 1218 ergo
3029 1148 3136 1213 ait,
3172 1147 3322 1217 Quod
3358 1148 3493 1203 enim

1902 1250 2105 1307 aperor,
2127 1237 2336 1309 ignoro;
2367 1237 2419 1293 id
2443 1247 2544 1305 est,
2572 1254 2677 1294 non
2699 1239 2955 1309 approbo.
2981 1238 3133 1308 Quod
3158 1254 3494 1311 consequen-

1903 1335 1986 1384 ter
2025 1329 2293 1397 ostendit,
2325 1329 2544 1399 dicens,
2595 1331 2717 1388 Non
2746 1334 2879 1387 enim
2911 1334 3045 1404 quod
3069 1333 3202 1399 volo,
3234 1334 3330 1387 hoc
3356 1348 3496 1405 ago;

1900 1422 1990 1477 sed
2016 1424 2151 1493 quod
2178 1424 2285 1492 odi,
2317 1424 2448 1479 illud
2476 1425 2631 1495 facio.
2661 1425 2814 1494 Quod
2845 1440 2971 1498 ergo
2999 1425 3093 1493 ait,
3117 1426 3232 1493 odi,
3264 1425 3366 1482 hoc
3391 1426 3488 1496 ait,

1900 1514 2078 1585 ignoro
2106 1529 2126 1569 :
2150 1515 2271 1586 quia
2314 1525 2369 1573 et
2411 1517 2606 1587 quibus
2635 1517 2871 1573 dicturus
2908 1525 2990 1574 est
3030 1516 3326 1585 Dominus,
3369 1516 3494 1573 Non

1901 1605 2018 1660 novi
2042 1621 2164 1672 vos;
2188 1605 2254 1663 de
2283 1606 2367 1664 his
2396 1607 2473 1662 illi
2498 1607 2696 1664 dicitur
2717 1650 2731 1674 ,
2779 1608 2979 1677 Odisti,
3025 1606 3244 1665 Domine
3266 1648 3283 1679 ,
3320 1624 3493 1665 omnes

1900 1699 1987 1767 qui
2015 1709 2290 1771 aperantur
2316 1701 2636 1771 iniquitatem
2664 1702 2836 1773 (Psal.
2865 1718 2920 1770 v,
2953 1701 3028 1776 7).

1972 1791 2026 1847 9.
2056 1792 2118 1849 Si
2153 1802 2321 1849 autem
2359 1796 2496 1866 quod
2535 1796 2684 1863 nolo,
2723 1798 2818 1851 hoc
2851 1796 3021 1868 facio;
3058 1796 3313 1852 consentio
3357 1796 3492 1868 legi,

1900 1884 2139 1953 quoniam
2168 1885 2299 1940 bona
2326 1895 2418 1941 est.
2451 1886 2565 1942 Hoc
2590 1886 2731 1942 enim
2768 1902 2877 1942 non
2906 1889 3052 1954 vult,
3079 1888 3221 1959 quod
3259 1895 3313 1944 et
3354 1887 3442 1943 lex
3475 1905 3492 1943 :

1901 1988 2024 2028 nam
2056 1972 2157 2029 hoc
2180 1982 2323 2030 vetat
2348 1975 2455 2031 lex.
2481 1975 2762 2033 Consentit
2786 1991 2913 2048 ergo
2940 1960 3077 2048 legi,
3104 1992 3211 2033 non
3238 1978 3289 2032 in
3317 1992 3493 2049 quan-

1901 2073 2013 2122 tum
2042 2066 2165 2122 facit
2188 2067 2331 2139 quod
2353 2069 2439 2124 illa
2465 2068 2734 2140 prohibet,
2763 2068 2858 2125 sed
2886 2070 2939 2125 in
2967 2079 3225 2142 quantum
3252 2084 3359 2126 non
3382 2070 3497 2126 vult

1900 2160 2043 2231 quod
2071 2160 2216 2216 facit.
2249 2161 2488 2218 Vincitur
2526 2163 2670 2218 enim
2711 2163 2947 2219 nondum
2975 2179 3072 2235 per
3095 2164 3319 2235 gratiam
3359 2164 3496 2220 libe-

1899 2260 2069 2318 ratus,
2110 2252 2351 2323 quamvis
2373 2253 2482 2323 jam
2508 2267 2606 2324 per
2633 2254 2806 2326 legem
2842 2265 2897 2311 et
2922 2256 3131 2311 noverit
3155 2271 3214 2312 se
3241 2255 3383 2311 male
3410 2255 3495 2311 fa-

1900 2356 2046 2409 cere,
2072 2351 2125 2399 et
2153 2344 2305 2400 nolit.
2335 2344 2487 2412 Quod
2515 2360 2647 2403 vero
2672 2347 2933 2418 sequitur,
2964 2355 3019 2403 et
3045 2346 3194 2414 dicit,
3223 2345 3380 2401 Nunc
3399 2363 3497 2403 att-

1902 2443 2000 2488 tem
2018 2435 2133 2506 jam
2163 2452 2263 2490 non
2288 2452 2379 2508 ego
2405 2452 2589 2507 operor
2612 2436 2763 2504 illud,
2792 2438 2882 2491 sed
2912 2438 2965 2491 id
2988 2438 3126 2507 quod
3150 2438 3204 2492 in
3234 2453 3313 2492 me
3341 2437 3498 2492 habi-

1901 2534 1973 2580 tat
2003 2536 2407 2596 peccatum;non
2437 2527 2557 2585 ideo
2585 2528 2731 2597 dicit,
2751 2529 2873 2600 quia
2896 2544 3002 2584 non
3027 2531 3293 2585 consentit
3318 2529 3384 2585 ad
3412 2529 3502 2585 fa-

1899 2618 2148 2674 ciendum
2179 2629 2477 2691 peccatum,
2526 2621 2770 2691 quamvis
2810 2622 2910 2694 legi
2955 2624 3256 2678 consentiat
3293 2623 3360 2679 ad
3389 2623 3495 2682 hoc

1900 2708 2331 2780 improbandum.
2363 2711 2620 2782 Loquitur
2661 2712 2807 2768 enim
2833 2712 3008 2768 adhuc
3034 2728 3100 2769 ex
3128 2726 3357 2784 persona
3391 2713 3495 2771 ho-

1899 2799 2061 2855 minis
2086 2800 2185 2855 sub
2206 2800 2321 2872 lege
2344 2802 2617 2858 constituti
2649 2801 2759 2874 (a),
2792 2802 3028 2859 nondum
3059 2803 3160 2859 sub
3183 2805 3375 2876 gratia,
3404 2804 3498 2877 qui

1901 2892 2140 2964 profecto
2170 2895 2399 2951 trahitur
2432 2896 2499 2951 ad
2530 2896 2669 2952 male
2696 2896 3026 2967 Operandum
3064 2897 3498 2968 concupiscentia

1900 2987 2212 3044 dominante
2233 2996 2391 3059 atque
2412 2988 2629 3044 fallente
2652 2988 2935 3045 dulcedine
2962 2990 3167 3059 peccati
3196 2989 3493 3061 prohibiti,

1899 3081 2142 3151 quamvis
2186 3097 2255 3137 ex
2299 3091 2453 3152 parte
2491 3082 2695 3138 notitias
2733 3083 2863 3154 legis
2907 3082 3010 3139 hoc
3058 3083 3343 3155 improbet.
3388 3084 3498 3142 Sed

1900 3181 2180 3244 propterea
2206 3173 2356 3241 dicit,
2382 3172 2507 3230 Non
2527 3190 2617 3246 ego
2641 3191 2821 3244 operor
2844 3174 2996 3241 illud,
3019 3175 3142 3247 quia
3169 3177 3343 3233 victus
3363 3192 3496 3250 ope-

1899 3273 2068 3319 ratur.
2099 3263 2374 3335 Cupiditas
2393 3265 2589 3337 quippe
2616 3265 2667 3320 id
2693 3274 2964 3335 operatur,
2995 3267 3082 3322 cui
3109 3267 3381 3338 superanti
3401 3283 3497 3326 ce-

1900 3355 2062 3410 ditur.
2099 3353 2166 3410 Ut
2192 3364 2368 3411 autem
2408 3370 2515 3410 non
2545 3354 2802 3423 cedatur,
2847 3357 3021 3427 sitque
3064 3373 3218 3415 mens
3258 3359 3494 3417 hominis

1899 3446 2156 3501 adversus
2183 3447 2529 3517 cupiditatem
2556 3446 2829 3505 robustior
2849 3487 2865 3514 ,
2893 3449 3063 3519 gratia
3092 3449 3253 3518 facit,
3281 3452 3351 3510 de
3387 3467 3493 3524 qua

1898 3548 2021 3612 post
2043 3539 2280 3595 dicturus
2308 3547 2411 3596 est.

1972 3630 2060 3685 l0.
2096 3629 2217 3684 Scio
2241 3630 2406 3699 enim,
2435 3630 2645 3702 inquit,
2673 3632 2793 3700 quia
2827 3649 2929 3689 non
2954 3633 3146 3691 habitat
3171 3637 3228 3692 in
3255 3653 3368 3706 me,
3396 3642 3492 3699 hoc

1898 3730 1971 3777 est
1994 3724 2049 3775 in
2074 3737 2223 3775 carne
2247 3737 2394 3788 mea,
2422 3721 2629 3777 bonum.
2671 3721 2751 3778 Ex
2781 3737 2849 3779 eo
2873 3724 3018 3795 quod
3043 3726 3179 3796 scit,
3222 3733 3494 3790 consentit

1898 3811 2003 3883 legi
2036 3831 2049 3867 :
2079 3827 2145 3868 ex
2176 3826 2242 3868 eo
2273 3820 2451 3868 autem
2478 3811 2620 3884 quod
2644 3811 2805 3879 facit,
2828 3814 2971 3871 cedit
2996 3828 3236 3888 peccato.
3265 3820 3420 3891 Quod
3444 3823 3494 3882 si

1898 3905 2091 3976 quaerit
2115 3905 2304 3977 aliquis
2334 3906 2475 3961 unde
2501 3905 2603 3962 hoc
2631 3908 2769 3975 scit,
2800 3910 2943 3979 quod
2985 3909 3114 3967 dicit
3153 3911 3393 3974 habitare
3433 3917 3491 3976 in

1897 4012 2060 4053 carne
2084 4012 2181 4054 sua
2207 4012 2314 4054 non
2343 3998 2524 4069 utique
2550 3999 2772 4067 bonum,
2798 4000 2852 4055 id
2873 4010 2956 4058 est
2974 4014 3252 4073 peccatum
3280 4023 3293 4060 :
3323 4008 3490 4079 unde,

1897 4088 2002 4144 nisi
2022 4104 2088 4145 ex
2116 4088 2335 4145 traduce
2358 4090 2695 4147 mortalitatis
2712 4099 2767 4146 et
2785 4092 3095 4151 assiduitate
3115 4097 3399 4169 voluptatis
3422 4101 3439 4132 ¹
3465 4101 3491 4157 ?

1897 4180 2032 4238 Illud
2059 4190 2142 4238 est
2166 4196 2229 4238 ex
2260 4196 2418 4253 poena
2441 4182 2716 4254 originalis
2740 4187 2965 4255 peccati,
2998 4185 3100 4244 hoc
3126 4197 3212 4246 est
3238 4206 3302 4247 ex
3329 4207 3491 4263 paena

1896 4272 2216 4345 frequentati
2246 4274 2470 4345 peccati.
2501 4272 2633 4330 Cum
2658 4275 2748 4331 illo
2775 4276 2827 4331 in
2853 4276 2992 4334 hanc
3011 4280 3171 4336 vitam
3193 4284 3486 4357 nascimur,

1897 4363 2001 4422 hoc
2028 4365 2255 4421 vivendo
2280 4365 2546 4421 addimus.
2574 4366 2705 4434 Quae
2743 4366 2849 4423 duo
2872 4409 2888 4437 ,
2916 4370 3158 4441 scilicet,
3190 4382 3441 4448 tanquam
3463 4382 3485 4412 '

1897 4467 2085 4514 natura
2113 4466 2167 4513 et
2194 4458 2546 4525 consuetudo,
2574 4458 2856 4529 conjuncta
2881 4501 2900 4529 ,
2940 4464 3365 4525 robustissimam
3403 4471 3488 4526 fa.

1895 4552 2041 4607 ciunt
2069 4561 2124 4607 et
2158 4550 2562 4607 invictissimam
2587 4553 2968 4625 cupiditatem,
2998 4559 3141 4629 quod
3176 4574 3333 4620 vocat
3358 4582 3486 4636 pec-

1895 4652 2094 4712 catum,
2116 4652 2172 4700 et
2194 4643 2323 4699 dicit
2345 4643 2585 4700 habitare
2611 4645 2664 4700 in
2694 4660 2855 4704 carne
2877 4663 2995 4718 sua,
3023 4651 3076 4707 id
3102 4661 3205 4722 est,
3231 4656 3483 4715 domina-

1896 4748 2008 4795 tum
2040 4739 2325 4811 quemdam
2355 4747 2411 4797 et
2450 4739 2601 4809 quasi
2646 4755 2867 4810 regnum
2904 4744 3169 4803 obtinere.
3207 4749 3360 4809 Unde
3400 4763 3487 4809 est

1895 4831 2027 4887 illud
2067 4832 2119 4887 in
2151 4832 2362 4887 Psalmo
2386 4872 2401 4898 ,
2434 4830 2582 4903 Elegi
2616 4831 2769 4906 abjici
2804 4835 2857 4889 in
2883 4836 3035 4893 domo
3073 4839 3281 4898 Domini
3317 4848 3482 4918 magis

1894 4940 2048 4996 quam
2064 4924 2291 4979 habitare
2309 4924 2361 4978 in
2376 4924 2710 4980 tabernaculis
2726 4936 3042 4995 peccatorum
3064 4928 3236 5002 (Psal.
3258 4949 3478 5003 Lxxxut,

1897 5017 2019 5089 ll);
2047 5016 2198 5087 quasi
2228 5030 2335 5071 non
2362 5015 2597 5081 habitet,
2626 5019 2869 5087 quamvis
2900 5019 2971 5075 ibi
3002 5021 3092 5090 sit,
3124 5024 3213 5094 qui
3240 5024 3479 5095 abjectus

1898 5108 1967 5163 ibi
1996 5107 2018 5139 ³
2046 5116 2128 5162 est
2146 5146 2162 5172 ,
2194 5105 2510 5176 ubicumque
2539 5104 2611 5160 sit
2637 5124 2651 5161 :
2679 5107 2822 5163 unde
2847 5110 3077 5166 insinuat
3098 5113 3475 5176 habitationem

1897 5213 2019 5255 cum
2050 5197 2277 5269 quodam
2306 5196 2601 5267 principatu
2630 5197 3050 5271 intelligendam.
3080 5201 3134 5259 Si
3163 5214 3341 5262 autem
3382 5224 3476 5280 per

1897 5292 2117 5361 gratiam
2152 5290 2242 5344 fiat
2270 5289 2321 5343 in
2352 5289 2506 5343 nobis
2530 5289 2671 5359 quod
2700 5292 2805 5346 alio
2834 5293 2952 5348 loco
2975 5292 3134 5361 dicit,
3167 5294 3236 5351 Ut
3264 5314 3365 5354 non
3393 5319 3479 5357 re-

1897 5390 2012 5455 gnet
2039 5390 2294 5452 peccatum
2319 5380 2373 5435 in
2400 5389 2570 5435 nostro
2593 5383 2796 5435 mortali
2819 5397 3027 5451 corpore
3052 5385 3122 5439 ad
3146 5388 3478 5449 obediendum

1898 5475 2158 5530 desideriis
2183 5474 2289 5545 ejus
2316 5471 2489 5546 (Rom.
2516 5488 2591 5539 vr,
2617 5470 2727 5545 12),
2747 5472 2855 5541 jam
2877 5488 2976 5530 nec
2998 5475 3237 5540 habitare
3266 5486 3481 5557 proprie

1963 5674 1980 5705 ι
2005 5679 2112 5723 Mss.
2136 5672 2419 5721 Sorbonicus
2443 5679 2491 5720 et
2513 5670 2833 5733 corbeiensis,
2858 5672 3123 5731 voltmtatis.

1963 5738 1983 5769 ³
2016 5742 2089 5783 Er.
2125 5737 2315 5793 omittit,
2348 5741 2589 5794 umquam.

1964 5799 1985 5864 ξ
2017 5805 2136 5864 ξιτεδ
2167 5797 2372 5844 vaticani
2406 5796 2599 5864 codices
2628 5806 2795 5852 carent
2814 5802 3061 5864 particula,
3095 5803 3180 5857 ibi.

1964 5859 2038 5923 (a)
2072 5865 2315 5912 tueuaet.
2340 5870 2446 5918 cap.
2474 5859 2519 5909 l.

2869 5948 3157 6029 (Quatrr.
3172 5955 3201 6025 Ι
