4000 6336
524 407 627 463 107

525 525 867 674 dlc’liliri’elle
893 613 1046 680 enim,
1080 610 1268 681 inquit,
1297 607 1494 678 adjacet
1516 604 1660 669 mihi,
1686 601 1927 673 perﬁcere
1946 609 2116 654 autem

525 713 711 768 bonum
740 726 841 763 non
867 705 1063 761 invenio
1095 704 1134 757 ί.
1165 701 1260 756 His
1286 699 1463 756 verbis
1493 696 1701 753 videtur
1730 708 1837 751 non
1862 702 2010 749 recte
2035 693 2119 747 in-

525 803 887 876 telligentibus
932 799 1077 855 velut
1132 795 1345 851 auferre
1392 794 1617 849 liberum
1671 790 1972 846 arbitrium.
2006 785 2115 843 Sed

527 896 798 971 quomodo
827 893 1022 962 aufert,
1045 906 1169 947 eum
1197 889 1361 955 dicat,
1393 884 1534 941 Velle
1552 884 1751 957 adjacet
1775 882 1942 937 mihi?
1960 881 2121 936 Certe

529 993 672 1047 enim
712 990 887 1061 ipsum
911 984 1056 1041 velle
1094 983 1148 1039 in
1180 988 1445 1053 potestate
1473 986 1585 1045 est,
1634 976 1886 1048 quoniam
1914 973 2123 1044 adjacct

529 1084 688 1142 nobis
719 1102 731 1137 :
765 1081 859 1140 sed
886 1079 1026 1151 quod
1058 1074 1317 1149 perlicere
1345 1073 1544 1129 bonum
1591 1086 1696 1126 non
1740 1078 1823 1125 est
1864 1069 1916 1123 in
1966 1074 2121 1138 pote-

528 1187 705 1243 state,
751 1175 818 1229 ad
860 1173 1109 1229 meritum
1145 1168 1377 1240 pertinet
1416 1163 1693 1237 originalis
1735 1162 1958 1233 peccati.
2006 1158 2121 1215 Non

531 1271 673 1329 enim
703 1245 787 1325 est
805 1267 920 1322 lucc
946 1266 1113 1336 prima
1138 1275 1322 1317 natura
1346 1258 1600 1324 hominis,
1623 1256 1715 1313 sed
1739 1254 1915 1311 delicti
1940 1266 2119 1324 poena,

527 1380 628 1436 per
657 1376 814 1433 quam
846 1358 984 1413 facta
1014 1366 1095 1411 est
1120 1356 1233 1425 ipsa
1262 1351 1575 1413 mortalitas,
1599 1348 1749 1419 quasi
1772 1346 2004 1402 secunda
2028 1360 2125 1399 na-

529 1434 647 1511 tura
667 1496 681 1519 ,
715 1451 856 1507 unde
886 1464 981 1503 nos
1006 1446 1175 1517 gratia
1205 1444 1395 1498 liberat
1423 1438 1726 1496 Conditoris
1752 1437 1992 1492 subditos
2022 1434 2124 1490 sibi

529 1562 629 1619 per
654 1543 834 1599 fidem.
861 1539 968 1597 Sed
995 1540 1108 1594 ista:
1140 1551 1277 1591 nunc
1311 1547 1469 1588 voces
1498 1540 1622 1586 sunt
1650 1529 1750 1584 sub
1791 1529 1908 1600 lege
1953 1528 2125 1619 homi-

529 1618 619 1696 nis
642 1633 917 1693 constituti
942 1674 956 1698 ,
1003 1628 1238 1685 nondum
1285 1625 1386 1683 sub
1424 1623 1611 1695 gratia.
1656 1621 1774 1676 Non
1815 1622 1956 1676 enim
1983 1618 2125 1691 quod

529 1733 649 1789 vult
692 1731 816 1785 facit
852 1729 1050 1783 bonum
1077 1766 1091 1792 ,
1125 1723 1217 1794 qui
1252 1718 1488 1776 nondum
1524 1724 1607 1773 est
1643 1716 1743 1771 sub
1781 1716 1980 1786 gratia;
2030 1713 2126 1769 sed

532 1823 678 1896 quod
702 1838 811 1877 non
842 1820 954 1874 vult
982 1816 1179 1872 malum
1202 1857 1215 1879 ,
1240 1812 1346 1867 hoc
1370 1811 1509 1882 agit,
1542 1819 1827 1879 superante
1868 1806 2125 1877 concupi-

533 1914 758 1979 scentia,
806 1928 911 1967 non
960 1909 1132 1963 solum
1177 1904 1390 1959 vinculo
1435 1900 1797 1967 mortalitatis,
1846 1899 1940 1955 sed
1986 1898 2127 1955 mole

532 2002 933 2064 consuetudinis
962 2002 982 2033 '
1028 1999 1296 2054 roborata.
1325 1995 1380 2051 Si
1426 2002 1607 2048 autem
1645 1992 1787 2062 quod
1827 2006 1932 2045 non
1975 1991 2124 2059 vult,

530 2100 639 2156 hoc
664 2098 823 2163 facit;
848 2095 957 2167 jam
987 2106 1095 2147 non
1122 2090 1237 2160 ipse
1266 2094 1517 2157 operatur
1544 2082 1694 2151 illud,
1725 2080 1820 2139 sed
1860 2081 1997 2151 quod
2028 2081 2127 2135 ha-

531 2192 669 2248 bitat
711 2191 766 2244 in
804 2202 869 2245 eo
907 2192 1185 2257 peceatum
1218 2198 1231 2237 :
1259 2179 1397 2236 sicut
1438 2176 1684 2248 superius
1725 2173 1925 2230 dictum
1966 2180 2049 2228 est
2074 2180 2127 2227 et

536 2282 863 2354 expositum.

606 2374 697 2431 12.
727 2372 939 2430 Invenio
964 2386 1082 2443 ergo
1101 2410 1118 2437 ,
1146 2367 1352 2438 inquit,
1392 2364 1551 2437 legem
1586 2361 1712 2416 mihi
1742 2359 1931 2416 volenti
1959 2361 2129 2432 facere

535 2471 742 2535 bonum,
772 2463 1009 2536 quoniam
1033 2459 1160 2515 mihi
1182 2456 1374 2513 malum
1398 2454 1598 2525 adjacet
1626 2469 1644 2508 :
1675 2452 1729 2507 id
1766 2459 1886 2521 est,
1916 2451 2128 2507 invenio

531 2561 709 2632 legem
737 2558 936 2615 bonum
962 2552 1094 2610 mihi
1140 2565 1261 2607 esse
1286 2590 1301 2615 ,
1340 2564 1463 2604 cum
1503 2545 1627 2601 volo
1669 2544 1844 2599 facere
1873 2543 2015 2616 quod
2043 2543 2129 2600 lex

532 2653 698 2708 habet
731 2648 806 2724 (a)
825 2690 839 2715 ,
867 2646 1120 2719 quoniam
1144 2642 1278 2698 mihi
1302 2639 1501 2696 malum
1524 2637 1751 2707 adjacet,
1776 2635 1842 2691 ad
1871 2635 2024 2691 facile
2047 2634 2127 2690 fa-

533 2745 805 2802 ciendum.
824 2738 1205 2810 Quiasuperius
1230 2734 1372 2805 quod
1402 2730 1646 2799 ait,Velle
1670 2731 1869 2802 adjacet
1897 2730 2042 2797 mihi,
2062 2730 2129 2785 ad

533 2836 843 2894 facilitatem
871 2832 1022 2888 dixit.
1071 2829 1206 2898 Quid
1235 2827 1377 2881 enim
1408 2824 1617 2880 facilius
1646 2822 1847 2879 homini
1884 2824 1984 2879 sub
2010 2823 2127 2895 lege

535 2928 848 2991 constituto,
880 2937 1038 2996 quam
1066 2920 1203 2975 vclle
1225 2918 1424 2973 bonum
1449 2924 1499 2972 et
1526 2915 1705 2972 facere
1726 2915 1967 2971 malum?
1992 2915 2127 2970 Nam

536 3028 592 3075 ct
619 3017 748 3073 illud
777 3017 894 3071 sine
921 3012 1234 3070 difﬁcultate
1261 3008 1395 3078 vult,
1428 3007 1670 3080 quamvis
1698 3023 1807 3063 non
1835 3014 1945 3062 tam
1970 3004 2130 3062 facile

533 3112 724 3180 faciat,
754 3124 913 3181 quam
943 3107 1097 3163 facile
1136 3104 1287 3171 vult;
1319 3110 1371 3158 et
1400 3102 1501 3158 hoc
1530 3100 1671 3172 quod
1707 3100 1820 3157 odit
1849 3099 2003 3155 facile
2028 3099 2127 3153 ha-

532 3202 626 3259 bet
650 3245 664 3270 ,
692 3200 935 3273 quamvis
974 3198 1030 3254 id
1064 3196 1198 3252 nolit
1231 3212 1245 3249 z
1287 3194 1425 3249 sicut
1450 3192 1817 3263 praecipitatus
1846 3193 1964 3249 sine
1992 3192 2130 3247 diffi-

534 3296 732 3351 cultate
758 3293 905 3349 venit
933 3291 987 3346 iu
1026 3287 1349 3362 profundum
1374 3327 1390 3353 ,
1431 3283 1673 3357 quamvis
1712 3284 1767 3340 id
1813 3282 1946 3340 nolit
1971 3294 2130 3355 atque

535 3386 730 3443 oderit.
760 3385 874 3440 lloc
916 3383 1025 3438 dixi
1055 3390 1274 3453 propter
1304 3377 1528 3435 verbum
1559 3376 1702 3448 quod
1744 3377 1819 3431 ait
1838 3416 1859 3446 ,
1905 3377 2126 3449 adjacet.

533 3477 787 3536 Perhibet
812 3478 973 3548 igitur
987 3475 1354 3531 testimonium
1377 3472 1500 3543 legi,
1523 3470 1666 3542 quod
1690 3470 1830 3528 bona
1851 3471 1939 3538 sit,
1967 3472 2129 3528 homo

533 3571 636 3628 sub
665 3586 729 3627 ea
756 3570 960 3642 positus
987 3576 1041 3623 et
1065 3566 1301 3622 nondum
1329 3564 1498 3636 gratia
1543 3563 1835 3630 liberatus;
1883 3564 2130 3634 perhibet

534 3663 756 3719 omnino
775 3676 841 3716 eo
869 3661 984 3730 ipso
1010 3657 1150 3729 quod
1179 3672 1239 3713 se
1266 3652 1612 3726 reprehendit
1638 3653 1814 3709 facere
1833 3664 2021 3709 contra
2046 3655 2127 3711 le-

534 3772 660 3828 gem
688 3772 701 3808 :
735 3765 791 3810 et
814 3751 1019 3808 invenit
1054 3764 1173 3805 eam
1212 3750 1416 3804 bonum
1444 3745 1547 3801 sibi
1577 3760 1697 3801 esse
1722 3745 1744 3777 ³
1765 3787 1783 3814 ,
1824 3746 2010 3803 volens
2050 3746 2129 3804 fa-

534 3862 659 3904 cere
704 3843 849 3916 quod
894 3842 984 3897 illa
1029 3840 1221 3912 jubet,
1266 3846 1321 3893 et
1364 3837 1795 3907 concupiscentia
1840 3847 2129 3908 superante

534 3954 644 3997 non
681 3935 899 4001 valens;
940 3940 1097 4004 atque
1140 3931 1213 3985 ita
1252 3943 1310 3985 se
1350 3928 1804 4001 praevaricationis
1842 3939 1991 3985 reatu
2022 3932 2127 3986 im-

532 4033 790 4106 plicatqu
829 4026 1013 4096 videt,
1057 4023 1125 4081 ad
1167 4022 1271 4079 hoc
1315 4031 1373 4078 ut
1413 4022 1639 4094 gratiam
1682 4021 1985 4085 liberatoris
2024 4023 2126 4081 im-

534 4128 731 4203 ploret.

609 4222 699 4279 15.
724 4216 1054 4276 Condelector
1078 4212 1232 4281 enim,
1261 4210 1451 4283 inquit,
1480 4210 1580 4282 legi
1606 4206 1704 4265 Dei
1732 4211 2011 4265 secundum
2038 4209 2125 4265 in-

536 4316 770 4377 teriorem
799 4311 1052 4367 hominem
1083 4322 1102 4363 :
1126 4306 1177 4363 ei
1201 4306 1383 4375 utique
1408 4303 1532 4374 legi,
1563 4319 1679 4376 quae
1700 4303 1849 4371 dicit,
1876 4302 1994 4359 Non
2013 4319 2128 4359 con-

535 4408 783 4479 cupisces.
822 4400 980 4457 Video
1000 4408 1190 4467 autem,
1220 4395 1419 4467 inquit,
1449 4394 1609 4466 legem
1637 4393 1792 4450 aliam
1813 4395 1866 4449 in
1892 4395 2126 4455 membris

536 4500 682 4567 meis,
709 4502 1073 4568 repugnantem
1102 4491 1198 4563 legi
1229 4489 1406 4544 mentis
1440 4503 1585 4555 meae,
1618 4497 1664 4542 et
1685 4488 2020 4557 captivantem
2047 4505 2125 4545 me

534 4592 628 4650 sub
655 4591 761 4662 lege
786 4587 1010 4661 peccati,
1052 4598 1164 4657 qua:
1201 4591 1274 4639 est
1299 4582 1351 4636 in
1378 4580 1611 4636 membris
1635 4581 1778 4635 meis.
1808 4583 2006 4652 Legem
2032 4596 2127 4653 ap-

539 4684 704 4758 pellat
726 4683 781 4737 in
807 4678 1063 4736 membris
1090 4676 1201 4732 suis
1226 4716 1243 4745 ,
1274 4689 1411 4730 onus
1452 4673 1630 4746 ipsum
1660 4674 1998 4730 mortalitatis
2021 4715 2037 4745 ,
2068 4674 2125 4731 in

537 4794 645 4853 quo
672 4773 1065 4849 ingemiseimus
1087 4770 1291 4843 gravati
1317 4767 1387 4840 (ll
1413 4767 1534 4824 Cor.
1558 4784 1611 4836 v,
1638 4768 1717 4838 4).
1746 4767 1956 4839 Corpus
1980 4769 2125 4825 enim

535 4870 682 4945 quod
725 4866 1084 4936 corrumpitur
1120 4871 1372 4936 aggravat
1416 4863 1649 4919 animam
1683 4862 1838 4936 (Sap.
1880 4879 1935 4918 ix
1960 4904 1976 4931 ,
2009 4864 2121 4935 i5).

532 4962 641 5021 Per
664 4960 807 5036 quod
838 4960 895 5014 fit
917 4956 1077 5014 etiam
1104 4971 1247 5027 saepe
1270 4965 1329 5011 ut
1358 4956 1554 5011 invicte
1578 4955 1811 5012 delectet
1836 4955 1976 5027 quod
2016 4970 2125 5013 non

536 5057 662 5114 licet
685 5055 729 5111 ⁵.
757 5053 927 5125 Quam
955 5050 1219 5107 sarcinam
1248 5056 1581 5119 prementem
1623 5057 1675 5103 et
1702 5058 1979 5119 urgentem
2004 5048 2126 5106 ideo

545 5146 719 5219 legem
743 5144 993 5218 appellat,
1021 5141 1145 5214 quia
1169 5140 1288 5210 jure
1315 5139 1564 5210 supplicii
1592 5139 1773 5195 divino
1797 5140 1998 5211 judicio
2024 5141 2123 5197 tri-

545 5236 672 5299 buta
692 5249 746 5295 et
770 5239 1016 5311 imposita
1050 5242 1133 5292 est
1158 5234 1224 5290 ab
1248 5248 1313 5289 eo
1338 5234 1426 5305 qui
1452 5234 1775 5305 praemonuit
1806 5234 2080 5292 hominem
2103 5276 2125 5304 ,

537 5334 722 5393 dicens
746 5352 760 5390 :
786 5333 896 5401 Qua
921 5334 1001 5387 die
1021 5329 1460 5395 manducaveritis,
1486 5338 1643 5384 morte
1663 5330 1945 5385 moriemini
1970 5329 2123 5404 (Gen.

599 5509 619 5542 ι
654 5507 893 5564 verbum,
925 5504 1133 5565 invenio,
1160 5504 1301 5554 abest
1332 5517 1360 5554 a
1390 5509 1501 5554 Mss.
1622 5554 1633 5558 -

598 5573 620 5637 ξ
653 5571 726 5620 sic
756 5575 839 5637 Er._
866 5576 918 5618 et
949 5564 1164 5637 potiores
1192 5574 1298 5615 Mss.
1336 5564 1716 5637 Αῃιῃονηηιαιω
1743 5566 2116 5621 consuetudinis.

598 5634 620 5665 ³
652 5638 784 5696 Lov.,
819 5626 994 5696 invenit
1350 5626 1440 5680 sibi
1469 5626 1589 5680 esse.
1608 5635 1667 5679 At
1688 5637 1789 5679 Am.
1807 5637 1881 5680 Er.
1909 5638 1963 5682 et
1991 5637 2121 5696 Iss.,

539 5694 712 5751 invenit
744 5688 851 5742 eam
884 5691 1055 5740 bonum
1085 5688 1177 5740 sibi
1206 5703 1325 5739 esse.

597 5759 621 5790 ι
653 5764 782 5813 1.ον.,
808 5752 949 5820 iniice
982 5751 1182 5820 delectet
1211 5750 1337 5820 quod
1369 5749 1498 5820 licet.
1532 5760 1705 5809 metm
1726 5756 1972 5820 partimad
2003 5758 2122 5812 alias

539 5820 780 5873 editiones
802 5817 1135 5880 restituimus,
1170 5813 1341 5878 partim
1372 5814 1433 5866 ad
1463 5820 1572 5870 Mss.

596 5884 670 5948 (a)
701 5887 857 5943 Forte,
882 5878 1027 5939 iubet.

1054 394 1142 452 DE
1184 390 1491 449 DIVERSIS
1526 385 2047 479 QUxESTIONIBUS
2086 385 2185 442 AD
2214 384 2718 458 SIMPLICIANUM,
2758 388 2816 446 S.
2856 387 3224 448 AUGUSTINI

3712 392 3815 457 108

2230 519 2269 559 n
2292 547 2306 573 ,
2347 506 2458 576 l7).
2502 506 2628 563 Haec
2659 508 2739 562 lex
2768 518 3026 580 repugnat
3052 511 3155 582 legi
3198 510 3395 568 mentis
3422 511 3659 582 dicenti,
3694 514 3815 573 Non

2229 601 2551 671 concupisces
2580 618 2597 655 :
2624 601 2710 656 cui
2742 602 3147 659 condelectatur
3171 605 3333 661 homo
3354 606 3648 663 secundum
3679 610 3814 668 inte-

2230 695 2428 750 riorem
2452 694 2721 750 hominem
2750 712 2763 760 ;
2794 704 2847 751 et
2869 705 3151 768 antequam
3173 699 3242 753 sit
3262 700 3487 770 quisque
3509 702 3608 756 sub
3629 704 3814 775 gratia,

2230 788 2304 844 ita
2331 797 2613 860 repugnat,
2642 799 2701 845 ut
2728 798 2783 845 et
2808 791 3041 861 captivet
3066 807 3190 847 eum
3216 793 3315 848 sub
3355 794 3473 865 lege
3510 797 3734 865 peccati,
3763 798 3815 854 id

2232 891 2316 938 est
2344 882 2445 938 sub
2473 883 2780 954 semetipsa.
2812 883 2946 939 Cum
2976 886 3122 939 enim
3157 884 3306 952 dicit,
3343 903 3455 957 qua:
3480 897 3552 942 est
3580 888 3632 942 in
3661 906 3819 944 mem-

2232 973 2334 1029 bris
2359 976 2521 1040 meis;
2562 974 2700 1031 hanc
2727 976 2963 1031 ostendit
3001 976 3246 1033 eamdem
3285 993 3404 1033 esse
3429 978 3496 1034 de
3535 995 3639 1051 qua
3665 996 3820 1053 supe-

2231 1068 2345 1125 rius
2364 1068 2458 1136 ait,
2496 1066 2653 1123 Video
2674 1067 2830 1123 aliam
2853 1069 3014 1141 legem
3033 1070 3086 1124 in
3115 1070 3349 1125 membris
3376 1072 3521 1126 meis.

2306 1160 2395 1217 14.
2428 1160 2541 1216 Hoc
2562 1171 2741 1217 autem
2771 1170 2940 1217 totum
2964 1163 3084 1218 ideo
3106 1162 3319 1233 dicitur,
3350 1172 3408 1219 ut
3427 1164 3820 1224 demonstretur

2234 1256 2440 1311 homini
2468 1258 2677 1327 captivo
2717 1272 2824 1311 non
2875 1272 2994 1313 esse
3042 1258 3473 1329 praesumendum
3516 1260 3585 1316 de
3622 1263 3821 1321 viribus

2234 1350 2365 1404 suis.
2399 1348 2547 1405 Unde
2576 1348 2791 1405 Iudaeos
2818 1349 3073 1421 arguebat
3098 1358 3347 1423 tanquam
3375 1352 3441 1409 de
3468 1357 3718 1425 operibus
3742 1358 3820 1415 le-

2233 1444 2316 1516 gis
2341 1443 2570 1516 superbe
2598 1445 2908 1516 gloriantes,
2934 1461 3055 1501 cum
3083 1447 3422 1505 traherentur
3441 1452 3825 1521 concupiscen-

2234 1539 2309 1593 tia
2335 1538 2402 1593 ad
2440 1537 2698 1609 quidquid
2737 1539 2979 1594 illicitum
3007 1550 3111 1607 est,
3146 1555 3266 1596 cum
3297 1541 3384 1599 lex
3410 1543 3477 1599 de
3502 1560 3606 1615 qua
3633 1547 3826 1617 gloria-

2234 1627 2429 1685 bantur
2452 1670 2467 1697 ,
2497 1631 2678 1699 dicat,
2713 1629 2838 1686 Non
2876 1633 3218 1704 concupisces.
3251 1634 3536 1692 Humiliter
3576 1654 3707 1711 ergo
3747 1641 3825 1697 di—

2235 1723 2465 1779 cendum
2494 1734 2577 1779 est
2607 1723 2807 1779 homini
2837 1725 2975 1780 victo
3000 1767 3016 1792 ,
3048 1726 3299 1783 damnato
3324 1771 3340 1797 ,
3371 1731 3582 1800 captivo
3603 1774 3617 1798 ,
3647 1743 3703 1789 ct
3728 1750 3829 1793 nec

2236 1816 2425 1871 saltem
2454 1825 2671 1886 accepta
2699 1817 2817 1888 lege
2843 1818 3050 1885 victori,
3075 1819 3169 1874 sed
3192 1822 3366 1889 potius
3390 1826 3791 1893 praevaricatori
3811 1870 3826 1897 ,

2236 1906 2509 1963 humiliter
2530 1908 2936 1964 exclamandum
2961 1919 3064 1974 est,
3092 1910 3252 1967 Miser
3288 1929 3376 1984 ego
3403 1915 3575 1986 homo,
3608 1921 3723 1990 quis
3753 1939 3832 1979 me

2240 2000 2464 2055 liberabit
2482 2002 2545 2055 de
2568 2017 2776 2073 corpore
2798 2004 2971 2058 mortis
2992 2003 3190 2074 hujus?
3220 2004 3397 2061 Gratia
3420 2006 3520 2062 Dei
3545 2028 3633 2080 per
3649 2011 3685 2066 J
3689 2030 3831 2069 esum

2236 2092 2492 2149 Christum
2532 2094 2812 2150 Dominum
2840 2107 3085 2151 nostrum.
3137 2097 3250 2153 lloe
3278 2100 3421 2155 enim
3450 2113 3617 2159 restat
3644 2105 3701 2160 in
3732 2108 3832 2163 ista

2236 2185 2453 2240 mortali
2494 2186 2603 2240 vita
2650 2185 2823 2241 libero
2865 2188 3124 2254 arbitrio,
3167 2204 3274 2245 non
3323 2201 3380 2246 ut
3410 2193 3630 2263 impleat
3667 2196 3834 2254 homo

2231 2276 2514 2349 justitiam,
2539 2292 2663 2333 cum
2683 2278 2930 2345 voluerit,
2954 2279 3049 2335 sed
3076 2289 3136 2334 ut
3163 2296 3221 2336 se
3240 2285 3464 2353 supplici
3483 2288 3679 2355 pietate
3707 2305 3837 2347 con-

2236 2378 2410 2426 vertat
2438 2369 2507 2425 ad
2537 2386 2660 2425 eum
2686 2370 2838 2441 cujus
2867 2370 3008 2427 dono
3034 2387 3153 2429 eam
3180 2376 3353 2445 possit
3382 2376 3627 2447 implere.

2310 2464 2396 2519 15.
2428 2461 2485 2517 In
2512 2462 2612 2518 hac
2636 2478 2764 2535 ergo
2794 2471 2926 2533 tota,
2949 2480 3109 2534 quam
3135 2468 3502 2537 tractavimus,
3546 2474 3833 2543 apostolici

2237 2556 2577 2612 coutextione
2607 2556 2894 2624 sermonis,
2933 2558 3172 2628 quisquis
3207 2567 3353 2628 putat
3405 2562 3642 2619 sensisse
3680 2567 3835 2637 Apa-

2237 2649 2435 2706 stolum
2465 2649 2609 2721 quod
2632 2650 2769 2705 mala
2811 2649 2878 2705 sit
2905 2650 3013 2717 lex,
3055 2652 3307 2720 quoniam
3350 2652 3498 2720 dicit,
3525 2654 3634 2711 Lex
3658 2660 3836 2714 subin-

2238 2744 2407 2810 travit,
2454 2755 2510 2797 ut
2539 2742 2818 2798 abundaret
2844 2742 3081 2798 delictum
3111 2743 3285 2815 (Rom.
3313 2760 3369 2814 γ,
3400 2746 3514 2817 20);
3544 2758 3629 2811 et.
3671 2750 3835 2806 uini-

2238 2836 2415 2890 stratio
2441 2835 2615 2888 mortis
2638 2835 2689 2888 in
2719 2834 2897 2890 litteris
2919 2835 3137 2905 ﬁgurata
3165 2835 3378 2905 lapideis
3406 2838 3475 2907 (ll
3497 2839 3613 2893 Cor.
3646 2857 3731 2909 tu,
3758 2842 3830 2913 7);

2238 2938 2311 2999 et,
2337 2926 2508 2984 Virtus
2525 2928 2716 2999 peccati
2735 2927 2814 2981 lea:
2840 2927 3008 2998 (lCor.
3024 2944 3115 2994 xv,
3143 2928 3258 3000 56),
3281 2937 3354 2997 et,
3385 2930 3575 2987 Μονιηὶ
3596 2936 3717 2989 estis
3742 2936 3835 3008 legi

2239 3038 2329 3093 per
2357 3036 2541 3092 corpus
2567 3020 2752 3075 Christi
2778 3033 2833 3074 ut
2856 3020 2966 3074 sitis
2993 3020 3200 3078 alterius
3224 3023 3312 3093 qui
3335 3040 3397 3079 ea:
3424 3028 3633 3080 mortuis
3655 3044 3830 3085 resur-

2236 3115 2397 3178 rexit;
2422 3121 2495 3177 et,
2526 3110 2800 3167 Passiones
2834 3122 3170 3182 peccatorum,
3217 3131 3330 3185 qua:
3365 3133 3454 3186 per
3502 3118 3660 3189 legem
3687 3131 3829 3188 sunt,

2238 3207 2578 3277 operabantur
2626 3204 2681 3259 in
2732 3205 2965 3260 membris
3012 3209 3217 3275 nostris,
3268 3218 3324 3263 ut
3371 3214 3592 3280 fructum
3632 3192 3832 3287 'ferrent

2237 3302 2420 3366 morti;
2446 3317 2578 3355 nunc
2593 3316 2707 3355 vero
2736 3301 2964 3354 evacuati
2986 3317 3159 3355 sumus
3187 3318 3219 3357 a
3260 3302 3367 3375 lege
3397 3307 3590 3373 mortis,
3640 3308 3693 3360 in
3732 3324 3832 3378 qua

2238 3394 2613 3463 detinebamur,’
2629 3395 2702 3450 ita
2719 3403 2775 3448 ut
2801 3395 3073 3450 serviamus
3092 3397 3146 3450 in
3166 3398 3382 3454 novitate
3399 3400 3627 3469 spiritus,
3660 3410 3712 3455 et
3734 3418 3834 3457 non

2236 3489 2291 3543 in
2318 3497 2557 3544 vetustate
2582 3487 2763 3543 littera:
2809 3489 2984 3563 (Rom.
3016 3505 3113 3559 vn,
3145 3490 3289 3562 4—6);
3317 3501 3370 3547 et
3394 3492 3495 3546 alia
3524 3494 3571 3547 si
3596 3509 3701 3562 qua
3735 3494 3834 3549 bu.

2232 3581 2472 3654 jusmodi
2499 3581 2819 3651 Aposwlum
2845 3581 3044 3639 dixisse
3077 3582 3399 3648 invenimus,
3424 3584 3665 3642 attendat
3706 3586 3832 3644 ideo

2235 3689 2356 3732 esse
2382 3675 2483 3731 ista
2509 3675 2672 3740 dicta,
2724 3676 2846 3745 quia
2887 3676 2974 3731 lex
3016 3686 3175 3748 auget
3215 3678 3712 3748 concupiscentiam
3763 3696 3832 3737 ex

2235 3768 2613 3840 prohibitione,
2638 3777 2694 3824 et
2718 3785 2870 3825 reum
2903 3770 3103 3840 obligat
3145 3786 3213 3827 ex
3242 3774 3698 3842 praevaricatione,
3748 3775 3834 3844 ju-

2235 3861 2413 3921 bendo
2436 3861 2578 3932 quod
2602 3862 2823 3932 implere
2852 3863 3095 3917 homines
3123 3878 3188 3919 ex
3221 3864 3531 3922 inﬁrmitate
3570 3882 3675 3922 non
3699 3882 3832 3937 pos-

2234 3963 2381 4021 sunt,
2414 3954 2518 4010 nisi
2558 3969 2617 4010 se
2661 3954 2727 4010 ad
2759 3954 2854 4011 Dei
2897 3956 3123 4025 gratiam
3145 3955 3345 4026 pietate
3385 3968 3725 4015 convertant.
3765 3960 3831 4016 Et

2233 4046 2357 4105 ideo
2377 4048 2477 4103 sub
2516 4047 2609 4103 illa
2635 4062 2753 4103 esse
2799 4047 3069 4112 dicuntur.
3122 4048 3321 4118 quibus
3374 4049 3697 4107 dominatur.
3738 4052 3831 4108 Eis

2233 4148 2414 4197 autem
2440 4139 2764 4208 dominatur,
2793 4153 2928 4209 quos
2959 4140 3114 4209 punit
3148 4157 3161 4194 :
3194 4141 3346 4209 punit
3391 4151 3571 4198 autem
3617 4159 3829 4214 praeva-

2233 4230 2491 4288 ricatores
2518 4245 2725 4289 omnes.
2758 4231 2931 4287 Porro
2956 4232 3049 4303 qui
3086 4243 3407 4303 acceperunt
3427 4235 3618 4305 legem,
3678 4252 3829 4307 prte-

2232 4325 2476 4381 varieant
2494 4338 2610 4379 eam
2640 4325 2681 4390 ι,
2710 4323 2811 4381 nisi
2841 4338 2937 4393 per
2969 4324 3196 4395 gratiam
3232 4336 3627 4396 consequantur
3668 4342 3829 4398 posse

2235 4417 2378 4488 quod
2401 4416 2572 4487 jubet.
2602 4416 2682 4473 Ita
2710 4416 2771 4472 ﬁt
2796 4425 2854 4473 ut
2878 4433 2988 4474 non
3016 4418 3321 4475 dominetur
3345 4421 3427 4475 eis
3451 4420 3543 4490 qui
3582 4420 3695 4491 jam
3723 4423 3828 4480 sub

2232 4512 2401 4583 gratia
2430 4519 2575 4579 sunt,
2627 4511 2973 4581 implentibus
3020 4527 3140 4568 eam
3169 4528 3267 4583 per
3312 4512 3630 4571 charitatem
3662 4517 3705 4584 ²,
3734 4516 3829 4588 qui

2233 4612 2388 4663 erant
2407 4602 2506 4659 sub
2534 4602 2651 4674 ejus
2681 4602 2874 4661 timore
2900 4603 3161 4661 damnati.

2234 4724 2235 4727 η
2306 4696 2396 4752 16.
2427 4694 2559 4751 Nam
2588 4695 2638 4750 si
2662 4696 2751 4751 illa
2779 4711 2897 4767 quae
2921 4696 3064 4753 dicta
3092 4706 3236 4766 sunt,
3263 4707 3502 4766 movent,
3524 4707 3582 4755 ut
3601 4707 3821 4771 putetur

2192 4806 2195 4809 ·
2232 4791 2523 4862 Apostolus
2565 4791 2737 4862 legem
2776 4791 3193 4861 reprehendere;
3246 4792 3375 4863 quid
3424 4793 3631 4864 agimus
3654 4795 3724 4851 de
3749 4811 3823 4853 eo

2233 4887 2375 4957 quod
2399 4886 2547 4954 dicit,
2577 4884 2905 4941 Condelector
2946 4886 3077 4941 enim
3106 4886 3206 4959 legi
3230 4886 3329 4943 Dei
3371 4890 3650 4945 secundum
3694 4890 3827 4945 inte-

2233 4982 2415 5037 riorem
2434 4980 2723 5035 hominem?
2754 4980 2866 5035 Hoc
2889 4981 3032 5036 enim
3060 4981 3267 5051 dicens,
3297 4983 3469 5055 legem
3490 4984 3671 5054 utique
3704 4984 3828 5039 laus

2234 5075 2344 5131 dat.
2372 5074 2525 5143 Quod
2579 5090 2701 5129 cum
2732 5075 2807 5129 illi
2860 5075 3100 5143 audiunt,
3154 5078 3503 5147 respondent,
3562 5079 3665 5134 hoc
3701 5079 3830 5135 loco

2232 5170 2550 5240 Apostolum
2577 5169 2643 5225 de
2668 5170 2768 5225 alia
2802 5169 2919 5241 lege
2954 5170 3163 5237 dicere;
3205 5172 3259 5227 id
3288 5181 3390 5241 est,
3436 5173 3504 5229 de
3531 5172 3646 5245 lege
3674 5172 3826 5228 Chri-

2232 5264 2323 5330 sti,
2352 5280 2456 5319 non
2483 5264 2552 5321 de
2584 5266 2670 5321 illa
2702 5281 2819 5336 quae
2841 5265 2964 5320 data
2991 5275 3074 5319 est
3113 5265 3333 5321 Judzcis.
3374 5264 3671 5334 Quaerimus
3690 5280 3824 5335 ergo

2231 5356 2300 5413 ab
2324 5357 2403 5413 eis
2431 5357 2498 5413 de
2519 5373 2621 5428 qua
2643 5358 2759 5427 lege
2778 5358 2938 5423 dicat,
2970 5357 3077 5412 Leo:
3096 5367 3263 5412 autem
3304 5358 3601 5412 subintravit
3641 5364 3694 5412 ut
3724 5357 3824 5410 ab-

2231 5449 2447 5505 undaret
2474 5450 3138 5520 delictum?Be3pondent,
3187 5451 3254 5507 de
3284 5451 3372 5505 illa
3403 5450 3587 5523 procul
3628 5449 3821 5517 dubio,

2232 5558 2390 5613 quam
2416 5542 2583 5597 Judaei
2615 5552 2951 5613 acceperunt.
2982 5544 3113 5598 Vide
3134 5558 3262 5615 ergo
3290 5552 3468 5600 utram
3498 5544 3611 5613 ipsa
3636 5541 3724 5605 sit,
3749 5540 3825 5597 de

2232 5652 2336 5709 qua
2362 5637 2575 5705 dicitur,
2603 5634 2880 5691 Occasione
2907 5647 3131 5708 accepta,
3180 5644 3441 5707 peccatum
3471 5652 3561 5708 per
3600 5632 3826 5690 manda-

2293 5821 2311 5852 ί
2347 5818 2419 5868 sic
2448 5821 2522 5866 Er.
2562 5824 2613 5866 et
2646 5824 2752 5868 Mss.
2774 5823 2829 5867 At
2860 5822 2991 5877 Lov.,
3024 5812 3411 5879 prtevaricantur
3443 5828 3569 5871 eam.

2295 5884 2315 5915 ι
2348 5888 2414 5932 tta
2445 5882 2496 5931 in
2526 5887 2633 5932 uss.
2668 5888 2725 5931 Αι
2756 5880 3000 5943 ιιιθᾰὶιίδ,
3027 5877 3121 5943 ’ρετ
3152 5877 3380 5942 gratiam.
