4000 6336
148 417 228 480 tu
1566 419 1768 479 unus
1804 420 2074 481 smnus.

156 544 513 608 “operatum
550 544 633 592 est
658 537 720 592 in
748 554 844 593 me
869 555 1071 595 omnem
1103 539 1580 612 concupiscentiam
1604 538 1763 611 Quid

159 644 221 691 est
249 631 385 686 enim
411 629 591 697 aliud,
626 644 919 701 operatum
963 644 1036 687 est
1074 633 1129 686 iu
1153 648 1234 686 me
1270 648 1471 686 omnem
1521 633 1767 703 concupi-

162 727 407 790 tuatim;
434 739 604 794 quam
623 724 685 779 id
709 727 867 797 quod
890 726 967 781 ibi
984 736 1085 791 est,
1110 735 1167 779 ut
1185 727 1466 781 abundaret
1484 725 1725 780 delictum
1738 725 1767 780 li

165 820 279 875 Vide
305 833 521 889 quoque
563 828 762 873 utrum
814 828 1080 875 conseruet
1129 819 1295 873 etiam
1342 818 1434 873 illa
1461 819 1759 885 sententia,

162 921 206 966 α
222 912 307 979 ﬁat
325 926 483 981 supra
510 910 735 963 modum
766 919 1009 981 peccator
1027 921 1112 964 aut
1136 919 1399 981 peccatum
1420 926 1511 981 per
1534 909 1758 965 iamda-

165 1019 272 1061 ισοιι.
320 1004 439 1059 Hoc
489 1012 579 1058 est
604 1004 781 1070 enim,
832 1014 891 1058 ut
919 1006 1011 1073 ﬁat
1034 1019 1191 1075 supra
1215 1002 1426 1059 modum
1467 1013 1767 1073 peccatum;

164 1100 289 1173 quod
314 1107 419 1165 est,
451 1098 825 1153 utabundaret
854 1098 1118 1152 delictum.
1175 1095 1425 1169 Si‘igitur
1466 1095 1766 1155 ostenderi~

164 1211 268 1253 nus
292 1195 498 1250 bonum
531 1206 660 1249 esse
702 1191 1051 1259 mandatum,
1082 1190 1230 1249 unde
1272 1190 1559 1246 occasione
1605 1204 1765 1246 acce-

164 1302 240 1360 pta
268 1297 554 1359 peccat-nm
585 1295 881 1357 operatum
899 1295 988 1340 est
1009 1299 1224 1341 omnem
1241 1282 1763 1353 concupiscentiam,

164 1389 213 1436 ut
238 1381 389 1436 ﬁeret
406 1394 581 1449 supra
600 1377 847 1441 modum;
872 1376 1037 1431 simul
1057 1374 1409 1430 ostendemus
1426 1374 1618 1429 bonam
1643 1387 1766 1429 esse

165 1475 343 1545 legem,
394 1486 525 1543 qua
572 1469 901 1526 subintravit
948 1476 1009 1522 ut
1046 1466 1345 1523 abundaret
1385 1465 1662 1531 delictum,
1709 1462 1767 1519 id

164 1576 261 1632 est,
300 1573 359 1620 ut
399 1571 731 1635 operaretur
791 1568 1070 1632 peccatum
1107 1573 1327 1615 munem
1374 1557 1763 1628 concupiscen-

165 1662 308 1725 tiam,
340 1668 390 1713 et
420 1658 588 1713 ﬁeret
614 1670 776 1726 supra
800 1655 1042 1709 modum.
1076 1653 1313 1708 Audiant
1337 1666 1468 1723 ergo
1511 1650 1767 1706 eumdem

162 1751 453 1822 apostolum
485 1749 779 1813 meantem,
812 1745 955 1814 Quid
982 1762 1099 1817 ergo
1142 1744 1405 1800 dicemus?
1432 1742 1541 1798 Leu
1572 1759 1763 1814 pecca-

164 1852 259 1897 tum
288 1843 405 1897 est?
431 1842 603 1895 Absit.
636 1839 771 1903 Hoc,
808 1838 1075 1909 inquiunt,
1105 1835 1175 1893 de
1196 1837 1316 1909 lege
1334 1835 1533 1891 Christi
1561 1834 1762 1890 dictum
1786 1848 1791 1859 '

162 1946 258 2003 est;
290 1935 401 1991 hoc
428 1944 538 2000 cst,
568 1933 637 1988 de
682 1934 797 2003 lege
818 1932 1024 2003 gratiae.
1068 1929 1452 2000 Respondeant
1485 1929 1666 1998 itaque
1696 1926 1765 1982 de

161 2046 248 2101 qua
275 2028 588 2103 intelligant
632 2024 761 2080 illud
815 2022 961 2093 quod
1011 2022 1253 2093 sequitur
1282 2038 1296 2074 :
1332 2020 1440 2075 Sed
1466 2035 1557 2090 ego
1590 2035 1767 2089 pecca-

160 2131 251 2175 ιιιιιι
277 2136 396 2175 non
419 2118 653 2191 cognovi,
681 2116 778 2169 nisi
802 2131 897 2185 per
923 2114 1100 2185 legem.
1131 2110 1273 2167 Nam
1298 2109 1759 2182 concupiscentiam

157 2212 472 2277 nesciebam,
522 2210 623 2264 nisi
657 2208 735 2262 ira
782 2208 990 2271 diceret,
1018 2205 1141 2260 Non
1194 2204 1536 2275 concupisces.
1593 2203 1763 2256 Occa-

156 2308 287 2362 sione
308 2315 493 2358 autem
522 2312 748 2373 accepta,
773 2309 1035 2371 peccatum
1063 2315 1154 2369 per
1176 2304 1478 2351 mandatum
1501 2302 1766 2366 operatum

156 2407 224 2453 est
246 2400 299 2451 in
323 2413 407 2450 me
427 2411 635 2450 omnem
661 2391 1142 2459 concupiscentiam.
1172 2389 1315 2446 Ecce
1339 2388 1627 2444 verborum
1646 2387 1761 2457 ipsa

157 2492 425 2549 contextio
436 2490 575 2545 satis
593 2487 794 2543 indicat
807 2484 876 2541 de
889 2500 992 2555 qua
1008 2485 1123 2555 lege
1135 2483 1351 2552 dixerit,
1370 2483 1480 2537 Lex
1504 2488 1764 2552 peccatum

158 2586 448 2642 est.’Absit.
485 2584 565 2639 De
594 2583 689 2638 illa
717 2582 943 2649 scilicet,
971 2595 1068 2651 per
1097 2578 1249 2647 cujus
1273 2577 1583 2632 mandatum
1601 2588 1762 2629 occa-

162 2680 234 2737 sio
262 2679 360 2735 fuit
385 2684 642 2750 peccato,
671 2684 733 2731 ut
758 2684 1075 2746 operaretur
1118 2686 1336 2727 omnem
1371 2670 1764 2739 concupiscen-

163 2776 296 2829 tiam.
320 2773 400 2829 De
424 2773 519 2827 illa
547 2785 682 2841 ergo
725 2784 846 2840 qua:
880 2766 1195 2823 subintravit
1240 2776 1301 2819 ut
1340 2763 1639 2818 abundaret
1671 2759 1765 2815 de-

162 2866 350 2933 lictum,
385 2879 557 2936 quam
614 2868 805 2932 putant
846 2860 925 2915 illi
954 2858 1169 2914 malam.
1197 2856 1302 2913 Sed
1329 2855 1455 2927 quid
1502 2854 1759 2927 apertius,

164 2974 307 3031 quam
336 2957 392 3012 id
424 2955 575 3029 quod
602 2954 767 3027 paulo
790 2963 915 3024 post
943 2951 1036 3017 ait,
1069 2950 1251 3019 Itaque
1282 2948 1364 3003 lca:
1399 2948 1602 3019 quidem
1640 2961 1763 3000 san-

165 3063 248 3119 cta,
269 3063 318 3106 et
346 3051 659 3105 mandatum
687 3055 944 3114 sanctum,
978 3055 1024 3099 et
1056 3048 1275 3116 justum,
1298 3052 1345 3097 et
1384 3042 1609 3097 bonum?
1649 3040 1763 3096 Hoc

166 3160 331 3200 rursus
356 3143 553 3199 dicunt
581 3156 694 3196 non
740 3140 808 3195 de
835 3139 927 3193 illa
956 3138 1072 3209 lege
1097 3152 1217 3207 qua:
1238 3134 1440 3191 Judmis
1490 3134 1614 3190 data
1655 3140 1758 3201 est,

168 3239 245 3295 sed
270 3238 336 3294 de
366 3237 673 3307 Evangelia
698 3235 904 3290 dictum
936 3241 1037 3289 cst.
1078 3230 1492 3287 Manichaeorum
1514 3237 1596 3283 est
1616 3228 1760 3284 enim

166 3340 257 3387 tam
280 3329 644 3386 inel'l‘abiliter
669 3341 813 3382 caeca
842 3326 944 3380 ista
976 3323 1319 3398 perversitas.
1349 3321 1466 3377 Non
1491 3320 1634 3375 enim
1680 3325 1764 3373 at-

167 3421 371 3476 tendunt
400 3420 553 3492 quod
602 3417 1003 3488 apertissimum
1043 3427 1097 3471 et
1125 3412 1619 3469 manifestissimum
1671 3423 1762 3464 se-

164 3512 346 3583 quitur,
377 3510 538 3580 Quod
562 3527 684 3580 ergo
710 3510 896 3562 bonum
924 3517 1017 3573 est,
1061 3507 1185 3560 mihi
1215 3508 1406 3577 factum
1460 3513 1533 3557 est
1581 3500 1762 3556 mors?

162 3606 311 3660 Absit.
356 3604 471 3660 Sed
499 3613 787 3675 peccatum,
838 3612 894 3655 ut
920 3610 1163 3673 appareat
1216 3609 1493 3668 peccatum,
1542 3612 1632 3669 per
1675 3594 1761 3649 bo-

162 3717 268 3753 num
314 3699 443 3752 uiihi
467 3707 740 3769 apemtum
770 3704 843 3750 est
873 3704 1103 3761 mortem,
1131 3704 1197 3747 -ut
1225 3694 1315 3762 ﬁat
1363 3708 1520 3763 supra
1553 3689 1761 3744 modum

164 3801 382 3863 peccator
429 3799 526 3844 aut
572 3797 841 3860 peccatum
876 3803 965 3859 per
1001 3786 1299 3839 mandatum
1337 3784 1484 3838 :hoc
1511 3791 1611 3847 est,
1664 3796 1761 3850 per

160 3885 463 3941 mandatum
492 3892 762 3949 sanctum,
789 3890 845 3936 et
874 3880 1097 3952 justum,
1146 3887 1201 3935 et
1230 3879 1453 3943 bonum;
1499 3875 1643 3947 quod
1673 3883 1758 3930 ta-

158 3993 270 4036 men
300 3977 636 4036 subintravit
663 3985 725 4032 ut
771 3974 1070 4031 abundaret
1096 3979 1399 4048 peccatum,
1422 3970 1524 4027 hoc
1569 3978 1672 4039 est,
1701 3977 1762 4025 ut

158 4070 303 4128 Met
325 4086 496 4142 supra
528 4069 772 4125 modum.

219 4165 311 4220 i7.
343 4164 456 4219 Cur
476 4176 616 4232 ergo
643 4160 951 4214 ministratio
979 4158 1157 4213 mortis
1183 4156 1400 4225 dicitur,
1435 4155 1480 4212 si
1508 4156 1645 4210 bona
1672 4161 1760 4210 est

154 4256 271 4315 lex?
294 4258 435 4327 Quia
468 4265 732 4328 peccatum
763 4262 817 4307 ut
841 4261 1087 4325 appareat
1115 4261 1399 4324 peccatum,
1443 4267 1533 4321 per
1572 4251 1759 4303 bonum

156 4354 272 4407 mihi
292 4359 572 4423 operatum
601 4357 677 4403 est
712 4355 944 4402 mortem.
968 4344 1078 4401 Nec
1116 4344 1350 4411 mireris,
1394 4357 1515 4398 cum
1543 4341 1610 4397 de
1643 4340 1759 4411 ipsa

155 4444 545 4515 praedicatione
566 4439 846 4511 Evangelii
890 4437 1092 4494 dictum
1117 4438 1187 4493 sit
1214 4455 1228 4492 :
1250 4436 1434 4491 Christi
1450 4435 1607 4490 bonus
1633 4432 1761 4489 odor

156 4555 323 4593 saluus
347 4535 490 4603 Deo,
515 4535 570 4589 in
594 4534 659 4589 iis
683 4535 768 4605 qui
796 4532 926 4588 salvi
950 4532 1101 4602 ﬁunt,
1133 4540 1181 4585 et
1206 4532 1260 4585 in
1284 4531 1345 4585 iis
1388 4530 1476 4600 qui
1521 4535 1760 4602 pereunt;

159 4631 265 4687 dtis
307 4631 526 4704 quidem
556 4628 685 4683 odor
711 4629 827 4683 vitta
850 4628 905 4682 in
929 4629 1101 4693 vitam,
1132 4624 1248 4681 aliis
1272 4634 1441 4679 autem
1464 4624 1590 4679 odor
1618 4639 1758 4677 mor-

158 4726 214 4780 tis
258 4727 317 4781 iu
368 4732 595 4779 mortem
648 4720 715 4795 (ll
742 4718 861 4777 Cor.
889 4736 949 4789 ιι,
978 4720 1066 4789 l5,
1099 4717 1210 4790 16).
1251 4718 1333 4774 Ad
1367 4716 1581 4773 Judmos
1615 4715 1759 4771 enim

161 4817 287 4874 dicta
318 4824 407 4874 est
428 4816 523 4872 lex
548 4813 878 4871 ministratio
904 4811 1112 4880 mortis,
1144 4809 1211 4865 ad
1240 4824 1374 4880 quos
1414 4816 1468 4863 et
1499 4808 1551 4863 in
1583 4805 1760 4877 lapide

160 4914 352 4982 scripta
396 4916 493 4966 est
536 4906 605 4962 ad
631 4920 819 4962 eorum
862 4902 1112 4959 duritiam
1164 4898 1516 4973 ﬁgurandam;
1557 4912 1663 4951 non
1693 4896 1760 4951 ad

161 5018 245 5060 eos
285 5004 381 5077 qui
434 5002 622 5073 legem
678 5014 774 5070 per
826 4996 1141 5053 charitatem
1186 4993 1427 5065 implent.
1484 4989 1759 5045 Plenitudo

162 5098 294 5154 enim
323 5096 479 5169 tegis,
512 5092 756 5147 charitas.
785 5089 905 5163 Ipsa
930 5089 1073 5144 enim
1096 5087 1207 5157 lex,
1236 5102 1357 5158 qum
1378 5085 1430 5140 in
1454 5083 1647 5139 litteris
1680 5088 1763 5137 cst

162 5188 375 5261 ﬁgurata
400 5185 658 5256 lapideis,
695 5183 845 5251 dicit,
882 5179 1002 5235 Non
1029 5179 1358 5245 adulterabis,
1393 5176 1517 5232 Non
1552 5174 1762 5231 homici-

162 5284 291 5338 dium
347 5283 532 5355 facies,
580 5278 701 5333 Non
758 5275 1027 5347 furabcris,
1083 5273 1205 5329 Non
1249 5272 1604 5345 concupisces,
1650 5278 1757 5326 etc.

162 5376 322 5446 Quam
348 5377 531 5448 legem
553 5373 685 5428 dicit
707 5368 997 5443 Apostolus
1022 5367 1232 5438 impleri
1275 5382 1375 5437 per
1421 5364 1755 5431 charitatem,

161 5469 226 5527 ﬁs
250 5472 487 5543 loquens
516 5484 529 5521 :
559 5466 659 5532 Qui
704 5464 839 5519 enim
874 5462 1038 5533 diligit
1078 5459 1293 5515 alterum
1326 5460 1364 5525 ¹,
1401 5459 1558 5529 legem
1582 5455 1760 5526 imple-

161 5562 431 5631 tit.Nam,
486 5558 611 5614 Non
655 5554 986 5619 adulterabis,
1042 5552 1160 5607 Non
1208 5552 1533 5605 homicidium
1581 5549 1756 5621 facies,

164 5654 277 5711 Non
301 5655 576 5726 [παύει-ἔς,
625 5648 752 5707 Νοη
799 5647 1159 5718 concupisces;
1188 5654 1234 5699 ct
1263 5645 1303 5699 si
1330 5643 1463 5713 quod
1497 5651 1569 5697 est
1616 5639 1757 5695 aliud

163 5749 479 5817 mdmitnt,
506 5748 561 5802 in
584 5746 680 5800 hoc
714 5756 951 5797 sermone
986 5737 1369 5811 recapitulatur,
1401 5734 1594 5806 Diliges
1639 5749 1761 5807 pro-

164 5882 429 6001 ws
462 5878 766 5948 tum
805 5880 865 5929 Αι
893 5879 1023 5939 uss,
1053 5869 1454 5939 alterum;juxta
1476 5881 1647 5935 graec,
1679 5872 1760 5920 ton

1871 540 2066 595 sanum
2087 548 2227 596 tuum
2247 549 2487 615 tanquam
2508 553 2555 600 te
2572 546 2738 618 ipsum
2756 550 2933 622 (Rom.
2957 568 3071 623 xm,
3098 555 3260 631 840)
3292 574 3307 618 :
3333 565 3460 632 quia

1872 642 1927 687 et
1954 632 2127 689 hocin
2146 634 2338 692 eadem
2365 638 2483 708 lege
2508 640 2764 710 scriptum
2793 652 2895 701 est.
2932 645 3047 703 Cur
3087 647 3241 706 virtus
3269 659 3459 724 peccati

1872 725 1975 793 les,
2011 727 2061 785 si
2080 727 2169 783 lex
2195 728 2335 787 bona
2359 733 2488 787 est?
2512 732 2646 800 Quia
2672 748 2951 806 peccatum
2974 756 3072 810 per
3100 742 3301 801 bonum
3322 762 3457 817 ope-

1870 825 2046 920 ratum
2071 828 2172 922 est.
2196 828 2450 891 mortem,
2489 831 2548 879 ut
2576 824 2667 883 ﬁat
2707 843 2868 899 supra
2922 832 3157 901 modum,
3201 835 3309 895 hoc
3354 848 3459 909 est,

1869 917 2106 979 majores
2123 917 2266 967 vires
2299 927 2366 969 ex
2390 917 2836 984 praevaricatione
2861 923 3147 993 concipiat.
3188 925 3296 983 Cur
3324 947 3463 987 mor-

1869 1001 2143 1059 tuisumus
2178 1004 2275 1076 tegi
2320 1022 2412 1077 per
2452 1024 2637 1079 corpus
2685 1010 2889 1080 Christi,
2933 1015 2979 1070 si
3019 1016 3163 1077 bona
3204 1028 3288 1076 est
3334 1022 3463 1078 lex?

1870 1092 2006 1162 Quia
2052 1097 2249 1153 mortui
2286 1113 2472 1157 sumus
2513 1100 2619 1172 legi
2663 1101 2940 1161 damnand
2971 1106 3011 1174 ι,
3042 1107 3253 1166 liberati
3282 1083 3370 1171 [ab
3394 1128 3463 1169 eo

1869 1186 2066 1245 allectu
2089 1204 2249 1259 quem
2274 1189 2363 1247 lex
2385 1192 2537 1262 punit
2557 1203 2613 1250 et
2639 1194 2879 1254 damnat.
2909 1196 3165 1257 Usitatius
3199 1203 3339 1261 enim
3368 1204 3492 1260 vo-‘

1870 1289 2021 1341 catur
2041 1281 2147 1350 lex,
2169 1284 2385 1353 quando
2406 1286 2641 1345 minatur
2658 1297 2715 1344 et
2754 1298 2921 1347 terret
2934 1299 2990 1349 ει
3002 1293 3253 1353 vindicat.
3280 1295 3463 1368 Itaque

1870 1371 2017 1431 idem
2034 1384 2362 1447 praiceptum
2393 1378 2706 1437 timentibus
2750 1381 2837 1441 lex
2862 1392 2966 1452 est,
2999 1387 3301 1445 amantibus
3338 1405 3461 1460 gra-

1872 1464 1945 1521 tia
1966 1475 2069 1524 est.
2094 1467 2224 1527 lude
2258 1478 2345 1526 est
2364 1470 2495 1527 illud
2521 1472 2577 1529 in
2622 1473 2914 1547 Evangelio
2945 1494 2960 1532 :
2989 1478 3098 1534 Lea:
3128 1498 3218 1551 per
3240 1481 3457 1555 Moysen

1868 1558 1995 1613 data
2033 1569 2128 1628 est,
2159 1562 2327 1631 gratia
2375 1570 2424 1618 et
2465 1565 2647 1623 ueritas
2687 1566 2978 1638 perlesum
3022 1570 3282 1628 Christum
3324 1577 3462 1646 facta

1869 1660 1940 1706 est
1962 1649 2139 1725 (Joan.
2159 1670 2197 1721 ι,
2225 1654 2336 1727 l7).
2363 1656 2563 1714 Eadem
2592 1660 2788 1731 quippe
2825 1662 2912 1718 lex
2939 1680 3059 1734 quae
3105 1681 3203 1736 per
3241 1668 3461 1740 Moysen

1869 1741 1993 1801 data
2020 1754 2129 1813 est,
2160 1755 2217 1802 ut
2260 1746 2657 1819 formidaretur,
2689 1754 2861 1824 gratia
2890 1764 2945 1811 et
2998 1756 3196 1813 veritas
3236 1775 3333 1830 per
3368 1763 3464 1821 Je-

1867 1847 1991 1891 sum
2011 1837 2281 1896 Christum
2324 1843 2463 1900 facta
2488 1855 2589 1911 est,
2624 1856 2683 1902 ut
2718 1848 3051 1918 impleretur.
3082 1850 3171 1907 Sic
3218 1869 3347 1924 ergo
3382 1856 3466 1911 di-

1868 1937 2015 1989 ctum
2035 1941 2140 1995 est,
2165 1934 2218 1988 Μ
2224 1937 2360 1991 ortui
2378 1938 2496 1991 estis
2513 1939 2629 2008 tegi,
2654 1953 2719 1994 ac
2739 1941 2785 1995 si
2805 1940 3094 2009 diceretur,
3122 1944 3313 2000 Μοιιυί
3330 1950 3464 2004 estis

1867 2023 2133 2093 supplicio
2158 2025 2311 2096 legis,
2341 2045 2432 2099 per
2455 2045 2638 2099 corpus
2662 2029 2873 2098 Christi,
2900 2048 2997 2102 per
3018 2035 3161 2101 quod
3192 2046 3318 2092 sunt
3362 2038 3461 2095 de—

1868 2114 1995 2171 licta
2019 2116 2232 2186 donata,
2262 2136 2383 2190 quae
2426 2121 2664 2192 legitimo
2710 2124 2974 2193 supplicio
3001 2128 3461 2200 constringebant.

1867 2206 1975 2263 Cur
1998 2211 2259 2279 passiones
2286 2221 2609 2282 peccatorum
2635 2231 2749 2284 qua
2777 2232 2867 2285 per
2914 2217 3076 2288 legem
3112 2230 3251 2287 sunt,
3280 2238 3463 2293 opera-

1869 2301 2055 2356 bantur
2072 2304 2126 2357 in
2146 2304 2383 2359 membris
2406 2307 2612 2375 nostris,
2636 2316 2692 2361 ut
2720 2308 3090 2377 fructiﬁcarent
3109 2314 3280 2378 morti,
3305 2314 3353 2369 si
3374 2315 3463 2371 lex

1868 2390 2009 2447 bona
2039 2394 2159 2449 est?
2185 2395 2319 2461 Quia
2348 2396 2467 2452 illas
2516 2396 2605 2452 hic
2643 2397 2812 2454 voluit
2851 2399 3078 2473 intelligi
3116 2413 3464 2474 peccatorum

1867 2486 2168 2555 passiones,
2193 2488 2261 2543 de
2283 2489 2477 2559 quibus
2496 2489 2607 2560 jam
2637 2505 2784 2561 saepe
2815 2491 3018 2549 dictum
3056 2504 3159 2565 est,
3197 2512 3461 2569 augmen-

1868 2586 1982 2634 tum
2002 2581 2448 2650 concupiscentia:
2467 2583 2536 2639 de
2557 2584 2936 2653 prohibitione,
2969 2597 3024 2643 et
3050 2601 3258 2647 reatum
3289 2608 3464 2664 pinnas

1840 2668 1937 2726 ‘de
1962 2672 2445 2740 praevaricatione:
2474 2674 2577 2730 hoc
2618 2678 2865 2748 cst,quia
2912 2696 3001 2749 per
3049 2681 3236 2737 bonum
3284 2701 3465 2756 opera-

1868 2768 1976 2815 tum
2000 2772 2074 2817 est
2092 2773 2321 2833 mortem,
2346 2775 2398 2820 ut
2433 2766 2524 2836 ﬁat
2557 2783 2716 2840 supra
2734 2770 2943 2825 modum
2970 2785 3202 2843 peccator
3228 2786 3316 2831 aut
3343 2795 3465 2849 pec-

1869 2862 2037 2908 catum
2058 2870 2150 2925 per
2173 2857 2491 2911 mandatum.
2523 2857 2635 2914 Cur
2655 2860 2853 2915 liberati
2879 2880 3053 2920 sumus
3077 2882 3111 2919 a
3137 2867 3247 2939 lege
3260 2872 3460 2940 mortis,

1866 2946 1922 3003 in
1941 2963 2041 3017 qua
2066 2948 2426 3017 detinebamur,
2450 2952 2524 3005 ita
2557 2960 2613 3007 ut
2638 2956 2915 3010 serviamus
2938 2958 2995 3011 in
3036 2961 3255 3016 nouitate
3305 2964 3464 3034 spiri-

1868 3044 1971 3105 tus,
2003 3048 2050 3093 et
2074 3055 2179 3096 non
2224 3040 2280 3095 in
2298 3051 2548 3100 vetustate
2569 3044 2772 3113 litterae,
2803 3048 2849 3102 si
2875 3048 2962 3104 lex
2987 3048 3126 3105 bona
3169 3052 3291 3107 est?
3314 3056 3464 3121 Quo-

1867 3128 2012 3185 niam
2040 3130 2126 3184 lex
2152 3130 2327 3188 littera
2352 3144 2436 3190 est
2460 3135 2540 3190 eis
2555 3136 2645 3206 qui
2667 3151 2774 3192 non
2802 3153 2923 3194 eam
2952 3139 3179 3211 implent
3222 3159 3319 3214 per
3361 3148 3465 3216 spi-

1867 3220 2031 3277 ritum
2049 3222 2344 3291 charitatis,
2374 3240 2482 3295 quo
2512 3228 2745 3297 pertinet
2789 3229 3193 3288 Testamentum
3224 3235 3457 3292 Novum.

1867 3310 2053 3384 Itaque
2081 3316 2282 3371 mortui
2305 3325 2528 3387 peccato
2558 3317 2852 3376 liberantur
2875 3335 2907 3376 a
2948 3321 3147 3393 littera,
3180 3341 3283 3396 qua
3315 3328 3461 3384 deti.

1866 3414 2067 3463 nentur
2088 3408 2167 3462 rei
2195 3410 2285 3477 qui
2314 3424 2421 3464 non
2456 3410 2682 3482 implent
2724 3413 2867 3481 quod
2904 3415 3163 3484 scriptum
3205 3428 3307 3474 est.
3346 3420 3463 3478 Lex

1866 3499 2008 3554 enim
2036 3499 2163 3568 quid
2183 3499 2327 3555 aliud
2356 3515 2514 3571 quam
2530 3502 2642 3557 sola
2673 3502 2849 3558 littera
2874 3513 2958 3559 est
3002 3508 3081 3560 eis
3110 3508 3202 3577 qui
3232 3524 3353 3565 eam
3375 3512 3455 3567 le-

1865 3608 1994 3665 gere
2034 3604 2320 3662 noverunt,
2350 3603 2405 3651 et
2447 3593 2672 3665 implere
2700 3612 2807 3651 non
2854 3600 3106 3667 possunt?
3146 3600 3264 3657 Non
3313 3606 3461 3662 enim

1866 3689 2144 3759 ignoratur
2157 3688 2226 3744 ab
2256 3690 2336 3744 eis
2367 3689 2559 3760 quibus
2584 3692 2889 3761 conscripta
2910 3700 2996 3748 est
3023 3712 3037 3748 :
3066 3694 3161 3751 sed
3203 3698 3458 3767 quoniam

1866 3780 1921 3835 in
1948 3789 2153 3834 tantum
2195 3791 2321 3835 nota
2350 3789 2453 3849 est,
2497 3781 2551 3836 in
2577 3790 2839 3851 quantum
2880 3784 3079 3853 scripta
3109 3786 3322 3856 legitur,
3350 3804 3460 3847 non

1865 3874 1921 3928 in
1941 3882 2198 3945 quantum
2228 3874 2422 3930 dilecta
2448 3873 2742 3944 perﬁcitur,
2785 3875 2919 3931 nihil
2961 3885 3047 3933 est
3082 3880 3226 3935 aliud
3266 3883 3462 3941 talibus

1865 3968 1970 4024 nisi
1994 3969 2191 4034 littera;
2241 3983 2361 4039 quae
2390 3967 2568 4023 littera
2604 3979 2821 4024 nonest
2862 3970 3096 4039 adjutrix
3143 3973 3456 4045 legentium,

1864 4062 1961 4119 sed
1991 4063 2141 4117 testis
2157 4062 2508 4131 peccantium.
2525 4061 2608 4117 Ab
2626 4062 2743 4132 ejus
2764 4077 2891 4133 ergo
2914 4062 3257 4122 damnatione
3285 4067 3459 4125 ’libe-

1862 4165 2050 4211 rantur
2073 4155 2166 4227 qui
2194 4170 2289 4225 per
2314 4155 2559 4225 spiritum
2586 4156 2932 4223 innovantur,
2957 4165 3015 4211 ut
3053 4156 3166 4227 jam
3188 4174 3298 4216 non
3334 4162 3447 4218 sint

1864 4250 2082 4322 obligati
2110 4250 2304 4305 litterae
2326 4248 2395 4304 ad
2425 4264 2660 4319 poenam:
2710 4248 2807 4304 sed
2835 4249 3132 4305 intellectui
3160 4265 3257 4321 per
3299 4252 3460 4322 justi-

1862 4346 1995 4401 tiam
2034 4344 2290 4415 copulati.
2320 4342 2447 4398 lnde
2468 4353 2551 4398 est
2574 4352 2629 4398 et
2656 4343 2807 4411 illud,
2856 4341 3051 4398 Littera
3070 4344 3274 4410 occidit,
3300 4347 3456 4417 spiri-

1864 4444 1949 4492 tus
1978 4445 2145 4491 autem
2167 4436 2385 4506 viviﬁcat
2419 4433 2487 4508 (ll
2511 4433 2628 4491 Cor.
2655 4451 2733 4501 ιιι,
2765 4434 2842 4506 6).
2875 4435 2987 4491 Lex
3024 4436 3168 4491 enim
3218 4445 3452 4494 tantum-

1865 4530 2027 4586 modo
2051 4530 2190 4586 lecta
2218 4536 2273 4583 et
2301 4543 2409 4583 non
2434 4528 2701 4584 intellecta
2727 4528 2812 4587 vel
2842 4542 2950 4582 non
3000 4528 3237 4599 impleta,
3269 4532 3455 4603 utique

1866 4622 2064 4677 occidit
2097 4631 2256 4685 :tunc
2276 4622 2420 4675 enim
2450 4619 2750 4690 appellatur
2788 4621 2977 4677 littera.
3009 4619 3243 4692 Spiritus
3284 4634 3453 4680 autem

1864 4714 2127 4782 uiviﬁcat;
2156 4713 2277 4783 quia
2308 4710 2569 4782 plenitudo
2601 4712 2727 4784 legis
2747 4720 2820 4767 est
2842 4713 3086 4779 charitas,
3117 4730 3237 4785 quae
3262 4716 3456 4785 diﬁ'usa

1864 4814 1941 4860 est
1965 4804 2021 4858 in
2045 4803 2279 4860 cordibus
2312 4803 2498 4859 nostris
2524 4819 2613 4875 per
2642 4803 2893 4876 Spiritum
2915 4815 3150 4865 sanctum
3173 4809 3261 4879 qui
3305 4811 3456 4865 datus

1865 4896 2099 4954 estnobis
2126 4897 2300 4968 (Rom.
2328 4913 2381 4964 v,
2409 4896 2485 4969 5).

1864 4992 2087 5060 ροβε-ι’.
2112 4991 2176 5046 ll.
2196 5022 2272 5035 —
2289 4992 2653 5062 Argumentum
2669 4989 2838 5062 Epist.
2866 4992 2935 5046 ad
2950 4992 3103 5048 Rom.
3126 4990 3302 5047 Gratia
3329 4993 3454 5062 ﬁdei

1942 5086 2179 5160 procedit
2205 5085 2336 5140 bona
2360 5102 2534 5156 opera.
2551 5082 2728 5139 Gratia
2742 5084 2864 5154 ﬁdei
2881 5085 3050 5139 mittor
3070 5085 3124 5138 in
3139 5083 3456 5139 catechume-

1939 5180 2041 5247 nis,
2062 5179 2227 5245 maior
2265 5179 2319 5231 in
2344 5178 2551 5232 renatis.
2601 5174 2801 5248 Scopas
2843 5174 3074 5247 Apodoti
3120 5173 3176 5228 in
3223 5177 3455 5248 mnpta

1938 5272 2100 5327 Iacob
2128 5280 2176 5330 et
2207 5269 2365 5325 Esau.
2390 5269 2537 5325 Bona
2560 5286 2713 5340 apem
2743 5285 2806 5323 ea:
2834 5267 3019 5339 gratia,
3062 5281 3163 5320 non
3201 5267 3367 5337 gratia
3392 5284 3458 5324 ea:

1940 5365 2192 5436 operibus.
2230 5362 2494 5429 Quomodo
2511 5363 2656 5433 justo
2682 5362 2854 5415 electio
2882 5359 3044 5413 Jacob
3073 5368 3121 5414 et
3164 5362 3453 5432 reprobatis

1941 5459 2101 5513 Esau.
2151 5455 2347 5512 Εἰσοιίο
2364 5455 2523 5511 Jacob
2546 5473 2610 5508 an
2653 5471 2713 5507 ea;
2742 5453 3054 5523 prtcscientia
3093 5457 3282 5525 futura:
3310 5455 3453 5525 ﬁdei.

1943 5549 2135 5604 Electio
2161 5565 2223 5604 ea:
2244 5550 2408 5620 gratia
2436 5534 2486 5603 et
2503 5546 2759 5617 proposito
2786 5542 2902 5598 Dei.
2921 5543 2997 5597 Αη
3013 5545 3140 5609 ﬁdes
3166 5546 3296 5600 inter
3318 5544 3454 5603 dona

1939 5644 2441 5715 gratimmtmeretur.
2494 5638 2755 5706 Quomodo
2772 5638 2917 5709 justa
2956 5639 3239 5710 rcprobatio
3285 5637 3451 5705 Esau.

1934 5802 1952 5834 ί
1986 5809 2060 5850 Fr.
2091 5808 2141 5849 at
2161 5800 2383 5862 plerique
2405 5794 2836 5862 veteresﬂcotlicns,
2863 5790 3287 5862 dominantij‘um
3309 5790 3454 5862 infra,

1870 5866 1993 5923 loco,
2016 5852 2241 5919 mintu'ur,
2269 5852 2483 5924 quinque
2510 5873 2574 5924 ex
2599 5859 2769 5924 iisdem
2787 5865 2891 5909 Mss.
2910 5858 3111 5917 habent,
3128 5852 3420 5919 danda/Itur.
3450 5886 3457 5914 ,

1935 5930 1955 5961 ²
2089 5939 2145 5977 ac
2168 5933 2271 5976 tres
2288 5920 2421 5987 Mss,
2446 5920 2783 5976 dominatione.
3460 5936 3475 5980 .‘
