4000 6336
533 442 657 501 lli

606 555 764 611 Fides
792 552 984 607 donum
1008 548 1105 603 Dei
1128 546 1423 601 miserentis.
1466 542 1571 600 Cur
1602 543 1790 597 donum
1833 540 1953 612 ﬁdei
2005 539 2124 595 sub-

609 658 824 704 tractum
848 644 911 699 ab
940 643 1102 699 Esau.
1126 642 1207 695 An
1236 657 1298 694 ea:
1328 637 1644 708 prtescientia
1672 639 1858 709 futura
1884 635 2124 690 uolunta-

608 742 673 797 tis
696 738 1009 810 improbatus
1034 734 1177 789 Esau
1197 742 1243 788 et
1266 732 1575 803 approbatus
1616 729 1800 786 Iacob.
1839 728 1987 784 Bona
2030 744 2124 784 vo-

609 839 783 894 luntas
828 839 882 893 in
908 837 1049 893 nobis
1078 838 1134 908 ﬁt
1159 842 1399 907 operante
1425 830 1558 888 Deo.
1597 829 1809 887 Vocatio
1834 846 1903 884 an
1949 828 2015 884 sit
2042 830 2121 900 ero

608 932 793 1004 lectrix
815 934 957 986 bona:
984 930 1275 985 voluntatis.
1328 925 1539 981 Vacalis
1576 939 1822 996 congrua.
1850 922 1952 978 Cur
1981 918 2126 975 Esau

603 1038 707 1077 non
728 1032 1060 1093 congruenter
1079 1029 1300 1076 vocatus.
1332 1016 1611 1073 Obduratio
1631 1015 1730 1070 Dei
1768 1028 1882 1085 qua:
1908 1013 1992 1068 sit.
2024 1010 2127 1067 So-

605 1112 732 1167 lutio
757 1112 1050 1184 quastionis
1080 1111 1143 1165 de
1162 1110 1514 1181 reprobatione
1535 1106 1697 1163 Esau.
1730 1105 1917 1161 Omnes
1961 1102 2127 1158 homi-

604 1222 694 1260 nes
714 1222 816 1259 una
837 1221 1006 1260 massa
1029 1204 1239 1275 peccati.
1276 1201 1541 1268 Quomodo
1566 1200 1706 1255 Esau
1732 1198 1869 1253 Deus
1893 1197 2011 1252 odio
2032 1196 2129 1249 ha-

603 1296 731 1364 buit,
758 1297 845 1366 qui
873 1295 1003 1351 nihil
1028 1295 1135 1349 odit
1174 1310 1348 1349 eorum
1371 1309 1484 1365 quae
1513 1292 1646 1363 fecit.
1678 1289 1957 1345 Peccatum
1979 1287 2121 1357 quid.

611 1386 753 1442 Vasa
820 1386 1116 1457 perditionis
1162 1386 1232 1440 ad
1311 1402 1460 1441 usum
1526 1382 1848 1438 correctionis
1907 1380 2126 1435 aliorum

602 1481 755 1552 fiunt.
794 1480 973 1535 Vocati
1000 1497 1102 1535 non
1132 1496 1323 1547 omnes,
1351 1479 1441 1534 sed
1461 1494 1525 1533 ea:
1560 1475 1793 1531 omnibus
1830 1483 1879 1528 et
1924 1472 2125 1526 Iudicis

597 1583 647 1628 et
671 1571 933 1628 Gentibus.
968 1570 1193 1625 Intentio
1219 1570 1447 1642 Apostoli
1470 1571 1526 1623 in
1564 1567 1802 1639 Epistola
1840 1564 1908 1619 ad
1933 1564 2125 1619 Roma:

599 1683 712 1722 nos.
747 1665 940 1719 Eleclio
966 1665 1146 1736 gratia:
1167 1680 1320 1733 quam
1347 1662 1566 1716 occulta.

600 1760 653 1813 Ι.
684 1757 790 1813 Sed
816 1756 1021 1827 jam,ut
1048 1754 1301 1820 arbitror,
1317 1763 1524 1823 tempus
1552 1760 1635 1808 est
1661 1751 1728 1807 ad
1754 1750 1912 1806 aliam
1945 1755 2122 1802 trans-

528 1851 607 1905 ire
633 1848 1006 1919 qumstionem,
1034 1861 1194 1917 quam
1223 1846 1300 1900 sic
1352 1843 1697 1914 proposuisti,
1725 1849 1785 1897 ut
1808 1842 1874 1896 ab
1894 1854 1960 1896 eo
1979 1836 2124 1909 quod

524 1940 782 2012 scriptum
823 1948 945 2006 est,
978 1936 1101 1991 Non
1128 1937 1294 1991 solum
1320 1944 1490 1989 autem
1519 1936 1537 1966 ί
1556 1976 1572 2001 ,
1600 1933 1690 1988 sed
1726 1942 1776 1986 et
1813 1931 2040 1987 Rebecca
2063 1944 2126 1984 ea:

523 2049 627 2088 uno
673 2033 939 2088 concubitu
966 2031 1155 2084 habens
1200 2028 1355 2083 Isaac
1390 2028 1548 2099 patris
1594 2025 1772 2081 nostri.
1821 2024 1948 2079 Cum
1988 2024 2125 2078 enint

524 2124 751 2179 nondum
793 2124 900 2177 nati
938 2131 1137 2188 essent,
1170 2138 1329 2194 neque
1357 2119 1553 2191 aliquid
1580 2120 1795 2190 egissent
1825 2118 2010 2172 bonum
2036 2124 2126 2170 aut

524 2216 756 2280 malum;
777 2228 947 2284 usque
971 2213 1040 2268 ad
1066 2212 1119 2267 id
1149 2211 1291 2282 quod
1317 2211 1572 2280 scriptum
1597 2218 1701 2276 est,
1728 2207 1845 2262 Nisi
1872 2206 2125 2260 Dominus

522 2306 734 2362 sabaoth
754 2306 1035 2375 reliquisset
1055 2304 1199 2359 nobis
1218 2319 1405 2369 semen,
1428 2302 1560 2355 sicut
1589 2300 1819 2357 Sodoma
1846 2299 1969 2370 {acti
1991 2314 2126 2352 esse-

527 2416 659 2466 mus,
678 2406 723 2453 et
743 2398 871 2452 sicut
892 2395 1178 2451 Gomorrha
1194 2395 1382 2448 similes
1418 2391 1724 2465 fuissemus(
1748 2392 1899 2446 Rom.
1918 2406 1990 2456 Ix,
2031 2389 2128 2445 10-

525 2490 619 2563 29)
640 2509 654 2545 :
680 2499 787 2544 tota
815 2490 928 2560 ipsa
946 2486 1217 2543 contextio
1237 2486 1533 2540 disseratur
1554 2501 1569 2549 ;
1588 2492 1642 2539 et
1666 2482 1905 2553 profecto
1935 2489 2020 2537 est
2044 2482 2126 2537 la-

524 2581 813 2637 tebrosior.
843 2579 951 2634 Sed
985 2586 1151 2642 certe,
1169 2577 1381 2648 qualem
1414 2585 1466 2632 te
1492 2590 1617 2647 erga
1649 2590 1735 2631 me
1755 2574 1911 2640 novi,
1935 2573 2127 2643 jubere

524 2673 657 2729 mihi
699 2681 755 2727 ut
801 2672 1067 2741 aperirem
1102 2670 1202 2724 ista
1231 2683 1339 2723 non
1381 2681 1568 2737 posses
1596 2668 1639 2734 ²,
1674 2666 1776 2721 nisi
1820 2682 1850 2720 a
1899 2664 2126 2719 Domino

523 2767 893 2838 deprecareris
921 2775 979 2820 ut
1004 2779 1239 2836 possem.
1271 2762 1426 2831 Quod
1465 2760 1733 2833 adiutorio
1762 2759 2014 2815 ﬁdentior
2046 2758 2129 2813 l‘a-

524 2870 664 2927 ctus,
693 2859 996 2931 aggredior.

593 2951 649 3004 2.
693 2952 759 3005 Et
787 2951 961 3020 primo
990 2948 1342 3004 intentionem
1368 2946 1609 3017 Apostoli
1632 2988 1647 3013 ,
1690 2960 1809 3017 quae
1834 2960 1932 3017 per
1959 2951 2127 3001 totam

525 3042 816 3112 Epistulam
841 3042 999 3113 viget,
1024 3041 1233 3105 tenebo,
1268 3054 1425 3110 quam
1451 3038 1750 3093 consulam.
1780 3037 1908 3092 Haec
1930 3044 2013 3092 est
2032 3051 2126 3090 au-

525 3141 656 3201 tem,
693 3142 749 3186 ut
771 3133 838 3187 de
864 3147 1087 3201 operum
1118 3131 1323 3185 meritis
1351 3144 1510 3185 nemo
1533 3129 1810 3199 glorietur,
1840 3127 1906 3182 de
1931 3126 2127 3196 quibus

526 3226 798 3281 audebant
834 3224 1082 3279 Israelita:
1120 3222 1370 3293 gloriari,
1403 3220 1546 3291 quod
1589 3221 1729 3275 datae
1755 3219 1856 3275 sibi
1881 3218 1984 3290 legi
2011 3232 2127 3273 ser-

528 3319 752 3385 vissent,
781 3328 833 3372 et
855 3334 921 3373 ex
941 3317 1044 3371 hoc
1070 3317 1429 3387 evangelicam
1453 3316 1677 3387 gratiam
1706 3321 1955 3385 tanquam
1978 3312 2128 3368 debi-

526 3422 635 3468 tam
667 3413 872 3467 meritis
915 3412 1027 3467 suis
1052 3411 1425 3483 percepissent
1447 3451 1463 3478 ,
1503 3410 1627 3479 quia
1656 3407 1759 3478 legi
1800 3406 2125 3463 serviebant.

526 3506 681 3564 Unde
726 3506 982 3560 nolebant
1008 3505 1252 3561 eamdem
1288 3504 1513 3574 gratiam
1543 3502 1661 3557 dari
1680 3500 1974 3565 Gentibus,
2006 3507 2127 3554 tan-

523 3612 686 3667 quam
725 3597 955 3668 indignis
994 3597 1094 3650 nisi
1137 3596 1355 3650 Judaica
1394 3600 1728 3649 sacramenta
1766 3592 2125 3661 susciperent.

524 3688 656 3752 Quae
696 3698 814 3741 orta
852 3688 1075 3754 quaestio
1124 3686 1177 3739 in
1222 3684 1603 3754 Apostolorum
1642 3682 1864 3739 Actibus
1905 3682 2131 3738 solvitur

529 3775 665 3847 (Act.
699 3776 814 3846 xv).
845 3774 964 3829 Non
991 3775 1133 3829 enim
1164 3772 1530 3843 intelligebant
1551 3813 1568 3840 ,
1613 3773 1736 3842 quia
1780 3787 1847 3829 eo
1879 3773 1996 3842 ipso
2022 3786 2130 3841 quo

525 3869 699 3942 gratia
726 3878 809 3926 est
834 3868 1161 3939 evangelica,
1193 3867 1445 3938 operibus
1475 3881 1583 3921 non
1612 3865 1873 3921 debetur:
1902 3864 2131 3933 alioquin

527 3963 696 4034 gratia
709 3962 825 4032 jam
851 3977 952 4014 non
973 3969 1045 4016 est
1073 3960 1240 4031 gratia
1269 3958 1445 4031 (Rom.
1475 3974 1529 4013 ιι
1547 4000 1562 4025 ,
1590 3956 1670 4029 6).
1698 3956 1766 4011 Ει
1794 3956 1977 4011 multis
1998 3955 2131 4013 locis

528 4058 632 4113 hoc
661 4070 804 4125 saepe
834 4063 1076 4122 testatur,
1111 4053 1233 4109 ﬁdei
1257 4054 1481 4124 gratiam
1505 4063 1824 4122 przeponens
1852 4049 2128 4120 operibus,

529 4165 636 4205 non
685 4158 743 4227 ut
769 4163 932 4218 opera
960 4146 1300 4216 exstinguat,
1346 4144 1441 4199 sed
1480 4151 1539 4199 ut
1582 4143 1833 4199 ostendat
1873 4159 1980 4199 non
2010 4157 2132 4200 esse

528 4255 692 4313 opera
728 4238 1094 4311 prmcedentia
1141 4238 1364 4308 gratiam
1384 4277 1399 4303 ,
1449 4237 1546 4292 sed
1590 4236 2019 4307 consequentia:
2075 4244 2133 4292 ut

529 4334 735 4390 scilicet
763 4348 869 4389 non
895 4348 953 4387 se
981 4332 1207 4403 quisque
1230 4330 1520 4385 arbitretur
1544 4329 1666 4386 ideo
1685 4330 1993 4401 percepisse
2009 4343 2132 4401 gra-

532 4425 693 4491 tiam,
720 4425 843 4495 quia
880 4425 1018 4480 bene
1041 4431 1293 4494 operatus
1339 4431 1422 4478 est
1447 4438 1461 4489 ;
1494 4422 1589 4478 sed
1615 4422 1754 4478 bene
1785 4424 1998 4495 Operari
2024 4437 2132 4480 non

534 4531 692 4590 posse
713 4557 730 4584 ,
757 4517 860 4571 nisi
888 4531 982 4586 per
1003 4515 1163 4571 ﬁdem
1190 4515 1494 4587 perceperit
1517 4515 1763 4586 gratiam.
1814 4514 2005 4587 incipit
2031 4530 2132 4572 au-

534 4617 645 4665 tem
674 4609 837 4666 homo
861 4610 1140 4680 percipere
1159 4610 1383 4682 gratiam
1405 4652 1421 4678 ,
1448 4625 1519 4665 ex
1539 4624 1648 4681 quo
1673 4609 1860 4681 incipit
1881 4611 1994 4668 Deo
2015 4626 2136 4668 cre-

532 4701 698 4771 dere,
724 4702 809 4759 vel
839 4703 1050 4758 interna
1082 4702 1167 4757 vel
1191 4710 1410 4758 externa
1437 4701 1803 4769 admonitione
1844 4712 2023 4759 motus
2065 4703 2134 4759 ad

532 4792 718 4851 ﬁdem.
744 4793 852 4850 Sed
882 4794 1104 4848 interest
1129 4792 1321 4863 quibus
1347 4791 1590 4849 articulis
1612 4801 1913 4865 temporum
1939 4795 2025 4850 vel
2046 4809 2136 4851 ce-

534 4884 835 4942 lebratione
862 4893 1317 4941 sacramentorum
1340 4886 1511 4955 gratia
1533 4887 1741 4957 plenior
1759 4893 1813 4943 et
1838 4886 2135 4945 evidentior

534 4976 866 5035 infundatur.
897 4977 1012 5033 Non
1037 4978 1182 5033 enim
1205 4978 1577 5035 catechumeni
1607 4994 1715 5035 non
1741 4979 2002 5051 credunt,
2044 4990 2137 5037 aut

535 5086 666 5128 vero
703 5069 987 5127 Cornelius
1026 5084 1137 5124 non
1161 5069 1415 5125 credebat
1438 5070 1582 5136 Deo,
1615 5084 1737 5127 cum
1776 5070 2135 5143 eleemosynis

536 5170 595 5219 et
620 5161 951 5218 orationibus
978 5159 1197 5232 dignum
1222 5175 1281 5216 se
1305 5160 1570 5231 praeberet
1597 5161 1685 5217 cui
1710 5161 1930 5233 angelus
1955 5161 2137 5219 mitte-
2162 5176 2163 5179 ‘

537 5263 689 5312 retur
720 5254 855 5328 (Act.
889 5272 926 5310 ι
945 5296 963 5323 ,
995 5254 1116 5325 Μ)
1142 5272 1156 5309 :
1196 5252 1292 5310 sed
1317 5254 1463 5310 nullo
1492 5253 1654 5310 modo
1674 5254 1776 5310 ista
1800 5263 2133 5326 operaretur,

538 5345 645 5404 nisi
673 5354 798 5402 ante
826 5346 1176 5415 credidisset;
1205 5346 1351 5403 nullo
1376 5344 1538 5402 modo
1566 5352 1748 5402 autem
1779 5345 2133 5416 credidisset,

494 5508 501 5547 ³
552 5592 564 5599 _
582 5594 592 5599 _
607 5523 781 5599 inmiti
802 5537 913 5576 cum
934 5526 1136 5599 vulgata
1151 5528 1520 5599 consentientes
1532 5533 1662 5599 _:.Non
1679 5526 1834 5599 solum
1852 5534 2013 5599 autem
2030 5525 2135 5599 illa.

541 5592 601 5661 ei
614 5592 750 5661 ille».
765 5587 1122 5661 wuveeieﬁtes
1141 5602 1253 5661 ρυεη
1269 5599 1429 5661 sfw
1450 5587 1666 5661 ξφαίριιρ
1682 5590 2135 5661 eminesddunt.

538 5646 648 5721 ﬁla.
670 5650 1027 5721 cujusqpidem
1049 5652 1182 5721 vocis
1201 5646 1309 5700 locis
1331 5652 1382 5699 in
1629 5650 1791 5721 latinis
1808 5651 1969 5721 Bibliis
1986 5646 2137 5721 repe;

541 5712 647 5761 rire
671 5717 775 5780 est_,
790 5711 913 5780 :
936 5711 1027 5780 sed
1044 5720 1270 5762 neutram
1292 5724 1464 5780 vocem
1483 5711 1672 5777 legisse
1694 5714 1888 5780 videtur
1912 5711 2137 5780 angusti-

543 5785 659 5832 nus,
680 5774 777 5843 qui.
790 5770 884 5843 hic,
903 5770 1582 5843 ~n._.">_,_pu‘tatproposititiuem
1603 5790 1615 5824 :
1641 5784 1743 5827 Non
1763 5776 1917 5829 solum
1938 5770 2098 5830 autem

545 5814 2136 5913 ξοῖρῑεεεξάιίιῑμξῑιεεῶιῖίέῑιὲνῖειιῑῗιέρξὲῥιέῖῶέὲυεἬ’

614 5896 637 5933 ⁸
668 5901 741 5952 διο
757 5901 864 5946 Mss.
888 5895 1009 5946 Edttt
1029 5908 1167 5959 vero,
1194 5908 1396 5959 possem.

852 5932 864 5945 ο
888 5932 1009 5946 υυιιιι
1039 5932 1167 5959 Ινιν,
1194 5932 1396 5959 μνννυισυρ

1047 432 1135 489 DE
1177 428 1488 488 DlVEllSlS
1522 422 2045 499 QUIESTIONIBUS
2083 423 2175 481 AD
2210 417 2718 491 SIMPLICIANUM,
2758 419 2818 478 S.
2859 414 3225 479 AUGUSTINI

3717 414 3833 475 “2

2227 537 2331 594 nisi
2356 537 2442 596 vel
2461 537 2682 594 secretis
2709 550 2809 609 per
2833 535 2947 591 visa
2967 533 3164 591 mentis
3189 538 3281 587 aut
3303 527 3520 602 spiritus
3536 570 3553 598 ,
3584 527 3669 586 vel
3702 546 3828 589 ma-

2224 629 2590 689 nifestioribus
2612 643 2709 702 per
2727 641 2920 686 sensus
2937 627 3178 698 corporis
3195 622 3648 681 admonitionibus
3664 637 3832 682 voca-

2227 731 2395 778 retur.
2418 722 2526 779 Sed
2546 722 2601 777 in
2629 719 2949 794 quibusdam
2977 726 3123 775 tanta
3143 725 3227 774 est
3250 716 3418 789 gratia
3439 714 3597 781 ﬁdei,
3621 723 3830 786 quanta

2229 830 2335 872 non
2376 815 2572 872 sufllcit
2597 814 2666 871 ad
2702 812 3051 871 obtinendum
3093 827 3315 884 regnum
3343 809 3645 877 caelorum;
3683 809 3832 866 sicut

2229 909 2284 965 in
2306 908 2726 977 catechumenis,
2753 908 2893 965 sicut
2916 907 2971 963 in
2997 906 3116 978 ipso
3139 905 3388 961 Cornelio
3411 912 3698 975 antequam
3723 902 3831 960 Sa-

2228 1010 2624 1059 cramentorum
2654 999 3061 1073 participatione
3080 998 3515 1070 incorporaretur
3544 996 3827 1054 Ecclesiae.

2229 1094 2288 1151 In
2313 1095 2633 1166 quibusdam
2661 1110 2793 1152 vero
2830 1102 2975 1150 tanta
3000 1101 3117 1160 est,
3147 1101 3206 1147 ut
3224 1092 3334 1163 jam
3371 1090 3584 1161 corpori
3619 1088 3828 1147 Christi

2228 1193 2286 1241 et
2308 1195 2495 1243 sancto
2522 1186 2618 1242 Dei
2658 1186 2860 1257 templo
2901 1184 3241 1255 deputentur.
3272 1181 3540 1252 Templum
3564 1182 3700 1237 enim
3727 1179 3832 1236 Dei

2228 1284 2459 1333 sanctum
2500 1286 2608 1343 est,
2639 1277 2810 1348 inquit
2835 1275 3158 1347 Apostolus,
3202 1272 3337 1343 quod
3375 1272 3492 1329 estis
3516 1288 3601 1329 uos
3634 1271 3679 1345 (ι
3701 1272 3828 1328 Cor.

2229 1372 2321 1435 ni,
2348 1367 2464 1441 l7).
2497 1369 2567 1425 Et
2589 1369 2706 1441 ipse
2745 1368 3003 1425 Dominus
3021 1408 3036 1435 ,
3073 1365 3193 1423 Nisi
3217 1366 3331 1438 quis
3357 1374 3563 1420 renatus
3587 1365 3738 1437 fuerit
3761 1380 3835 1420 ea:

2228 1477 2364 1533 aqua
2385 1470 2432 1517 et
2458 1460 2660 1534 Spiritu
2684 1469 2879 1529 sancto,
2907 1476 3010 1516 non
3036 1458 3244 1514 intrabit
3267 1458 3321 1514 in
3350 1472 3561 1529 regnum
3583 1456 3832 1513 caelorum

2231 1550 2411 1625 (Joan.
2442 1569 2521 1619 ιιι,
2548 1552 2630 1625 5).
2660 1553 2822 1609 Fiunt
2846 1567 2976 1625 ergo
3005 1550 3375 1608 inchoationes
3402 1548 3648 1620 quaedam
3675 1547 3828 1614 ﬁdei,

2227 1643 2670 1713 conceptionibus
2712 1642 2915 1699 similes
2949 1657 2965 1698 :
2997 1657 3106 1699 non
3153 1648 3330 1696 tamen
3359 1640 3532 1697 solum
3570 1638 3781 1709 concipi
3806 1678 3828 1705 ,

2229 1734 2326 1790 sed
2349 1733 2512 1789 etiam
2541 1734 2688 1789 nasci
2716 1748 2851 1805 opus
2876 1742 2958 1788 est
2974 1775 2990 1798 ,
3020 1741 3084 1789 ut
3105 1731 3175 1788 ad
3194 1731 3359 1788 vitam
3386 1730 3727 1801 perveniatur
3752 1745 3834 1786 ιε-

2230 1831 2459 1880 ternam.
2487 1823 2631 1879 Nihil
2658 1833 2835 1881 tamen
2866 1823 3058 1880 horum
3100 1823 3219 1880 sine
3243 1822 3414 1894 gratia
3440 1819 3836 1878 misericordias

2230 1915 2327 1971 Dei
2359 1933 2374 1971 :
2406 1915 2530 1987 quia
2558 1924 2616 1973 et
2638 1930 2800 1986 opera
2825 1916 2872 1971 si
2898 1930 3003 1985 qua
3033 1922 3158 1970 sunt
3182 1914 3321 1975 bona
3342 1953 3358 1980 ,
3385 1919 3787 1983 consequuntur
3808 1950 3833 1978 ,

2231 2016 2290 2063 ut
2312 2008 2516 2065 dictum
2541 2016 2644 2075 est,
2677 2007 2821 2063 illam
2843 2007 3093 2078 gratiam,
3116 2005 3577 2077 nonprtecedunt.

2302 2101 2357 2159 5.
2396 2100 2568 2169 Quam
2597 2116 2711 2157 rem
2754 2099 3077 2171 persuadere
3113 2099 3403 2169 Apostolus
3442 2098 3659 2163 volens,
3700 2095 3836 2167 quia
3882 2126 3887 2130 ~

2231 2192 2369 2250 sicut
2393 2194 2501 2248 alio
2522 2192 2642 2248 loco
2665 2193 2813 2259 dicit,
2845 2191 3022 2247 Gratia
3041 2192 3173 2246 enim
3194 2190 3294 2245 Dei
3315 2190 3445 2246 salvi
3472 2190 3597 2262 facti
3621 2205 3795 2245 sumus
3810 2203 3838 2254 ;

2230 2294 2278 2341 et
2308 2288 2326 2319 ί
2356 2302 2459 2340 non
2485 2302 2548 2341 ea:
2576 2284 2739 2349 nobis,
2762 2284 2850 2339 sed
2877 2282 2976 2338 Dei
3003 2283 3192 2337 donum
3216 2291 3289 2338 est
3312 2298 3331 2337 :
3355 2299 3457 2337 non
3480 2299 3545 2338 ea:
3568 2281 3836 2353 operibus,

2232 2394 2296 2433 ne
2320 2381 2451 2451 forte
2489 2376 2602 2445 quis
2634 2375 2910 2430 extollatur
2944 2372 3161 2446 (Ephes.
3202 2388 3271 2440 ιι,
3302 2374 3337 2429 8
3356 2414 3373 2441 ,
3410 2372 3499 2443 9);
3527 2372 3597 2428 de
3623 2372 3708 2428 his
3738 2373 3839 2445 qui

2231 2466 2469 2522 nondum
2497 2464 2607 2520 nati
2640 2473 2829 2532 erant,
2866 2464 3248 2519 documentum
3277 2462 3444 2519 dedit.
3484 2460 3654 2519 Nemo
3681 2464 3838 2521 enim

2233 2566 2417 2629 posset
2433 2556 2615 2613 dicere
2638 2554 2781 2627 quod
2802 2555 3057 2625 operibus
3077 2562 3446 2625 promeruerat
3472 2554 3640 2611 Deum
3664 2553 3838 2613 Jacob

2231 2648 2471 2704 nondum
2502 2657 2657 2703 natus
2682 2689 2697 2714 ,
2728 2655 2788 2701 ut
2810 2646 3065 2701 divinitus
3090 2645 3382 2710 diceretur,
3411 2645 3479 2700 Et
3518 2647 3686 2716 major
3723 2663 3841 2702 ser-

2232 2742 2329 2798 viet
2353 2742 2557 2796 minori.
2587 2741 2751 2812 Ergo,
2778 2739 2904 2794 Non
2930 2739 3118 2806 soluat,
3143 2738 3334 2810 inquit,
3367 2737 3514 2793 Isaac
3532 2737 3838 2809 promissus

2232 2842 2344 2901 est,
2387 2850 2507 2890 eum
2539 2833 2740 2889 dictum
2766 2841 2881 2901 est,
2910 2831 2993 2885 Ad
3020 2833 3116 2885 hoc
3142 2841 3339 2902 tempus
3375 2832 3573 2886 ueniam
3594 2872 3610 2898 ,
3649 2840 3696 2886 et
3734 2833 3839 2888 erit

2231 2926 2385 2981 Sara:
2423 2926 2561 2995 [ilius
2588 2942 2608 2980 :
2633 2925 2720 2995 qui
2752 2924 2933 2995 utique
2974 2923 3135 2978 nullis
3178 2922 3432 2993 operibus
3461 2931 3841 2993 promeruerat

2232 3014 2424 3081 Deum,
2452 3024 2511 3069 ut
2539 3016 2841 3070 nasciturus
2871 3014 3306 3085 promitteretur,
3340 3023 3397 3068 ut
3423 3014 3475 3068 in
3500 3012 3647 3071 Isaac
3670 3029 3838 3071 voca-

2233 3114 2382 3162 retur
2410 3120 2597 3159 semen
2621 3105 2888 3170 Abralue;
2921 3105 2974 3159 id
3000 3113 3116 3172 est,
3146 3104 3222 3159 illi
3260 3105 3592 3175 pertinerent
3615 3105 3681 3162 ad
3707 3120 3838 3164 sor-

2235 3202 2343 3252 tem
2365 3204 2674 3251 sanctorum
2697 3212 2816 3266 quae
2838 3196 2891 3251 in
2913 3196 3129 3252 Christo
3151 3204 3258 3262 est,
3280 3197 3372 3267 qui
3392 3214 3451 3253 se
3474 3197 3839 3271 intelligerent

2230 3292 2374 3351 ﬁlios
2402 3292 2775 3363 promissionis
2795 3332 2811 3357 ,
2840 3306 2946 3345 non
2972 3290 3341 3360 superbientes
3365 3292 3433 3347 de
3462 3293 3663 3348 meritis
3691 3294 3835 3364 suis,

2234 3384 2332 3441 sed
2370 3383 2558 3455 gratiae
2604 3383 2943 3439 vocationis’
2972 3381 3289 3452 deputantes
3332 3383 3476 3455 quod
3521 3383 3844 3441 cohaeredes

2234 3484 2421 3532 essent
2446 3474 2682 3538 Christi;
2714 3488 2836 3529 cum
2869 3472 3014 3529 enim
3054 3474 3378 3545 promissum
3403 3481 3487 3531 est
3524 3485 3582 3529 ut
3612 3483 3840 3544 essent,

2234 3569 2370 3626 nihil
2417 3569 2600 3638 utique
2646 3576 2954 3623 meruerant
2983 3567 3071 3637 qui
3122 3568 3359 3623 nondum
3408 3577 3561 3624 erant
3609 3586 3622 3623 :
3668 3569 3759 3624 sed
3789 3579 3846 3625 et

2235 3659 2464 3714 Rebecca
2507 3675 2571 3714 ea:
2604 3675 2705 3741 uno
2743 3658 3009 3713 concubitu
3047 3658 3236 3714 habens
3264 3657 3416 3713 Isaac
3455 3661 3616 3730 patris
3651 3662 3841 3717 nostri.

2237 3751 2656 3822 Vigilantissime
2697 3752 2809 3819 ait,
2857 3768 2921 3806 ea:
2960 3768 3060 3806 uno
3107 3751 3375 3808 concubitu
3421 3752 3642 3824 (gemini
3688 3757 3846 3814 enim

2237 3845 2485 3915 concepti
2519 3845 2696 3915 erant)
2726 3861 2738 3899 :
2772 3859 2842 3901 ne
2869 3845 2954 3901 vel
2982 3846 3220 3915 paternis
3246 3847 3452 3904 meritis
3489 3847 3843 3921 tribueretur,

2237 3936 2283 3990 si
2308 3936 2590 4006 quisquam
2620 3934 2758 3993 forte
2784 3936 3022 4002 diceret,
3054 3936 3180 3993 Ideo
3206 3938 3327 3996 talis
3357 3947 3513 3996 natus
3541 3947 3627 3996 est
3655 3940 3845 4013 ﬁlius,

2237 4029 2361 4100 quia
2391 4038 2543 4099 pater
2580 4029 2652 4083 ita
2694 4038 2811 4085 erat
2850 4029 3072 4086 aﬁ'ectus
3100 4029 3195 4085 illo
3223 4030 3278 4087 in
3307 4038 3550 4103 tempore
3576 4048 3683 4105 quo
3705 4048 3845 4092 eum

2238 4122 2378 4178 sevit
2404 4122 2458 4177 in
2490 4130 2645 4178 utero
2671 4124 2890 4189 matris;
2921 4131 3013 4177 aut
3037 4123 3109 4177 ita
3136 4131 3254 4179 erat
3277 4134 3450 4181 mater
3468 4125 3678 4195 affecta,
3709 4142 3849 4184 cum

2237 4228 2362 4271 eum
2389 4214 2658 4283 concepit.
2700 4213 2872 4269 Simul
2898 4212 3043 4268 enim
3088 4215 3277 4271 ambos
3316 4231 3424 4272 uno
3462 4226 3704 4289 tempore
3746 4219 3853 4278 illo

2238 4308 2398 4375 sevit,
2430 4306 2622 4363 eodem
2650 4315 2889 4377 tempore
2910 4307 2999 4363 illa
3021 4308 3287 4381 concepit.
3319 4310 3403 4366 Ad
3436 4310 3539 4366 hoc
3557 4298 3851 4368 commené-

2238 4399 2472 4457 dandum
2497 4400 2592 4468 ait,
2621 4415 2686 4455 ea:
2703 4416 2806 4456 uno
2834 4400 3137 4467 concubitu;
3160 4410 3219 4458 ut
3247 4416 3350 4459 nec
3370 4403 3654 4475 astrologis
3677 4404 3853 4462 daret

2237 4492 2438 4558 locum,
2460 4492 2545 4547 vel
2569 4492 2650 4548 eis
2669 4492 2847 4562 potius
2866 4507 3002 4564 quos
3022 4494 3387 4565 genethliacos
3408 4495 3851 4568 appellaverunt,

2240 4583 2333 4653 qui
2358 4582 2427 4639 de
2458 4582 2724 4641 natalibus
2763 4585 3098 4641 nascentium
3126 4601 3309 4643 mores
3342 4595 3399 4643 et
3423 4597 3616 4646 eventa
3650 4590 3857 4661 conje-

2241 4682 2410 4732 ctant.
2434 4673 2574 4743 Quid
2602 4675 2747 4731 enim
2776 4676 2979 4745 dicant,
3001 4690 3099 4733 cur
3115 4692 3222 4733 una
3242 4681 3594 4752 conceptione
3610 4682 3711 4740 sub
3730 4697 3858 4741 uno

2242 4768 2426 4839 utique
2453 4767 2711 4840 temporis
2754 4777 2986 4839 puncto,
3027 4770 3216 4827 eadem
3256 4770 3610 4842 dispositione
3635 4774 3759 4831 οωΙί
3788 4783 3858 4832 et

2241 4860 2514 4927 siderum,
2558 4868 2617 4916 ut
2660 4860 2871 4918 diversa
2913 4862 3137 4935 singulis
3175 4865 3421 4920 annotari
3463 4866 3686 4922 omnino
3728 4880 3855 4923 non

2242 4960 2503 5024 possent,
2555 4961 2702 5009 tanta
2760 4954 2813 5008 in
2872 4953 2977 5011 illis
3020 4953 3251 5025 geminis
3307 4956 3590 5015 diversitas
3636 4944 3865 5029 fuerit:

2243 5059 2464 5118 prorsus
2506 5058 2612 5100 non
2657 5046 2935 5103 inveniunt
2976 5064 2990 5101 :
3033 5054 3090 5102 et
3117 5047 3269 5105 facile
3294 5049 3767 5119 animadvertunt,
3799 5056 3857 5109 sl

2244 5139 2464 5205 volunt,
2494 5153 2752 5209 responsa
2780 5138 2867 5194 illa
2897 5152 3019 5210 qua:
3044 5140 3259 5196 miseris
3299 5141 3606 5209 venditant,
3637 5141 3856 5200 nullius

2244 5232 2377 5288 artis
2400 5231 2752 5302 expositione,
2782 5231 2876 5286 sed
2896 5230 3114 5287 fortuita
3133 5232 3440 5304 suspicione
3458 5232 3708 5306 proferri.
3734 5233 3856 5291 Sed

2246 5334 2305 5381 ut
2331 5323 2399 5381 de
2425 5338 2484 5379 re
2507 5338 2629 5394 quae
2651 5324 2823 5395 agitur
2849 5325 3026 5395 potius
3054 5326 3337 5398 loquamur
3354 5369 3370 5395 ,
3402 5327 3469 5384 ad
3494 5327 3852 5400 frangendam

2246 5427 2406 5489 atque
2445 5416 2798 5487 dejiciendam
2846 5419 3151 5489 superbiam
3190 5420 3471 5480 hominum
3511 5424 3854 5496 ingratorum

2246 5511 2432 5582 gratiae
2474 5512 2603 5579 Dei,
2636 5519 2689 5567 et
2726 5510 3038 5569 audentium
3075 5514 3292 5586 gloriari
3332 5516 3402 5573 de
3451 5516 3656 5574 meritis
3697 5519 3856 5588 suis,

2247 5602 2347 5659 ista
2375 5612 2885 5662 commemorantur.
2909 5604 3036 5663 Cum
3063 5606 3199 5664 enim
3218 5608 3445 5665 nondum
3470 5608 3579 5664 nati
3604 5610 3853 5682 tulissent,

2311 5782 2327 5815 ί
2364 5780 3210 5856 Isthmeserbagaratiaenimoei
3245 5782 3368 5835 salui
3392 5784 3515 5847 facti
3557 5791 3861 5854 uanus,‘

2246 5843 2425 5895 desunt
2446 5846 2523 5893 hic
2547 5846 2593 5894 in
2618 5852 2690 5893 Fr.
2708 5851 2761 5895 et
2783 5845 3033 5910 plerisque
3052 5853 3157 5910 Mss.

2312 5910 2332 5941 ³
2367 5913 2440 5956 Er.
2460 5915 2512 5959 et
2540 5914 2744 5972 quatuor
2776 5905 2905 5971 5455.,
2935 5905 3108 5972 grate
3138 5905 3384 5965 mediani.
