4000 6336
173 319 271 379 ll!

173 451 324 506 neque
339 431 538 506 aliquid
556 432 782 505 egissent
806 433 1001 489 bonum
1021 431 1098 488 vel
1125 430 1337 499 ntalem,
1368 447 1471 486 non
1508 445 1572 486 ex
1605 427 1778 500 operi«

177 534 259 586 ius
283 571 300 595 ,
332 530 424 584 sed
450 543 515 583 α
542 536 757 584 vocante
785 527 986 582 dictum
1009 535 1080 582 est
1113 527 1190 593 ei,
1217 525 1352 593 Quia
1395 527 1561 599 major
1602 524 1780 578 seruiet

175 622 375 678 minori.
416 619 681 678 Vocantis
718 629 809 677 est
853 635 987 692 ergo
1022 619 1220 692 gratia;
1263 619 1606 690 percipientis
1650 631 1782 674 vero

176 714 399 785 gratiam
424 721 832 784 consequenter
854 722 982 769 sunt
1004 725 1165 783 opera
1191 710 1351 778 bons,
1382 727 1489 766 non
1513 725 1632 782 qua:
1656 724 1781 780 gra-

179 808 303 863 tiam
326 806 581 879 pariant,
612 805 710 863 sed
735 822 863 879 quae
889 805 1056 877 gratia
1083 805 1375 876 pariantur.
1402 804 1519 860 Non
1550 804 1693 861 enim
1724 810 1783 858 ut

178 898 380 956 ferveat
404 897 656 955 calefacit
674 897 819 969 ignis
839 938 857 965 ,
882 896 981 955 sed
1007 896 1130 969 quia
1150 897 1351 961 fervet;
1374 913 1473 952 nec
1500 895 1620 953 ideo
1644 895 1783 951 bene

178 992 341 1048 currit
374 999 503 1048 rota
526 998 588 1047 nt
610 989 846 1047 rotunda
871 991 977 1058 sit,
1008 989 1102 1046 sed
1135 989 1259 1061 quia
1289 988 1518 1045 rotunda
1543 996 1626 1045 est
1657 1003 1672 1042 :
1704 985 1783 1043 sic

178 1096 335 1140 nemo
360 1091 654 1155 propterea
684 1081 830 1139 bene
865 1091 1120 1153 operatur
1157 1089 1215 1137 ut
1255 1081 1480 1152 accipiat
1518 1079 1779 1152 gratiam,

179 1176 269 1235 sed
294 1177 424 1248 quia
448 1176 681 1248 accepit.
704 1175 992 1245 Quomodo
1012 1175 1156 1231 enim
1196 1183 1373 1245 potest
1395 1172 1541 1245 juste
1566 1173 1746 1229 vivere
1761 1211 1778 1240 ,

178 1269 265 1340 qui
309 1282 423 1324 non
466 1266 628 1323 fuerit
649 1266 1012 1338 justiﬁcatus?
1044 1264 1315 1338 quomodo
1346 1273 1532 1322 sancte
1570 1264 1778 1332 vivere,

179 1361 265 1433 qni
289 1376 400 1416 non
428 1360 597 1417 fuerit
624 1359 1028 1417 sanctiﬁcatus?
1052 1359 1138 1416 vel
1162 1358 1385 1416 omnino
1410 1359 1593 1415 vivere
1621 1358 1663 1425 ί,
1690 1356 1782 1427 qui

182 1468 279 1508 non
312 1451 484 1509 fuerit
520 1450 867 1508 viviﬁcatus?
890 1450 1154 1508 Justiﬁcat
1175 1459 1356 1507 autem
1383 1449 1551 1522 gratia
1569 1487 1586 1515 ,
1612 1457 1671 1503 ut
1694 1446 1783 1518 ju-

182 1546 440 1604 stiﬁcatus
472 1546 649 1617 possit
673 1546 858 1602 vivere
875 1545 1041 1616 juste.
1069 1544 1249 1601 Prima
1274 1553 1360 1600 est
1386 1543 1546 1615 igitur
1573 1541 1741 1613 gratia
1762 1582 1777 1608 ,

182 1639 411 1699 munda
434 1654 613 1711 opera
637 1638 780 1695 bona
803 1640 825 1671 ⁸
850 1656 865 1694 :
899 1640 1038 1695 sicut
1063 1637 1170 1694 alio
1197 1638 1318 1694 loco
1343 1636 1490 1703 dicit,
1517 1634 1584 1690 Ei
1612 1644 1782 1690 autem

178 1737 264 1807 qui
279 1743 545 1805 operatur,
577 1749 767 1788 Μαι
796 1748 898 1787 non
924 1733 1205 1802 imputatur
1233 1729 1511 1784 secundum
1539 1729 1778 1801 gratiam,

178 1829 261 1884 sed
284 1826 576 1883 secundm
599 1826 823 1881 debitum
844 1824 1022 1899 (Rom.
1053 1839 1127 1892 tv,
1156 1821 1233 1894 4).
1265 1822 1421 1879 Sicut
1445 1821 1534 1877 illa
1560 1821 1781 1877 immor-

181 1920 346 1974 talitas
374 1926 507 1989 post
534 1931 702 1989 opera
728 1915 869 1972 bona
891 1957 907 1983 ,
948 1915 993 1969 si
1035 1923 1215 1970 tamen
1241 1913 1327 1969 vel
1359 1912 1474 1983 ipsa
1501 1926 1571 1968 ex
1598 1908 1781 1968 debito

176 2010 416 2083 poscitur
453 2025 470 2062 :
509 2009 651 2065 sicut
689 2007 833 2064 idem
876 2007 990 2074 ait,
1021 2004 1221 2061 Bonum
1264 2014 1516 2059 certamen
1554 2003 1739 2059 certari
1759 2044 1777 2071 ,

178 2120 383 2159 mum
403 2102 754 2159 conseruari
771 2141 789 2169 ,
820 2102 976 2171 ﬁdem
1003 2100 1231 2165 servari;
1255 2098 1318 2153 de
1345 2108 1526 2153 cauere
1552 2104 1781 2167 superest

176 2199 299 2253 sibi
322 2214 529 2253 corona
538 2198 746 2268 justitite
764 2235 782 2264 ,
804 2211 961 2267 quam
988 2193 1160 2249 reddet
1188 2194 1314 2248 mihi
1343 2191 1596 2246 Dominus
1615 2191 1669 2245 in
1689 2189 1781 2245 illa

179 2292 252 2345 die
275 2292 471 2362 justas
493 2290 661 2361 jam
682 2289 764 2360 (ll
788 2287 924 2342 Tim.
960 2303 1045 2351 tv,
1072 2287 1103 2341 7
1123 2326 1139 2352 ,
1175 2285 1256 2356 8).
1296 2285 1459 2340 Forte
1487 2283 1631 2339 enim
1655 2282 1781 2354 quia

177 2384 325 2452 dixit,
346 2383 536 2439 reddet
557 2425 575 2450 ,
600 2384 712 2453 jam
736 2382 795 2438 ﬁt
812 2397 881 2438 ex
907 2380 1086 2438 debito
1113 2380 1155 2434 ³.
1186 2379 1323 2435 Cum
1346 2392 1478 2434 vero
1506 2377 1780 2433 ascendens

174 2477 227 2530 in
244 2474 406 2529 altum
432 2476 711 2546 captivavit
741 2474 1079 2545 captivitatem
1098 2512 1113 2538 ,
1144 2485 1250 2527 non
1273 2469 1538 2535 reddidit,
1571 2467 1665 2525 sed
1692 2468 1781 2522 de-

180 2570 252 2624 dit
290 2570 424 2623 done
462 2569 756 2624 hominibus
800 2566 1019 2638 (Ephes.
1059 2581 1142 2632 tv,
1171 2564 1251 2636 8).
1282 2563 1438 2621 Unde
1479 2562 1622 2619 enim
1664 2562 1781 2633 ipse

181 2662 471 2732 Apostolus
506 2670 765 2732 tanquam
805 2657 1046 2715 debitum
1086 2657 1239 2713 reddi
1265 2656 1367 2712 sibi
1394 2664 1777 2727 praesumeret,

184 2755 277 2811 nisi
306 2756 463 2825 prius
492 2753 794 2810 indebitam
822 2752 1049 2825 gratiam
1075 2752 1443 2823 percepisset,
1480 2764 1584 2821 qua
1617 2748 1779 2819 justi-

182 2847 365 2903 ﬁestus
389 2847 604 2904 bonum
633 2861 862 2919 agonem
893 2845 1163 2902 certaret?
1207 2843 1330 2900 Fuit
1357 2843 1501 2900 enim
1530 2842 1782 2914 blasphe-

184 2954 293 2996 mus
316 2950 374 2996 et
405 2949 734 3011 persecutor
769 2948 827 2995 et
854 2938 1177 3009 iniuriosus;
1219 2935 1315 2993 sed
1354 2935 1780 2992 misericordiam

184 3040 506 3088 miscentes
528 3040 651 3101 est,
675 3038 736 3086 ut
759 3030 875 3102 ipse
903 3037 1129 3086 testatur
1156 3028 1208 3102 (l
1236 3027 1373 3084 Tim.
1405 3043 1457 3095 ι,
1486 3026 1577 3101 la)
1613 3044 1626 3082 :
1658 3041 1781 3084 cre-

185 3123 306 3180 dens
342 3125 535 3196 utique
576 3124 635 3180 in
675 3138 801 3179 eum
839 3123 930 3195 qui
969 3120 1262 3193 justiﬁcat,
1303 3135 1411 3177 non
1453 3119 1599 3191 pium
1623 3161 1639 3189 ,
1682 3117 1779 3176 sed

186 3218 393 3290 inpiam
428 3217 618 3291 (Rom.
654 3232 714 3274 tv
734 3258 751 3284 ,
779 3216 866 3288 5),
898 3226 956 3271 ut
986 3213 1328 3286 iustiﬁcando
1356 3213 1503 3285 pium
1530 3212 1705 3269 iaciat.

245 3312 298 3367 4.
326 3310 457 3366 Non
498 3326 566 3365 ea:
601 3308 839 3381 operibus
859 3348 876 3376 ,
903 3308 1108 3379 inquit,
1137 3305 1229 3363 sed
1257 3322 1320 3362 ea:
1346 3314 1555 3361 vocante
1591 3305 1782 3361 dictum

186 3412 251 3461 est
267 3404 329 3472 ei,
356 3402 505 3470 Quia
524 3402 699 3474 major
718 3400 897 3457 serviet
916 3399 1121 3454 minori.
1145 3397 1230 3454 Ad
1257 3397 1362 3455 hoc
1385 3397 1616 3468 pertinet
1640 3395 1783 3468 quod

188 3499 291 3568 sit,
318 3496 449 3555 Cana
497 3496 636 3553 enim
676 3494 907 3552 nondum
946 3492 1051 3548 nati
1094 3491 1345 3564 fuissent,
1392 3505 1551 3561 neque
1585 3488 1784 3560 aliquid

184 3591 391 3662 spissat
434 3588 635 3644 bonum
671 3596 762 3641 aut
799 3585 1026 3651 malum;
1065 3592 1124 3640 ut
1164 3590 1346 3654 posset
1374 3581 1516 3648 dici,
1561 3580 1683 3636 Non
1719 3596 1784 3636 es

185 3683 442 3753 clpa-ibus,
471 3681 565 3736 sed
602 3696 667 3735 ea
704 3687 932 3735 vocante.
960 3675 1115 3734 Unde
1141 3675 1379 3732 occurrit
1415 3674 1596 3731 animo
1636 3689 1785 3745 qure-

186 3787 319 3840 rere,
347 3788 451 3829 cur
479 3771 703 3838 dixerit,
738 3769 808 3827 Ut
836 3768 1113 3825 secundum
1141 3767 1431 3824 electionem
1469 3766 1785 3838 propositum

186 3865 277 3921 Dei
292 3874 525 3921 met
540 3865 569 3919 2
587 3862 873 3933 Quomodo
893 3869 977 3918 est
993 3861 1137 3918 enim
1160 3860 1327 3931 iusta,
1352 3866 1446 3914 aut
1464 3858 1786 3929 qualiscum-

186 3972 282 4029 que
306 3959 540 4014 omnino
578 3955 810 4023 electio,
842 3952 930 4010 ubi
959 3952 1102 4008 nulla
1127 3949 1380 4008 distantia
1408 3949 1531 4006 est?
1554 3949 1612 4006 Si
1640 3949 1784 4006 enim

185 4050 329 4106 nullo
364 4050 569 4106 merito
596 4046 802 4103 electus
825 4054 911 4103 est
935 4043 1101 4102 Jaeob
1124 4042 1360 4099 nondum
1385 4049 1543 4098 natus
1571 4051 1628 4099 et
1652 4041 1786 4099 nihil

183 4151 461 4213 operatus,
494 4155 599 4198 nec
618 4139 840 4196 omnino
868 4138 990 4209 eligi
1020 4136 1193 4208 potuit
1216 4135 1363 4192 nulla
1391 4134 1656 4191 existente
1680 4133 1787 4190 dit-

185 4236 408 4293 ierentia
436 4249 549 4308 qua
577 4233 891 4305 eligeretur.
933 4230 1066 4288 Item
1105 4230 1152 4285 si
1189 4229 1338 4285 nullo
1364 4229 1557 4286 merito
1583 4227 1787 4299 impro-

184 4326 340 4384 batus
373 4336 467 4382 est
496 4326 678 4393 Esau,
714 4324 839 4396 quia
868 4332 923 4379 et
948 4323 1063 4395 ipse
1102 4320 1341 4378 nondum
1381 4328 1538 4377 natus
1572 4326 1629 4376 et
1654 4318 1789 4376 nihil

185 4428 441 4491 quatas
461 4426 608 4487 erat,
637 4431 759 4473 cum
779 4415 1071 4481 diceretur,
1094 4413 1163 4469 Et
1185 4415 1351 4485 major
1367 4413 1545 4469 serviet
1565 4411 1788 4480 minori;

187 4512 463 4586 quomodo
493 4511 617 4584 ejus
645 4509 964 4582 improbatio
983 4508 1125 4580 justa
1156 4507 1261 4563 dici
1288 4507 1496 4578 potest?
1517 4505 1632 4574 Qua
1660 4519 1790 4578 ergo

188 4603 518 4661 discretione
541 4643 559 4670 ,
610 4616 718 4673 quo
759 4599 1024 4672 aequitatis
1070 4598 1318 4655 examine
1362 4596 1504 4668 quod
1548 4596 1791 4667 sequitur

188 4695 582 4767 intelligimus,
623 4691 782 4748 Iacob
818 4690 1009 4758 dilexi,
1050 4689 1192 4744 Esau
1233 4699 1403 4743 autem
1439 4688 1557 4743 odio
1595 4686 1791 4743 habui?

189 4787 339 4857 Quod
376 4786 609 4859 quidem
647 4786 908 4855 scriptum
954 4791 1038 4839 est
1079 4782 1133 4837 in
1178 4780 1437 4853 propheta
1486 4780 1581 4851 qui
1632 4779 1791 4850 longe

188 4881 459 4950 posterior
483 4877 829 4951 prophetavit
848 4918 862 4942 ,
893 4890 1051 4946 quam
1081 4874 1156 4929 illi
1187 4875 1297 4929 nati
1324 4881 1379 4929 et
1399 4872 1595 4929 mortui
1619 4880 1744 4928 sunt
1770 4889 1785 4927 :

190 4973 275 5028 sed
305 4982 497 5029 tamen
539 4971 632 5026 illa
670 4968 935 5025 sententia
970 4968 1178 5023 videtur
1205 4974 1655 5032 commemorata,
1686 4982 1790 5038 qua

190 5064 385 5122 dictum
408 5074 522 5131 est,
546 5062 620 5118 Et
646 5065 813 5135 major
832 5064 1009 5118 serviet
1035 5062 1219 5116 minori
1239 5077 1259 5126 ,'
1282 5071 1338 5117 et
1362 5069 1651 5132 antequam
1679 5061 1792 5118 nati

190 5168 239 5213 et
258 5159 470 5231 aliquid
503 5157 714 5229 operati
741 5166 944 5214 essent.
973 5154 1125 5213 Unde
1152 5155 1311 5226 igitur
1335 5157 1435 5210 ista
1461 5154 1675 5220 electio,
1703 5154 1791 5211 vel

188 5253 357 5323 mils
394 5251 634 5313 electio,
675 5249 723 5306 si
763 5247 1001 5304 nondum
1030 5248 1171 5304 natis
1208 5246 1554 5319 nondumque
1589 5244 1792 5319 aliquid

244 5437 261 5468 ⁸
294 5442 408 5487 ιω.
452 5433 772 5484 Corbeiensis
805 5439 859 5482 et
890 5432 1156 5482 Victorinus
1192 5442 1205 5480 :
1239 5429 1481 5491 Quomodo
1510 5442 1600 5480 nec
1630 5434 1794 5482 sancte

184 5498 377 5560 sisere,
428 5495 521 5561 qui
573 5508 671 5547 non
723 5493 873 5560 luerit
918 5490 1280 5557 sanctiﬁcata;
1334 5503 1422 5543 nec
1474 5490 1667 5544 marino
1720 5490 1792 5544 vi-

188 5570 674 5685 "2‘me
705 5617 924 5686 operatio
955 5615 1092 5669 bona.
1127 5624 1184 5669 At
1214 5623 1311 5668 Em.
1354 5621 1431 5667 Er.
1466 5622 1520 5667 et
1551 5623 1681 5679 uss,
1714 5628 1791 5669 se-

187 5689 341 5739 cunda
370 5700 527 5751 opera
562 5687 703 5736 bona.
1778 5742 1789 5754 .

187 5750 364 5866 ἃ
381 5749 601 5867 sim
630 5748 697 5803 sit
727 5758 797 5801 ea:
828 5743 1006 5802 debito.
1044 5748 1118 5799 Ir.
1143 5742 1292 5810 Lugd.
1329 5748 1449 5794 ven.
1484 5747 1594 5793 ιον.
1631 5748 1791 5796 secuti

1557 308 1762 369 LIBER
1800 306 2071 368 PRIMUS.

3365 336 3473 395 ιιι

1888 429 2121 498 operatis
2165 431 2312 488 nulla
2350 443 2476 492 sunt
2509 449 2780 498 momenta
2820 444 3168 505 meritorum?
3208 450 3289 507 An
3330 449 3472 512 torte

1887 531 2014 576 sunt
2049 522 2223 594 aliqua
2265 533 2608 585 naturarum?
2648 534 2769 604 quis
2797 535 2901 592 hoc
2937 537 3224 611 intelligat,
3253 558 3317 600 ex
3363 562 3473 603 uno

1887 622 2057 683 patre,
2089 630 2156 672 ex
2183 632 2286 674 una
2309 630 2509 691 matre,
2538 640 2606 679 ex
2635 641 2742 682 uno
2766 631 3071 699 concubitu,
3095 648 3162 690 ex
3185 650 3293 691 uno
3321 652 3475 695 crea-

1890 709 2045 764 tore?
2070 710 2152 766 An
2178 714 2624 783 quemadmodum
2653 734 2721 776 ex
2741 721 2926 779 eadem
2950 732 3091 782 terra
3114 728 3129 759 ¹
3154 726 3296 784 idem
3321 744 3475 786 crea-

1888 805 1973 853 tor
2015 801 2266 871 produxit
2301 804 2513 864 diversa
2553 811 2904 869 animantium
2943 826 3103 887 atque
3141 819 3474 891 gignentium

1885 903 2083 981 genera
2102 933 2118 960 ,
2144 892 2217 950 ita
2242 912 2312 953 ex
2337 899 2526 956 eodem
2558 900 2835 959 hominum
2864 906 3114 979 coniugio
3141 918 3302 981 atque
3325 926 3477 968 com-

1886 980 2046 1075 plexu
2059 985 2309 1075 produxit
2324 988 2376 1044 in
2389 993 2613 1062 geminis
2625 994 2893 1052 diversam
2912 980 3299 1069 prolem,unam
3312 1018 3475 1075 quam

1886 1074 2152 1148 diligeret,
2168 1070 2391 1139 alteram
2407 1101 2566 1157 quam
2585 1088 2819 1147 odisset?
2835 1092 2986 1149 Nulla
3006 1078 3133 1165 ergo
3154 1070 3473 1168 electidne',

1887 1176 2172 1240 antequam
2201 1184 2347 1231 esset
2370 1178 2511 1247 quod
2531 1180 2841 1250 eligeretur.
2869 1184 2924 1239 Si
2947 1186 3089 1240 enim
3110 1188 3282 1243 bonus
3304 1188 3477 1247 iactus

1887 1270 1970 1315 est
1998 1260 2182 1331 Jacob,
2210 1273 2267 1320 ut
2296 1267 2560 1337 placeret;
2586 1272 2727 1330 unde
2757 1275 2954 1344 placuit
2982 1285 3267 1349 antequam
3294 1279 3469 1351 ﬁeret,

1888 1359 1946 1405 ut
1972 1352 2144 1410 bonus
2181 1355 2365 1414 ﬁeret?
2393 1359 2510 1417 Non
2549 1363 2730 1435 itaque
2759 1367 2965 1425 electus
2999 1379 3082 1425 est
3110 1378 3166 1426 ut
3194 1368 3345 1427 ﬁeret
3370 1374 3471 1430 bo-

1886 1458 2027 1512 nus,
2052 1446 2145 1502 sed
2170 1449 2341 1507 bonus
2370 1451 2542 1510 lactus
2568 1457 2693 1528 eligi
2722 1461 2912 1529 potuit.

1957 1538 2011 1594 5.
2037 1540 2121 1595 An
2149 1541 2268 1598 ideo
2288 1547 2563 1602 secundum
2582 1550 2897 1622 electionem,
2920 1556 3044 1626 quia
3066 1558 3305 1615 omnium
3330 1559 3474 1619 Deus

1885 1632 2140 1700 praescius
2166 1635 2325 1690 etiam
2355 1637 2582 1695 futuram
2614 1641 2772 1699 ﬁdem
2801 1646 2933 1701 vidit
2960 1647 3013 1702 in
3042 1648 3208 1705 Jaeob
3235 1651 3475 1709 nondum

1885 1734 2013 1780 nato
2033 1743 2047 1792 ;
2077 1735 2135 1782 ut
2157 1732 2399 1800 quamvis
2419 1749 2524 1789 non
2546 1751 2610 1791 ex
2629 1739 2879 1808 operibus
2894 1742 3006 1796 suis
3022 1742 3301 1812 justiﬁcari
3324 1746 3478 1816 quis-

1885 1833 1989 1888 que
2008 1832 2295 1891 mereatur,
2327 1826 2759 1898 quandoquidem
2787 1832 2925 1887 bene
2957 1837 3167 1904 operari
3195 1837 3295 1892 nisi
3319 1837 3478 1908 justi.

1887 1908 2076 2000 ﬁcatus
2100 1928 2206 1967 non
2230 1922 2422 1984 potest,
2447 1928 2625 1974 tamen
2650 1922 2771 1990 quia
2801 1938 2865 1978 ex
2890 1923 2996 1980 ﬁde
3015 1926 3269 1994 justiﬁcat
3288 1938 3476 2000 gentes

1884 1998 2029 2057 Deus
2057 2002 2253 2074 (Colat.
2300 2022 2386 2075 ιιι,
2426 2008 2519 2079 8),
2569 2025 2668 2066 nec
2711 2013 2883 2070 credit
2925 2015 3118 2087 aliquis
3157 2018 3260 2073 nisi
3296 1998 3476 2077 libera

1885 2097 2180 2167 voluntate,
2210 2099 2349 2157 lianc
2373 2101 2543 2173 ipsam
2569 2103 2693 2160 ﬁdei
2723 2108 3050 2165 voluntatem
3080 2110 3307 2167 futuram
3337 2128 3478 2183 prae-

1884 2188 2073 2245 videns
2093 2189 2257 2259 Deus,
2285 2191 2444 2248 etiam
2472 2195 2706 2251 nondum
2728 2205 2911 2253 natum
2935 2202 3289 2270 prtescientia,
3315 2218 3475 2273 quem

1880 2280 2231 2353 justiﬁcaret,
2271 2286 2531 2357 elegerit?
2568 2288 2624 2345 Si
2667 2290 2827 2361 igitur
2850 2293 3044 2349 electio
3064 2310 3159 2364 per
3185 2298 3475 2365 praescion-

1886 2375 2035 2444 tiam,
2060 2379 2325 2448 prtescivit
2343 2392 2521 2438 autem
2545 2383 2686 2439 Deus
2708 2384 2868 2441 [idem
2889 2384 3086 2453 Jacob;
3114 2388 3255 2444 unde
3276 2389 3472 2460 probas

1885 2471 2008 2541 quia
2037 2487 2143 2559 non
2170 2474 2329 2529 etiam
2358 2491 2423 2531 ex
2445 2476 2695 2546 operibus
2724 2477 2884 2548 elegit
2913 2480 3075 2534 eum?
3107 2480 3164 2537 Si
3191 2491 3475 2553 propterea

1884 2565 2007 2635 quia
2035 2566 2270 2622 nondum
2313 2568 2425 2624 nati
2469 2579 2622 2625 erant
2640 2613 2655 2637 ,
2679 2580 2734 2627 et
2770 2573 3007 2628 nondum
3033 2575 3232 2645 aliquid
3256 2585 3479 2647 egerant

1884 2655 2083 2713 bonum
2139 2673 2235 2714 seu
2280 2660 2509 2727 malum;
2557 2662 2627 2717 ita
2679 2663 2840 2718 etiam
2888 2664 3125 2720 nondum
3173 2667 3478 2725 crediderat

1883 2748 2077 2819 aliquis
2114 2765 2323 2807 eorum.
2368 2751 2475 2809 Sed
2519 2756 2855 2824 prmscientia
2892 2758 3026 2813 vidit
3061 2760 3389 2815 crediturum
3412 2761 3476 2817 ’τ

1885 2842 1961 2898 Ita
1988 2845 2317 2914 praescientia
2355 2846 2538 2903 videre
2579 2857 2787 2917 poterat
2825 2860 3172 2920 operaturum
3203 2869 3218 2905 :
3246 2861 3304 2908 ut
3341 2868 3479 2924 quo-

1885 2933 2047 2989 modo
2083 2934 2278 2991 dicitur
2316 2936 2521 2993 electus
2556 2947 2776 3009 propter
2817 2940 2978 2996 ﬁdem
3017 2941 3245 2998 futuram
3266 2985 3281 3011 ,
3314 2958 3476 3014 quam

1886 3028 2202 3099 prtesciebat
2231 3029 2406 3098 Deus,
2433 3030 2512 3087 sic
2537 3032 2674 3088 alius
2714 3034 2884 3103 possit
2911 3033 3122 3102 dicere,
3151 3044 3371 3107 propter
3396 3035 3481 3093 tua.

1887 3127 2006 3174 tura
2031 3134 2193 3190 opera
2220 3122 2400 3191 potius
2422 3122 2673 3189 electum,
2706 3140 2827 3196 qum
2854 3124 3201 3183 nihilominus
3229 3127 3481 3199 praescie-

1885 3210 1977 3266 bat
1997 3211 2158 3268 Deus.
2190 3214 2528 3286 Quapropter
2548 3216 2689 3272 undc
2709 3218 2944 3275 ostendit
2966 3220 3254 3288 Apostolus
3275 3236 3383 3278 non
3407 3236 3479 3279 ex

1885 3304 2140 3374 operibus
2163 3305 2365 3362 dictum
2393 3322 2536 3373 esse,
2564 3306 2739 3379 Major
2775 3312 2952 3366 serviet
2976 3311 3162 3365 minori
3179 3311 3205 3365 ?
3242 3310 3301 3368 Si
3340 3326 3478 3384 quo-

1887 3394 2031 3452 niam
2058 3395 2295 3452 nondum
2328 3397 2439 3453 nati
2472 3408 2628 3454 erant
2647 3399 2698 3466 ‘;
2730 3415 2835 3456 non
2863 3403 3039 3457 solum
3070 3417 3176 3458 non
3203 3419 3268 3459 ex
3298 3403 3482 3474 operi-

1886 3485 2008 3552 bus,
2037 3486 2132 3542 sed
2158 3502 2259 3544 nec
2277 3502 2344 3544 ex
2371 3487 2475 3545 ﬁde
2492 3489 2694 3546 dictum
2714 3500 2816 3559 est,
2840 3491 2965 3562 quia
2988 3500 3273 3564 utrumque
3290 3493 3481 3551 deerat

1888 3578 2125 3635 nondum
2156 3579 2316 3635 natis.
2344 3579 2462 3636 Non
2487 3580 2649 3652 igitur
2667 3597 2737 3638 ex
2760 3583 3093 3653 praescientia
3122 3583 3289 3639 voluit
3310 3584 3479 3640 intel-

1891 3670 1982 3742 ligi
2006 3670 2198 3727 iactam
2227 3672 2547 3730 electionem
2576 3673 2831 3742 minoris,
2865 3684 2923 3730 ut
2949 3675 3121 3746 major
3149 3675 3199 3731 ei
3228 3676 3480 3734 serviret.

1892 3764 2090 3821 Volens
2114 3766 2257 3822 enim
2282 3766 2569 3824 ostendere
2593 3782 2699 3824 non
2728 3783 2794 3824 ex
2821 3769 3073 3841 operibus
3097 3768 3315 3838 factam,
3346 3783 3478 3841 pro-

1891 3866 2075 3929 pterea
2103 3858 2298 3927 intulit,
2321 3859 2529 3928 dicens,
2553 3860 2680 3915 Cum
2705 3861 2839 3915 enim
2867 3861 3095 3916 nondum
3115 3863 3221 3917 nati
3242 3863 3479 3933 fuissent,

1892 3968 2055 4021 neque
2080 3952 2277 4023 aliquid
2305 3954 2520 4024 egissent
2543 3952 2732 4008 bonum
2759 3970 2845 4009 seu
2873 3954 3086 4009 malum.
3108 3956 3357 4025 Alioquin
3379 3970 3482 4027 po-

1894 4051 2034 4100 terat
2057 4044 2107 4099 ei
2134 4043 2239 4100 dici
2265 4060 2280 4098 :
2307 4043 2415 4101 Sed
2449 4044 2561 4113 jam
2598 4044 2802 4101 sciebat
2840 4044 2980 4101 Deus
3015 4046 3136 4117 quis
3176 4046 3303 4117 quid
3336 4056 3485 4104 esset

1892 4144 2130 4191 acturus.
2153 4135 2512 4204 Quamobrem
2539 4135 2682 4192 unde
2705 4136 2796 4192 illa
2811 4137 3003 4194 electio
3020 4136 3157 4193 facta
3188 4140 3258 4193 sit
3285 4139 3483 4209 quieri-

1896 4236 1983 4284 tur
2013 4246 2027 4283 :
2055 4228 2178 4297 quia
2197 4229 2243 4283 si
2270 4244 2379 4284 non
2408 4244 2472 4285 ex
2496 4228 2770 4299 operibus,
2798 4244 2917 4300 qua:
2942 4244 3049 4285 non
3078 4239 3233 4287 erant
3260 4232 3310 4285 in
3345 4246 3484 4286 non-

1894 4320 2021 4377 dum
2037 4320 2207 4386 natis;
2230 4335 2331 4378 nec
2345 4336 2412 4378 ex
2428 4319 2553 4390 ﬁde,
2571 4322 2694 4392 quia
2711 4335 2812 4377 nec
2832 4321 2944 4392 ipsa
2965 4331 3080 4377 erat
3094 4340 3110 4377 :
3132 4322 3274 4378 unde
3290 4322 3486 4392 igitur!

1966 4412 2020 4470 6.
2051 4414 2135 4469 An
2159 4413 2442 4470 dicendum
2471 4422 2555 4470 est
2582 4413 2723 4484 quod
2751 4413 2896 4469 nulla
2918 4412 3113 4470 electio
3140 4413 3301 4471 fuerit
3320 4456 3336 4481 ,
3375 4429 3486 4472 non

1895 4507 2161 4563 existente
2184 4506 2360 4577 aliqua
2384 4505 2694 4562 diversitate
2719 4505 2773 4561 in
2808 4514 2962 4561 utero
2987 4507 3176 4563 matris
3200 4506 3287 4563 vel
3314 4505 3441 4563 ﬁdei
3460 4541 3484 4575 ,

1896 4600 1982 4656 vel
2006 4614 2250 4670 operum,
2273 4600 2358 4655 vel
2382 4600 2743 4670 quorumlibet
2760 4599 2981 4656 omnino
3004 4600 3357 4657 meritorum?
3375 4599 3488 4658 Sed

1896 4692 2095 4749 dictum
2137 4702 2249 4759 est,
2292 4691 2359 4749 Ut
2397 4694 2679 4749 secundum
2715 4693 3006 4749 electionem
3049 4694 3365 4765 prepositum
3385 4691 3487 4752 Dei

1897 4796 2141 4844 auerteret.
2191 4786 2261 4843 Et
2302 4786 2423 4844 ideo
2464 4788 2773 4858 quaerimus,
2818 4787 2941 4859 quia
2980 4786 3180 4842 dictum
3228 4795 3331 4843 est.
3372 4786 3487 4845 Nisi

1897 4880 2036 4938 forte
2063 4881 2143 4937 sic
2167 4889 2250 4937 est
2277 4879 2646 4950 distinguenda
2674 4878 2935 4935 sententia
2956 4918 2973 4946 ,
3001 4894 3107 4934 non
3137 4887 3195 4934 ut
3224 4876 3489 4947 intelliga-

1898 4990 2019 5031 mus
2052 4983 2301 5045 tanquam
2350 4973 2471 5029 idco
2508 4989 2609 5028 non
2654 4989 2718 5028 ex
2751 4972 3018 5044 operibus,
3050 4972 3138 5028 sed
3176 4988 3239 5027 ea:
3280 4979 3489 5027 vocante

1898 5069 2086 5124 dictum
2095 5083 2236 5135 esse,
2248 5067 2421 5138 Major
2434 5068 2609 5122 serviet
2626 5068 2888 5134 minori,ut
2905 5066 3179 5122 secundum
3196 5064 3489 5119 electionem

1899 5162 2210 5234 propositum
2235 5158 2329 5215 Dei
2354 5169 2577 5214 maneret
2609 5175 2628 5214 :
2657 5158 2753 5216 sed
2783 5160 2852 5215 ita
2879 5159 3055 5231 potius
3075 5199 3090 5225 ,
3118 5165 3175 5213 ut
3199 5155 3266 5212 ad
3292 5154 3393 5211 hoc
3417 5155 3489 5213 de

1964 5364 1983 5395 ι
2016 5362 2226 5412 vatiam
2260 5359 2987 5426 Mss.:ulvam_quemadmodmn
3018 5370 3082 5409 ea;
3113 5369 3210 5408 una
3241 5363 3392 5409 terra.

1963 5427 1984 5491 ξ
2017 5426 2089 5491 είς
2113 5431 2226 5491 pass.
2248 5431 2323 5491 at
2352 5424 2489 5485 editi,
2522 5422 2700 5491 electio.
2722 5430 2850 5491 est_-..

1966 5487 1986 5520 ³
2008 5488 2124 5536 Editi
2143 5488 2257 5536 :sed
2281 5485 2405 5536 sicut
2428 5482 2732 5537 ortescientia
2752 5482 3197 5533 riditcreditnrwn.
3239 5488 3347 5533 Mss.
3385 5490 3493 5534 tres

1899 5550 2110 5612 Vaticani
2132 5548 2211 5612 :si
2252 5546 2560 5612 prtescientia
2592 5555 2687 5612 etc.
2704 5545 3011 5612 Corbeiensis
3029 5546 3488 5612 etcenovefzeanus:

1899 5609 1992 5663 sed
2013 5606 2328 5675 ριίιῖςςάινιιὶὶαΔ
2356 5608 2493 5675 vidit
2512 5606 2849 5675 crediturum?
2870 5609 3063 5675 eruisse,
3090 5608 3226 5659 sicut.

1962 5674 1991 5742 ⁸,
2009 5669 2257 5742 Lov.:_sed
2285 5670 2337 5742 si
2351 5669 2573 5742 quoniam
2595 5672 2825 5742 nondi
2847 5670 2949 5721 nati
2983 5678 3277 5742 orantum.
3307 5678 3358 5721 et
3376 5672 3487 5742 .Era

1899 5736 1991 5856 ﬁ
2014 5735 2267 5802 quoniam,
2295 5732 2411 5796 etc;
2431 5732 2779 5795 omisso,si.st
2793 5740 2918 5787 Mss:
2944 5734 2993 5786 si
3020 5732 3243 5799 attoniam
3292 5732 3490 5793 omissa.
