4000 6336
552 309 658 367 H5

551 424 790 484 nondum
818 424 957 479 natis
972 431 1035 479 et
1058 423 1292 478 nonduin
1330 419 1529 491 aliquid
1568 418 1801 490 operatis
1827 418 2132 489 exemplum

551 522 736 578 datum
776 520 1101 591 accipiatur,
1130 530 1199 574 ne
1237 518 1410 588 aliqua
1441 516 1631 571 electio
1660 514 1747 569 hic
1775 513 1943 583 possit
1975 510 2137 566 intel-

544 614 660 687 ligi.
694 614 820 669 Cum
857 614 993 667 enim
1034 611 1262 666 nondum
1301 609 1407 663 nati
1452 609 1697 679 fuissent,
1737 621 1898 676 neque
1941 602 2136 672 aliquid

549 708 768 779 egissent
780 707 885 760 sive
901 707 1086 759 bonum
1106 704 1210 757 sine
1228 702 1421 756 malum
1439 743 1453 768 ,
1472 709 1527 753 ut
1547 698 1821 753 secundum
1843 696 2136 751 electionem

548 800 865 871 propositum
887 797 983 852 Dei
1006 805 1264 860 maneret;
1289 794 1337 847 id
1358 802 1460 856 est,
1485 806 1659 861 neque
1683 789 1881 859 aliquid
1904 790 2139 857 egissent

548 894 750 948 bonum
778 900 871 946 aut
892 890 1113 956 malum,
1139 898 1195 942 ut
1218 895 1438 957 propter
1463 885 1632 955 ipsam
1656 882 1921 937 actionem
1945 879 2136 935 electio

545 989 724 1057 aliqua
761 985 913 1041 ﬁeret
948 984 1064 1054 ejus
1103 982 1193 1053 qui
1227 982 1365 1037 bene
1406 987 1588 1050 egerat
1619 995 1632 1031 :
1664 992 1784 1031 cum
1818 990 1948 1045 ergo
1984 971 2136 1029 nulla

548 1087 693 1135 esset
723 1077 915 1132 electio
941 1076 1082 1131 bene
1107 1075 1309 1145 agentis
1328 1113 1341 1137 ,
1370 1070 1664 1127 secundum
1696 1084 1856 1139 quam
1894 1073 2137 1121 maneret

544 1171 881 1239 propositum
909 1169 1033 1234 Dei,
1064 1184 1165 1222 non
1202 1182 1265 1221 ea;
1286 1164 1518 1235 oneribus
1539 1204 1551 1228 ,
1588 1161 1676 1216 sed
1714 1176 1778 1215 ex
1814 1168 2049 1223 vocante,
2083 1156 2136 1212 id

543 1270 658 1328 est,
690 1278 756 1317 ex
787 1275 853 1317 eo
881 1261 968 1331 qui
996 1259 1233 1315 vocando
1260 1257 1326 1312 ad
1356 1256 1513 1311 ﬁdem
1557 1254 1724 1325 gratia
1751 1250 2007 1321 justiﬁcat
2033 1251 2135 1303 im-

544 1354 690 1423 pium
712 1394 726 1419 ,
756 1353 945 1407 dictum
974 1363 1048 1407 est
1089 1353 1167 1419 ei,
1210 1351 1341 1415 Quia
1378 1350 1545 1419 major
1581 1347 1755 1401 serviet
1783 1344 1984 1398 minori.
2017 1340 2134 1397 Non

543 1461 673 1515 ergo
713 1447 1005 1502 secundum
1048 1443 1365 1499 electionem
1400 1439 1732 1511 propositum
1780 1436 1873 1492 Dei
1918 1442 2132 1503 manet,

542 1538 638 1592 sed
684 1555 749 1593 ex
787 1540 1062 1610 preposito
1099 1537 1293 1593 electio
1327 1555 1339 1589 :
1368 1536 1422 1589 id
1451 1541 1571 1603 est,
1617 1548 1721 1587 non
1766 1532 1887 1602 quia
1930 1530 2135 1585 invenit

542 1632 686 1686 Deus
707 1646 869 1700 opera
890 1633 1029 1686 bona
1054 1631 1105 1683 in
1127 1627 1432 1683 hominibus
1454 1642 1572 1697 qua:
1598 1626 1776 1695 eligat,
1807 1625 1927 1678 ideo
1955 1629 2136 1677 manet

542 1720 876 1789 propositum
901 1717 1293 1788 justiﬁeationis
1319 1717 1513 1786 ipsius;
1538 1713 1634 1769 sed
1657 1714 1779 1784 quia
1801 1712 1931 1767 illud
1954 1718 2135 1765 manet

541 1822 603 1867 ut
624 1813 884 1883 justiﬁcet
920 1812 1236 1876 credentes,
1277 1808 1397 1864 ideo
1439 1808 1641 1862 invenit
1680 1821 1843 1875 opera
1881 1821 2000 1875 qua:
2022 1805 2131 1872 jam

534 1906 702 1975 eligat
729 1906 797 1959 ad
838 1920 1061 1975 regnum
1088 1904 1370 1959 caelorum.
1400 1900 1533 1957 Nam
1576 1901 1676 1955 nisi
1717 1909 1861 1955 esset
1900 1898 2126 1965 electio,

536 2011 647 2052 non
672 2006 857 2052 essent
882 1995 1068 2062 electi,
1103 2010 1203 2051 nec
1227 2002 1373 2049 recte
1399 1993 1687 2057 diceretur,
1722 1991 1848 2058 Quis
1872 1988 2130 2043 accusabit

537 2089 777 2142 adversus
802 2089 982 2143 electos
1015 2086 1110 2141 Dei
1150 2086 1320 2157 (Rom.
1354 2101 1467 2151 viu,
1502 2085 1591 2155 55)
1613 2083 1638 2136 Ἰ
1662 2083 1777 2138 Non
1811 2092 1986 2137 tamen
2018 2082 2128 2136 ele-

537 2183 646 2236 ctio
676 2181 927 2252 praecedit
950 2182 1387 2250 jus-tilicationem
1409 2221 1423 2244 ,
1458 2178 1554 2234 sed
1579 2178 1895 2233 electionem
1934 2173 2130 2247 justiﬁ-

536 2274 699 2329 catio.
742 2273 910 2328 Nemo
952 2273 1097 2328 enim
1138 2271 1383 2341 eligitur,
1423 2268 1522 2324 nisi
1550 2270 1659 2340 jam
1700 2269 1905 2324 distans
1940 2269 2008 2323 ab
2036 2269 2128 2325 illo

532 2366 626 2434 qui
666 2366 921 2436 rejicitur.
962 2364 1117 2421 Unde
1146 2363 1289 2434 quod
1317 2363 1517 2418 dictum
1560 2370 1670 2428 est,
1702 2362 1835 2431 Quia
1864 2362 2009 2433 elegit
2036 2378 2127 2416 nos

532 2453 676 2511 Deus
719 2466 835 2510 ante
872 2456 1049 2511 mundi
1088 2456 1490 2510 constitutionem
1525 2454 1742 2524 (Ep/tes.
1788 2470 1834 2520 ι,
1877 2456 1968 2525 4);
2018 2470 2126 2512 non

533 2546 692 2601 video
714 2546 986 2617 quomodo
1023 2548 1094 2601 sit
1119 2546 1321 2601 dictum
1342 2587 1357 2614 ,
1387 2546 1489 2600 nisi
1514 2545 1873 2615 prazscientia.
1906 2546 2002 2601 llic
2032 2561 2127 2601 au-

528 2646 645 2695 tem
669 2640 815 2711 quod
840 2641 933 2706 ait,
965 2639 1090 2695 Non
1113 2656 1175 2695 ea:
1204 2640 1435 2711 operibus
1453 2680 1469 2705 ,
1498 2639 1585 2693 sed
1612 2656 1675 2692 ea:
1704 2649 1909 2693 vocante
1936 2639 2125 2693 dictum

530 2742 606 2786 est
632 2734 712 2799 ei,
748 2734 881 2799 Quia
909 2736 1075 2805 major
1100 2734 1275 2789 serviet
1304 2732 1521 2798 minori;
1543 2748 1648 2789 non
1674 2734 1937 2789 electione
1963 2735 2125 2789 meri~

524 2832 741 2892 torum,
786 2842 908 2897 qua:
939 2836 1064 2897 post
1092 2825 1527 2897 jtistiiicationem
1557 2825 1741 2896 gratia:
1770 2828 2117 2896 proveniunt,

528 2918 628 2973 sed
656 2919 973 2975 liberalitate
1001 2921 1266 2975 donorum
1296 2921 1390 2975 Dei
1421 2919 1587 2976 voluit
1624 2920 1880 2991 intelligi,
1908 2937 1976 2976 ne
2004 2922 2124 2992 quis

518 3013 600 3068 de
630 3013 883 3083 operibus
907 3014 1212 3070 extollatur.
1236 3011 1414 3069 Gratia
1442 3015 1572 3070 enim
1596 3014 1698 3068 Dei
1733 3015 1861 3069 salvi
1885 3016 2011 3085 {acti
2036 3031 2123 3069 su-

526 3122 645 3160 mus
666 3121 687 3170 ;
716 3116 762 3159 et
795 3106 890 3161 hoc
915 3123 1017 3161 non
1043 3124 1106 3162 ex
1130 3109 1301 3171 nobis,
1324 3107 1414 3162 sed
1448 3108 1542 3162 Dei
1574 3107 1765 3161 donum
1789 3117 1864 3162 est
1890 3124 1909 3164 :
1934 3125 2037 3163 non
2061 3123 2127 3162 ex

529 3199 795 3269 operibus,
828 3215 891 3253 ne
921 3202 1051 3270 forte
1076 3200 1189 3270 quis
1212 3200 1487 3255 emtollatur
1513 3199 1623 3271 (ld.
1655 3214 1722 3266 ιι,
1753 3199 1814 3266 8,
1848 3198 1925 3272 9).

602 3292 655 3347 7.
685 3292 951 3361 Quzeritur
975 3301 1172 3362 autem,
1196 3304 1373 3349 utrum
1399 3295 1481 3349 vel
1504 3294 1637 3349 ﬁdes
1656 3303 1928 3349 mereatur
1952 3293 2125 3349 homi-

524 3386 614 3439 nis
636 3385 1102 3455 justiﬁeationem;
1135 3403 1202 3442 an
1228 3402 1356 3443 vero
1399 3402 1499 3443 nec
1536 3387 1659 3441 ﬁdei
1688 3387 1877 3442 merita
1918 3402 2123 3457 przcce-

484 3516 495 3523 .
524 3477 660 3534 dant
698 3479 1118 3535 misericordiam
1149 3480 1267 3548 Dei,
1300 3478 1395 3535 sed
1435 3486 1490 3534 et
1517 3478 1647 3535 ﬁdes
1674 3480 1787 3550 ipsa
1819 3483 1958 3535 inter
1982 3479 2124 3534 dona

528 3571 715 3640 gratim
744 3557 1074 3626 numeretur.
1097 3570 1233 3639 Quia
1254 3579 1308 3625 et
1326 3572 1429 3625 hoc
1453 3571 1571 3624 loco
1590 3586 1711 3625 cum
1732 3570 1975 3639 dixisset,
2002 3568 2125 3623 Non

528 3680 594 3720 ru:
618 3667 894 3736 operibus;
924 3681 1031 3720 non
1058 3666 1159 3733 ait,
1204 3664 1300 3720 sed
1328 3678 1396 3720 ex
1422 3663 1523 3718 ﬁde
1552 3664 1739 3717 dictum
1776 3672 1850 3718 est
1882 3664 1927 3718 ei
1947 3707 1959 3728 ,
1993 3663 2125 3730 Quia

530 3758 698 3828 major
724 3758 900 3811 seruiet
919 3757 1105 3810 minori
1122 3771 1141 3810 :
1166 3757 1240 3810 ait
1262 3764 1439 3811 autem
1458 3797 1473 3824 ,
1499 3756 1586 3809 sed
1615 3764 1922 3810 eas'vocante.
1953 3755 2123 3813 Nemo

528 3850 675 3904 enim
699 3848 887 3913 credit,
915 3848 1005 3918 qui
1033 3861 1140 3903 non
1166 3855 1407 3902 vocatur.
1446 3847 1752 3902 Misericors
1774 3859 1950 3902 autem
1984 3849 2122 3904 Deus

527 3949 706 4008 vocat,
734 3940 895 3995 nullis
919 3940 1023 3996 hoc
1046 3941 1133 3996 vel
1159 3937 1284 3995 ﬁdei
1313 3941 1516 3996 meritis
1556 3941 1817 4011 largiens;
1859 3940 1980 4012 quia
2009 3956 2123 3997 me-

526 4035 630 4089 rita
663 4034 783 4089 ﬁdei
824 4040 1122 4104 sequuntur
1143 4035 1476 4090 vocationem
1506 4034 1703 4104 potius,
1730 4049 1886 4105 quam
1914 4048 2122 4105 pmice-

524 4124 684 4181 dunt.
719 4123 983 4191 Quomodo
1007 4125 1149 4181 enim
1171 4124 1393 4191 credent,
1424 4140 1570 4196 quem
1604 4140 1702 4178 non
1730 4125 2038 4181 audierunt?
2076 4134 2124 4181 et

528 4217 781 4290 quomodo
819 4216 1027 4272 audient
1054 4218 1163 4272 sine
1208 4216 1515 4289 prtedicante
1546 4215 1718 4290 (Rom.
1762 4232 1821 4285 κ,
1854 4218 1985 4289 li)?
2012 4217 2122 4273 Nisi

530 4327 659 4383 ergo
685 4311 927 4367 vocando
952 4310 1221 4381 praecedat
1245 4310 1611 4366 misericordia
1635 4311 1751 4379 Dei,
1780 4327 1879 4367 nec
1902 4312 2124 4369 credere

526 4405 808 4475 quisquam
836 4412 1043 4473 potest,
1076 4411 1137 4458 ut
1162 4418 1229 4459 ex
1257 4402 1358 4457 hoc
1388 4402 1603 4472 incipiat
1622 4402 1920 4472 iustiﬁcari,
1955 4412 2007 4459 et
2034 4419 2123 4459 ac-

528 4498 709 4567 cipere
726 4496 1037 4551 facultatem
1058 4496 1196 4552 bene
1215 4496 1494 4567 operandi.
1523 4496 1665 4568 Ergo
1684 4506 1808 4552 ante
1829 4512 1987 4552 omne
2008 4513 2122 4554 me-

530 4589 989 4659 ritumestgratia.
1006 4587 1217 4643 Etenim
1233 4585 1465 4643 Christus
1492 4604 1583 4659 pro
1611 4588 1781 4662 impiis
1794 4597 2021 4643 mortuus
2050 4597 2121 4642 est

528 4680 805 4753 (ld.v,6).
825 4681 905 4735 Ex
930 4689 1157 4736 vocante
1171 4681 1329 4752 igitur
1346 4682 1523 4737 minor
1549 4684 1893 4751 accepit,non
1911 4698 1976 4738 ex
1999 4682 2120 4737 ullis

526 4776 737 4831 meritis
761 4791 982 4847 operum
1002 4789 1245 4844 suorum,
1264 4782 1323 4829 ut
1339 4774 1508 4846 major
1531 4776 1580 4831 ei
1597 4776 1819 4831 serviret
1844 4795 1855 4829 :
1887 4777 2118 4832 utetiam

524 4868 669 4939 quod
698 4869 976 4938 scriptum,
1006 4866 1169 4923 Iacob
1195 4867 1385 4936 dilexi,
1412 4882 1480 4925 ex
1499 4875 1724 4925 vocante
1754 4868 1823 4925 sit
1848 4869 1980 4935 Deo,
2010 4884 2117 4924 non

525 4978 590 5018 ex
623 4970 881 5032 operante
910 4960 1097 5018 Jacob.

599 5057 652 5112 8.
685 5056 822 5124 Quid
847 5055 1042 5111 deinde
1070 5055 1247 5124 Esau,
1275 5053 1419 5126 quod
1452 5055 1618 5112 servit
1654 5055 1867 5123 minori,
1900 5063 1951 5112 et
1977 5057 2121 5127 quod

524 5150 782 5220 scriptum
809 5156 912 5216 est,
938 5146 1083 5203 Esau
1102 5158 1271 5203 autem
1289 5147 1406 5202 odio
1427 5148 1597 5214 habui,
1618 5148 1810 5218 quibus
1830 5147 1983 5203 malis
2006 5150 2119 5205 suis

526 5240 629 5295 ltoc
655 5242 868 5307 meruit,
898 5256 1017 5296 cum
1047 5248 1101 5295 et
1130 5241 1243 5311 ipse
1272 5240 1507 5295 nondum
1536 5248 1691 5296 natus
1718 5239 1922 5307 luisset,
1946 5256 2119 5311 neque

524 5333 724 5403 aliquid
753 5335 949 5403 egisset
976 5333 1101 5389 boni
1126 5341 1220 5389 aut
1252 5332 1412 5400 mali,
1460 5332 1671 5403 quando
1696 5332 1897 5387 dictum
1920 5343 2022 5401 est,
2050 5333 2119 5390 Et

524 5427 692 5498 major
723 5428 901 5482 serviet
931 5426 1161 5482 minori?
1189 5428 1272 5481 An
1320 5425 1455 5481 forte
1498 5425 1944 5496 quemadmodum
1988 5427 2118 5484 illud

470 5588 473 5591 _
525 5517 593 5573 de
616 5517 786 5574 Jacob
814 5519 976 5573 nullis
1005 5519 1210 5574 meritis
1239 5519 1394 5573 bona:
1423 5518 1646 5573 actionis
1674 5517 1872 5572 dictum
1899 5528 2012 5587 est,
2046 5522 2117 5577 ita

528 5611 669 5671 Esau
698 5611 858 5667 nullis
892 5612 1096 5667 meritis
1149 5611 1301 5666 mala:
1330 5611 1553 5667 actionis
1591 5609 1842 5665 odiosus?
1872 5611 1927 5667 Si
1973 5613 2118 5670 enim

522 5705 648 5776 quia
662 5706 974 5776 prsesciebat
993 5707 1136 5761 Deus
1146 5706 1321 5761 futura
1339 5707 1455 5776 ejus
1471 5722 1632 5778 opera
1653 5706 1786 5760 maia
1798 5748 1811 5773 ,
1834 5717 2115 5778 pr0pterea

520 5815 646 5858 eum
675 5800 1072 5874 prtedestinavit
1089 5810 1148 5859 ut
1172 5803 1395 5860 serviret
1414 5800 1635 5871 minori;
1669 5811 1945 5875 prepterca
1976 5821 2114 5880 pra}-

1108 259 1195 363 DE
1238 304 1551 362 DlVERSlS
1589 299 2108 373 QUIESTIONIBUS
2144 300 2235 356 AD
2271 287 2770 371 SIMPLICIANUM,
2812 299 2871 357 S.
2913 302 3278 361 AUGUSTINI

2249 416 2532 472 destinavit
2558 428 2611 473 et
2639 417 2804 475 Jacob
2829 428 2887 474 ut
2912 420 2959 475 ei
2988 421 3159 491 major
3198 424 3461 491 serviret,
3506 424 3629 497 quia
3652 425 3846 483 futura

2245 509 2360 578 ejus
2388 510 2523 564 bona
2550 526 2709 582 opera
2748 514 3095 582 prmsciebat,
3138 522 3191 569 ct
3225 515 3413 571 falsum
3449 527 3531 573 est
3553 518 3664 591 jam
3695 519 3845 591 quod

2244 602 2350 669 ait,
2385 602 2503 657 Non
2544 620 2607 658 ea:
2632 606 2881 675 operibus.
2912 605 2968 662 Si
2998 616 3173 661 autem
3202 622 3385 663 verum
3426 619 3516 664 est
3557 612 3697 679 quod
3730 626 3843 668 non

2243 708 2309 747 ex
2339 695 2607 764 operibus,
2639 703 2694 749 et
2723 696 2841 752 inde
2869 697 2968 751 hoc
2992 699 3200 769 probat,
3233 699 3356 769 quia
3382 700 3449 754 de
3474 701 3711 757 nondum
3741 716 3846 759 na-

2244 785 2313 839 tis
2336 785 2676 855 nondumque
2701 786 2897 856 aliquid
2920 791 3150 857 operalis
3174 789 3276 844 hoc
3304 790 3537 856 dictum;
3572 792 3715 850 unde
3736 809 3844 850 nec

2241 889 2310 930 ex
2342 876 2464 943 ﬁde,
2490 892 2609 946 quae
2632 876 2684 930 in
2720 878 2953 932 nondum
2980 880 3117 933 natis
3142 880 3388 936 similiter
3416 882 3650 937 nondum
3679 894 3797 939 erat
3824 903 3839 939 :

2242 985 2349 1039 quo
2383 972 2571 1025 merito
2602 972 2740 1026 Esau
2781 972 2904 1027 odio
2951 972 3178 1027 habetur
3220 983 3500 1046 antequam
3546 978 3844 1032 nascatur?

2242 1060 2391 1126 Quod
2421 1063 2564 1116 ριιὶιιι
2596 1062 2718 1117 fecit
2750 1063 2885 1119 Deus
2909 1078 2971 1118 ea
2998 1078 3116 1134 qum
3139 1065 3403 1136 diligeret,
3433 1068 3579 1122 nulla
3609 1068 3843 1138 quaestio

2243 1163 2341 1208 est.
2372 1154 2426 1209 Si
2466 1165 2642 1210 autem
2672 1156 2913 1210 dicamus
2953 1171 3076 1211 eum
3102 1155 3294 1213 fecisse
3321 1170 3440 1229 quze
3478 1160 3698 1225 odisset,
3732 1161 3841 1216 ab-

2242 1249 2459 1303 surdum
2488 1258 2586 1313 est,
2613 1261 2927 1305 occurrente
2955 1251 3056 1305 alia
3080 1251 3349 1322 Scriptura
3378 1261 3431 1308 et
3457 1252 3691 1321 dicente,
3723 1250 3842 1309 Ne-
3866 1270 3879 1279 κ

2240 1354 2336 1413 que
2358 1342 2488 1396 enim
2512 1343 2626 1397 odio
2651 1344 2833 1398 habens
2854 1344 3053 1415 aliquid
3072 1345 3429 1407 constituisses.
3458 1354 3503 1401 et
3528 1345 3659 1399 nihil
3678 1346 3839 1400 odim

2242 1434 2421 1489 horum
2445 1453 2558 1505 qua:
2584 1437 2743 1506 fecisti
2766 1437 2922 1507 (Sap.
2954 1453 3028 1503 x1,
3058 1436 3175 1510 25').
3201 1438 3317 1505 Quo
3347 1439 3486 1494 enim
3524 1440 3717 1493 merito
3749 1439 3837 1494 sol

2240 1527 2410 1584 iactus
2441 1538 2524 1584 est
2549 1530 2657 1597 sol,
2686 1540 2777 1585 aut
2800 1531 2924 1600 quid
2951 1529 3171 1585 offendit
3208 1531 3333 1584 luna
3366 1539 3426 1585 ut
3452 1539 3593 1585 tanta
3624 1531 3711 1585 illo
3743 1531 3835 1586 in-

2240 1619 2402 1675 ferior
2421 1662 2434 1685 ,
2468 1622 2550 1676 vel
2581 1622 2707 1691 quid
2734 1624 3031 1692 promeruit
3053 1623 3402 1678 utrsideribus
3428 1623 3639 1677 caeteris
3676 1626 3833 1677 tanto

2239 1713 2433 1767 clarior
2458 1716 2768 1769 crearetur?
2797 1715 2902 1771 Sed
2944 1718 3059 1771 haec
3101 1717 3277 1771 omnia
3314 1716 3454 1771 bona
3483 1725 3659 1771 creata
3703 1724 3837 1771 sunt

2239 1818 2459 1875 qumque
2489 1807 2537 1859 in
2562 1823 2756 1876 genere
2782 1824 2898 1863 suo.
2928 1808 3047 1864 Non
3067 1810 3208 1863 enim
3235 1808 3438 1865 diceret
3460 1810 3621 1876 Deus,
3642 1809 3832 1865 Solem

2238 1896 2429 1964 dilexi,
2463 1899 2639 1953 lunam
2676 1909 2849 1955 autem
2878 1901 3001 1956 odio
3029 1902 3219 1969 habui;
3251 1912 3360 1968 ant,
3390 1902 3597 1957 Lunam
3626 1902 3831 1968 dilexi,

2237 1986 2417 2040 stellas
2453 1997 2628 2043 autem
2669 1991 2791 2045 odio
2837 1991 3029 2046 habui:
3066 1993 3201 2047 sicut
3234 1992 3399 2059 dixit,
3444 1992 3605 2047 Jacob
3634 1993 3832 2062 dilexi,

2238 2080 2379 2135 Esau
2409 2093 2574 2136 autem
2600 2085 2714 2138 odio
2745 2085 2916 2138 habui.
2946 2086 3051 2142 Sed
3081 2087 3170 2141 illa
3197 2088 3372 2141 omnia
3404 2087 3608 2155 dilexit,
3638 2100 3838 2157 quam-

2233 2174 2316 2227 vis
2344 2177 2673 2232 excellentia:
2717 2177 2941 2232 diversis
2983 2178 3231 2251 gradibus
3257 2180 3533 2247 ordinata;
3574 2180 3837 2251 quoniam

2232 2268 2365 2323 vidit
2392 2270 2526 2325 Deus
2555 2272 2676 2341 quia
2706 2272 2843 2326 bona
2869 2281 3010 2337 sunt,
3054 2288 3175 2328 cum
3206 2272 3348 2327 dicto
3374 2273 3489 2344 ejus
3517 2285 3638 2328 sunt
3668 2273 3835 2327 insti-

2230 2358 2346 2417 tuta
2370 2362 2524 2429 (Gen.
2554 2381 2571 2419 ι
2610 2364 2628 2436 )
2658 2383 2670 2418 :
2698 2374 2756 2419 ut
2806 2375 2980 2421 autem
3010 2366 3204 2422 odisset
3234 2367 3393 2431 Esau,
3423 2366 3524 2420 nisi
3550 2366 3835 2435 injustitia:

2224 2457 2443 2521 merito,
2480 2459 2732 2526 injustum
2767 2466 2867 2513 est.
2895 2458 3045 2527 Quod
3073 2461 3117 2515 si
3157 2459 3498 2515 concedimus
3518 2503 3531 2527 ,
3560 2459 3749 2530 incipit
3775 2468 3837 2515 et

2231 2547 2397 2604 Iacob
2418 2550 2638 2618 justitim
2665 2551 2856 2606 merito
2883 2551 3047 2620 diligi.
3081 2551 3235 2619 Quod
3274 2551 3316 2605 si
3345 2565 3530 2605 verum
3565 2559 3680 2615 est,
3726 2550 3831 2604 fai-

2220 2657 2349 2696 sum
2378 2650 2459 2696 est
2497 2641 2637 2711 quod
2682 2658 2787 2697 non
2819 2657 2882 2697 ex
2927 2641 3198 2712 operibus.
3242 2643 3321 2696 An
3364 2641 3499 2696 forte
3526 2657 3591 2695 ex
3618 2641 3830 2709 justitia
3910 2658 3919 2665 ’

2233 2734 2396 2789 ﬁdei?
2424 2734 2561 2803 Quid
2586 2750 2714 2805 ergo
2755 2744 2806 2790 te
2843 2735 3086 2804 adjuvat,
3116 2733 3244 2789 Cum
3278 2734 3410 2789 enim
3454 2736 3677 2789 nondum
3712 2733 3829 2787 nali

2222 2826 2485 2897 fuissent?
2514 2826 2942 2898 quandoquidem
2987 2827 3039 2881 in
3070 2827 3306 2882 nondum
3346 2834 3472 2881 nato
3498 2840 3597 2881 nec
3615 2825 3824 2896 iustitia

2226 2916 2355 2973 ﬁdei
2386 2927 2597 2988 poterat
2621 2933 2760 2974 esse.

2302 3009 2356 3065 9.
2388 3011 2531 3067 Vidit
2558 3013 2735 3083 itaque
2762 3012 3050 3081 Apostolus
3076 3011 3203 3082 quid
3232 3027 3296 3066 ex
3326 3011 3409 3066 bis
3438 3009 3614 3067 verbis
3630 3018 3823 3081 posset

2222 3102 2410 3158 animo
2422 3103 2686 3159 audientis
2700 3104 2781 3158 vel
2796 3103 3021 3174 legentis
3033 3120 3335 3171 occurrere,
3355 3104 3635 3171 statimque
3650 3101 3824 3172 subje-

2231 3195 2330 3250 cit:
2350 3194 2488 3263 Quid
2500 3211 2617 3266 ergo
2628 3195 2878 3249 dicemus?
2891 3194 3134 3268 numquid
3146 3197 3383 3265 iniquitas
3394 3207 3464 3249 est
3478 3195 3616 3264 apud
3628 3192 3822 3247 Deum?

2230 3288 2393 3344 Absit.
2418 3288 2485 3343 Et
2511 3290 2660 3360 quasi
2681 3289 2880 3345 docens
2903 3290 3170 3361 quomodo
3191 3290 3361 3344 absit:
3394 3288 3561 3359 Moysi
3581 3289 3712 3342 enim
3738 3286 3824 3339 di-

2222 3384 2333 3449 cit,
2375 3383 2580 3453 inquit,
2614 3380 2889 3439 Miserebor
2917 3384 2998 3437 cui
3037 3384 3269 3438 misertus
3313 3399 3425 3449 cro,
3463 3392 3510 3436 et
3539 3380 3823 3436 misericor~

2231 3475 2369 3530 diam
2386 3476 2633 3546 prazstabo
2653 3476 2737 3530 cui
2755 3476 3034 3531 misericors
3056 3476 3217 3546 fuero.
3241 3475 3442 3541 Quibus
3463 3474 3638 3528 verbis
3659 3472 3823 3528 solvit

2229 3569 2616 3639 qumsuonem,
2660 3583 2727 3622 an
2768 3568 2945 3637 potius
2988 3568 3185 3622 arctius
3232 3565 3537 3635 colligavit?
3584 3561 3821 3633 ldipsum

2230 3668 2313 3715 est
2338 3661 2478 3714 enim
2511 3650 2651 3730 quod
2679 3660 2911 3714 maxime
2936 3668 3150 3725 movet,
3198 3658 3241 3713 si
3278 3656 3564 3712 miseretur
3597 3654 3681 3709 cui
3714 3653 3822 3707 mi-

2229 3760 2405 3806 sertus
2430 3752 2552 3817 erit,
2582 3758 2636 3805 et
2659 3750 3078 3806 misericordiam
3113 3748 3382 3821 praestabit
3402 3747 3491 3807 cui
3513 3745 3825 3804 misericm's

2226 3842 2422 3910 fuerit,
2473 3857 2568 3897 cur
2596 3842 2710 3898 bzee
2742 3843 3108 3900 misericordia
3150 3840 3320 3899 defuit
3351 3843 3518 3911 Esau,
3567 3851 3623 3897 ut
3651 3843 3821 3897 etiam

2222 3934 2344 4005 ipse
2373 3950 2467 4005 per
2501 3936 2647 3992 illam
2675 3944 2814 3994 esset
2840 3938 3043 4007 bonus,
3082 3936 3526 4008 quemadmodum
3556 3952 3649 4007 per
3675 3936 3827 3990 illam

2222 4027 2401 4083 bonus
2427 4026 2595 4084 factus
2616 4038 2699 4084 est
2725 4029 2907 4085 Jacob.
2938 4031 3016 4084 An
3041 4030 3159 4085 ideo
3188 4029 3384 4085 dictum
3409 4037 3510 4097 est,
3544 4026 3835 4083 Miscrcbor

2229 4120 2310 4174 cui
2337 4120 2569 4177 misertus
2594 4139 2698 4189 cro,
2731 4130 2779 4177 et
2810 4123 3203 4178 misericordiam
3227 4125 3474 4193 praestabo
3509 4123 3591 4176 cui
3618 4121 3833 4175 miscri-

2224 4226 2340 4267 ‘cors
2370 4216 2533 4285 fuero,
2557 4215 2676 4285 quia
2708 4216 2791 4269 cui
2816 4216 3065 4271 misertus
3091 4216 3193 4270 crit
3218 4215 3358 4270 Deus
3381 4225 3437 4269 ut
3460 4230 3580 4269 eum
3604 4222 3757 4268 vocet
3774 4214 3830 4283 ¹,

2220 4306 2571 4361 “miserebitur
2598 4308 2712 4377 ejus
2739 4316 2798 4362 ut
2840 4303 3143 4372 credat;'et
3191 4307 3277 4363 cui
3320 4308 3625 4363 misericors
3656 4305 3836 4363 fuerit

2224 4405 2288 4453 ut
2322 4398 2541 4465 credat,
2588 4399 3006 4455 misericordiam
3032 4401 3339 4471 praestabit,
3386 4402 3487 4457 hoc
3527 4410 3610 4456 est
3659 4399 3837 4457 faciet.

2229 4506 2352 4548 eum
2380 4493 2815 4560 misericordem,
2848 4502 2909 4549 ut
2951 4495 3109 4550 etiam
3152 4496 3290 4552 bene
3337 4494 3625 4567 operetur?
3660 4492 3833 4551 Unde

2228 4585 2598 4651 admonemur,
2647 4602 2745 4641 nec
2786 4587 2914 4657 ipsis
2944 4590 3195 4659 operibus
3228 4589 3602 4645 misericordiae
3632 4604 3835 4660 quem-

2227 4694 2384 4749 quam
2440 4688 2685 4749 oporlerc
2728 4681 2941 4752 gloriari
2984 4693 3037 4738 et
3077 4684 3293 4751 extolli,
3338 4685 3481 4755 quod
3532 4686 3609 4740 eis
3659 4687 3822 4754 quasi

2226 4771 2339 4825 suis
2368 4772 2537 4825 Deum
2577 4775 2963 4841 promcrucrit;
3014 4775 3441 4847 quandoquidem
3489 4784 3547 4831 ut
3586 4774 3830 4832 haberet

2226 4865 2393 4937 ipsam
2424 4867 2841 4923 miscricordiam
2869 4869 2956 4923 ille
2987 4870 3253 4939 praestitit,
3277 4870 3366 4941 qui
3394 4869 3830 4926 misericordiam

2222 4962 2499 5034 prarstabit
2525 4963 2607 5017 cui
2631 4962 2937 5017 misericors
2960 4961 3136 5018 fuerit.
3166 4962 3316 5033 Quod
3341 4965 3383 5018 si
3406 4978 3523 5019 eam
3547 4962 3831 5019 credendo

2224 5068 2286 5111 se
2312 5056 2571 5109 meruisse
2611 5055 2731 5124 quis
2751 5054 2946 5123 jactat,
2988 5057 3195 5111 noverit
3223 5071 3343 5111 eum
3376 5058 3473 5111 sibi
3503 5055 3831 5126 praestitisse

2224 5158 2283 5203 ut
2312 5148 2587 5214 crederet,
2630 5148 2719 5220 qui
2762 5149 3045 5204 miseretur
3082 5150 3392 5222 inspirando
3440 5149 3632 5215 ﬁdem,
3664 5148 3832 5217 cujus

2224 5240 2475 5313 misertus
2496 5249 2578 5296 est
2604 5248 2665 5295 ut
2686 5240 2860 5297 adhuc
2902 5243 3102 5299 inﬁdeli
3127 5245 3462 5300 vocationem
3494 5241 3825 5313 impertiret.

2223 5333 2341 5389 Jam
2366 5335 2509 5389 enim
2537 5333 2857 5389 discernitur
2888 5334 3056 5391 ﬁdelis
3086 5337 3152 5391 ab
3179 5337 3362 5407 impio.
3396 5335 3533 5401 Quid
3561 5334 3691 5389 enim
3727 5335 3833 5389 lia-

2226 5428 2323 5495 bes,
2355 5428 2559 5499 inquit,
2592 5429 2726 5499 quod
2750 5445 2851 5484 non
2875 5430 3155 5501 accepisti?
3188 5429 3249 5487 Si
3274 5441 3439 5486 autem
3471 5440 3515 5484 et
3540 5428 3785 5500 accepisti
3806 5470 3828 5501 ,

2223 5522 2348 5597 quid
2377 5522 2610 5594 gloriaris
2639 5523 2783 5594 quasi
2811 5540 2914 5579 non
2941 5525 3190 5597 acceperis
3216 5524 3261 5597 (l
3285 5524 3408 5581 Cor.
3438 5541 3506 5590 IV,
3541 5523 3636 5593 7)?

2294 5614 2385 5670 10.
2413 5612 2578 5669 Recte
2609 5616 2828 5686 quidem
2868 5616 3007 5685 hoc;
3035 5617 3128 5673 sed
3168 5631 3262 5673 cur
3294 5617 3410 5674 haec
3447 5613 3829 5677 misericordia

2222 5748 2664 5866 ιὶἆίῗῇίέὶᾖιέέααη
2680 5756 2813 5807 vocet
2838 5750 3129 5810 misericors.
3154 5755 3317 5819 Abest,
3345 5751 3642 5819 adseruem
3658 5763 3698 5820 ι
3712 5764 3831 5809 ne-
