4000 6336
16 140 23 205 i

17 210 29 309 ι

16 3696 39 4401 ἱ

174 328 249 388 il?
1584 335 1789 392 LIBER
1826 332 2094 394 PRIMUS.
3375 340 3479 398 “8

184 447 409 504 sulm-acta
435 450 526 501 est
552 446 628 503 ab
661 447 859 521 Esau,
890 460 1078 509 utnon
1109 452 1185 507 sic
1209 457 1506 517 vocaretur,
1536 459 1593 507 ut
1616 461 1669 506 et
1699 466 1791 505 vo-

194 538 665 610 eatoinspiraretur
698 540 856 600 ﬁdes
891 546 943 612 ί,
978 553 1029 600 et
1050 543 1273 599 credens
1302 542 1607 599 misericors
1642 543 1813 599 fieret‘

202 637 378 697 athene
405 639 789 707 operaretur?
846 641 934 695 An
980 639 1113 695 forte
1155 639 1278 709 quia
1308 636 1510 692 noluit?
1558 636 1615 693 Si
1664 650 1793 707 ergo

210 732 338 791 lacob
357 714 480 785 ideo
503 728 753 785 credidit
795 732 927 801 quia
956 730 1153 795 voluit,
1186 745 1293 785 non
1331 729 1379 783 ei
1412 729 1549 783 Deus
1578 726 1795 782 donavit

209 825 372 890 fidem,
403 821 503 878 sed
548 837 676 877 eam
720 821 832 878 sibi
880 823 995 893 ipse
1024 821 1251 877 volendo
1295 821 1571 891 przestitit,
1614 828 1667 875 et
1696 818 1792 872 ha-

209 916 305 973 ltuit
326 913 522 985 aliquid
549 912 699 983 quod
744 928 857 968 non
899 914 1122 985 accepit.
1154 913 1234 967 An
1263 911 1384 982 quia
1425 926 1582 966 nemo
1620 918 1795 981 potest

209 1007 409 1065 credere
438 1005 536 1060 nisi
569 1004 723 1068 velit,
755 1020 922 1059 nemo
948 1004 1081 1060 velle
1119 1003 1219 1058 nisi
1246 1010 1484 1068 vocetur,
1513 1016 1673 1056 nemo
1696 1015 1794 1055 au-

210 1112 299 1156 tem
332 1097 435 1153 sibi
474 1105 658 1167 potest
698 1104 966 1166 przestare
1010 1104 1066 1149 ut
1106 1103 1342 1161 vocetur,
1371 1093 1613 1148 vocando
1654 1093 1796 1148 Deus

210 1200 408 1265 praestat
459 1200 513 1247 et
554 1190 757 1257 ﬁdem;
813 1190 937 1261 quia
988 1189 1104 1245 sine
1149 1188 1431 1243 vocatione
1474 1202 1580 1241 non
1624 1192 1799 1255 potest

208 1287 473 1357 quisquam
521 1284 786 1352 credere,
833 1283 1075 1355 quamvis
1118 1281 1295 1337 nullus
1334 1280 1518 1336 credat
1562 1276 1798 1334 invitus?

209 1375 457 1443 Quomodo
480 1375 629 1430 enim
656 1374 882 1439 credent,
924 1390 1068 1444 quem
1095 1390 1196 1427 non
1222 1371 1530 1425 audierunt?
1559 1378 1648 1423 aut
1671 1385 1799 1439 quo-

208 1469 339 1521 modo
384 1467 604 1520 audient
651 1467 762 1521 sine
803 1465 1149 1536 praedicante?
1192 1464 1362 1520 Nemo
1408 1464 1585 1534 itaque
1632 1461 1800 1517 credit

207 1576 301 1615 non
338 1570 609 1614 vocatus:
643 1557 740 1614 sed
784 1573 893 1613 non
937 1559 1112 1613 omnis
1150 1557 1321 1613 credit
1356 1565 1594 1612 vocatus.
1643 1553 1801 1609 Multi

209 1654 331 1707 enim
368 1663 487 1708 sunt
517 1652 719 1719 vocati,
755 1650 905 1722 pauci
942 1666 1057 1704 vero
1103 1650 1243 1705 electi
1283 1648 1497 1719 (Matth.
1528 1664 1618 1716 xx,
1665 1645 1797 1717 i6):

207 1748 373 1819 utique
402 1748 440 1802 ii
470 1748 564 1818 qui
597 1756 879 1803 vocantem
910 1761 1018 1811 non
1047 1752 1512 1816 contempserunt,
1557 1741 1651 1798 sed
1679 1757 1799 1797 crc-

204 1840 367 1896 tlendo
384 1842 565 1896 secuti
581 1853 740 1907 sunt;
770 1840 1012 1896 volentes
1036 1850 1210 1895 autem
1236 1840 1352 1894 sine
1373 1838 1534 1893 dubio
1558 1835 1802 1892 credide-

204 1942 336 1987 runt.
368 1934 516 2000 Quid
546 1943 632 1989 est
660 1948 789 2003 ergo
810 1933 955 2003 quod
982 1933 1236 2003 sequitur,
1274 1931 1298 1984 Ι
1307 1932 1441 2003 gitur
1470 1946 1569 1983 non
1591 1929 1800 1983 volentis

202 2044 351 2100 neque
368 2029 644 2095 currentis,
661 2028 749 2083 sed
768 2028 1049 2082 miserentis
1067 2036 1137 2082 est
1156 2026 1246 2081 Dei
1264 2027 1288 2081 ?
1306 2026 1385 2080 An
1407 2025 1530 2095 quia
1549 2038 1649 2078 nec
1667 2022 1801 2078 velle

199 2136 503 2191 possumus
522 2123 625 2177 nisi
640 2122 832 2185 vocati,
856 2129 910 2176 et
931 2120 1064 2175 nihil
1088 2119 1232 2175 valet
1260 2118 1397 2174 velle
1418 2125 1680 2183 nostrum,
1700 2113 1802 2169 nisi

198 2224 250 2267 ut
272 2213 629 2283 perﬁciamus
643 2213 854 2283 adjuvet
868 2212 1047 2267 Deus?
1066 2212 1211 2282 Opus
1229 2219 1452 2281 estergo
1468 2208 1604 2264 velle
1622 2216 1674 2263 et
1690 2222 1804 2262 cur-

198 2320 339 2361 rere.
375 2305 498 2361 Non
520 2305 656 2359 enim
676 2307 874 2361 frustra
893 2305 1184 2368 diceretur,
1209 2301 1279 2358 Et
1300 2304 1352 2357 in
1370 2312 1502 2357 terra
1520 2318 1622 2373 pax
1639 2301 1803 2357 homi-

202 2398 347 2451 nibus
370 2396 520 2451 batur
547 2397 817 2451 voluntatis
847 2396 999 2469 (Luc.
1030 2412 1067 2451 ιι
1092 2438 1105 2462 ,
1139 2396 1246 2467 14)
1271 2412 1285 2461 ;
1318 2401 1392 2461 et,
1424 2390 1512 2449 Sic
1537 2393 1723 2447 currite
1746 2400 1805 2446 ut

202 2489 641 2559 comprehendatis
668 2489 710 2561 (1
724 2487 842 2544 Cor.
878 2487 1090 2559 1x35).
1124 2487 1247 2541 Non
1275 2496 1450 2541 tamen
1475 2485 1684 2540 volentis
1713 2502 1802 2540 ne-

200 2596 302 2647 que
323 2584 568 2636 canentis
588 2624 603 2649 ,
634 2584 723 2636 sed
756 2583 1034 2635 miserentis
1057 2590 1127 2635 est
1155 2580 1249 2634 Dei
1268 2622 1281 2647 ,
1319 2588 1374 2633 ιιι
1396 2579 1538 2649 quod
1560 2578 1803 2632 volumus

202 2673 606 2743 adipiscamur,
652 2682 708 2729 et
754 2689 861 2745 quo
907 2675 1150 2729 volumus
1196 2673 1589 2743 perveniamus.
1626 2670 1807 2726 Noluit

203 2780 330 2835 ergo
360 2765 507 2821 Esau
532 2776 592 2822 et
621 2782 729 2821 non
757 2766 995 2821 cucurrit
1025 2783 1038 2819 :
1067 2766 1161 2822 sed
1192 2775 1245 2821 et
1274 2767 1316 2820 si
1343 2765 1599 2820 voluisset
1629 2773 1681 2819 et
1707 2778 1804 2817 cu-

202 2856 493 2924 turrisset,
554 2857 653 2912 Dei
698 2856 966 2927 adjutorio
1008 2857 1373 2927 pervenisset,
1428 2856 1516 2927 qui
1558 2856 1607 2911 ci
1644 2855 1805 2910 etiam

202 2949 339 3003 velle
380 2958 438 3005 et
487 2965 712 3006 currere
754 2950 997 3007 vocando
1044 2958 1354 3021 praestaret,
1400 2950 1500 3004 nisi
1530 2951 1808 3005 vocatione

200 3051 506 3113 contempta
552 3044 819 3115 reprobus
850 3044 1019 3099 fieret.
1050 3045 1220 3099 Aliter
1250 3045 1388 3099 enim
1424 3044 1562 3099 Deus
1594 3053 1809 3113 przestat

200 3144 256 3187 ut
290 3136 565 3202 velimus,
606 3136 764 3190 aliter
790 3144 1010 3205 praestat
1039 3135 1177 3205 quod
1209 3136 1551 3189 voluerimus.
1582 3133 1652 3189 Ut
1674 3133 1810 3188 veli-

202 3239 319 3280 mus
344 3227 496 3281 enim
527 3234 585 3281 et
616 3241 769 3280 suum
801 3242 921 3281 esse
952 3227 1113 3280 voluit
1139 3234 1193 3281 et
1223 3236 1462 3281 nostrum
1487 3242 1502 3291 ;
1535 3240 1688 3280 suum
1716 3240 1808 3280 vo-

202 3317 403 3386 cando,
450 3326 701 3372 nostrum
746 3316 1040 3389 sequendo.
1086 3317 1238 3385 Quod
1279 3324 1455 3373 autem
1482 3316 1809 3371 voluerimus

200 3411 346 3466 solus
386 3419 653 3481 praestat,
700 3410 754 3465 id
791 3419 906 3478 est,
940 3424 1097 3481 posse
1127 3411 1263 3466 bene
1294 3425 1451 3481 agere
1472 3450 1487 3475 ,
1516 3420 1568 3465 et
1596 3424 1810 3480 semper

196 3503 357 3560 beate
381 3506 593 3561 vivere.
630 3505 1013 3561 Verumtamen
1036 3504 1177 3559 Esau
1207 3503 1442 3559 nondum
1471 3509 1645 3569 natus,
1674 3500 1809 3555 nihil

199 3599 393 3655 horum
427 3586 619 3670 posset
642 3599 780 3655 velle
808 3615 900 3654 seu
932 3598 1093 3654 nolle.
1123 3597 1228 3654 Cur
1249 3613 1377 3669 ergo
1407 3598 1459 3653 in
1486 3605 1638 3652 utero
1663 3596 1809 3667 posi-

199 3698 281 3748 tas
306 3692 650 3762 improbatus
673 3692 795 3748 est?
815 3691 1041 3746 Reditur
1061 3692 1203 3747 enim
1226 3689 1291 3745 ad
1314 3691 1433 3746 illas
1446 3689 1808 3758 difficultates,

201 3802 307 3841 non
358 3787 541 3842 solum
590 3801 688 3841 sua
732 3785 1095 3853 obscuritate,
1143 3784 1239 3841 sed
1276 3784 1436 3841 etiam
1477 3791 1659 3838 nostra
1705 3791 1810 3837 tam

200 3880 363 3934 multa
384 3880 717 3951 repetitione
737 3879 1094 3935 molestiores.

268 3976 361 4031 ll.
387 3974 507 4031 Cur
532 3975 681 4030 enim
700 3980 784 4029 est
814 3973 1141 4043 improbatus
1170 3971 1312 4027 Esau
1344 3969 1579 4026 nondum
1610 3978 1768 4026 natus
1791 4012 1807 4039 ,

199 4066 290 4139 qui
318 4084 422 4123 nec
447 4066 681 4123 credere
705 4074 917 4137 poterat
942 4064 1150 4121 vocanti
1176 4106 1190 4128 ,
1214 4079 1313 4119 nec
1346 4072 1690 4119 contemnere
1713 4077 1812 4117 vo-

198 4161 472 4216 cationem
515 4159 537 4190 ²
564 4200 579 4224 ,
632 4173 734 4213 nec
779 4157 902 4213 boui
945 4156 1030 4213 vel
1076 4155 1200 4211 mali
1240 4155 1437 4228 aliquid
1478 4152 1812 4226 operari?Si

196 4255 549 4333 prmscientia
574 4253 675 4309 Dei
704 4252 893 4309 futurae
923 4252 1075 4307 malae
1104 4251 1390 4307 voluntatis
1418 4250 1533 4320 ejus
1551 4291 1565 4317 ,
1592 4264 1687 4305 cur
1704 4262 1814 4304 non

202 4359 253 4403 et
282 4347 460 4403 Jacob
483 4345 826 4417 pratscientia
858 4345 956 4402 Dei
985 4345 1306 4415 approbatus
1333 4352 1415 4400 est
1442 4343 1633 4398 futura:
1660 4343 1815 4399 bona:

200 4440 504 4495 voluntatis
544 4439 704 4510 ejus?
730 4437 887 4506 Quod
916 4438 960 4491 si
992 4437 1157 4493 semel
1184 4436 1514 4493 concesseris
1533 4476 1547 4503 ,
1577 4434 1816 4506 potuisse

200 4548 539 4605 quemquam
584 4532 671 4587 vel
713 4531 995 4605 approbari
1036 4532 1119 4587 vel
1166 4530 1455 4603 improbari
1484 4545 1551 4586 ex
1584 4544 1650 4586 eo
1675 4529 1818 4601 quod

202 4627 446 4681 nendum
503 4626 559 4680 in
612 4625 722 4695 illo
769 4634 916 4694 erat,
963 4624 1057 4680 sed
1102 4626 1225 4696 quia
1269 4623 1409 4680 Deus
1436 4623 1670 4678 futurum
1699 4637 1819 4679 esse

204 4720 538 4791 pra-sciebat
565 4736 580 4786 ;
631 4719 908 4775 conficitur
942 4736 1062 4774 eum
1092 4720 1329 4791 potuisse
1356 4719 1515 4775 etiam
1542 4733 1607 4774 ex
1635 4716 1818 4788 operi-

208 4816 307 4871 bus
344 4815 663 4887 approbari,
699 4831 819 4887 qua:
863 4816 918 4870 in
945 4815 1035 4871 illo
1066 4815 1206 4872 Deus
1230 4814 1401 4869 futura
1427 4828 1545 4869 esse
1572 4813 1820 4883 praescie-

208 4906 335 4973 ὕει,
391 4905 648 4977 quamvis
695 4905 931 4962 nondum
982 4915 1123 4962 esset
1172 4904 1369 4976 aliquid
1422 4914 1708 4976 operatus;
1766 4911 1822 4961 et

208 5000 433 5054 omnino
488 5008 543 5054 te
587 4999 719 5054 nihil
762 4998 1032 5071 adjuvabit
1059 5000 1199 5071 quod
1227 5000 1462 5055 nondum
1492 5000 1599 5053 nati
1629 5005 1816 5066 erant,

207 5104 329 5146 cum
374 5092 591 5147 dictum
630 5102 804 5160 esset,
849 5092 915 5146 Et
956 5099 1121 5163 major
1154 5093 1329 5147 serviet
1354 5092 1537 5146 minori
1562 5135 1577 5159 ,
1609 5100 1667 5147 ut
1696 5091 1821 5148 hinc

208 5183 472 5239 ostendas
501 5199 611 5239 non
629 5198 696 5239 ex
725 5184 976 5255 operibus
1004 5184 1226 5252 dictum,
1256 5185 1378 5256 quia
1405 5183 1639 5239 nondum
1663 5182 1820 5255 quid-

207 5292 367 5350 quam
394 5286 519 5334 erat
545 5287 823 5349 operatus.

236 5390 249 5402 ·
279 5369 372 5425 12.
422 5370 523 5425 Illa
563 5370 729 5426 etiam
770 5370 935 5426 verba
962 5369 1004 5424 si
1034 5368 1313 5442 diligenter
1342 5367 1584 5425 attendas
1607 5411 1622 5437 ,
1655 5368 1821 5441 Igitur

207 5478 309 5518 non
352 5462 568 5518 colentis
611 5479 772 5533 neque
813 5462 1095 5529 currentis,
1148 5462 1235 5517 sed
1275 5462 1659 5534 miserentis_est
1683 5461 1859 5532 Dei;.

210 5572 318 5614 non
361 5558 472 5615 hoc
507 5550 807 5631 Apostolus
844 5567 1125 5630 propterea
1160 5565 1373 5613 tantum
1400 5558 1597 5614 dixisse
1620 5558 1822 5614 videbi-

209 5657 295 5706 tur
320 5693 338 5719 ,
382 5652 528 5724 quod
571 5650 852 5724 adjutorio
895 5650 991 5706 Dei
1015 5650 1083 5706 ad
1111 5649 1167 5706 id
1191 5651 1331 5722 quod
1362 5652 1606 5708 volumus
1634 5668 1820 5725 perve-

273 5789 294 5854 ξ
320 5797 446 5845 Unus
468 5808 498 5847 e
522 5792 780 5846 vaticanis
798 5794 909 5838 Mss.
932 5789 1013 5841 hic
1025 5790 1173 5854 addit,
1193 5791 1245 5840 ut
1265 5786 1502 5840 crederet.

269 5852 296 5889 ³
314 5859 605 5911 Socbonicus
630 5862 743 5916 tus,
771 5858 1037 5904 vocantem.

1904 451 2149 517 niamus;
2183 449 2277 507 sed
2303 451 2460 507 etiam
2489 463 2554 507 ex
2582 449 2669 507 illa
2700 449 2994 508 intentione
3021 465 3121 524 qua
3148 458 3202 507 et
3228 451 3334 507 alio
3360 451 3480 507 loco

1899 546 2057 615 dicit,
2098 545 2223 601 Cum
2259 547 2435 601 timore
2474 554 2524 601 et
2549 554 2760 601 tremore
2786 555 3000 601 uestram
3020 547 3246 617 ipsorum
3272 546 3486 600 salutent

1899 639 2176 711 operamini
2198 656 2217 705 ;
2244 638 2381 694 Deus
2411 640 2541 695 enim
2570 648 2643 693 est
2666 640 2752 711 qui
2778 647 3014 709 operatur
3036 638 3091 692 in
3119 638 3256 693 vobis
3283 647 3330 691 et
3358 638 3484 691 velle

1900 741 1949 786 et
1986 731 2187 801 aperari
2208 771 2222 796 ,
2271 748 2363 802 pro
2405 732 2534 788 bona
2575 733 2846 786 voluntate.
2877 728 3134 801 (Philipp.
3164 729 3337 797 ",12,
3367 728 3483 798 15).

1902 823 2000 881 Ubi
2042 825 2170 880 satis
2210 825 2439 881 ostendit
2474 825 2633 880 etiam
2662 825 2828 894 ipsam
2856 823 3049 879 bonam
3078 824 3405 877 voluntatem
3434 821 3487 875 in

1902 917 2058 973 nobis
2088 927 2343 988 operante
2371 918 2481 974 Deo
2508 917 2642 973 fieri.
2670 917 2803 972 Nam
2830 917 2874 971 si
2904 924 3184 987 propterea
3215 914 3387 969 solum
3408 913 3489 966 tli-

1902 1019 2046 1084 ctum
2074 1020 2155 1066 est
2177 1053 2191 1076 ,
2228 1009 2351 1065 Non
2377 1011 2586 1065 volentis
2609 1026 2769 1081 neque
2785 1009 3030 1063 currentis
3048 1050 3064 1075 ,
3095 1007 3185 1062 sed
3215 1006 3492 1060 misercutis

1904 1111 1977 1157 est
2004 1101 2133 1171 Dei,
2166 1102 2285 1172 quia
2305 1103 2551 1158 voluntas
2574 1100 2803 1156 hominis
2829 1100 2941 1154 sola
2972 1112 3075 1152 non
3107 1097 3302 1152 sufficit
3328 1105 3384 1149 ut
3401 1096 3491 1165 ju-

1904 1203 1988 1250 ste
2034 1205 2287 1265 recteque
2326 1196 2564 1248 vivamus
2588 1235 2602 1258 ,
2635 1193 2736 1248 nisi
2766 1192 3079 1262 adjuvantur
3126 1187 3491 1244 misericordia

1906 1290 1998 1344 Dei
2025 1307 2038 1357 ;
2082 1299 2257 1359 potest
2295 1299 2349 1344 et
2377 1289 2478 1344 hoc
2502 1288 2662 1343 modo
2689 1287 2792 1343 dici
2816 1330 2829 1352 ,
2864 1285 3028 1356 Igitur
3054 1300 3162 1339 non
3191 1282 3496 1338 miserentis

1906 1392 1987 1438 est
2028 1382 2154 1451 Dei,
2199 1382 2292 1438 sed
2321 1381 2548 1437 volentis
2572 1388 2656 1437 est
2684 1380 2913 1435 hominis
2937 1420 2953 1447 ,
2978 1378 3102 1449 quia
3128 1374 3496 1431 misericordia

1906 1476 2000 1531 Dei
2024 1477 2146 1532 sola
2172 1491 2279 1531 non
2309 1476 2521 1543 sufficit,
2548 1475 2652 1530 nisi
2679 1487 2970 1529 consensus
2992 1479 3189 1525 nostrze
3208 1464 3495 1522 voluntatis

1905 1567 2150 1623 addatur.
2197 1570 2265 1623 At
2291 1568 2420 1623 illud
2452 1565 2790 1622 manifestum
2821 1571 2943 1629 est,
2968 1564 3161 1618 frustra
3190 1573 3290 1615 nos
3318 1557 3492 1624 velle,

1905 1662 2008 1717 nisi
2052 1660 2192 1716 Deus
2229 1662 2547 1716 misereatur
2587 1677 2599 1713 :
2648 1656 2774 1713 illud
2816 1665 2993 1711 auten
3021 1654 3204 1710 nescio
3228 1648 3498 1723 quomodo

1907 1753 2115 1809 dicatur
2134 1796 2149 1820 ,
2179 1751 2376 1808 frustra
2404 1752 2572 1807 Deum
2600 1748 2879 1813 misereri,
2910 1748 3013 1802 nisi
3040 1761 3141 1801 nos
3164 1745 3411 1800 velimus.
3439 1741 3497 1797 Si

1908 1847 2049 1901 enim
2096 1846 2237 1902 Deus
2281 1847 2600 1910 miseretur,
2642 1844 2800 1898 etiam
2838 1841 3083 1894 volumus
3119 1857 3133 1892 :
3162 1837 3227 1892 ad
3252 1833 3498 1891 eamdem

1908 1940 2103 2010 quippe
2142 1937 2560 1993 misericordiam
2588 1935 2817 2006 pertinet
2838 1942 2897 1987 ut
2923 1932 3168 1986 velimus.
3201 1927 3339 1982 Deus
3367 1928 3503 1980 enim

1910 2043 1980 2088 est
2020 2034 2105 2103 qui
2144 2040 2383 2102 aperatur
2421 2031 2475 2084 in
2517 2029 2658 2085 nobis
2690 2037 2737 2083 et
2770 2027 2895 2082 velle
2914 2035 2959 2081 et
2983 2024 3184 2095 operari
3206 2064 3221 2087 ,
3251 2037 3343 2092 pro
3368 2020 3503 2074 bona

1908 2126 2179 2179 voluntate.
2210 2123 2342 2177 Nam
2369 2123 2412 2176 si
2440 2134 2742 2192 quaeramus
2767 2126 2942 2174 utrum
2974 2116 3066 2171 Dei
3091 2115 3290 2171 donum
3311 2113 3383 2167 sit
3400 2126 3501 2165 vo-

1909 2217 2084 2272 luntas
2128 2216 2267 2271 bona
2291 2256 2307 2282 ,
2346 2214 2539 2269 mirum
2580 2213 2627 2267 si
2665 2226 2860 2283 negare
2892 2211 3169 2280 quisquam
3196 2205 3408 2260 audeat.
3432 2204 3506 2258 At

1910 2310 2053 2367 enim
2098 2309 2221 2379 quia
2264 2324 2369 2363 nou
2397 2306 2653 2379 praecedit
2681 2305 2927 2360 voluntas
2956 2304 3093 2358 bona
3120 2300 3455 2357 vocationem
3482 2339 3499 2363 ,

1910 2405 2005 2460 sed
2052 2403 2264 2459 voeatio
2313 2403 2505 2456 bonam
2553 2401 2879 2455 voluntatem
2906 2440 2922 2465 ,
2969 2407 3248 2468 pr0pterea
3289 2390 3503 2448 vocanti

1912 2496 2023 2553 Deo
2069 2504 2217 2552 recte
2254 2494 2503 2549 tribuitur
2539 2493 2681 2564 quod
2718 2493 2855 2547 bene
2882 2489 3164 2555 volumus,
3194 2486 3347 2543 nobis
3371 2498 3505 2539 vero

1912 2589 2071 2644 tribui
2116 2604 2219 2643 non
2266 2595 2439 2657 potest
2464 2585 2604 2657 quod
2636 2599 2908 2639 vocamur.
2939 2582 3052 2637 Non
3085 2582 3241 2651 igitur
3273 2579 3391 2633 ideo
3416 2577 3471 2631 di
3492 2604 3508 2619 ι

1912 2691 2053 2738 ctum
2106 2679 2400 2751 putandum
2443 2687 2526 2734 est
2551 2720 2565 2743 ,
2620 2677 2741 2731 Non
2784 2675 2996 2731 volentis
3037 2688 3196 2744 neque
3224 2668 3500 2733 currentis,

1912 2774 2001 2829 sed
2048 2773 2324 2827 miserentis
2362 2780 2435 2826 est
2479 2770 2603 2833 Dei,
2646 2769 2769 2839 quia
2811 2766 2911 2821 nisi
2953 2765 3066 2835 ejus
3106 2762 3369 2832 adjutorio
3396 2774 3505 2814 non

1914 2879 2195 2935 possumus
2242 2862 2459 2933 adipisci
2508 2860 2648 2932 quod
2686 2860 2929 2914 volumus
2951 2899 2966 2923 ,
3014 2855 3108 2912 sed
3143 2854 3263 2909 ideo
3285 2851 3505 2923 potius,

1914 2959 2035 3030 quia
2060 2959 2159 3013 nisi
2184 2958 2297 3028 ejus
2319 2957 2596 3012 vocatione
2617 2969 2722 3010 non
2746 2954 3009 3009 volumus.

1988 3053 2073 3107 15.
2116 3049 2221 3107 Sed
2250 3050 2294 3104 si
2320 3050 2531 3105 vocatio
2574 3048 2673 3102 ista
2718 3048 2799 3101 ita
2835 3053 2919 3101 est
2954 3043 3193 3100 effectrix
3222 3042 3377 3097 bona:
3405 3052 3506 3094 vo-

1915 3143 2157 3210 luntatis,
2203 3151 2259 3197 ut
2303 3143 2477 3197 omnis
2519 3156 2636 3198 eam
2675 3146 2896 3195 vocatus
2937 3146 3207 3208 sequatur,
3236 3132 3506 3206 quomodo

1916 3253 2099 3292 verum
2128 3235 2247 3303 erit,
2283 3234 2439 3289 Multi
2464 3235 2646 3302 vocati,
2679 3234 2828 3305 pauci
2854 3232 3035 3286 electi?
3060 3228 3212 3297 Quod
3240 3229 3286 3283 si
3316 3240 3505 3282 verum

1916 3340 2018 3395 est,
2038 3338 2209 3384 etnon
2223 3335 2612 3398 consequenter
2628 3325 2893 3381 vocationi
2908 3330 3127 3378 vocatus
3146 3320 3504 3388 obtemperat,

1918 3432 2077 3494 atque
2100 3430 2162 3476 ut
2187 3437 2292 3476 non
2320 3422 2337 3453 ⁸
2367 3422 2700 3491 obtemperet
2728 3419 2781 3473 in
2812 3418 2927 3486 ejus
2946 3423 3031 3471 est
3052 3415 3285 3485 positum
3318 3413 3509 3468 volun-

1917 3522 2047 3582 tate,
2086 3522 2235 3569 recte
2273 3513 2433 3568 etiam
2470 3511 2575 3568 dici
2606 3518 2801 3582 potest,
2852 3508 3013 3579 Igitur
3053 3522 3158 3561 non
3198 3502 3508 3559 miserentis

1918 3606 2035 3675 Dei,
2066 3606 2161 3663 sed
2186 3605 2412 3662 volentis
2440 3614 2599 3677 atque
2636 3603 2901 3660 currentis
2943 3610 3024 3657 est
3058 3597 3332 3662 hominis;
3378 3595 3507 3666 quia

1918 3696 2283 3754 misericordia
2303 3698 2540 3753 vocantis
2565 3711 2673 3751 non
2696 3693 2911 3762 sufficit,
2936 3692 3037 3747 nisi
3060 3690 3233 3745 vocati
3250 3688 3512 3745 obedien-

1918 3792 1991 3847 tia
2019 3790 2493 3862 consequatur.Au
2522 3788 2660 3846 forte
2686 3788 2760 3843 illi
2778 3787 2867 3859 qui
2885 3787 2986 3841 hoc
3014 3784 3174 3840 modo
3198 3782 3371 3839 vocati
3396 3794 3508 3837 non

1918 3885 2282 3952 consentiunt,
2314 3890 2535 3955 possent
2562 3882 2667 3937 alio
2699 3881 2861 3937 modo
2897 3879 3073 3935 vocati
3102 3874 3510 3933 accommodare

1918 3976 2044 4033 fidei
2070 3977 2416 4045 voluntatem,
2453 3985 2512 4031 ut
2538 3983 2592 4032 et
2616 3975 2743 4030 illud
2771 3988 2955 4029 verum
2985 3973 3087 4038 sit,
3132 3970 3287 4026 Multi
3318 3968 3507 4033 uocati,

1918 4067 2074 4141 pauci
2103 4068 2278 4135 electi;
2301 4075 2359 4122 ut
2386 4067 2630 4138 quamvis
2655 4065 2807 4121 multi
2832 4079 2939 4119 uno
2968 4062 3135 4119 modo
3159 4059 3334 4116 vocati
3363 4059 3471 4114 sint
3490 4099 3507 4122 ,

1916 4164 2103 4217 tamen
2134 4161 2257 4231 quia
2282 4174 2390 4216 non
2416 4174 2603 4216 omnes
2626 4173 2735 4215 uno
2760 4157 2919 4213 modo
2943 4155 3117 4213 affecti
3143 4164 3283 4219 sunt,
3311 4153 3385 4209 illi
3410 4152 3513 4208 soli

1917 4259 2217 4323 sequantur
2247 4251 2605 4315 vocationem,
2651 4250 2739 4320 qui
2782 4250 2832 4304 ei
2876 4247 3153 4319 capiendm’
3173 4245 3514 4316 reperiuntur

1920 4344 2133 4412 idonei;
2163 4352 2221 4399 et
2244 4343 2370 4399 illud
2396 4359 2504 4400 non
2534 4344 2710 4399 minus
2737 4356 2921 4398 verum
2950 4345 3041 4406 sit,
3069 4338 3239 4412 Igitur
3274 4354 3376 4393 non
3418 4352 3511 4391 υο-

1916 4437 2076 4491 ‘lcutis
2103 4451 2263 4506 neque
2287 4436 2551 4501 currentis,
2585 4434 2672 4488 sed
2710 4433 2993 4487 ntisereutis
3032 4439 3104 4486 est
3142 4429 3259 4498 Dei,
3288 4430 3379 4500 qui
3402 4426 3513 4482 hoc

1927 4526 2088 4583 modo
2117 4526 2346 4593 vocavit,
2393 4525 2660 4596 quomodo
2707 4533 2887 4595 aptum
2928 4530 3044 4579 erat
3083 4522 3161 4577 eis
3204 4521 3294 4591 qui
3341 4519 3513 4575 secuti

1926 4628 2051 4676 sunt
2068 4618 2442 4675 vocationem?
2464 4616 2545 4673 Ad
2572 4618 2704 4673 alios
2730 4625 2906 4672 autem
2926 4614 3136 4671 vocatio
3157 4612 3368 4686 quidem
3398 4626 3509 4683 per-

1912 4714 2103 4783 'venit;
2145 4713 2242 4771 sed
2270 4713 2392 4783 quia
2432 4713 2554 4769 talis
2576 4712 2681 4768 fuit
2707 4727 2812 4782 qua
2852 4710 3056 4767 moveri
3099 4722 3207 4765 non
3250 4715 3509 4779 possent,

1926 4825 2026 4867 nec
2052 4824 2170 4865 eam
2206 4823 2399 4880 capere
2418 4809 2440 4841 ¹
2468 4807 2577 4879 apti
2606 4814 2803 4872 essent,
2826 4804 3001 4861 vocati
3028 4803 3240 4876 quidem
3272 4801 3375 4857 dici
3418 4814 3515 4869 pc-

1926 4910 2143 4959 tuerunt
2189 4900 2283 4957 sed
2312 4915 2419 4955 non
2446 4900 2640 4955 electi:
2684 4906 2739 4955 et
2777 4912 2883 4953 non
2909 4897 3019 4968 jam
3056 4894 3302 4951 similiter
3325 4905 3514 4947 verum

1926 4993 2208 5065 est,lgitur
2220 5007 2327 5048 non
2354 4990 2658 5048 miserentis
2686 4989 2804 5059 Dei,
2821 4988 2915 5046 sed
2942 4988 3170 5044 volentis
3195 4994 3354 5055 atque
3384 4995 3513 5037 cur-

1927 5087 2094 5144 rentis
2118 5094 2201 5141 est
2224 5085 2457 5141 hominis
2482 5102 2493 5139 :
2528 5083 2779 5155 quoniam
2807 5098 2916 5139 non
2956 5089 3133 5153 potest
3166 5076 3385 5134 effectus
3415 5075 3518 5130 mi-

1928 5177 2233 5235 sericordize
2272 5177 2367 5232 Dei
2396 5190 2517 5233 esse
2546 5176 2598 5231 in
2628 5175 2858 5231 hominis
2887 5177 3169 5245 potestate,
3214 5175 3274 5223 ut
3316 5165 3519 5224 frustra

1928 5272 2020 5328 ille
2058 5271 2393 5337 misereatur,
2440 5270 2483 5324 si
2525 5270 2685 5325 homo
2715 5268 2874 5333 nolit;
2910 5265 3032 5335 quia
3077 5263 3122 5317 si
3152 5260 3310 5318 vellet
3353 5260 3518 5317 etiam

1929 5365 2166 5438 ipsorum
2211 5364 2475 5429 misereri,
2526 5371 2706 5433 posset
2735 5362 2805 5416 ita
2835 5370 3055 5423 vocare,
3099 5355 3368 5427 quomodo
3412 5354 3518 5410 illis

1930 5468 2112 5531 aptum
2154 5466 2315 5523 esset,
2343 5466 2400 5512 ut
2428 5464 2478 5512 et
2509 5461 2849 5510 moverentur
2875 5459 2928 5506 et
2960 5448 3316 5522 intelligerent
3347 5458 3402 5505 et
3426 5462 3515 5504 se-

1929 5560 2239 5624 querentur.
2263 5550 2460 5606 Verum
2487 5556 2570 5604 est
2598 5561 2744 5617 ergo,
2772 5543 2929 5600 Multi
2956 5545 3140 5614 vocati,
3174 5546 3324 5617 pauci
3349 5543 3513 5600 electi.

1992 5728 2009 5759 ί
2038 5733 2136 5775 ltuc
2152 5733 2256 5775 Mss.
2280 5722 2915 5791 auctoritaterqmvimus
2929 5732 3194 5791 negantem
3212 5722 3509 5788 particulam,

1927 5802 2037 5855 quze
2063 5791 2109 5855 in
2133 5798 2246 5837 ante
2273 5784 2709 5855 editiscxciderat.

1993 5855 2013 5884 ι
2034 5853 2108 5900 sic
2122 5859 2227 5900 uss.
2255 5857 2309 5899 At
2326 5848 2462 5911 editi,
2482 5854 2534 5899 ut
2553 5862 2661 5900 eam
2684 5863 2874 5917 capere.
