4000 6336
516 386 623 446 119

517 502 603 559 llli
630 502 776 559 enim
815 500 991 567 electi,
1021 501 1113 571 qui
1143 510 1498 572 congruenter
1523 500 1693 556 vocali
1719 501 1736 531 ¹
1765 519 1779 556 :
1811 499 1885 553 illi
1924 506 2101 552 autem

519 595 611 667 qui
638 611 747 652 non
774 596 1140 666 congruebant
1168 610 1342 666 neque
1371 592 1908 665 contemperabantur
1947 604 2107 645 voca-

521 689 677 758 tioui,
722 704 827 746 non
864 688 1056 755 electi,
1084 689 1207 758 quia
1236 703 1342 743 non
1388 686 1577 753 secuti,
1628 684 1869 755 quamvis
1912 680 2105 736 vocati.

519 781 652 838 item
677 798 862 839 verum
890 792 991 851 est,
1023 781 1145 836 Non
1170 782 1381 837 volentis
1409 798 1567 851 neque
1594 780 1859 846 currentis,
1894 779 1982 833 sed
2009 778 2107 832 mi-

466 878 469 883 ’
518 875 728 929 serentis
748 884 819 929 est
847 874 978 939 Dei;
1003 874 1124 946 quia
1153 874 1362 929 etiamsi
1389 872 1585 927 multos
1610 880 1783 939 vocet,
1812 886 1999 927 eorum
2029 879 2109 926 ta-

468 968 469 971 “
519 981 643 1021 men
674 965 979 1033 miseretur,
1011 979 1146 1036 quos
1172 965 1241 1020 ita
1277 973 1451 1032 vocat,
1496 962 1767 1035 quomodo
1807 963 1886 1019 eis
1929 964 2106 1018 vocari

519 1067 705 1128 aptum
744 1065 847 1125 est,
882 1066 937 1113 ut
965 1065 1275 1129 sequantur.
1321 1056 1537 1112 Falsum
1570 1066 1652 1112 est
1678 1065 1856 1112 autem
1898 1055 1946 1112 si
1987 1044 2109 1127 quis

516 1149 668 1218 dicit,
714 1150 879 1221 igitur
922 1165 1027 1206 non
1069 1151 1373 1207 misereutis
1403 1151 1531 1217 Dei,
1570 1150 1665 1207 sed
1694 1150 1920 1206 volentis
1949 1159 2109 1220 atque

516 1243 780 1298 currentis
808 1252 891 1300 est
918 1243 1147 1298 hominis
1176 1260 1189 1297 :
1220 1245 1342 1315 quia
1379 1244 1575 1299 nullius
1603 1243 1749 1300 Deus
1779 1241 1972 1298 frustra
2001 1242 2106 1297 mi-

516 1345 757 1401 seretur;
785 1335 936 1405 cujus
963 1345 1142 1393 autem
1169 1336 1473 1405 miseretur,
1501 1336 1577 1392 sic
1603 1351 1724 1391 eum
1752 1344 1937 1401 vocat,
1969 1348 2107 1405 quo-

515 1425 677 1481 modo
703 1426 805 1482 scit
832 1427 881 1483 ei
910 1434 1228 1499 congruere,
1260 1437 1317 1484 ιιι
1337 1437 1618 1485 vocantem
1646 1443 1751 1483 non
1782 1437 2019 1498 respuat.

587 1517 676 1573 ﬂ.
718 1517 817 1574 llic
842 1518 983 1574 dicet
1018 1520 1245 1591 aliquis:
1274 1519 1384 1575 Cur
1424 1535 1554 1592 ergo
1596 1520 1739 1576 Esau
1767 1534 1873 1575 non
1919 1519 1997 1574 sic
2024 1527 2109 1575 est

514 1618 776 1679 vocatus,
825 1620 883 1667 ut
929 1612 1090 1669 vellet
1146 1612 1397 1668 obedire?
1457 1612 1714 1668 Videmus
1767 1612 1909 1668 enim
1972 1612 2108 1667 alios

513 1702 671 1759 aliter
717 1703 906 1773 iisdem
952 1706 1113 1762 rebus
1151 1706 1531 1762 demonstratis
1557 1706 1643 1761 vel
1688 1703 1999 1776 significatis
2037 1702 2107 1759 ad

515 1795 841 1852 credendum
887 1798 1112 1854 moveri.
1155 1797 1301 1853 Sicut
1332 1798 1561 1869 exempli
1590 1796 2015 1868 gratia,Simeon
2047 1796 2101 1849 in

519 1887 800 1944 Dominum
834 1898 1076 1945 nostrum
1104 1890 1284 1947 lesum
1322 1890 1596 1947 Christum
1636 1890 1810 1946 adhuc
1849 1888 2105 1944 infantem

515 1980 792 2048 parvulum
834 1981 1101 2050 credidit,
1136 1982 1335 2053 Spiritu
1381 1984 1431 2039 ei
1473 1982 1743 2038 revelante
1778 1994 2107 2053 cognoscens

518 2069 669 2140 (Luc.
698 2088 770 2140 ιι,
801 2072 871 2129 25
891 2073 932 2143 ).
962 2072 1256 2130 Nathanael
1286 2074 1351 2130 ad
1382 2089 1539 2130 unam
1570 2073 1916 2139 sententiam,
1947 2086 2106 2143 quam

516 2163 585 2218 ab
614 2164 707 2220 illo
731 2164 952 2232 audivit,
987 2165 1291 2237 Priusquam
1328 2179 1374 2222 te
1418 2167 1695 2237 Philippus
1724 2175 1951 2233 vocaret,
1991 2182 2108 2218 cum

514 2271 647 2309 esses
671 2258 763 2311 sub
789 2257 967 2312 arbore
990 2258 1094 2327 ﬁci,
1138 2260 1237 2312 vidi
1275 2268 1357 2322 te;
1398 2259 1693 2328 respondit,
1727 2258 1910 2324 Rabbi,
1957 2268 2012 2313 tu
2054 2275 2108 2314 es

516 2348 685 2404 Filius
713 2349 825 2416 Dei,
867 2359 921 2405 tu
948 2367 1001 2405 es
1037 2368 1127 2406 rex
1166 2350 1331 2406 Israel
1363 2350 1553 2423 (Joan.
1579 2369 1616 2417 ι,
1648 2351 1717 2408 48
1740 2392 1755 2417 ,
1786 2351 1913 2421 49).
1955 2350 2109 2420 Quod

515 2448 666 2497 tanto
692 2450 814 2512 post
853 2442 974 2513 quia
1019 2442 1295 2500 confessus
1322 2453 1406 2499 est
1430 2444 1641 2510 Petrus,
1682 2444 1877 2501 meruit
1920 2444 2108 2501 audire

515 2531 660 2602 quod
689 2533 874 2589 beatus
900 2535 990 2602 sit,
1020 2544 1076 2590 et
1101 2534 1242 2606 quod
1270 2535 1320 2591 ei
1345 2535 1599 2591 darentur
1620 2536 1798 2592 claves
1824 2536 1971 2607 regni
1998 2551 2109 2593 cte-

518 2625 689 2681 lorum
720 2623 949 2699 (Matth.
980 2644 1067 2683 xv:
1089 2670 1103 2693 ,
1142 2627 1304 2685 16-19
1331 2629 1371 2700 ).
1403 2629 1659 2685 Miraculo
1701 2629 1839 2686 facto
1879 2630 1932 2686 in
1961 2630 2108 2687 Cana

519 2715 776 2784 Galilaeae,
803 2720 945 2789 quod
973 2720 1182 2776 initium
1209 2720 1481 2792 signorum
1506 2722 1637 2778 Jesu
1673 2722 1908 2780 Joannes
1941 2739 2107 2780 evan-

517 2811 705 2881 gelista
734 2823 1137 2881 commemorat,
1166 2830 1304 2885 aqua
1335 2816 1386 2870 in
1414 2816 1597 2872 vinum
1626 2831 1903 2884 conversa,
1935 2818 2110 2874 credi-

520 2903 715 2961 derunt
757 2906 811 2961 in
852 2922 976 2962 eum
1006 2907 1249 2978 discipuli
1277 2909 1393 2980 ejus
1423 2909 1623 2981 (Joan.
1655 2927 1712 2977 ιι,
1758 2912 1816 2967 ll
1845 2910 1886 2984 ).
1917 2911 2108 2967 Multos

518 2995 788 3067 loquendo
829 3000 1109 3056 incitavit”
1153 3001 1220 3057 ad
1264 3001 1465 3059 ﬁdem:
1508 3004 1661 3059 multi
1698 3018 1800 3060 nec
1841 3005 2108 3061 suscitatis

518 3090 746 3147 mortuis
769 3091 1132 3150 crediderunt.
1167 3094 1243 3150 Dc
1267 3110 1427 3152 cruce
1454 3104 1612 3166 atque
1640 3104 1812 3153 morte
1840 3097 1958 3168 ejus
1981 3112 2111 3153 con-

519 3180 694 3236 territi
722 3182 882 3239 etiam
907 3184 1154 3257 discipuli
1186 3186 1512 3256 titubarunt;
1540 3199 1595 3244 et
1619 3197 1795 3245 tamen
1824 3189 1960 3245 latro
1986 3200 2109 3248 tunc

520 3274 770 3343 credidit,
794 3293 916 3334 cum
945 3293 1066 3334 eum
1095 3294 1201 3334 non
1228 3281 1652 3350 praestantiorem
1667 3281 1871 3338 videret
1894 3283 1947 3338 in
1974 3298 2107 3355 ope-

518 3368 689 3436 ribus,
711 3369 806 3426 sed
831 3371 1102 3428 consortio
1126 3374 1301 3429 crucis
1329 3373 1589 3445 aequalem
1630 3376 1649 3443 (
1675 3374 1803 3429 Luc.
1827 3391 1974 3443 mu,
2008 3377 2108 3433 40-

520 3461 651 3532 42).
685 3463 834 3520 Unus
859 3465 1020 3520 etiam
1048 3464 1117 3521 de
1156 3481 1379 3522 numero
1417 3466 1799 3538 discipulorum
1830 3477 1952 3539 post
1992 3468 2110 3539 ejus

520 3554 994 3623 resurrectionem,
1032 3571 1140 3613 non
1172 3566 1279 3612 tam
1315 3558 1613 3614 viventibus
1642 3558 1916 3625 membris,
1948 3574 2108 3630 quam

520 3646 825 3702 recentibus
848 3647 1189 3702 cicatricibus
1211 3648 1439 3705 credidit
1462 3648 1639 3719 (Joan.
1661 3666 1756 3718 xx,
1779 3649 1849 3703 27
1871 3648 1891 3721 )
1915 3667 1929 3703 :
1957 3650 2110 3707 multi

522 3749 590 3791 ex
620 3750 805 3792 eorum
829 3751 1056 3793 numero
1082 3753 1113 3792 a
1142 3738 1335 3809 quibus
1357 3738 1645 3795 crucifixus
1677 3748 1778 3806 est,
1805 3740 1896 3812 qui
1923 3741 2110 3798 viden-

519 3837 603 3882 tes
632 3842 754 3883 eum
781 3827 1035 3883 miracula
1060 3828 1343 3885 facientem
1368 3841 1800 3902 contempserant
1833 3832 2109 3904 discipulis

520 3934 646 3977 eum
690 3919 1104 3992 praedicantibus
1131 3931 1186 3978 et
1211 3922 1267 3978 in
1297 3923 1514 3979 nomine
1539 3924 1656 3994 ejus
1698 3926 1823 3982 talia
1864 3926 2108 3984 facienti.

522 4010 625 4066 bus
666 4010 1009 4068 crediderunt
1042 4013 1198 4083 (Act.
1242 4013 1425 4085 n-tv).
1470 4015 1603 4072 Cum
1650 4032 1779 4089 ergo
1823 4019 1960 4075 alius
2006 4020 2105 4088 sic,

520 4102 660 4158 alius
678 4112 855 4159 autem
874 4104 952 4160 sic
968 4113 1235 4161 moveatur
1258 4106 1326 4162 ad
1347 4099 1529 4177 fidem,
1542 4110 1837 4182 eademque
1855 4127 1945 4169 res
1964 4128 2109 4185 saepe

518 4193 626 4249 alio
650 4194 812 4250 modo
840 4194 980 4253 dicta
1006 4206 1234 4264 moveat,
1264 4198 1369 4255 alio
1392 4201 1555 4257 modo
1575 4202 1713 4259 dicta
1736 4218 1845 4260 non
1872 4214 2105 4274 moveat;

517 4284 787 4355 aliumque
813 4288 1221 4356 moveat,alium
1248 4304 1353 4346 non
1380 4301 1624 4359 moveat;
1652 4294 1771 4365 quis
1797 4294 1993 4352 audeat
2019 4296 2108 4352 di-

518 4391 643 4432 cere
664 4376 899 4436 defuisse
919 4380 1030 4437 Deo
1056 4382 1272 4439 modum
1299 4384 1542 4450 vocandi,
1560 4400 1666 4457 quo
1685 4387 1846 4444 etiam
1876 4388 2017 4445 Esau
2038 4388 2108 4446 ad

518 4483 638 4525 eam
659 4469 820 4528 fidem
841 4483 1075 4530 mentem
1096 4476 1406 4547 applicaret,
1430 4478 1862 4551 voluntatemque
1883 4481 2107 4553 conjun-

516 4569 689 4631 geret,
708 4562 762 4619 in
778 4578 881 4634 qua
908 4564 1400 4635 Jacobjustiflcatus
1416 4569 1531 4626 est?
1550 4570 1706 4639 Quod
1747 4572 1791 4627 si
1814 4581 1958 4628 tanta
1972 4588 2108 4645 quo-

518 4668 624 4724 que
651 4662 828 4725 potest
852 4670 973 4713 esse
997 4657 1282 4719 obstinatio
1307 4661 1611 4729 voluntatis,
1633 4671 1893 4720 utcontra
1917 4680 2107 4724 omnes

516 4745 708 4803 modos
749 4748 1046 4805 vocationis
1089 4750 1406 4807 obdurescat
1429 4755 1624 4811 mentis
1649 4755 1926 4822 aversio';
1954 4774 2106 4828 quaa-

515 4841 655 4896 ritur
682 4847 856 4896 utrum
876 4840 945 4897 de
964 4841 1139 4897 divina
1160 4858 1316 4913 ptena
1345 4844 1414 4900 sit
1435 4844 1547 4915 ipsa
1574 4846 1788 4913 duritia,
1812 4863 1933 4903 cum
1964 4849 2107 4907 Deus

516 4930 719 4988 deserit
760 4946 867 4988 non
908 4933 988 4989 sic
1013 4935 1269 5000 vocando,
1299 4937 1569 5007 quomodo
1598 4938 1663 4993 ad
1704 4937 1862 4996 fidem
1902 4943 2107 4998 moveri

516 5032 714 5094 potest.
745 5024 877 5093 Quis
903 5026 1045 5081 enim
1085 5025 1227 5082 dicat
1254 5028 1470 5084 modum
1493 5027 1515 5059 ⁸
1547 5045 1654 5099 quo
1678 5029 1726 5085 ei
1754 5032 2105 5101 persuadere-

519 5123 607 5171 tur
629 5123 690 5172 ιιι
713 5116 977 5183 crederet,
1007 5119 1167 5173 etiam
1191 5118 1549 5192 Omnipotenti
1578 5122 1840 5179 defuisse?

592 5206 680 5260 15.
718 5206 828 5263 Sed
866 5208 991 5278 quid
1021 5208 1124 5264 hoc
1164 5212 1472 5281 quaerimus,
1520 5228 1641 5267 cum
1678 5215 1797 5283 ipse
1826 5217 2107 5290 subjungat

521 5297 828 5368 Apostolus,
878 5298 1013 5354 Dicit
1042 5302 1175 5355 enim
1220 5302 1486 5373 Scriptura
1534 5303 1814 5373 Pharaoni,
1861 5307 1993 5375 Quia
2037 5309 2106 5365 ad

520 5390 614 5444 hoc
638 5398 686 5443 te
710 5391 939 5457 excitavi,
961 5402 1013 5446 ut
1039 5394 1295 5448 ostendam
1319 5397 1368 5449 in
1395 5407 1441 5450 te
1470 5398 1741 5467 potenjiam
1772 5415 1954 5468 meam,
1975 5409 2024 5456 et
2050 5411 2105 5457 ut

583 5547 602 5616 ξ
622 5547 971 5616 '_t‘resva_tic;_mi
987 5548 1199 5616 codices,
1222 5550 1303 5616 qui
1327 5552 1649 5616 congruebant
1669 5551 1917 5605 vocationi.

582 5609 603 5640 ⁸
622 5613 695 5656 Er.
717 5615 769 5658 et
791 5607 1014 5670 plerique
1038 5616 1162 5667 5155.,
1182 5607 1421 5664 inritam:

584 5670 926 5737 fcotjbeieusls
942 5677 1045 5737 Ms.,
1068 5672 1263 5722 eversio.
1290 5678 1572 5737 victorinus,
1595 5679 1832 5730 adversio.

582 5730 605 5763 ⁸
622 5732 742 5806 Editi
765 5746 776 5781 :
796 5740 914 5806 cum
945 5731 1074 5806 enim
1109 5742 1235 5806 Deus
1268 5732 1523 5790 deseram"
1550 5730 1656 5804 quis
1676 5741 1821 5806 etiam
1853 5741 1987 5795 dicat
2007 5759 2107 5799 mo-

520 5794 1289 5876 era_e3-_92312919nsmtc.x
1312 5813 1323 5848 ε
1348 5811 1469 5876 cum
1492 5794 1600 5876 εηίιι
1626 5812 1752 5858 Deus
1783 5794 1979 5876 deserit.
2006 5794 2104 5863 éié.

518 5863 764 5920 tumcum
780 5857 888 5915 aliis
909 5865 1038 5927 Mss,
1055 5857 1162 5928 quis
1184 5859 1310 5916 enim
1326 5861 1455 5919 dicat
1487 5865 1701 5922 modum.

1963 5987 2003 6003 ιι..

1090 380 1178 439 DE
1218 382 1532 442 DlVERSlS
1569 378 2085 453 QUA‘JSTIONIBUS
2121 379 2215 437 AD
2250 374 2753 455 SIMPLICIANUM,
2782 382 2841 442 S.
2880 381 3246 444 AUGUSTlNl

3700 383 3803 449 ιιι

2219 498 2548 555 annuntietur
2571 517 2751 558 nomen
2773 519 2938 559 meum
2961 503 3015 558 in
3038 505 3269 558 universa
3292 502 3464 558 terra?
3488 500 3601 558 Hoc
3625 513 3801 560 autem

2213 588 2442 660 subjecit
2471 591 2756 663 Apostolus
2786 594 3185 664 documentum,
3231 609 3337 665 quo
3356 596 3364 609 ’
3383 593 3632 665 probaret
3661 593 3801 664 quod

2215 696 2375 753 supra
2404 684 2632 755 dixerat,
2665 686 2834 760 Igitur
2863 707 2965 744 non
2996 690 3205 744 volentis
3232 706 3389 764 neque
3414 688 3679 755 currentis,
3715 688 3805 742 sed

2216 775 2496 831 miserantis
2525 789 2596 833 est
2620 778 2737 834 Dei.
2781 781 3053 853 Tanquam
3080 782 3221 838 enim
3260 782 3310 837 ei
3339 781 3627 849 diceretur,
3654 778 3805 836 Unde

2215 865 2319 922 hoc
2356 868 2556 925 doces?
2584 869 2723 925 Dicit
2761 873 2893 926 enim
2931 872 3220 944 Scriptura,
3259 872 3453 944 inquit,
3503 869 3799 937 Pharaoni,

2220 959 2354 1028 Quia
2398 964 2468 1016 ad
2502 963 2595 1017 hoc
2638 973 2685 1018 te
2721 966 2954 1032 excitavi,
2990 975 3046 1019 ut
3083 965 3344 1020 ostendam
3371 964 3427 1018 in
3455 972 3503 1017 te
3531 961 3833 1032 potentiam,

2216 1068 2398 1121 meam,
2426 1064 2472 1108 et
2491 1064 2545 1109 ut
2564 1057 2891 1112 annuntietur
2910 1074 3089 1112 nomen
3121 1074 3284 1112 meum
3314 1057 3365 1109 in
3391 1056 3625 1110 universa
3650 1062 3801 1108 terra.

2217 1142 2411 1215 Utique
2442 1145 2566 1201 hinc
2593 1149 2880 1205 ostendens
2910 1149 3053 1220 quod
3092 1167 3196 1205 non
3236 1148 3446 1223 uolentis
3491 1164 3647 1218 neque
3684 1163 3805 1200 cur-

2216 1236 2392 1301 rentis,
2432 1238 2521 1291 sed
2546 1239 2825 1294 miserentis
2859 1250 2931 1296 est
2968 1240 3086 1297 Dei.
3126 1239 3517 1311 Concluditque
3545 1238 3636 1305 ita,
3667 1237 3806 1309 Ergo

2218 1326 2364 1396 cujus
2388 1327 2493 1381 vult
2520 1329 2802 1399 miseretur,
2830 1340 2878 1385 et
2905 1349 3050 1403 quem
3076 1333 3181 1387 vult
3208 1331 3461 1397 obdurat;
3502 1345 3625 1385 cum
3650 1344 3810 1398 supe-

2217 1417 2330 1474 rius
2358 1434 2466 1475 non
2493 1430 2780 1494 utrumque
2804 1425 3004 1481 dictum
3038 1426 3128 1482 sit.
3157 1425 3341 1495 Neque
3368 1423 3510 1480 enim
3538 1422 3809 1494 quomodo

2216 1509 2415 1567 dictum
2445 1522 2547 1581 est,
2582 1514 2705 1571 Non
2730 1518 2942 1573 volentis
2970 1535 3129 1590 neque
3153 1518 3539 1587 currentisgsed
3569 1518 3811 1573 miseren-

2217 1603 2279 1658 tis
2325 1614 2395 1659 est
2441 1604 2567 1673 Dei;
2593 1609 2669 1665 sic
2710 1611 2873 1666 etiam
2904 1612 3106 1668 dictum
3134 1620 3238 1679 est,
3270 1628 3376 1669 non
3403 1611 3633 1667 nolentis
3659 1611 3677 1641 ί
3714 1626 3811 1666 ne-

2217 1711 2323 1766 que
2347 1703 2762 1769 contemnentis,
2794 1705 2889 1760 sed
2916 1704 3229 1762 obdurantis
3257 1714 3341 1763 est
3376 1706 3490 1761 Dei.
3538 1704 3690 1761 Unde
3719 1703 3815 1760 da-

2219 1796 2304 1842 tur
2334 1789 2576 1862 intelligi,
2604 1794 2745 1864 quod
2772 1796 2909 1851 infra
2946 1806 3230 1869 utrumque
3265 1797 3462 1868 posuit,
3496 1794 3636 1867 Ergo
3662 1796 3813 1866 cujus

2216 1881 2323 1934 uult
2348 1881 2645 1953 miseretur,
2690 1896 2737 1940 et
2774 1903 2922 1952 quem
2973 1889 3077 1943 vult
3118 1890 3369 1957 obdurat,
3416 1889 3490 1945 ita
3531 1886 3816 1944 sententia:

2218 1972 2483 2043 superiori
2512 1990 2669 2045 posse
2701 1993 3019 2049 congruere,
3048 1991 3107 2036 ut
3134 1980 3416 2037 obduratio
3443 1980 3540 2036 Dei
3568 1980 3639 2036 sit
3666 1978 3817 2036 nolle

2217 2064 2460 2121 misereri
2485 2086 2499 2121 :
2526 2077 2582 2123 ut
2602 2084 2708 2124 non
2731 2070 2799 2125 ab
2816 2072 2907 2126 illo
2924 2074 3185 2144 irrogetur
3203 2073 3398 2144 aliquid
3422 2087 3529 2144 quo
3552 2072 3620 2127 sit
3647 2072 3818 2128 homo

2217 2158 2474 2227 deterior,
2494 2162 2589 2218 sed
2604 2172 2809 2220 tantum
2831 2181 2936 2236 quo
2956 2168 3025 2222 sit
3043 2168 3234 2223 melior
3252 2183 3356 2223 non
3368 2176 3635 2239 erogctur.
3652 2164 3819 2234 Quod

2216 2254 2263 2310 si
2294 2255 2351 2309 ﬁt
2375 2255 2518 2310 nulla
2542 2256 2884 2314 distinctione
2905 2260 3236 2327 meritorum,
3268 2261 3385 2331 quis
3426 2276 3533 2315 non
3563 2265 3820 2330 erumpat

2217 2348 2271 2403 in
2292 2364 2409 2405 eam
2434 2365 2643 2418 vocem,
2667 2368 2825 2421 quam
2854 2352 2952 2407 sibi
2981 2352 3094 2423 ipse
3109 2352 3307 2423 objecit
3324 2352 3647 2421 Apostolus?
3667 2351 3821 2408 Dicis

2215 2444 2384 2513 itaque
2402 2445 2526 2499 mihi
2543 2464 2562 2499 :
2581 2444 2717 2511 Quid
2735 2446 2903 2500 adhuc
2923 2447 3240 2517 conqueritur
3255 2446 3280 2501 ?
3295 2464 3412 2501 nam
3431 2444 3680 2500 voluntati
3705 2447 3822 2515 ejus

2215 2534 2327 2605 quis
2343 2536 2554 2590 resistit?
2565 2536 2919 2608 Conqueritur
2930 2538 3074 2593 enim
3092 2538 3229 2593 Deus
3240 2553 3383 2608 saepe
3398 2537 3463 2593 de
3478 2535 3819 2602 hominibus,

2216 2626 2355 2681 sicut
2391 2641 2488 2697 per
2510 2628 2928 2685 innumerabiles
2959 2636 3181 2699 apparet
3209 2628 3601 2699 Scripturarum
3637 2623 3820 2694 locos,

2216 2717 2359 2789 quod
2380 2719 2549 2775 nolint
2568 2721 2789 2776 credere
2808 2729 2863 2776 et
2882 2730 3028 2777 recte
3049 2721 3245 2777 vivere.
3270 2721 3421 2777 Unde
3442 2721 3629 2776 fideles
3654 2730 3717 2777 et
3739 2720 3822 2777 far-

2217 2810 2422 2867 cientes
2434 2812 2758 2867 voluntatem
2773 2812 2869 2869 Dei
2884 2813 3188 2869 conversari
3206 2812 3451 2868 dicuntur
3467 2813 3581 2867 sine
3593 2815 3820 2883 querela

2218 2903 2366 2975 (Luc.
2391 2921 2431 2973 ι,
2452 2906 2532 2975 6),
2558 2905 2701 2975 quod
2725 2905 2793 2962 de
2817 2905 2920 2962 illis
2940 2920 3048 2962 non
3073 2916 3328 2978 queratur
3361 2905 3655 2976 Scriptura.
3680 2904 3818 2974 Sed,

2222 2995 2359 3063 Quid
2384 2996 2724 3066 conqueritur,
2767 2996 2879 3051 ait?
2906 3013 3025 3051 nam
3052 2998 3299 3051 voluntati
3333 2998 3442 3067 ejus
3467 2997 3577 3068 quis
3600 2997 3816 3066 resistit,

2216 3090 2433 3162 quando
2464 3091 2611 3161 cujus
2639 3092 2744 3145 vult
2769 3091 3053 3160 miseretur,
3077 3100 3124 3147 et
3149 3108 3296 3161 quem
3322 3091 3427 3147 vult
3456 3091 3712 3146 obdurat?
3750 3090 3822 3147 Et

2217 3191 2397 3240 tamen
2436 3183 2737 3239 intueamur
2763 3184 3060 3255 superiora,
3089 3192 3144 3239 et
3172 3183 3295 3240 inde
3336 3191 3597 3251 nostram,
3628 3197 3811 3253 quau-

2220 3284 2332 3332 tum
2362 3276 2477 3348 ipse
2501 3275 2759 3331 Dominus
2784 3275 3021 3346 adjuvat,
3049 3276 3372 3332 sententiam
3399 3274 3715 3345 dirigamus.

2291 3369 2383 3426 16.
2423 3370 2514 3425 Ait
2542 3369 2687 3425 enim
2716 3368 2876 3440 paulo
2904 3377 3051 3434 ante,
3077 3366 3212 3435 Quid
3236 3384 3355 3440 ergo
3376 3367 3597 3423 dicemus
3615 3366 3637 3420 ?
3654 3381 3821 3421 num-

2218 3460 2344 3532 quid
2397 3460 2638 3530 iniquitas
2690 3468 2763 3515 est
2819 3459 2960 3531 apud
3008 3458 3214 3515 Deum?
3241 3458 3400 3513 Absit.
3422 3456 3503 3514 Sit
3521 3457 3683 3528 igitur
3713 3455 3824 3512 hoc

2221 3552 2395 3610 fixum
2425 3562 2584 3623 atque
2628 3550 2899 3608 immobile
2928 3550 2981 3605 in
3020 3558 3198 3607 mente
3224 3548 3399 3604 sobria
3430 3549 3626 3618 pietate
3652 3556 3824 3618 atque

2220 3644 2397 3700 stabili
2427 3644 2482 3699 in
2503 3642 2607 3699 fide
2627 3644 2670 3709 ⁸,
2698 3642 2842 3713 quod
2871 3642 3018 3699 nulla
3043 3651 3128 3699 est
3151 3641 3397 3712 iniquitas
3423 3639 3564 3710 apud
3594 3639 3776 3695 Deum
3801 3655 3819 3695 :

2221 3746 2382 3808 atque
2401 3737 2473 3791 ita
2499 3736 2836 3792 tenacissime
2863 3734 3271 3805 firmissimeque
3289 3731 3555 3799 credatur,
3579 3731 3824 3802 idipsutn

2219 3829 2363 3901 quod
2411 3829 2554 3885 Deus
2582 3831 2727 3899 cujus
2763 3828 2869 3884 vult
2894 3829 3157 3883 miseretur
3183 3834 3230 3881 et
3256 3842 3404 3896 quem
3440 3824 3543 3879 vult
3571 3824 3819 3892 obdurat,

2221 3919 2324 3976 hoc
2362 3929 2474 3985 est,
2504 3917 2659 3989 cujus
2687 3919 2798 3974 vult
2825 3919 3109 3974 miseretur
3146 3925 3202 3972 et
3239 3915 3391 3986 cujus
3420 3930 3529 3971 non
3557 3906 3669 3970 vult
3706 3928 3826 3970 non

2219 4013 2526 4080 miseretur,
2568 4026 2688 4068 esse
2726 4012 2951 4083 alicujus
3004 4009 3229 4066 occultae
3270 4018 3429 4079 atque
3463 4007 3532 4062 ab
3574 4007 3826 4062 humano

2219 4102 2437 4160 modulo
2476 4102 2858 4173 investigabilis
2900 4100 3181 4174 aequitatis,
3224 4116 3345 4171 qua":
3384 4100 3438 4155 iu
3480 4098 3610 4169 ipsis
3646 4099 3824 4155 rebus

2219 4195 2470 4252 humanis
2536 4194 2869 4265 terrenisque
2924 4191 3283 4249 contractibus
3326 4190 3823 4247 animadvertenda

2219 4297 2339 4356 est;
2369 4288 2424 4344 in
2445 4288 2636 4359 quibus
2656 4288 2759 4343 nisi
2785 4301 3028 4359 supernae
3045 4286 3266 4356 justititc
3282 4283 3525 4356 quaedam
3549 4286 3824 4355 impressa

2219 4380 2441 4452 vestigia
2470 4388 2797 4447 teneremus,
2829 4394 3098 4450 nunquam
3125 4378 3179 4433 in
3221 4378 3398 4449 ipsum
3423 4377 3597 4433 cubile
3626 4391 3689 4432 ac
3718 4392 3827 4451 pe-

2218 4475 2424 4533 netrale
2448 4472 2842 4529 sanctissimum
2871 4482 3031 4543 atque
3059 4471 3414 4528 castissimum
3453 4470 3826 4542 spiritualium

2218 4576 2608 4640 praeceptorum
2647 4573 2843 4621 nostrae
2869 4564 3189 4620 infirmitatis
3218 4563 3514 4635 suspiceret
3540 4571 3703 4633 atque
3732 4563 3826 4619 in-

2221 4659 2396 4715 biaret
2414 4658 2661 4715 intentio.
2684 4657 2833 4715 Beati
2859 4658 2949 4729 qui
2972 4656 3211 4714 esuriunt
3233 4665 3290 4712 et
3308 4657 3495 4712 sitiunt
3513 4656 3784 4727 justitiam
3803 4698 3823 4724 ,

2217 4753 2468 4824 quoniam
2500 4751 2601 4823 ipsi
2633 4752 3010 4809 saturabuntur
3035 4750 3249 4823 (Matth.
3279 4765 3336 4816 ν,
3368 4750 3465 4822 6).
3498 4750 3556 4806 ln
3583 4749 3682 4806 ista
3716 4751 3827 4823 igi-

2219 4852 2307 4901 tur
2334 4845 2577 4901 siccitate
2600 4844 2723 4900 vita:
2747 4844 3172 4914 conditionisque
3200 4844 3463 4911 mortalis,
3493 4843 3593 4898 nisi
3617 4858 3828 4913 asper-

2218 4945 2433 5007 geretur
2457 4935 2689 5008 desuper
2727 4937 2874 4993 velut
2911 4935 3216 4992 tenuissima
3253 4934 3499 5007 quaedam
3551 4949 3677 4990 aura
3721 4935 3828 5005 ju-

2218 5029 2379 5086 stitia:
2399 5071 2415 5097 ,
2446 5029 2602 5084 citius
2630 5042 3016 5094 arcsceremus,
3048 5041 3209 5097 quam
3238 5026 3530 5082 sitiremus.
3562 5025 3829 5096 Quapro-
3860 5020 3865 5025 ”

2220 5129 2338 5192 pter
2361 5136 2482 5176 cum
2509 5119 2685 5176 dando
2710 5128 2765 5176 et
2792 5119 3101 5193 accipiendo
3128 5119 3267 5174 inter
3305 5133 3364 5174 se
3403 5119 3679 5173 hominum
3729 5134 3832 5175 so-

2218 5214 2383 5269 cietas
2414 5221 2782 5279 connectatur,
2815 5213 3007 5269 dentur
3040 5220 3217 5268 autem
3261 5219 3317 5266 et
3360 5210 3689 5280 accipiantur
3732 5211 3832 5266 vel

2219 5306 2394 5363 debita
2424 5308 2508 5363 vel
2539 5321 2645 5363 non
2670 5306 2883 5374 debita;
2920 5308 3036 5377 quis
3071 5321 3176 5360 non
3205 5303 3380 5359 videat
3406 5302 3697 5373 iniquitatis
3732 5318 3835 5357 ar-

2218 5401 2307 5473 gui
2336 5400 2603 5456 neminem
2633 5415 2813 5470 posse,
2846 5398 2932 5469 qui
2959 5397 3101 5468 quod
3130 5397 3230 5451 sibi
3261 5394 3504 5459 debetur,
3535 5395 3835 5462 exegerit?

2217 5507 2319 5549 nec
2347 5508 2468 5549 eum
2494 5505 2660 5559 certe,
2692 5491 2782 5562 qui
2803 5490 2942 5561 quod
2970 5489 3018 5543 ei
3050 5488 3294 5555 debetur,
3317 5487 3519 5542 donare
3546 5485 3834 5540 voluerit?

2218 5582 2321 5641 hoc
2344 5594 2522 5641 autem
2550 5599 2655 5639 non
2685 5598 2803 5639 esse
2830 5580 2883 5637 in
2912 5596 3096 5637 eorum
3125 5579 3217 5650 qui
3243 5578 3511 5634 debitores
3540 5586 3683 5642 sunt,
3722 5579 3835 5632 sed

2280 5750 2297 5776 ι
2323 5748 2396 5793 Sic
2416 5748 2489 5792 Er.
2519 5749 2571 5792 et
2592 5741 2782 5804 aliquot
2796 5745 2904 5788 uss.
2924 5717 3128 5804 Artem,
3154 5747 3248 5804 non
3271 5731 3486 5804 volentis.

2280 5806 2300 5836 ἱ
2325 5805 2472 5863 Fditi,
2510 5795 2687 5854 stabili'
2715 5801 2845 5865 ﬁdc;
2902 5801 3077 5851 omissa
3117 5795 3391 5863 particula,
3438 5795 3510 5861 in,
3552 5805 3707 5863 quam
3758 5810 3838 5853 ex

2215 5867 2492 5920 Corbcicnsi
2510 5873 2592 5919 Ms.
2618 5877 2914 5918 revocamus.

2431 6011 2513 6038 ιιι»
