4000 6336
215 407 300 471 ut
818 356 831 362 ’
940 356 955 361 ⁷
1091 358 1096 367 ’
1613 400 1817 459 LlBER

1935 403 2122 463 llMUS.

219 528 264 583 in
285 523 397 595 ejus
419 521 512 577 cui
543 520 788 579 debetur
813 520 1074 580 arbitrio?
1113 519 1236 575 Haec
1266 519 1463 590 imago,
1500 518 1606 585 vel,
1634 527 1693 572 ut
1732 532 1821 575 su-

220 636 304 692 pra
346 617 503 685 dixi,
550 618 853 687 vestigium
901 614 1127 686 negotiis
1170 613 1444 668 hominum
1492 610 1560 666 de
1612 610 1823 681 fastigio

222 724 419 769 summo
440 711 456 739 ‘
490 708 771 779 aequitatis
801 708 1122 777 impressum
1150 713 1251 759 est.
1284 704 1418 760 Sunt
1448 703 1607 774 igitur
1634 716 1821 758 omnes

226 804 463 860 homines
485 799 995 873 (quandoquidem,
1027 808 1083 852 ut
1107 795 1394 866 Apostolus
1418 796 1526 862 ait,
1556 793 1624 848 In
1659 794 1824 847 Adam

225 914 382 953 omnes
406 895 703 950 moriuntur
735 893 799 967 [Ι
827 892 947 949 Cor.
978 907 1065 959 xv,
1093 889 1214 962 22],
1250 906 1278 944 a
1306 904 1410 959 quo
1437 889 1490 943 in
1517 888 1823 943 universum

225 1006 383 1062 genus
418 988 723 1044 humanum
772 985 927 1055 origo
956 983 1168 1039 ducitur
1196 979 1506 1039 oll‘ensionis
1539 980 1630 1034 Dei
1657 976 1676 1049 )
1717 993 1822 1033 una

226 1082 463 1155 quadam
514 1095 700 1137 massa
745 1078 993 1149 peccati,
1035 1075 1355 1146 supplicium
1386 1073 1588 1129 dcbens
1630 1072 1825 1128 divinae

225 1189 553 1245 summaeque
587 1172 837 1245 justitiae,
879 1169 1021 1242 quod
1061 1168 1173 1224 sive
1209 1168 1473 1237 exigatur,
1506 1166 1624 1221 sive
1652 1164 1822 1220 done-

226 1280 324 1336 tur,
353 1268 506 1324 nulla
534 1277 621 1323 est
650 1265 927 1336 iniquitas.
956 1265 1002 1318 Α
1024 1262 1216 1333 quibus
1255 1269 1436 1315 autem
1480 1258 1819 1329 exigendum,

226 1372 275 1420 et
301 1364 500 1435 quibus
520 1359 837 1417 donandum
868 1358 959 1427 sit,
989 1356 1218 1427 superbe
1245 1354 1487 1427 iudicant
1512 1353 1819 1409 debitores:

227 1454 679 1528 quemadmodum
700 1451 951 1508 conducti
974 1448 1038 1505 ad
1065 1450 1208 1505 illam
1228 1448 1438 1504 vineam
1466 1446 1661 1517 injuste
1687 1446 1825 1502 indi-

227 1549 361 1621 gnati
395 1556 550 1614 sunt,
601 1561 726 1602 cum
767 1542 1100 1599 tantumdem
1142 1541 1263 1595 aliis
1306 1540 1617 1607 donaretur,
1650 1553 1823 1610 quan-

233 1640 463 1695 tumillis
492 1637 819 1694 redderetur
844 1635 864 1707 (
890 1634 1079 1689 Matth.
1124 1648 1225 1700 xx,
1272 1633 1332 1686 Η
1362 1631 1402 1702 ).
1448 1630 1627 1702 Itaque
1666 1630 1824 1701 hujus

230 1731 615 1803 impudentiam
645 1728 962 1802 quaestionis
990 1727 1062 1783 ita
1110 1724 1347 1781 retundit
1388 1724 1678 1795 Apostolus
1720 1742 1733 1776 :
1780 1722 1825 1777 0

228 1826 385 1891 homo,
412 1836 467 1880 tu
488 1826 604 1897 quis
619 1841 697 1893 es,
719 1824 808 1894 qui
833 1820 1139 1892 respondeas
1164 1818 1273 1873 Deo
1286 1820 1311 1873 ?
1326 1817 1414 1874 Sic
1434 1818 1577 1873 enim
1603 1831 1826 1888 respon-

225 1919 307 1976 det
330 1920 469 1987 Deo,
499 1934 624 1975 cum
678 1918 727 1974 ei
756 1916 1005 1987 displicet
1026 1912 1170 1985 quod
1202 1912 1270 1968 de
1298 1911 1667 1982 peccatoribus
1691 1926 1824 1966 con-

222 2013 464 2084 queritur
495 2012 661 2079 Deus,
690 2010 844 2082 quasi
874 2022 1193 2079 quemquam
1225 2005 1368 2060 Deus
1397 2018 1620 2075 peccare
1647 2012 1821 2075 cogat,

219 2106 262 2161 si
303 2103 683 2160 tantummodo
711 2105 732 2134 ⁸
773 2101 1091 2173 quibusdam
1121 2098 1476 2171 peccantibus
1516 2097 1824 2152 misericor-

217 2197 368 2253 diam
396 2194 785 2267 justiﬁcationis
801 2209 915 2250 sua:
932 2208 1040 2248 non
1059 2188 1477 2262 largiatur,etob
1494 2188 1595 2243 hoc
1615 2187 1826 2243 dicatur

224 2288 501 2344 obdurare
525 2294 808 2355 peccantes
835 2283 1116 2354 quosdam,
1150 2283 1271 2353 quia
1300 2296 1406 2337 non
1434 2295 1618 2336 eorum
1660 2282 1824 2335 mise-

222 2388 386 2443 retur,
432 2392 542 2432 non
571 2379 696 2448 quia
724 2374 957 2447 impellit
999 2384 1056 2429 ut
1103 2382 1346 2445 peccent.
1398 2372 1599 2427 Eorum
1642 2379 1824 2427 autem

225 2485 325 2525 non
349 2469 664 2535 miseretur,
692 2466 888 2538 quibus
914 2465 1339 2521 misericordiam
1379 2478 1486 2520 non
1526 2477 1647 2518 esse
1682 2476 1826 2533 prte-

224 2564 468 2629 bcndam,
500 2563 757 2634 aequitate
795 2560 1155 2617 occultissima
1194 2568 1250 2615 et
1277 2559 1347 2614 ab
1377 2558 1626 2614 humanis
1654 2558 1826 2614 sensi-

228 2658 321 2714 bus
360 2657 727 2713 remotissima
747 2654 971 2727 judicat.
1000 2653 1366 2710 lnscrutabilia
1407 2653 1549 2707 enim
1592 2653 1827 2718 suntju-

225 2751 352 2806 dicia
383 2751 528 2821 ejus,
559 2759 616 2807 et
640 2748 1037 2819 investigabiles
1062 2748 1162 2802 vim
1192 2748 1359 2818 ipsius
1389 2745 1565 2818 (Rom.
1592 2728 1667 2815 iit,
1706 2745 1822 2817 35).

224 2844 581 2915 Conqueritur
606 2853 787 2898 autem
812 2841 957 2913 juste
980 2841 1047 2897 de
1070 2840 1459 2911 peccatoribus,
1486 2848 1735 2910 tanquam
1757 2838 1825 2895 de

230 2937 306 2991 bis
332 2950 474 3007 quos
502 2950 733 3007 peccare
762 2934 878 3005 ipse
919 2948 1025 2988 non
1053 2931 1214 3002 cogit.
1262 2931 1429 2987 Simul
1466 2931 1624 2986 etiam
1670 2938 1728 2985 ut
1770 2928 1825 2985 hi

225 3042 443 3099 quorum
496 3029 810 3093 miseretur,
860 3025 999 3079 hanc
1047 3038 1260 3095 quoque
1312 3021 1543 3078 habeant
1587 3022 1826 3078 vocatio-

226 3135 381 3187 nem;
435 3128 497 3174 ut
538 3118 674 3174 dum
717 3117 1065 3188 conqueritur
1110 3116 1253 3171 Deus
1299 3115 1367 3171 de
1410 3115 1822 3186 peccatoribus,

226 3219 657 3284 eompungantur
683 3208 868 3276 corde,
896 3217 1056 3280 atque
1083 3206 1151 3263 ad
1187 3207 1304 3277 ejus
1342 3207 1569 3279 gratiam
1593 3221 1825 3263 conver-

228 3314 415 3360 tantur.
439 3303 600 3358 Juste
622 3315 753 3373 ergo
777 3300 1143 3371 conqueritur,
1168 3306 1222 3355 et
1250 3297 1693 3354 misericorditer.

290 3398 376 3452 ΓΙ.
415 3395 529 3454 Sed
573 3395 624 3450 si
662 3394 766 3450 hoc
789 3399 1000 3459 movet,
1032 3390 1173 3463 quod
1200 3388 1455 3446 voluntati
1494 3388 1613 3458 ejus
1650 3388 1827 3445 nullus

225 3491 444 3557 resistit,
478 3487 607 3559 quia
635 3486 723 3559 cui
750 3485 864 3541 vult
890 3483 1159 3551 subvenit,
1190 3490 1246 3539 et
1271 3497 1430 3553 quem
1455 3480 1569 3536 vult
1590 3480 1824 3549 deserit;

228 3599 347 3639 cum
374 3591 433 3639 et
461 3558 555 3637 ille
581 3558 969 3645 cui‘subvenit,
997 3584 1053 3632 et
1080 3576 1171 3633 ille
1196 3590 1354 3647 quem
1385 3574 1606 3640 deserit,
1634 3587 1702 3630 ex
1732 3588 1827 3629 ea-

228 3680 345 3736 dem
371 3693 555 3735 massa
583 3678 693 3734 sint
721 3685 1085 3748 peccatorum,
1113 3683 1168 3731 et
1193 3674 1437 3745 quamvis
1462 3673 1654 3729 debeat
1677 3681 1828 3728 uter-

224 3786 325 3844 que
357 3770 689 3842 supplicium
710 3810 726 3835 ,
753 3768 822 3824 ab
848 3782 956 3823 uno
985 3775 1161 3822 tamen
1188 3766 1448 3837 exigatur,
1475 3765 1630 3821 alteri
1658 3763 1830 3819 done-

225 3872 343 3918 tur:
366 3864 411 3919 si
447 3863 556 3917 hoc
600 3875 730 3931 ergo
766 3867 976 3927 movet;
1008 3857 1052 3915 0
1082 3859 1253 3927 homo,
1291 3867 1345 3912 tu
1374 3858 1486 3929 quis
1513 3873 1595 3925 es,
1634 3855 1721 3926 qui
1745 3870 1829 3909 re-

222 3958 475 4026 spondeas
496 3955 647 4011 Deo?
670 3955 919 4011 Arbitror
938 3954 1078 4010 enim
1107 3953 1209 4008 sub
1229 3951 1417 4008 eadem
1445 3950 1832 4022 signiﬁcatione

225 4050 481 4119 limitum,
504 4047 651 4119 quod
680 4046 883 4102 dictum
909 4054 1014 4113 est,
1042 4047 1192 4101 homo
1214 4062 1233 4111 ;
1258 4044 1360 4099 sub
1387 4058 1492 4114 qua
1517 4052 1571 4099 et
1596 4041 1725 4097 illud
1752 4040 1833 4096 di-

222 4140 382 4209 citur,
411 4138 613 4194 Nonne
640 4140 869 4193 homines
897 4138 1034 4204 estis,
1062 4146 1110 4192 et
1134 4136 1411 4192 secundum
1440 4135 1690 4189 hominem
1715 4149 1829 4187 am-

223 4232 459 4287 blatis?
489 4231 567 4288 lbi
600 4231 743 4287 enim
772 4230 1016 4287 carnales
1055 4238 1111 4285 et
1141 4228 1399 4284 animales
1439 4235 1691 4282 notantur
1732 4226 1834 4282 hoc

222 4325 471 4391 nomine,
501 4322 699 4395 quibus
739 4322 954 4390 dicitur,
986 4320 1107 4376 Non
1149 4321 1291 4392 potui
1332 4321 1470 4392 loqui
1510 4320 1647 4374 vobis
1689 4319 1836 4390 quasi

220 4418 600 4491 spiritalibus,
641 4416 731 4472 sed
772 4415 919 4487 quasi
958 4414 1284 4479 carnalibus;
1310 4421 1365 4469 ct
1393 4412 1558 4479 illud,
1590 4411 1836 4468 Nondum

222 4513 363 4567 enim
404 4510 655 4582 poteratis
680 4524 701 4564 :
726 4508 817 4564 sed
845 4523 1003 4579 neque
1029 4507 1197 4562 adhuc
1224 4506 1428 4576 potestis
1447 4547 1461 4571 ,
1497 4504 1664 4559 adhuc
1703 4504 1837 4559 enim

226 4607 349 4658 estis
375 4604 618 4658 carnales
642 4602 686 4673 (1
717 4600 835 4658 Cor.
866 4617 943 4668 ut,
969 4599 1098 4673 1-4),
1127 4609 1181 4656 et
1210 4598 1362 4665 illud,
1393 4599 1638 4653 Anima/is
1667 4608 1837 4653 autem

226 4699 383 4752 homo
430 4712 540 4750 non
583 4696 795 4766 percipit
833 4710 947 4765 qua:
990 4701 1106 4747 sunt
1131 4690 1357 4762 Spiritus
1376 4689 1474 4746 Dei
1497 4688 1608 4760 (Id.
1632 4707 1690 4758 ll,
1722 4690 1833 4763 14).

227 4788 322 4844 His
361 4803 500 4858 ergo
532 4786 751 4853 dicitur,
796 4786 842 4840 0
872 4786 1043 4852 homo,
1083 4791 1137 4837 tu
1171 4784 1283 4855 quis
1312 4800 1384 4852 es,
1418 4784 1503 4852 qui
1531 4782 1839 4851 respondeas

226 4880 381 4937 Deo?
423 4879 696 4949 Numquid
724 4878 846 4932 dicit
875 4877 1172 4949 ﬁgmentum
1198 4876 1242 4929 ei
1276 4875 1361 4945 qui
1389 4890 1442 4928 se
1464 4875 1631 4943 ﬁnxit,
1668 4874 1840 4942 Quare

229 4989 310 5028 me
337 4973 408 5027 sic
436 4970 648 5043 fecisti?
670 4969 770 5023 Aut
800 4986 901 5023 non
926 4968 1071 5022 habet
1100 4975 1396 5039 potestatem
1420 4966 1611 5036 ﬁgulus
1641 4966 1755 5033 luti,
1778 4982 1841 5021 ea:

232 5066 405 5120 eadem
425 5062 791 5133 conspersione
810 5064 977 5132 facere
996 5060 1138 5115 aliud
1158 5058 1359 5131 quidem
1384 5073 1470 5113 vas
1495 5059 1548 5113 iu
1576 5060 1835 5125 honorem,

226 5159 374 5212 aliud
400 5159 455 5211 in
488 5153 890 5210 contumeliam?
918 5153 995 5209 Eo
1026 5154 1141 5224 ipso
1173 5151 1402 5208 fortasse
1441 5149 1573 5207 satis
1607 5150 1841 5206 ostendit

228 5268 289 5307 se
316 5250 525 5306 homini
558 5248 765 5305 carnali
793 5248 974 5318 loqui;
1004 5246 1255 5317 quoniam
1298 5245 1400 5300 hoc
1439 5244 1595 5299 limus
1624 5244 1739 5314 ipse
1763 5243 1839 5299 si-

223 5345 473 5415 gniﬁcat,
516 5343 660 5398 unde
707 5342 910 5412 primus
966 5340 1126 5396 homo
1171 5339 1434 5395 formatus
1463 5348 1546 5394 est
1580 5356 1592 5392 :
1622 5345 1676 5393 et
1716 5338 1839 5407 quia

230 5454 443 5505 mea,
490 5446 551 5491 ut
599 5437 710 5507 jam
758 5434 1210 5501 commemoravi,
1251 5431 1542 5488 secundum
1591 5430 1839 5485 eumdem

299 5551 317 5579 ι
346 5556 469 5597 nes
491 5547 703 5597 Vaticani
728 5552 859 5603 Mss,
898 5555 1112 5594 summae.
1136 5542 1378 5605 Pauloque
1404 5550 1511 5605 rost
1544 5542 1694 5605 iidem
1732 5540 1841 5605 libri

233 5607 440 5681 lsi-inut,
466 5623 498 5679 ᾳ
526 5621 622 5679 quo
644 5607 923 5658 universum
954 5619 1101 5669 genus
1137 5603 1665 5668 Immauuntorigiuem
1706 5604 1841 5655 ducit

300 5736 322 5765 '
348 5743 479 5793 Mss,
501 5680 960 5793 :datantunmtodo.
1000 5736 1149 5792 Atque
1164 5742 1299 5793 unus
1322 5742 1384 5778 ex
1422 5728 1498 5776 his
1520 5728 1838 5793 Gonovcfzeus

230 5790 471 5859 proxime
483 5803 599 5845 ante
620 5794 771 5859 addit,
797 5806 910 5859 cum
928 5790 1027 5856 ipse
1049 5790 1282 5859 imminent
1306 5804 1507 5859 peccare
1533 5790 1839 5859 cogat._Al;us

236 5851 405 5921 autem
429 5871 496 5907 ex
531 5858 768 5921 Vaticanis
802 5851 956 5919 inira,
987 5868 1073 5920 pro
1112 5851 1347 5920 largiatur
1374 5861 1426 5906 ct
1450 5851 1660 5917 dicatur,
1684 5852 1838 5921 habet

237 5916 451 5987 lamina
476 5929 528 5977 et
549 5918 747 5975 dicitur.

3419 411 3525 477 121

1932 519 2246 590 Apostolum
2276 522 2329 577 in
2355 521 2521 579 Adam
2544 525 2849 595 moriuntur,
2886 541 3046 585 unam
3077 528 3211 587 dicit
3236 546 3357 592 esse
3383 549 3520 593 con-

1931 613 2261 683 spersionem
2286 616 2543 671 omnium.
2567 618 2634 673 Et
2657 620 2897 690 quamvis
2926 620 3070 677 aliud
3098 637 3193 678 vas
3216 624 3308 681 ﬁat
3337 625 3389 681 in
3416 626 3519 684 ho-

1931 720 2138 773 norem,
2161 706 2305 762 aliud
2330 712 2382 762 in
2409 711 2817 779 contumeliam;
2849 722 3028 770 tamen
3054 723 3107 771 et
3135 716 3265 772 illud
3286 718 3430 789 quod
3458 718 3519 778 ﬁt

1932 800 1984 855 in
2016 800 2294 869 honorem,
2327 818 2546 860 necesse
2571 814 2654 861 est
2683 815 2741 861 ut
2771 808 2986 864 carnale
3009 823 3130 867 esse
3164 810 3403 882 incipiat,
3433 821 3520 868 at-

1930 907 2036 962 que
2065 892 2189 949 inde
2218 895 2272 948 in
2299 895 2628 965 spiritualem
2657 907 2942 970 consurgat
2966 908 3177 956 aetatem
3200 903 3239 957 ί.
3263 902 3519 970 Quando-

1900 1048 1903 1051 ,
1931 985 2143 1055 quidem
2169 986 2279 1057 jam
2308 988 2359 1043 in
2388 989 2645 1047 honorem
2676 992 2796 1048 facti
2822 1003 2995 1063 erant,
3019 1005 3073 1051 et
3096 996 3150 1051 in
3170 994 3384 1052 Christo
3407 996 3522 1068 jam

1931 1078 2041 1133 nati
2065 1088 2219 1133 erant
2243 1098 2257 1134 :
2282 1080 2377 1135 sed
2404 1089 2582 1139 tamen
2607 1085 2859 1154 quoniam
2891 1087 3141 1156 parvulos
3174 1087 3351 1144 adhuc
3380 1087 3520 1144 allo-

1930 1172 2127 1241 quitur,
2173 1173 2333 1228 etiam
2380 1174 2524 1244 ipsos
2568 1177 2811 1233 carnales
2859 1178 3115 1248 appellat,
3146 1179 3523 1237 dicenszNon

1932 1267 2073 1335 potui
2110 1267 2248 1338 loqui
2273 1267 2409 1322 vobis
2434 1270 2577 1340 quasi
2613 1270 2984 1342 spiritualibus,
3013 1273 3103 1327 sed
3126 1274 3272 1344 quasi
3295 1274 3520 1330 carnali-

1932 1355 2039 1411 bus.
2068 1357 2228 1425 Quasi
2255 1360 2478 1428 parvulis
2503 1361 2555 1414 in
2577 1360 2772 1416 Christo
2803 1362 2881 1416 lac
2906 1362 3042 1417 vobis
3063 1373 3238 1435 potum
3257 1364 3395 1432 dedi,
3418 1380 3521 1421 non

1931 1466 2134 1517 escam;
2160 1467 2317 1522 neque
2344 1454 2476 1506 enim
2502 1455 2740 1524 poteratis
2763 1470 2782 1508 .'
2805 1454 2895 1508 sed
2911 1472 2999 1510 nec
3019 1455 3186 1510 adhuc
3206 1456 3408 1528 quidem
3436 1473 3521 1528 po-

1933 1544 2104 1609 testis;
2135 1546 2302 1599 adhuc
2329 1547 2461 1601 enim
2481 1548 2599 1603 estis
2622 1550 2871 1604 carnales.
2895 1549 3148 1617 Quamvis
3173 1538 3301 1622 ergo
3326 1566 3520 1609 cama-

1930 1634 2008 1690 les
2035 1651 2131 1692 eos
2156 1652 2274 1693 esse
2303 1637 2480 1705 dicat;
2515 1648 2692 1696 tamen
2718 1641 2829 1711 jam
2859 1641 2913 1696 in
2940 1639 3152 1697 Christo
3180 1651 3358 1710 natos,
3386 1650 3441 1697 ct
3464 1641 3522 1699 in

1931 1726 2022 1781 illo
2066 1729 2337 1798 parvulos,
2384 1738 2438 1785 et
2465 1731 2602 1787 lacte
2646 1732 2925 1802 potandos.
2968 1734 3034 1789 Et
3075 1734 3217 1805 quod
3261 1733 3521 1805 adjungit,

1932 1818 2043 1873 Nec
2068 1821 2237 1875 adhuc
2262 1823 2464 1892 quidem
2493 1826 2715 1893 potestis,
2745 1825 2978 1881 ostendit
3006 1825 3345 1896 proﬁcientes
3370 1824 3520 1881 futu-

1931 1928 2050 1967 rum
2090 1930 2207 1969 esse
2235 1925 2292 1968 ut
2320 1917 2555 1985 possint;
2585 1918 2705 1987 quia
2730 1917 2841 1987 jam
2870 1919 2923 1972 in
2955 1919 3035 1974 eis
3061 1918 3409 1989 spiritualiter
3434 1934 3522 1974 re-

1932 2005 2071 2061 natis
2099 2007 2268 2077 gratia
2295 2007 2466 2063 fuerat
2497 2009 2741 2064 inchoata
2768 2013 2810 2063 ¹.
2835 2010 2975 2081 Ergo
2993 2011 3103 2082 jam
3129 2027 3256 2068 vasa
3285 2021 3441 2068 erant
3466 2012 3522 2068 iu

1932 2095 2191 2153 honorem
2236 2098 2393 2166 facta,
2422 2101 2614 2171 quibus
2639 2102 2813 2159 adhuc
2841 2110 3017 2158 tamen
3052 2111 3199 2160 recte
3231 2103 3520 2171 diceretur,

1934 2187 1979 2244 0
2006 2191 2175 2259 homo,
2201 2200 2255 2246 tu
2281 2195 2391 2263 quis
2416 2210 2485 2259 es,
2525 2194 2611 2264 qui
2641 2195 2945 2265 respondeas
2980 2194 3128 2250 Deo?
3160 2197 3228 2252 Et
3253 2196 3301 2251 si
3331 2196 3525 2253 talibus

1930 2291 2076 2337 recte
2115 2282 2330 2349 dicitur,
2363 2286 2529 2340 multo
2574 2287 2773 2342 rectius
2814 2289 2892 2343 eis
2934 2288 3025 2359 qui
3050 2289 3135 2344 vel
3164 2289 3402 2345 nondum
3449 2288 3524 2347 ita

1930 2377 2225 2446 regenerati
2257 2386 2400 2443 sunt,
2426 2378 2513 2432 vel
2538 2379 2697 2433 etiam
2726 2380 2776 2433 in
2807 2379 3184 2435 contumeliam
3214 2379 3359 2437 iacti.
3388 2380 3521 2437 Illud

1929 2468 2300 2524 tantummodo
2340 2469 2655 2526 inconcussa
2683 2470 2787 2526 ﬁde
2817 2479 3080 2539 teneatur,
3122 2471 3265 2543 quod
3298 2488 3406 2528 non
3451 2474 3526 2529 sit

1930 2558 2182 2631 iniquitas
2210 2562 2349 2632 apud
2374 2562 2539 2617 Deum
2567 2580 2580 2617 :
2613 2563 2702 2634 qui
2730 2564 2842 2618 sive
2865 2563 3047 2631 donet,
3077 2564 3189 2619 sive
3219 2565 3394 2636 exigat
3422 2563 3523 2621 de-

1929 2650 2121 2720 bitum,
2145 2668 2245 2708 nec
2270 2653 2360 2710 ille
2386 2669 2415 2708 a
2441 2670 2546 2725 quo
2567 2655 2749 2726 exigit,
2778 2663 2923 2711 recte
2950 2664 3123 2726 potest
3148 2655 3217 2712 de
3245 2656 3524 2727 iniquitate

1929 2744 2046 2814 ejus
2070 2746 2346 2817 conqueri,
2367 2762 2467 2803 nec
2490 2747 2582 2802 ille
2602 2749 2686 2803 cui
2708 2748 2889 2815 donat,
2916 2749 3075 2806 debet
3097 2749 3165 2805 de
3184 2749 3296 2805 suis
3315 2749 3524 2806 meritis

1929 2838 2164 2909 gloriari.
2196 2839 2263 2894 Et
2293 2839 2379 2895 ille
2404 2841 2568 2908 enim,
2598 2841 2698 2896 nisi
2728 2841 2870 2911 quod
2900 2841 3146 2910 debetur,
3172 2857 3279 2899 non
3304 2841 3481 2899 reddit
3506 2857 3522 2898 :

1928 2942 1984 2989 et
2008 2932 2101 2990 ille
2125 2948 2232 2989 non
2262 2933 2441 3001 habet,
2473 2935 2575 2990 nisi
2603 2935 2747 3005 quod
2776 2935 3001 3006 accepit.

2002 3026 2091 3083 18.
2132 3026 2238 3082 Sed
2267 3026 2575 3082 enitendum
2606 3035 2691 3083 est
2714 3026 2818 3084 hoc
2843 3028 2982 3094 loco,
3011 3028 3058 3083 si
3086 3027 3346 3086 Dominus
3372 3027 3526 3101 adju-

1930 3127 2038 3187 vet,
2074 3120 2259 3176 vidcre
2298 3119 2745 3190 quemadmodum
2783 3131 2839 3177 et
2883 3121 3014 3177 illud
3049 3137 3236 3179 verum
3261 3124 3352 3191 sit,
3380 3123 3528 3193 quod

1930 3212 2188 3284 scriptum
2213 3222 2316 3281 est,
2342 3211 2492 3268 Nihil
2519 3214 2672 3271 odisti
2699 3230 2873 3269 eorum
2896 3231 3013 3285 qua
3053 3215 3256 3286 fecisti(
3280 3214 3412 3285 Sap.
3444 3230 3524 3283 xl,

1929 3304 2049 3376 25);
2071 3315 2128 3362 et
2152 3306 2302 3373 illud,
2329 3304 2491 3361 Jacob
2518 3307 2695 3374 dilexi,
2712 3305 2856 3363 Esau
2874 3318 3046 3364 autem
3073 3310 3190 3365 odio
3210 3309 3365 3365 habui
3386 3308 3531 3382 (hla-

1931 3404 2064 3459 lach.
2092 3419 2131 3471 ι,
2155 3403 2315 3475 2,3).
2357 3403 2413 3460 Si
2456 3404 2598 3459 enim
2642 3413 2924 3475 prOpterea
2965 3404 3110 3461 Esau
3150 3405 3276 3462 odio
3317 3404 3523 3475 habuit,

1930 3494 2053 3566 quia
2080 3509 2175 3550 vas
2201 3494 2402 3550 factum
2430 3503 2548 3551 erat
2586 3496 2639 3550 in
2667 3496 3072 3564 contumeliam,
3099 3505 3155 3552 et
3177 3495 3322 3552 aliud
3347 3510 3440 3551 vas
3469 3497 3526 3553 in

1931 3587 2214 3655 honorem,
2257 3587 2400 3643 aliud
2446 3587 2500 3643 in
2543 3587 2924 3645 contumeliam
2969 3587 3113 3644 idem
3153 3587 3347 3660 ﬁgulus
3375 3586 3526 3657 fecit,

1933 3684 2202 3755 quomodo
2244 3684 2373 3739 nihil
2416 3683 2569 3738 odisti
2610 3699 2782 3738 eorum
2810 3698 2925 3753 quae
2968 3682 3163 3753 fecisti?
3196 3681 3337 3738 Ecce
3379 3681 3527 3738 enim

1933 3776 2048 3833 odit
2085 3776 2250 3844 Esau,
2291 3775 2435 3847 quod
2473 3791 2567 3830 vas
2610 3776 2724 3847 ipse
2753 3774 2880 3831 fecit
2909 3775 2961 3830 in
2995 3773 3394 3831 contumeliam.
3423 3772 3526 3841 Qui

1933 3870 2108 3927 nodus
2124 3870 2194 3925 ita
2210 3868 2454 3933 solvitur,
2470 3869 2515 3923 si
2531 3868 2887 3940 intelligamus
2901 3868 3140 3923 omnium
3157 3875 3530 3924 creaturarum

1936 3978 2057 4019 esse
2085 3962 2345 4019 artiﬁcem
2370 3962 2561 4017 Deum.
2582 3959 2770 4016 Omnis
2794 3969 2972 4017 autem
3002 3967 3245 4016 creatura
3269 3959 3364 4015 Dei
3389 3959 3531 4016 bona

1936 4068 2020 4114 est
2048 4058 2094 4127 (l
2124 4056 2256 4112 Tim.
2281 4072 2356 4124 1v,
2379 4056 2472 4127 4);
2503 4064 2557 4111 et
2593 4054 2770 4111 omnis
2801 4054 2961 4110 homo
2999 4054 3054 4109 in
3083 4060 3340 4125 quantum
3367 4051 3531 4110 homo

1937 4160 2042 4217 est,
2074 4160 2316 4206 creatura
2345 4158 2447 4216 est,
2488 4164 2595 4203 non
2639 4149 2690 4202 in
2731 4157 2986 4219 quantum
3021 4154 3271 4217 peccator
3306 4155 3406 4203 est.
3436 4147 3534 4204 Est

1937 4258 2067 4315 ergo
2091 4253 2301 4298 creator
2322 4243 2465 4297 Deus
2488 4252 2542 4298 et
2567 4241 2810 4311 corporis
2836 4248 2892 4296 et
2917 4239 3083 4295 animi
3123 4239 3362 4294 humani.
3385 4238 3533 4294 Neu—

1938 4345 2081 4392 trum
2128 4337 2319 4391 horum
2362 4333 2583 4402 malum,
2624 4342 2679 4389 et
2720 4341 2968 4389 neutrum
3020 4330 3134 4387 odit
3179 4330 3321 4386 Deus
3351 4347 3365 4385 :
3399 4330 3534 4388 nihil

1940 4432 2082 4488 enim
2120 4431 2235 4486 odit
2269 4444 2454 4484 eorum
2482 4443 2601 4498 quae
2633 4426 2774 4483 fecit.
2804 4426 2901 4482 Est
2926 4436 3105 4482 autem
3140 4424 3352 4480 animus
3390 4439 3534 4495 pra:-

1939 4528 2166 4585 stantior
2217 4538 2476 4595 corpore;
2510 4523 2652 4578 Deus
2696 4536 2827 4578 vero
2874 4529 2929 4576 et
2969 4520 3151 4576 animo
3186 4528 3244 4575 et
3283 4533 3533 4590 corpore,

1940 4623 2219 4692 utriusque
2245 4618 2532 4676 etl‘ectoret
2557 4615 2819 4681 conditor,
2837 4629 2937 4671 nec
2964 4614 3077 4670 odit
3103 4614 3156 4668 in
3187 4613 3404 4669 homine
3432 4613 3537 4672 nisi

1940 4721 2241 4787 peccatum.
2270 4710 2367 4766 Est
2405 4720 2583 4764 autem
2625 4714 2903 4779 peccatum
2941 4705 3174 4762 hominis
3212 4705 3538 4762 inordinatio

1941 4816 2100 4878 atque
2148 4802 2506 4876 perversitas;
2549 4800 2601 4855 id
2639 4808 2745 4867 est,
2784 4814 2815 4853 a
2853 4799 3222 4869 praestantiore
3248 4796 3537 4853 Conditore

1942 4899 2172 4964 aversio,
2201 4905 2254 4954 et
2282 4896 2348 4951 ad
2378 4893 2591 4950 condita
2620 4891 2871 4948 inferiora
2897 4890 3200 4945 conversio.
3232 4888 3346 4943 Non
3378 4887 3537 4956 igitur

1942 4992 2056 5048 odit
2081 4992 2221 5045 Deus
2246 4989 2388 5044 Esau
2428 4986 2722 5049 hominem,
2753 4982 2849 5039 sed
2875 4983 2990 5038 odit
3017 4983 3156 5038 Deus
3176 4980 3315 5035 Esau
3347 4991 3538 5045 pecca-

1942 5093 2137 5142 torem.
2161 5083 2311 5139 Sicut
2340 5080 2536 5136 dicitur
2564 5079 2632 5134 de
2658 5077 2904 5143 Domino,
2936 5075 3003 5131 In
3028 5092 3120 5131 sua
3145 5072 3352 5143 propria
3378 5069 3534 5137 venit,

1944 5188 1991 5233 et
2016 5178 2096 5233 sui
2122 5193 2234 5231 eum
2259 5191 2359 5229 non
2390 5181 2685 5242 receperunt
2715 5173 2733 5240 (
2757 5169 2913 5225 Joan.
2943 5184 2980 5231 ι,
3010 5167 3067 5220 ΙΙ
3096 5163 3116 5236 )
3140 5181 3153 5215 :
3185 5162 3379 5233 quibus
3407 5162 3536 5218 item

1945 5274 2060 5344 ipse
2090 5272 2236 5336 dicit,
2279 5268 2377 5323 Vos
2408 5264 2801 5339 propterea’uon
2826 5261 3032 5326 auditis,
3061 5257 3180 5329 quia
3204 5271 3305 5311 nou
3332 5256 3450 5311 estis
3474 5271 3539 5311 α

1946 5364 2054 5419 Deo
2072 5362 2181 5435 (Id.
2208 5377 2317 5428 vui,
2341 5360 2452 5431 47).
2477 5355 2754 5425 Quomodo
2780 5353 2876 5419 sui,
2896 5347 3163 5420 quomodo
3188 5364 3287 5402 non
3308 5364 3371 5402 ea:
3389 5345 3499 5401 Deo
3516 5360 3539 5403 :

1946 5458 2046 5513 nisi
2091 5456 2212 5527 quia
2257 5454 2386 5511 illud
2426 5453 2626 5509 dictum
2667 5458 2748 5504 cst
2791 5446 2857 5501 de
2902 5442 3226 5510 hominibus,
3259 5456 3393 5513 quos
3422 5443 3539 5511 ipse

1950 5552 2206 5608 Dominus
2252 5550 2491 5613 fecerat;
2543 5542 2670 5598 illud
2716 5540 2782 5595 dc
2831 5535 3218 5607 peceatoribus,
3245 5550 3380 5606 quos
3420 5535 3535 5605 ipse

1948 5646 2204 5701 Dominus
2248 5637 2539 5711 arguebat?
2581 5635 2740 5691 iidem
2785 5643 2959 5688 tamen
3004 5631 3181 5703 ipsiet
3212 5629 3455 5683 homines
3480 5634 3535 5681 et

1948 5746 2291 5809 peccatores;
2333 5731 2427 5786 sed
2471 5728 2712 5783 homines
2744 5727 2836 5783 Dei
2870 5724 3192 5791 conditione,
3221 5730 3530 5793 peccatores

2013 5851 2028 5881 ί
2057 5854 2264 5906 Quatuor
2282 5850 2412 5902 Mss,
2432 5839 2653 5906 gratiam,

2011 5914 2032 5945 ³
2061 5903 2085 5959 ς
2096 5909 2327 5961 ietorinus
2348 5903 2523 5971 codex,
2546 5903 2834 5960 inc/coaluit.
