4000 6336
452 327 561 388 123

460 443 673 516 propria
700 440 991 498 voluntate.
1018 436 1173 505 Quod
1202 451 1329 506 ergo
1354 434 1515 490 Jacob
1554 432 1757 497 dilexit,
1788 428 2043 499 numquid

460 545 713 609 peccator
740 548 844 589 non
868 531 1019 587 erat?
1043 531 1149 586 S‘ed
1174 529 1359 584 dilexit
1380 528 1432 582 in
1452 543 1516 582 eo
1534 542 1638 581 non
1660 526 1868 594 culpam
1886 538 2044 593 quam

460 629 691 692 dolebat,
715 625 809 681 sed
834 624 1059 696 gratiam
1084 637 1242 693 quam
1270 620 1522 675 donabat.
1554 617 1686 672 Nam
1715 623 1771 671 et
1804 615 2046 672 Christus

462 738 560 793 pro
604 719 780 790 impiis
827 725 1066 773 mortuus
1110 724 1194 771 est
1234 714 1409 785 (Rom.
1440 730 1492 775 ι’.
1517 711 1609 783 6):
1638 716 1745 766 non
1772 718 1951 765 tamen
1992 717 2049 763 ut

463 815 611 884 impii
650 810 1087 883 permanerent‘,
1117 807 1211 863 sed
1254 816 1309 860 tu
1348 803 1623 875 iustiﬁcati
1667 803 1734 857 ab
1779 802 2050 871 impietate

465 913 904 964 converterentur
921 907 964 972 ⁸,
993 901 1271 959 credentes
1302 900 1353 952 in
1389 912 1509 952 eum
1540 896 1630 966 qui
1656 895 1910 965 justilicat
1946 893 2050 946 im-

466 1001 609 1071 pium
642 998 769 1070 (Id.
797 1014 872 1064 tv,
898 998 987 1067 5);
1010 995 1124 1051 odit
1151 993 1293 1049 enim
1325 991 1461 1045 Deus
1490 990 1837 1059 impietatem.
1870 985 2050 1055 Itaque

466 1094 519 1149 in
547 1094 664 1149 aliis
690 1108 806 1149 eam
840 1092 990 1161 punit
1028 1104 1123 1160 per
1149 1086 1581 1151 damnationem,
1620 1083 1669 1137 in
1710 1082 1828 1135 aliis
1867 1080 2053 1135 adimit

467 1198 563 1255 per
586 1183 1044 1254 justiﬁcationem,
1076 1176 1521 1251 quemadmodum
1559 1176 1672 1244 ipse
1705 1174 1907 1245 jndicat
1934 1186 2052 1227 esse

465 1278 769 1335 faciendum
818 1277 921 1331 illis
966 1274 1180 1346 judiciis
1228 1269 1677 1326 inscrtttabilibns.
1708 1267 1776 1321 Et
1803 1266 1942 1338 quod
1987 1281 2054 1321 ex

471 1386 694 1426 numero
734 1370 1040 1439 impiorum,
1080 1380 1214 1436 quos
1256 1379 1362 1418 non
1396 1362 1667 1433 jnstiﬁcat,
1699 1359 1824 1414 facit
1850 1373 1974 1413 vasa
2001 1358 2053 1411 in

469 1462 868 1533 contumeliam,
900 1476 1009 1515 non
1036 1460 1138 1515 hoc
1166 1459 1220 1513 in
1250 1458 1327 1513 eis
1353 1456 1465 1511 odit
1497 1454 1634 1525 quod
1668 1453 1791 1525 facit
1819 1472 1832 1508 :
1860 1453 2056 1523 quippe

470 1557 524 1611 in
565 1565 819 1627 quantum
864 1555 1011 1625 impii
1054 1560 1198 1619 sunt,
1241 1551 1596 1607 exsecrabilcs
1622 1557 1778 1613 sunt;
1811 1548 1862 1602 in
1890 1562 2058 1618 quan-

473 1655 587 1702 tum
615 1655 790 1702 autem
818 1660 945 1699 vasa
973 1646 1126 1711 fiunt,
1151 1643 1216 1697 ad
1247 1643 1477 1713 aliquem
1507 1656 1661 1695 usum
1690 1639 1842 1704 ﬁunt,
1868 1646 1929 1692 ut
1962 1653 2058 1707 per

469 1755 656 1795 eorum
700 1738 972 1793 ordinatas
1014 1751 1198 1806 ptenas
1235 1750 1361 1789 vasa
1387 1749 1505 1805 quae
1541 1733 1670 1786 ﬁunt
1710 1732 1764 1785 in
1799 1730 2056 1784 honorem

472 1833 769 1904 proﬁciant.
802 1830 918 1885 Non
946 1830 1124 1900 itaque
1152 1828 1265 1882 odit
1288 1828 1444 1892 Deus,
1471 1840 1571 1880 nec
1600 1826 1651 1879 in
1677 1835 1930 1895 quantum
1958 1822 2058 1876 ho-

472 1925 647 1980 mines
686 1931 831 1989 sunt,
858 1937 961 1977 nec
988 1922 1037 1975 in
1066 1930 1320 1990 quantum
1358 1933 1480 1972 vasa
1522 1926 1678 1982 sunt;
1724 1916 1774 1970 id
1816 1924 1916 1982 est,
1958 1928 2059 1969 nec

471 2016 614 2085 quod
656 2016 709 2070 in
737 2015 813 2070 eis
845 2014 966 2069 facit
993 2013 1247 2078 creando,
1272 2026 1370 2066 nec
1395 2010 1535 2081 quod
1578 2010 1629 2063 in
1663 2009 1740 2064 cis
1770 2007 1893 2062 facit
1919 2005 2062 2061 ordi-

471 2107 687 2163 nando:
712 2105 840 2160 nihil
868 2106 1011 2161 enim
1037 2104 1151 2160 odit
1180 2119 1365 2159 eorum
1395 2118 1514 2173 qua:
1558 2102 1700 2156 fecit.
1738 2099 1842 2155 Sed
1884 2109 2060 2154 tamen

473 2199 617 2268 quod
639 2213 763 2252 vasa
791 2212 884 2251 eos
922 2196 1047 2249 facit
1082 2196 1415 2265 perditionis,
1446 2194 1512 2248 ad
1539 2208 1692 2247 usum
1714 2192 2061 2246 correctionis

474 2292 700 2346 aliorum
742 2290 887 2344 facit.
915 2289 1039 2343 Odit
1077 2290 1217 2342 enim
1262 2289 1315 2342 in
1358 2288 1437 2342 eis
1478 2288 1805 2356 impietatem
1833 2287 1873 2353 ³,
1902 2302 2061 2356 quam

473 2383 589 2452 ipse
613 2396 719 2436 non
749 2382 891 2437 fecit.
916 2379 1062 2435 Sient
1095 2381 1237 2435 enim
1262 2379 1425 2449 judex
1461 2380 1513 2433 in
1547 2379 1761 2434 homine
1799 2379 1911 2433 odit
1954 2378 2062 2433 fur-

472 2483 606 2538 tum,
651 2473 746 2529 sed
788 2489 894 2528 non
934 2473 1049 2528 odit
1090 2472 1232 2542 quod
1298 2472 1454 2527 datur
1491 2471 1558 2526 ad
1600 2473 1905 2538 metallmn;
1936 2472 2061 2527 illud

472 2568 614 2623 enim
644 2566 749 2633 fur,
772 2567 876 2622 hoc
897 2566 1059 2637 iudex
1089 2567 1212 2620 facit
1235 2583 1249 2619 :
1279 2567 1349 2620 ita
1374 2567 1516 2621 Deus
1546 2566 1685 2637 quod
1713 2582 1776 2621 ex
1804 2580 2060 2635 conSper-

473 2661 625 2716 sione
652 2661 936 2730 impiorum
966 2659 1092 2715 facit
1122 2675 1246 2714 vasa
1276 2659 1608 2728 perditionis,
1638 2674 1743 2713 non
1781 2659 1892 2714 odit
1920 2659 2064 2729 quod

472 2751 617 2818 facit,
650 2754 702 2807 id
745 2760 847 2818 est,
880 2766 1014 2823 opus
1040 2750 1394 2806 ordinationis
1442 2766 1553 2805 sure
1602 2751 1653 2804 in
1696 2766 1850 2821 panni
1886 2751 2062 2806 debita

474 2845 813 2916 pereuntium
840 2843 885 2911 ⁸,
912 2845 969 2897 in
1008 2858 1112 2914 qua
1152 2844 1489 2898 occasionem
1518 2842 1706 2897 salutis
1735 2843 1809 2897 illi
1837 2859 2063 2914 quorum

475 2936 796 3002 miseretur,
863 2935 1155 2990 inveniant.
1210 2934 1298 2990 Sic
1356 2934 1618 2988 Pharaoni
1679 2934 1879 2989 dictum
1939 2945 2060 3002 est,

474 3026 555 3080 Ad
609 3028 702 3080 hoc
746 3035 795 3080 te
841 3027 1054 3082 excitavi
1079 3068 1093 3093 ,
1145 3034 1203 3079 ut
1266 3027 1524 3080 ostendam
1578 3026 1631 3079 in
1688 3035 1735 3080 te
1792 3027 2065 3095 potentiam

473 3132 670 3186 meant,
710 3129 757 3173 et
801 3129 857 3173 at
903 3120 1233 3173 annuntietur
1281 3136 1461 3172 nomen
1507 3136 1673 3173 meum
1724 3122 1778 3174 in
1831 3121 2064 3175 universa

474 3219 629 3265 terra.
666 3209 794 3266 Haec
828 3210 1217 3266 demonstratio
1257 3212 1508 3281 potentiae
1537 3211 1652 3277 Dei,
1686 3220 1741 3267 et
1779 3214 2063 3267 annuntia-

474 3302 551 3357 tio
594 3302 828 3358 nominis
866 3303 984 3372 ejus
1030 3304 1084 3357 in
1131 3304 1380 3357 universa
1430 3311 1567 3357 terra
1616 3304 1832 3373 prodest
1880 3306 1958 3360 eis
2007 3312 2065 3360 ut

475 3393 718 3462 timeant,
749 3404 805 3451 et
829 3396 943 3450 vias
978 3410 1104 3451 suas
1143 3397 1444 3467 corrigam,
1481 3396 1674 3467 quibus
1699 3400 1905 3453 vacatio
1945 3399 2064 3454 talis

472 3488 737 3560 congruit.
776 3488 872 3545 Sic
908 3498 1299 3560 consequenter
1339 3489 1467 3545 dicit
1502 3505 1517 3544 :
1566 3490 1628 3545 Si
1678 3501 1846 3547 autem
1892 3491 2066 3547 volens

472 3580 612 3637 Deus
637 3582 895 3637 ostendere
920 3582 1051 3636 iram
1069 3623 1084 3649 ,
1113 3592 1160 3636 et
1197 3583 1542 3637 demonstrare
1583 3585 1854 3653 potentiam
1882 3601 2025 3637 suam
2042 3626 2059 3651 ,

472 3672 641 3725 attulit
668 3673 727 3725 in
750 3673 912 3726 multa
940 3673 1182 3743 patientia
1208 3689 1328 3727 uasa
1352 3674 1464 3739 iraa,
1490 3690 1601 3744 qua:
1627 3678 1849 3745 perfecta
1867 3684 1985 3729 sunt
2010 3678 2066 3730 in

473 3764 806 3833 perditionem
840 3764 1220 3831 :subauditur,
1269 3764 1345 3818 Tu
1382 3766 1495 3834 quis
1523 3782 1593 3831 es,
1629 3766 1717 3834 qui
1756 3768 2065 3838 respondeas

471 3852 582 3908 Deo
599 3855 625 3907 t
648 3863 707 3909 ut
724 3864 1045 3911 rectit'rente
1072 3856 1334 3913 sententia
1363 3856 1431 3910 ad
1457 3857 1617 3911 verba
1642 3858 1939 3927 superiora,
1963 3859 2065 3916 iste

472 3947 544 4004 sit
566 3962 760 4004 sensus
791 3964 807 4002 :
836 3948 894 4005 Si
923 3948 1109 4004 volens
1124 3949 1265 4004 Deus
1292 3950 1576 4005 ostendere
1600 3950 1753 4020 iram,
1779 3954 1955 4007 attulit
1974 3969 2066 4008 va-

473 4054 534 4096 sa
561 4040 687 4107 im;
713 4050 771 4096 tu
797 4040 919 4111 quis
952 4055 1014 4096 es
1033 4083 1048 4107 ,
1078 4042 1167 4112 qui
1196 4042 1523 4112 respondeas
1554 4043 1700 4098 Deo?
1736 4044 1853 4099 Non
1886 4055 2065 4102 autem

471 4132 645 4187 solum
671 4133 844 4187 volens
866 4132 1125 4188 ostendere
1147 4134 1307 4201 iram,
1335 4142 1383 4188 et
1421 4134 1762 4189 demonstrare
1793 4138 2067 4206 potentiam

473 4242 620 4281 suam
647 4227 814 4281 attulit
846 4227 899 4281 in
924 4227 1087 4281 multa
1114 4228 1353 4298 patientia
1390 4243 1509 4281 vasa
1545 4228 1656 4296 iraa,
1694 4245 1809 4296 qua:
1844 4231 2067 4301 perfecta

472 4329 588 4374 sunt
608 4320 660 4373 in
690 4320 1053 4389 perditionem;
1078 4320 1173 4375 sed
1201 4320 1360 4375 etiam
1386 4320 1526 4390 quod
1551 4322 1809 4391 sequitur,
1838 4332 1894 4376 ut
1923 4333 2067 4379 notas

476 4417 661 4486 faceret
698 4413 898 4468 diuitias
930 4415 1106 4485 gloria:
1138 4430 1246 4469 sua:
1276 4415 1331 4468 in
1375 4430 1494 4468 vasa
1527 4415 1898 4470 misericordite.
1926 4416 2067 4483 Quid

474 4507 616 4561 enim
644 4505 865 4575 prodest
894 4506 1037 4560 vasis
1066 4504 1312 4576 perfectis
1342 4505 1396 4560 in
1437 4505 1807 4575 perditionem,
1836 4508 1977 4577 quod
2004 4523 2066 4563 ea

472 4598 739 4669 patienter
763 4598 904 4653 Deus
931 4597 1175 4664 sustinet,
1210 4607 1271 4652 ιιι
1301 4597 1546 4653 ordinate
1580 4598 1921 4668 disperdat‘,
1952 4608 2067 4655 uta-

470 4699 669 4761 turque
689 4691 795 4747 illis
824 4690 892 4746 ad
914 4691 1320 4746 instrumentum
1346 4692 1534 4746 salutis
1562 4691 1809 4759 aliorum,
1837 4708 2065 4763 quorum

470 4783 804 4839 miseretur?
826 4781 933 4838 Sed
963 4783 1067 4837 illis
1093 4783 1272 4853 utiqtte
1306 4784 1544 4853 prodest,
1575 4784 1643 4840 ad
1672 4800 1896 4855 quorum
1922 4787 2067 4842 salu-

472 4885 586 4932 tem
614 4875 730 4931 istis
752 4876 829 4931 sie
850 4876 1049 4941 utitur;
1081 4884 1134 4929 nt
1165 4877 1300 4930 sicut
1327 4876 1583 4946 scriptum
1610 4886 1713 4944 est,
1746 4878 1921 4947 justus
1949 4895 2067 4933 ma-

472 4983 579 5023 nus
615 4967 752 5024 lavet
779 4967 830 5021 in
859 4966 1117 5037 sanguine
1145 4968 1474 5038 peccatoris(
1502 4967 1646 5024 Psal.
1685 4985 1820 5036 Lvn,
1851 4971 1911 5025 11
1937 4969 1987 5041 ),
2014 4971 2068 5027 id

474 5070 578 5124 est,
598 5058 885 5115 mundetur
901 5058 971 5112 ab
989 5058 1238 5128 operibus
1257 5059 1408 5114 malis
1428 5075 1525 5129 per
1544 5060 1786 5116 timorem
1807 5062 1921 5130 Dei,
1944 5078 2067 5120 eum

474 5150 622 5205 uidet
649 5150 906 5221 supplicia
927 5158 1285 5221 peccatorum.
1318 5150 1469 5217 Quod
1496 5166 1625 5222 ergo
1650 5153 1820 5208 volens
1840 5156 2069 5211 ostende—

474 5257 534 5297 re
558 5242 708 5307 iram,
738 5243 905 5297 attulit
922 5258 1041 5297 uasa
1060 5243 1169 5311 irae,
1199 5242 1342 5298 valet
1360 5243 1429 5299 ad
1450 5244 1631 5299 utilem
1659 5245 1779 5301 aliis
1807 5246 2067 5317 praestau-

550 5398 567 5429 ι
593 5386 730 5459 editi,
778 5402 831 5447 ut
853 5396 991 5463 impii
1020 5398 1196 5451 mortui
1230 5404 1583 5465 permanerent.
1610 5399 1777 5466 Abest,
1809 5401 2005 5468 mortui,
2039 5417 2069 5459 a

480 5464 1063 5600 miraremur:
1154 5595 1176 5600 _
1227 5587 1280 5600 ..
1482 5593 1493 5600 ,
1744 5542 1959 5600 -.έ-

549 5585 645 5666 UP
664 5583 1092 5666 “53'-.h3bf“‘.‘1§39
1105 5587 1238 5666 3,5954.
1442 5593 1713 5666 WWFPS
1723 5589 1879 5665 Ῑαάέῖι
1901 5593 2067 5666 PM?“-

676 5647 773 5759 aétw
774 5659 913 5697 usum
956 5649 1262 5703 correctionis
1300 5650 1531 5716 aliorum,
1575 5652 1676 5705 odit
1715 5645 1768 5707 in
1799 5654 1867 5707 eis
1895 5645 2067 5721 unme-

643 5745 657 5770 ,
694 5745 788 5759 vw-

549 5773 771 5842 {omnes
785 5770 894 5824 fere
916 5780 1043 5842 uss"
1063 5777 1381 5842 pereuntibus.

552 5836 575 5874 ι
590 5836 665 5889 sic
686 5840 794 5889 uss.
819 5842 878 5891 At
899 5836 1037 5905 editi,
1056 5836 1108 5894 iu
1124 5842 1403 5897 ordinanter
1422 5844 1689 5911 disperdat.

1056 318 1142 376 DE
1180 314 1492 375 DIVERSIS
1528 306 2046 382 QUAESTIONIBUS
2081 306 2174 365 AD
2210 307 2705 381 SlMPLlClANUM,
2744 309 2801 368 S.
2841 308 3210 369 AUGUSTINI

3642 310 3746 368 £20

2153 430 2369 486 tandum
2402 431 2667 498 timorem,
2690 440 2735 487 et
2764 441 2818 487 ut
2846 443 2990 489 notas
3016 438 3202 506 faceret
3226 434 3424 491 divitias
3443 425 3620 508 gloria:
3636 452 3740 492 sua:

2154 522 2207 575 in
2222 538 2341 576 vasa
2356 524 2727 590 misericordiae,
2753 541 2866 595 qua:
2886 525 3188 596 prteparavit
3209 525 3261 580 in
3284 526 3515 597 gloriam.
3532 526 3744 583 Etenim

2155 612 2433 669 obduratio
2454 614 2542 669 illa
2569 615 2849 685 impiorum
2871 624 3152 688 utrumque
3168 616 3521 684 demonstrat,
3544 627 3599 673 et
3617 619 3747 689 quid

2158 703 2451 759 timendum
2507 704 2605 772 sit,
2662 714 2718 761 ut
2767 708 2990 777 quisque
3042 709 3237 779 pietate
3289 717 3631 764 convertatur
3680 708 3751 764 ad

2158 794 2357 862 Deum;
2401 805 2455 852 et
2498 806 2709 867 quanta:
2750 799 2969 869 agendae
2995 800 3101 854 sint
3148 800 3331 871 gratiae
3370 799 3750 855 misericordiae

2162 888 2274 954 Dei,
2308 890 2395 961 qni
2424 890 2477 945 in
2499 891 2720 947 aliorum
2751 906 2906 963 poena
2929 892 3057 963 quid
3084 882 3202 949 aliis
3228 892 3389 949 donet
3416 892 3670 948 ostendit.
3692 891 3752 948 Si

2160 990 2334 1037 autem
2360 984 2468 1051 illa,
2493 999 2648 1054 quam
2685 984 2752 1040 de
2787 985 2903 1040 aliis
2938 986 3118 1057 exigit,
3142 1002 3249 1042 non
3280 995 3361 1043 est
3381 987 3523 1058 iusta
3556 1000 3749 1057 paena;

2162 1073 2291 1129 nihil
2319 1073 2480 1130 donat
2515 1076 2653 1141 aliis,
2687 1092 2715 1130 a
2748 1078 2940 1148 quibus
2968 1094 3085 1134 eam
3118 1094 3223 1134 non
3254 1080 3433 1151 exigit.
3464 1080 3597 1146 Quia
3623 1094 3754 1135 vero

2163 1168 2247 1220 illa
2286 1168 2423 1237 justa
2455 1180 2554 1236 est,
2580 1179 2635 1226 et
2657 1171 2799 1225 nulla
2824 1180 2905 1227 est
2932 1173 3180 1244 iniquitas
3218 1174 3357 1244 apud
3395 1173 3754 1229 vindicantem

2163 1260 2349 1327 Deum,
2377 1262 2495 1331 quis
2522 1262 2751 1318 sufficiat
2771 1279 2929 1334 agere
2957 1266 3151 1335 gratias
3179 1266 3227 1320 ei
3253 1266 3341 1336 qui
3370 1266 3469 1321 hoc
3492 1266 3753 1331 remittit,

2162 1351 2303 1421 quod
2328 1353 2372 1406 si
2398 1354 2555 1408 vellet
2582 1354 2795 1425 exigere
2813 1396 2829 1424 ,
2860 1370 3015 1412 nemo
3042 1372 3103 1413 se
3131 1365 3276 1412 recte
3300 1357 3503 1413 diceret
3526 1371 3634 1412 non
3654 1356 3758 1411 de-

2164 1444 2329 1499 bere?

2236 1538 2324 1593 19.
2369 1539 2505 1606 Quos
2543 1549 2591 1593 et
2618 1543 2809 1596 vocavit
2848 1560 2969 1609 nos,
3003 1544 3200 1616 inquit,
3237 1560 3338 1600 non
3377 1544 3540 1600 solum
3564 1560 3626 1600 ea:
3649 1542 3761 1597 Ju-

2165 1629 2307 1695 dtvis,
2337 1632 2424 1684 sed
2447 1633 2600 1686 etiam
2629 1650 2693 1688 ea:
2717 1634 2961 1691 Gentibus
2984 1654 3002 1691 :
3026 1637 3076 1692 id
3097 1647 3200 1706 est,
3223 1653 3347 1693 vasa
3376 1637 3763 1693 misericordia

2165 1737 2284 1791 qua:
2309 1725 2622 1792 praeparavit
2650 1725 2702 1779 in
2728 1726 2972 1796 gloriam.
2996 1728 3110 1783 Non
3133 1730 3275 1784 enim
3305 1744 3491 1785 omnes
3516 1728 3760 1797 Indicos,

2166 1812 2260 1867 sed
2289 1828 2355 1868 ex
2379 1813 2578 1869 ludatis
2604 1834 2615 1870 :
2640 1832 2739 1872 nec
2764 1834 2953 1875 omnes
2978 1822 3195 1875 omnino
3218 1821 3463 1877 homines
3482 1820 3762 1887 Gentium,

2166 1905 2261 1961 sed
2288 1921 2353 1960 ex
2383 1905 2662 1963 Gentibus.
2692 1909 2809 1966 Una
2839 1920 2923 1967 est
2950 1913 3093 1968 enim
3125 1930 3190 1969 ex
3221 1914 3389 1968 Adam
3416 1929 3588 1969 massa
3627 1928 3767 1983 pec-

2167 2008 2406 2054 catorum
2437 2009 2493 2056 ει
2520 2002 2825 2072 impiorum,
2856 2006 2907 2059 in
2937 2021 3037 2077 qua
3086 2016 3141 2063 et
3176 2006 3342 2063 Judrci
3372 2016 3425 2063 et
3448 2007 3645 2064 Gentes
3670 2021 3770 2062 re-

2168 2103 2309 2147 mota
2332 2095 2498 2164 gratia
2531 2095 2624 2151 Dei
2654 2096 2720 2151 ad
2751 2112 2907 2152 unam
2937 2101 3204 2169 pertinent
3223 2103 3674 2171 conspersionem.
3699 2099 3769 2155 Si

2168 2185 2314 2240 enim
2355 2186 2547 2256 ﬁgulus
2584 2188 2681 2243 luti
2718 2204 2782 2244 ex
2824 2190 3010 2245 eadem
3051 2194 3429 2262 eonspersione
3468 2192 3591 2248 facit
3618 2190 3774 2247 aliud

2170 2290 2261 2332 vas
2290 2279 2343 2332 in
2380 2279 2636 2335 honorem
2661 2324 2676 2349 ,
2704 2282 2846 2337 aliud
2876 2298 2967 2339 vas
3006 2285 3057 2339 in
3086 2286 3491 2351 contumeliam;
3531 2286 3775 2344 manife—

2169 2377 2308 2423 stum
2350 2378 2434 2425 est
2466 2380 2641 2426 autem
2677 2373 2816 2443 quod
2854 2383 2907 2428 et
2936 2389 2999 2430 ex
3029 2375 3227 2431 ludatis
3256 2386 3378 2431 sunt
3419 2377 3518 2431 alia
3550 2393 3675 2432 vasa
3708 2379 3778 2433 in

2170 2461 2447 2528 bonorcm,
2478 2464 2578 2518 alia
2604 2463 2657 2518 in
2679 2468 3074 2535 contumeliam,
3103 2470 3238 2523 sicut
3258 2485 3321 2525 ex
3344 2468 3601 2525 Gentibus
3631 2488 3644 2524 :
3672 2486 3778 2526 se-

2169 2555 2347 2625 quitttr
2387 2565 2445 2611 ut
2487 2558 2551 2612 ad
2592 2574 2749 2613 unam
2789 2563 3223 2630 conspersionem
3266 2577 3451 2618 omnes
3493 2563 3781 2634 pertinere

2169 2647 2549 2717 intelligantur.
2610 2652 2810 2707 Deinde
2865 2653 3050 2724 incipit
3109 2654 3333 2710 reddere
3393 2655 3781 2711 attestationes

2171 2739 2451 2811 Propheta:
2471 2744 2486 2774 ¹
2518 2743 2741 2814 singulis
2766 2746 3050 2816 generibus
3079 2762 3338 2803 converso
3376 2748 3581 2804 ordine.
3613 2749 3782 2804 Prius

2170 2834 2312 2888 enim
2342 2835 2476 2890 dixit
2518 2854 2579 2892 ex
2600 2836 2797 2893 Judwis
2818 2841 2861 2906 ³,
2894 2841 3159 2911 posterius
3196 2859 3259 2897 ex
3285 2841 3524 2897 Gentibus
3564 2860 3576 2896 :
3620 2843 3783 2912 prius

2171 2934 2347 2980 autem
2376 2927 2549 2982 reddit
2592 2930 2951 2985 testimonium
2995 2948 3092 3003 pro
3133 2932 3422 3000 Gentibus,
3452 2933 3641 2989 deinde
3673 2950 3783 3004 pro

2170 3020 2386 3077 Iudaeis.
2428 3022 2628 3077 Etenim
2664 3026 2797 3079 sicut
2846 3024 2972 3080 Osee
3010 3027 3164 3092 dicit,
3221 3025 3417 3082 Vocabo
3444 3046 3541 3082 non
3579 3028 3783 3098 plebem

2171 3130 2353 3179 meam,
2384 3113 2576 3184 plebem
2598 3132 2759 3170 meum
2792 3159 2804 3182 ,
2836 3127 2880 3171 et
2909 3135 3007 3171 non
3030 3118 3283 3184 dilectam,
3308 3120 3542 3174 dilectam
3571 3138 3589 3175 :
3609 3128 3653 3175 et
3674 3122 3784 3175 erit

2169 3204 2223 3257 in
2254 3205 2360 3258 loco
2382 3206 2467 3258 ubi
2491 3206 2679 3260 dictum
2702 3216 2795 3274 est,
2830 3207 2948 3262 Non
2982 3212 3201 3280 papulas
3229 3227 3367 3266 meus
3394 3229 3499 3279 vos,
3522 3212 3589 3266 ibi
3619 3228 3784 3266 voca-

2171 3294 2355 3349 buntur
2383 3297 2479 3365 ﬁlii
2518 3297 2608 3351 Dei
2633 3299 2730 3352 vivi
2752 3316 2769 3351 :
2797 3300 2870 3355 De
2898 3299 3159 3356 Gentibus
3188 3302 3506 3374 intelligitur
3542 3304 3776 3373 dictum,

2170 3388 2290 3458 quia
2324 3404 2427 3442 non
2450 3388 2715 3444 habebant
2739 3390 3058 3447 destinatum
3079 3409 3243 3449 unttm
3270 3396 3647 3450 sacriﬁciorum
3678 3396 3781 3451 lo-

2170 3497 2313 3549 cum,
2345 3483 2481 3538 sicut
2530 3482 2697 3538 Judzci
2731 3484 2782 3539 in
2811 3484 3125 3541 Jerusalem.
3154 3487 3299 3543 Missi
3347 3498 3469 3543 sunt
3492 3498 3668 3543 autem
3698 3489 3778 3545 ad

2171 3574 2371 3629 Gentes
2423 3578 2683 3646 Apostoli,
2725 3588 2781 3632 ut
2813 3580 2866 3632 in
2893 3579 3013 3635 loco
3036 3595 3136 3635 suo
3164 3583 3357 3652 quique
3381 3582 3683 3648 crederent,
3716 3591 3783 3640 et

2169 3665 2492 3737 ubicumque
2504 3667 2874 3735 credidissent,
2888 3670 2957 3724 ibi
2973 3672 3287 3726 sacriﬁcium
3305 3673 3475 3727 laudis
3490 3673 3754 3729 oll'errent

2170 3757 2362 3826 quibus
2385 3757 2531 3812 dedit
2570 3766 2886 3828 potestatem
2927 3762 3065 3817 ﬁlios
3090 3763 3184 3818 Dei
3211 3764 3320 3818 ﬁeri
3353 3762 3605 3836 (Joan.t,
3641 3764 3777 3836 12).

2171 3844 2341 3901 Isaias
2385 3856 2571 3915 autem,
2615 3850 2804 3920 inquit,
2855 3851 3042 3905 clamat
3094 3870 3187 3924 pro
3238 3852 3421 3909 Israel.
3462 3855 3544 3912 ‘Ne
3585 3871 3783 3913 rursus

2170 3952 2360 3995 omnes
2386 3939 2638 3997 Israelita:
2659 3942 2711 3997 in
2738 3944 3094 4013 perditionem
3118 3946 3222 4002 isse
3241 3946 3530 4003 credantur
3548 3948 3591 4015 ³,
3614 3948 3785 4005 docet

2170 4039 2225 4087 et
2253 4032 2376 4087 inde
2405 4032 2540 4088 facta
2567 4034 2670 4088 alia
2701 4049 2828 4091 vasa
2852 4035 2907 4091 in
2938 4035 3195 4093 honorem
3214 4080 3228 4105 ,
3257 4038 3357 4093 alia
3398 4040 3451 4095 in
3485 4048 3779 4097 contume-

2171 4126 2317 4185 liam.
2350 4126 2411 4183 Si
2451 4128 2640 4199 fuerit,
2677 4128 2877 4201 inquit,
2910 4148 3145 4188 numerus
3173 4121 3394 4202 ﬁliorum
3438 4133 3603 4190 Israel
3628 4126 3781 4207 quasi

2171 4235 2328 4274 arena
2353 4221 2544 4288 maris,
2583 4223 2809 4293 reliquie:
2841 4224 2995 4279 salva:
3027 4225 3168 4294 ﬁent.
3202 4226 3406 4283 Caztera
3433 4242 3560 4300 ergo
3594 4228 3775 4298 turba,

2169 4326 2297 4368 vasa
2334 4315 2567 4386 perfecta
2605 4314 2672 4370 ad
2713 4316 3084 4385 perditionem.
3125 4318 3342 4373 Verbum
3368 4322 3501 4375 enim
3535 4337 3781 4375 consumv-

2171 4423 2317 4461 mans
2335 4415 2381 4461 et
2402 4407 2647 4475 brevians,
2671 4409 2862 4480 inquit,
2896 4412 3045 4482 faciet
3069 4410 3320 4468 Dominus
3352 4430 3504 4485 super
3541 4424 3728 4470 terram
3754 4434 3780 4473 :

2172 4499 2225 4554 id
2251 4507 2355 4567 est,
2404 4507 2463 4554 ut
2503 4501 2821 4571 compendio
2851 4503 2972 4559 ﬁdei
3001 4519 3098 4574 per
3124 4507 3348 4576 gratiam
3391 4507 3567 4563 salvos
3614 4508 3782 4567 faciat

2172 4591 2476 4658 credentes,
2506 4606 2611 4645 non
2642 4606 2737 4661 per
2762 4593 3178 4652 innumerabiles
3199 4598 3617 4665 observationes,
3650 4601 3777 4670 qui-

2174 4682 2272 4738 bus
2302 4683 2391 4738 illa
2422 4684 2705 4740 multitudo
2736 4687 3006 4743 serviliter
3033 4699 3251 4746 onerata
3281 4693 3639 4763 premebatur.
3669 4693 3782 4751 Per

2171 4776 2394 4847 gratiam
2416 4777 2610 4848 quippe
2633 4778 2787 4834 nobis
2811 4779 3030 4835 verbum
3052 4796 3429 4839 consummans
3449 4793 3504 4840 et
3525 4785 3781 4843 brevians

2174 4868 2300 4923 fecit
2318 4883 2479 4939 super
2507 4879 2702 4926 terram
2725 4914 2738 4939 ,
2766 4872 2951 4929 dicens
2982 4892 2996 4929 :
3024 4873 3219 4946 Jugum
3256 4894 3423 4932 meum
3453 4879 3562 4933 lene
3595 4887 3689 4947 est,
3725 4889 3782 4935 et

2172 4962 2371 5016 sarcina
2392 4978 2500 5016 mea
2526 4963 2645 5018 levis
2665 4974 2737 5018 est
2766 4964 2974 5037 (Matth.
2993 4968 3191 5040 xt,'50).
3211 4968 3362 5037 Quod
3389 4980 3442 5026 et
3468 4973 3626 5043 paulo
3653 4983 3783 5043 post

2175 5052 2262 5109 hic
2285 5054 2478 5109 dicitur
2508 5072 2521 5110 :
2557 5054 2729 5127 Prope
2756 5056 2841 5110 te‘
2871 5068 2943 5112 est
2963 5061 3165 5115 verbum
3194 5062 3247 5115 in
3269 5080 3354 5117 ore
3383 5074 3488 5131 tuo,
3513 5074 3558 5119 et
3578 5066 3629 5119 in
3658 5081 3781 5121 cor-

2173 5145 2237 5200 de
2256 5153 2360 5214 tuo,
2393 5146 2486 5200 hoc
2511 5156 2585 5201 est
2606 5147 2808 5202 verbum
2842 5150 2963 5219 ﬁdei
3002 5152 3140 5223 quod
3177 5154 3547 5224 praedicamus;
3576 5157 3695 5228 quia
3727 5164 3778 5218 si

2173 5241 2460 5311 confitearis
2493 5241 2546 5296 in
2576 5258 2662 5297 ore
2701 5251 2787 5297 tuo
2824 5244 2943 5316 quia
2986 5244 3236 5301 Dominus
3260 5257 3333 5303 est
3350 5248 3502 5306 Jesus
3535 5260 3580 5305 et
3608 5252 3778 5304 credi-

2173 5333 2307 5389 deris
2334 5334 2386 5389 in
2413 5334 2562 5390 corde
2605 5342 2690 5390 tuo
2737 5336 2855 5407 quia
2879 5335 3020 5393 Deus
3051 5339 3196 5394 illum
3215 5342 3471 5397 suscitavit
3497 5360 3529 5398 a
3560 5343 3779 5400 mortuis

2239 5471 2257 5502 ι

2239 5471 2257 5502 ι
2278 5478 2403 5529 Mss,
2428 5469 2712 5535 prophetia.
2920 5534 2925 5539 ⁴

2236 5534 2259 5565 ³
2276 5533 2409 5595 Bditi,
2421 5546 2666 5585 corwersos
2684 5546 2749 5585 ea:
2765 5534 2969 5589 Judans.
2986 5537 3152 5602 Abest,
3164 5550 3431 5603 conversos,
3441 5552 3472 5593 ι
3484 5546 3589 5591 Mss.
3605 5537 3779 5605 pleris-

2170 5609 2415 5738 μμ
2998 5666 3277 5738 qredantur.
3298 5673 3355 5738 ᾼι
3375 5666 3555 5719 melius
3576 5675 3675 5718 Am.
3690 5672 3771 5721 ω’.

2181 5729 2234 5772 et
2258 5727 2413 5771 nostri
2437 5730 2571 5781 Mss.,
2598 5726 2649 5773 in
2671 5726 2989 5781 perditionem
3009 5728 3103 5780 isse
3122 5732 3400 5781 credantur.

2240 5785 2262 5816 ⁸
2281 5786 2577 5861 Particnlam,
2592 5795 2655 5847 te,
2670 5785 2745 5841 hic
2766 5791 2897 5843 addit
2918 5795 3273 5847 vetustissimus
3292 5797 3599 5851 Corbeiensis
3614 5796 3774 5851 codex

2172 5862 2336 5914 graeco
2357 5858 2693 5903 consentiens.
