4000 6336
1651 349 1853 407 LIBER

1982 346 2163 403 IMUS.
2554 364 2559 367 ·
3448 341 3553 401 126

1969 456 2260 530 Apostolus
2296 454 2363 512 ad
2406 454 2721 513 cbaritatem
2761 453 3108 512 obtinendam
3151 454 3555 512 similitudinem

1966 552 2189 609 duceret
2229 548 2286 622 (Ι
2313 547 2432 606 Cor.
2460 565 2565 619 xu,
2598 548 2686 617 12,
2715 546 2865 624 etc.).
2905 547 2961 603 In
2994 548 3242 605 omnibus
3270 557 3352 603 est
3389 548 3553 603 etiam

1967 643 2185 715 spiritus
2213 642 2388 697 vitalis
2429 650 2639 698 terrena
2666 638 2909 697 membra
2933 638 3208 695 viviﬁcans
3226 680 3243 708 ,
3274 639 3557 711 omnisque

232 484 389 540 sulcus
409 484 537 535 eris.
574 479 759 536 Corde
784 477 923 535 enim
944 475 1169 532 creditur
1192 473 1261 527 ad
1280 470 1555 545 justitiam,
1577 484 1662 525 ore
1685 476 1857 521 autem

240 576 478 646 confessio
507 572 572 641 ﬁt
600 572 676 625 ad
705 571 952 627 salutem.
990 566 1165 638 (Rom.
1198 582 1253 632 x,
1289 561 1461 634 8-10).
1495 562 1607 617 lloc
1630 568 1713 616 est
1738 574 1859 614 vcr-

244 668 362 724 bum
389 677 796 720 consummans
827 671 884 718 et
908 661 1175 726 brevians,
1202 655 1344 729 quod
1378 654 1502 711 fecit
1527 654 1666 709 Deus
1696 666 1858 720 super

252 773 436 819 terram
454 803 469 825 ,
497 774 610 832 qua
652 756 1126 815 consummatione
1150 761 1308 823 atque
1337 746 1691 805 breviatlone‘
1720 745 1857 800 latro

253 855 560 929 iustiﬁcatus
583 861 695 921 est,
723 852 818 925 qui
838 849 1029 907 detixis
1052 848 1103 903 in
1124 860 1282 902 cruce
1306 843 1555 900 omnibus
1580 839 1857 909 membris,

258 961 308 1007 ct
327 949 532 1005 habens
555 946 732 1003 libera
758 946 877 1000 lucc
900 944 1026 1008 duo,
1056 940 1218 998 corde
1244 936 1551 995 crediditad
1573 934 1857 1007 justitiam,

260 1059 345 1099 ore
376 1040 665 1097 confessus
691 1048 779 1094 cst
810 1037 881 1094 ad
918 1038 1177 1101 salutem;
1216 1032 1503 1102 statimque
1527 1028 1711 1084 audire
1741 1041 1859 1083 me-

246 1136 377 1229 νΓιιὶι,
410 1133 585 1189 Hodie
614 1150 817 1189 mecum
862 1133 962 1187 eris
987 1132 1037 1184 in
1075 1128 1314 1201 paradiso
1342 1125 1511 1198 (Luc.
1543 1139 1692 1229 xxttt,
1722 1122 1795 1177 45
1816 1119 1858 1193 ).

259 1229 728 1298 Conscquerentur
768 1225 917 1281 enim
962 1224 1100 1278 bona
1129 1235 1292 1292 opera
1334 1220 1480 1290 ejus,
1520 1218 1566 1272 si
1610 1219 1862 1287 percepta

259 1324 422 1396 gratia
452 1322 544 1377 diu
588 1321 734 1377 inter
769 1320 1017 1375 homines
1060 1317 1280 1371 viveret.
1325 1312 1431 1370 Sed
1459 1320 1637 1366 tamen
1664 1323 1770 1364 non
1798 1319 1865 1362 ea

262 1422 669 1486 pmcesserant,
688 1421 747 1467 ut
766 1410 1015 1467 eamdem
1027 1410 1255 1480 gratiam
1274 1412 1594 1470 mereretur,
1615 1418 1679 1459 ex
1700 1401 1865 1456 latro-

264 1511 397 1565 cinio
421 1509 565 1563 ﬁxus
588 1509 643 1563 in
664 1522 849 1571 cruce,
873 1521 943 1561 ex
963 1519 1120 1560 cruce
1140 1503 1194 1557 in
1221 1499 1524 1572 paradisum
1552 1494 1860 1552 translatus.

266 1602 475 1659 Etsicut
506 1602 769 1673 praedixit,
799 1600 992 1671 inquit,
1020 1596 1207 1659 Isaias,
1232 1593 1352 1649 Nisi
1375 1593 1625 1648 Dominus
1650 1588 1865 1645 sabaotlt

266 1698 541 1769 reliquisset
564 1696 707 1750 nobis
732 1711 926 1759 semen,
964 1693 1091 1748 sicut
1120 1690 1350 1745 Sodoma
1375 1687 1499 1759 facti
1530 1699 1751 1740 essemus
1772 1723 1786 1748 ,
1816 1688 1865 1737 et

262 1790 386 1844 sicut
425 1788 716 1843 Gomorrlta
753 1786 946 1841 similes
976 1784 1259 1855 fuissemus.
1294 1778 1446 1848 Quod
1480 1777 1565 1832 hic
1593 1776 1700 1843 ait,
1740 1773 1863 1829 reli-

260 1884 449 1954 quisset
478 1882 623 1936 nobis
651 1897 851 1945 semen;
880 1879 985 1935 hoc
1008 1878 1101 1944 ibi,
1135 1875 1363 1946 reliquias
1396 1871 1551 1928 salute
1579 1871 1720 1941 ﬁent.
1751 1868 1865 1924 Ca:-

262 1980 361 2034 teri
402 1986 589 2033 autem
619 1985 873 2046 tanquam
903 1972 1217 2046 perditionis
1245 1983 1369 2025 vasa
1398 1968 1581 2024 debito
1605 1964 1865 2035 supplicio

248 2134 251 2135 γ
260 2072 569 2140 perierunt.
595 2069 659 2124 Et
683 2077 738 2123 ut
762 2083 872 2123 non
898 2081 1088 2121 omnes
1113 2065 1377 2135 perissent
1396 2062 1533 2117 sicut
1557 2059 1609 2115 in
1632 2056 1866 2114 Sodoma

258 2173 327 2220 et
371 2161 688 2227 Gomorrba,
716 2175 826 2216 non
866 2159 1116 2215 meritum
1156 2171 1341 2212 eorum
1380 2153 1538 2218 fecit,
1570 2150 1667 2207 sed
1693 2148 1865 2220 gratia

256 2256 369 2312 tDei
412 2255 754 2326 relinquentis
779 2268 1010 2319 semen,
1040 2249 1181 2307 unde
1218 2249 1320 2304 alia
1358 2245 1549 2303 messis
1596 2252 1710 2299 toto
1735 2241 1866 2297 orbe
1914 2272 1925 2277 »

260 2358 635 2419 contingeret.
670 2349 781 2403 Hoc
813 2355 869 2402 et
899 2345 1058 2417 paulo
1096 2354 1255 2414 post:
1289 2343 1378 2398 Sic
1413 2357 1567 2412 ergo,
1596 2337 1789 2409 inquit,
1817 2346 1867 2391 et

256 2444 321 2497 in
372 2444 469 2496 hoc
507 2452 733 2512 tempore
788 2439 1018 2509 reliquite
1066 2454 1157 2509 per
1180 2435 1471 2490 electionem
1505 2432 1682 2499 gratia:
1713 2429 1868 2484 saltue

268 2537 421 2605 facta
434 2541 574 2588 satist.
603 2532 668 2588 Si
693 2540 864 2586 autem
893 2532 1077 2600 gratia,
1098 2529 1215 2597 jam
1242 2542 1343 2580 non
1363 2523 1677 2593 acoperibus
1694 2537 1713 2586 ;
1737 2520 1868 2574 alio-

270 2629 387 2697 quin
410 2627 581 2696 gratia
599 2628 715 2699 jam
748 2640 855 2678 non
885 2631 960 2678 est
988 2621 1174 2693 gratia.
1204 2618 1342 2686 Quid
1366 2632 1484 2687 ergo
1506 2615 1532 2669 ?
1562 2612 1712 2682 Quod
1731 2626 1869 2683 qua-

264 2721 405 2774 nbat
432 2718 622 2785 Israel,
650 2719 745 2773 hoc
766 2734 869 2772 non
905 2723 979 2770 est
1003 2722 1330 2777 consecutus;
1356 2710 1531 2765 electio
1555 2717 1722 2762 autem
1748 2722 1869 2759 con-

270 2823 438 2868 secuta
473 2822 585 2877 est;
613 2811 783 2866 ueteri
808 2826 926 2865 vero
958 2808 1194 2863 excecati
1229 2813 1347 2861 sunt
1385 2803 1575 2875 (Rom.
1602 2817 1680 2867 st,
1707 2800 1798 2856 5-7
1820 2796 1866 2871 ).

260 2905 568 2962 Consecuta
622 2911 751 2960 sunt
784 2918 913 2959 vasa
959 2900 1376 2967 misericordiae,
1426 2904 1694 2954 excaecata
1747 2901 1871 2951 sunt

275 3016 396 3056 vasa
416 3001 515 3055 ira:
541 3015 558 3053 :
589 3014 657 3056 ex
682 2998 873 3054 eadem
894 3006 1074 3053 tamen
1092 2994 1494 3067 conspersione,
1516 2992 1657 3049 sicut
1680 2990 1733 3046 in
1755 2989 1870 3061 ple-

270 3096 507 3152 nitudine
533 3094 813 3151 Gentium.

334 3188 427 3243 eo.
462 3188 561 3242 Est
603 3187 757 3242 locus
799 3184 1015 3256 quidam
1053 3183 1344 3254 Scriptum
1384 3180 1452 3237 ad
1494 3195 1609 3236 nem
1652 3177 1724 3234 de
1764 3190 1869 3246 qua

274 3296 413 3337 num
439 3281 677 3351 agimus,
708 3277 942 3334 maxime
986 3276 1350 3341 necessarius,
1383 3272 1572 3330 eadem
1609 3284 1728 3342 quae
1757 3278 1870 3323 tra-

268 3381 409 3427 ctata
458 3379 623 3435 sunt,
664 3370 802 3425 mira
847 3370 1238 3425 contestatione
1286 3367 1655 3432 conﬁrmans,
1700 3362 1756 3417 in
1804 3374 1872 3416 eo

276 3464 410 3521 libro
436 3465 532 3536 qui
559 3465 630 3520 ab
656 3464 778 3519 aliis
799 3463 958 3520 Iesus
990 3463 1201 3529 Sirach,
1232 3462 1302 3518 ab
1326 3461 1445 3515 aliis
1467 3455 1873 3515 Ecclesiasticus

270 3554 495 3623 dicitur,
532 3556 589 3611 in
617 3571 725 3625 quo
764 3557 838 3610 ita
868 3555 1125 3626 scriptum
1163 3562 1251 3611 est
1291 3571 1305 3607 :
1344 3552 1407 3606 Et
1433 3566 1605 3606 omnes
1644 3548 1873 3604 homines

276 3650 340 3702 de
364 3649 494 3715 solo,
522 3657 571 3703 et
601 3664 665 3703 ea:
693 3658 831 3702 terra
851 3648 1015 3702 Adam
1044 3650 1065 3679 ⁸
1092 3656 1293 3702 creatus
1320 3654 1412 3701 est.
1454 3643 1522 3700 In
1548 3641 1875 3697 multitudine

283 3741 568 3811 disciplima
604 3740 860 3797 Dominus
904 3741 1154 3811 separavit
1199 3756 1306 3807 eos,
1353 3750 1400 3794 et
1440 3738 1723 3792 immutuit
1767 3737 1874 3792 eius

282 3850 477 3888 em.
524 3830 596 3888 Et
628 3848 694 3887 ea:
735 3834 861 3903 ipsis
890 3834 1144 3887 benedixit
1190 3843 1237 3888 et
1282 3832 1559 3898 exultavit,
1603 3838 1650 3885 et
1687 3844 1753 3884 ex
1796 3829 1876 3883 Itis

286 3926 614 3997 mﬁﬁcacit
638 3938 691 3981 et
728 3928 796 3981 ad
834 3943 889 3981 se
933 3927 1243 3998 applicavit,
1284 3935 1331 3980 et
1361 3943 1422 3981 ea:
1462 3925 1587 3996 ipsis
1614 3923 1877 3979 malediait

286 4020 648 4075 ert-humiliatus
676 4036 696 4074 :
718 4028 776 4075 ,ει
810 4022 1053 4074 convertit
1098 4019 1217 4075 illos
1245 4019 1314 4073 ad
1357 4019 1717 4073 dissensionem
1754 4016 1876 4070 illo-

288 4130 418 4167 rum.
454 4112 618 4181 Quasi
645 4113 808 4168 lutum
834 4113 983 4184 figuli
1015 4114 1068 4166 in
1097 4128 1253 4167 manu
1280 4113 1440 4184 ipsius
1468 4113 1724 4181 plasmare
1744 4107 1878 4163 illud

291 4215 337 4261 et
362 4207 666 4278 disponere,
707 4222 879 4260 omnes
906 4206 1001 4260 vite
1038 4207 1149 4278 ejus
1191 4206 1467 4262 secundum
1497 4203 1878 4275 dispositionem

278 4300 434 4369 ejus;
478 4300 551 4355 sic
578 4300 729 4354 homo
770 4298 824 4353 in
864 4314 1019 4353 manu
1045 4298 1185 4354 illius
1217 4298 1302 4368 qui
1345 4314 1397 4352 se
1436 4296 1583 4368 fecit,
1621 4304 1669 4350 et
1704 4294 1880 4349 reddet

291 4390 367 4446 illi
390 4391 672 4446 secundum
689 4390 946 4462 judicium
971 4406 1141 4444 suum.
1175 4388 1502 4445 Contrarium
1528 4385 1665 4441 ntalo
1692 4385 1881 4440 bonum

292 4494 401 4554 est,
447 4490 497 4538 et
538 4490 717 4537 contra
745 4490 956 4536 mortem
995 4482 1095 4536 vita
1137 4490 1248 4547 est;
1294 4480 1369 4534 sic
1410 4488 1458 4534 et
1499 4486 1677 4533 contra
1717 4477 1882 4531 virum

294 4577 483 4643 iustum
506 4583 759 4649 peccator.
793 4573 861 4629 Et
902 4574 975 4629 sic
1014 4574 1207 4628 intuere
1243 4574 1297 4627 in
1326 4572 1496 4627 omnia
1537 4587 1693 4642 Opera
1719 4569 1879 4625 Altis-

292 4670 446 4727 simi:
471 4669 598 4737 duo,
623 4670 725 4723 duo
748 4669 802 4734 ξς
829 4684 990 4723 unum
1012 4675 1189 4722 contra
1215 4683 1391 4721 unum.
1419 4665 1602 4721 Primo
1624 4663 1711 4719 hic
1735 4677 1883 4719 com-

295 4761 545 4817 mendata
574 4769 661 4817 est
704 4760 983 4832 disciplina
1012 4760 1148 4816 Dei:
1194 4759 1261 4814 In
1299 4756 1649 4824 multitudine,
1691 4756 1881 4828 inquit,

294 4854 585 4926 disciplina:
609 4852 861 4909 Dominus
884 4854 1136 4924 separavit
1161 4869 1245 4907 eos
1268 4868 1287 4907 :
1314 4854 1457 4907 unde
1476 4893 1493 4919 ,
1525 4852 1627 4906 nisi
1654 4866 1686 4906 a
1711 4850 1886 4906 beati-

296 4945 477 5001 tudine
523 4944 803 5017 paradisi?
849 4943 919 4999 Et
961 4944 1244 4999 immutauit
1284 4943 1391 4999 vias
1427 4958 1632 5009 eorum,
1679 4951 1736 4998 ut
1772 4943 1883 5014 jam

210 5106 213 5107 ν
296 5049 549 5112 tanquam
572 5038 831 5096 mortales
850 5039 1110 5095 viverent.
1139 5038 1291 5094 Tunc
1314 5036 1449 5093 facta
1475 5044 1559 5093 est
1584 5052 1683 5092 una
1709 5050 1884 5093 massa

296 5137 569 5204 omnium,
602 5134 829 5191 veniens
873 5134 940 5191 de
978 5134 1199 5191 traduce
1240 5133 1447 5205 Peccati
1472 5131 1496 5165 δ
1525 5140 1581 5189 ει
1625 5132 1692 5189 de
1728 5147 1886 5204 poena

298 5225 638 5282 mortalitatis
660 5269 678 5296 ,
718 5227 963 5299 quamvis
1000 5225 1111 5282 Deo
1148 5224 1409 5281 lormante
1437 5233 1492 5282 ει
1519 5234 1735 5281 creante
1766 5240 1888 5295 quae

300 5318 433 5375 bona
460 5330 607 5376 sunt.
638 5318 699 5376 In
738 5319 989 5376 omnibus
1020 5329 1101 5376 est
1124 5319 1265 5376 enim
1294 5319 1501 5391 species
1538 5327 1592 5376 ει
1629 5334 1888 5391 compago

298 5413 540 5485 corporis
582 5414 636 5470 in
688 5420 837 5469 tanta
880 5413 1244 5470 membrorum
1290 5413 1611 5482 concordia,
1662 5420 1721 5468 ut
1763 5411 1886 5469 inde

362 5544 379 5577 ι
396 5551 473 5596 tu.
504 5553 708 5607 etuas,
735 5540 983 5595 brevitate.

362 5608 383 5639 ⁸
402 5615 452 5659 ιιι
469 5609 630 5670 editis,
654 5605 723 5661 ea:
742 5613 885 5659 terra
903 5607 1034 5657 auide
1056 5606 1228 5658 Adam.
1252 5605 1504 5669 Particulo,
1526 5606 1675 5669 unde,
1697 5607 1883 5658 abesta

300 5671 402 5737 ιιι
426 5679 871 5737 etatexmerw
893 5670 1021 5737 apud
1048 5676 1177 5737 LXX-

362 5734 385 5800 _'
411 5736 557 5800 Editi,
574 5736 680 5789 duo
700 5731 881 5787 castra
911 5731 1024 5783 duo.
1058 5733 1233 5793 Abest,
1257 5736 1450 5794 contra,
1482 5745 1513 5785 a
1541 5733 1798 5787 veteribus
1830 5733 1889 5787 li-

352 5861 371 5897 ‘
396 5865 663 5920 victorious
687 5870 802 5926 ω..
826 5856 1016 5912 vatim
1038 5859 1101 5912 de
1118 5856 1286 5912 radice
1301 5857 1505 5927 incocti.

1967 745 2157 791 natura
2187 734 2421 791 hominis
2442 734 2717 791 dominatu
2742 734 2938 789 animae
2964 742 3020 789 et
3045 731 3299 789 famulatu
3317 729 3558 803 corporis

1967 829 2275 886 conditione
2325 828 2555 885 mirabili
2598 835 2891 900 temperata
2928 844 2941 882 :
2987 826 3082 884 sed
3125 823 3559 896 concupiscentia

1966 923 2198 978 carnalis
2238 921 2305 978 de
2350 923 2554 993 peccati
2606 937 2760 993 poena
2802 921 2913 992 jam
2950 934 3213 992 regnans,
3248 918 3554 974 universum

1965 1030 2135 1085 genus
2162 1013 2451 1070 humanum
2484 1023 2735 1085 tanquam
2763 1023 2926 1070 totam
2954 1022 3009 1070 et
3032 1029 3195 1069 unam
3218 1009 3559 1082 conspersio-

1968 1123 2091 1164 nem
2116 1106 2361 1179 originali
2388 1118 2539 1162 reatu
2566 1107 2618 1162 in
2640 1106 2819 1163 omnia
2844 1117 3191 1177 permanante
3216 1101 3553 1160 confuderat.
3612 1084 3617 1091 ’

1968 1200 2034 1255 Ει
2063 1209 2239 1255 tamen
2271 1199 2543 1270 sequitur,
2577 1198 2659 1254 Ea:
2694 1199 2818 1271 ipsis
2843 1196 3095 1253 benedixit
3121 1206 3167 1253 et
3194 1195 3469 1263 exultavit,
3508 1202 3559 1249 et

1968 1309 2030 1348 ea:
2058 1293 2181 1363 ipsis
2209 1293 2541 1362 sanctiﬁcacit
2570 1300 2617 1347 et
2645 1292 2713 1347 ad
2735 1309 2790 1349 se
2817 1290 3111 1364 applicavit,
3143 1299 3188 1347 et
3214 1307 3276 1345 ea:
3300 1290 3425 1361 ipsis
3448 1303 3558 1342 ma-

1968 1384 2146 1440 ledixit
2175 1393 2222 1440 et
2252 1385 2564 1454 humiliavit,
2597 1393 2645 1440 et
2668 1386 2906 1440 convertit
2951 1384 3068 1438 illos
3099 1382 3154 1438 in
3193 1380 3557 1436 dissensionem

1966 1478 2197 1548 ipsorum
2235 1494 2253 1532 :
2289 1486 2541 1549 tanquam
2581 1476 2837 1548 Apostolo
2879 1475 3124 1541 dicente,
3153 1473 3232 1528 An
3270 1488 3372 1528 non
3411 1468 3560 1525 habet

1968 1580 2267 1643 potestatem
2311 1571 2501 1643 figulus
2544 1570 2638 1625 luti
2680 1587 2742 1626 ea:
2783 1569 2957 1625 eadem
3003 1566 3354 1639 conspersione
3394 1567 3561 1637 facere

1969 1663 2111 1717 aliud
2139 1680 2225 1718 vas
2263 1663 2317 1717 in
2356 1663 2618 1729 honorem,
2645 1661 2789 1717 aliud
2816 1662 2867 1716 in
2892 1658 3289 1716 contumeliam?
3324 1655 3560 1726 Ideoque

1971 1754 2100 1810 illud
2125 1755 2267 1826 quod
2292 1756 2613 1823 contexitur,
2642 1769 2742 1810 nec
2768 1754 2834 1810 ab
2860 1753 2971 1823 ipsa
3009 1748 3354 1807 similitudine
3372 1754 3556 1803 vacat:

1973 1847 2130 1913 Quasi
2159 1847 2356 1915 lutum,
2398 1848 2596 1917 inquit,
2641 1847 2788 1919 ﬁguli
2830 1847 2884 1900 in
2917 1862 3071 1899 manu
3104 1844 3264 1916 ipsius
3308 1842 3560 1912 plasmars

1968 1938 2101 1994 illud
2126 1949 2170 1993 et
2202 1940 2489 2008 disponere,
2517 1955 2689 1993 omnes
2712 1938 2808 1993 uite
2831 1939 2940 2009 ejus
2968 1935 3246 1991 secundum
3270 1931 3562 2006 dispositio-

1969 2048 2082 2086 nem
2110 2033 2257 2102 ejus;
2296 2031 2368 2087 sic
2410 2029 2557 2085 homo
2582 2031 2636 2084 in
2672 2046 2827 2083 manu
2870 2029 3007 2083 illius
3045 2027 3131 2099 qui
3173 2042 3226 2081 se
3268 2024 3406 2096 fecit.
3446 2021 3558 2079 Sed

1969 2122 2092 2193 quia
2118 2121 2246 2177 dicit
2270 2121 2581 2192 Apostolus,
2611 2118 2877 2193 Numquid
2904 2119 3142 2190 iniquitas
3175 2115 3315 2188 apud
3347 2112 3558 2170 Deum?

1968 2215 2091 2271 vide
2117 2225 2171 2270 et
2198 2215 2284 2271 hic
2309 2214 2435 2286 quid
2461 2213 2716 2284 adiungat
2746 2231 2759 2267 :
2792 2210 2994 2267 Reddet
3014 2211 3109 2275 illi,
3151 2207 3344 2280 inquit,
3372 2222 3559 2261 secun-

1972 2305 2094 2359 dum
2110 2306 2366 2377 judicium
2390 2321 2558 2359 suum.
2586 2302 2693 2359 Sed
2719 2316 2840 2357 cum
2866 2300 3131 2356 damnatis
3154 2298 3297 2371 justa
3325 2296 3563 2353 tribuan-

1971 2404 2059 2451 tur
2086 2395 2386 2467 supplicia;
2434 2402 2611 2449 tamen
2649 2392 2771 2464 quia
2812 2391 2915 2446 ltoc
2953 2391 3127 2461 ipsum
3162 2390 3216 2444 in
3245 2403 3399 2444 usum
3432 2402 3564 2443 con-

1970 2488 2217 2553 vertitur,
2242 2502 2346 2558 quo
2388 2485 2467 2541 illi
2507 2483 2787 2555 proﬁciant
2811 2482 3003 2555 quibus
3041 2480 3309 2552 prmbetur
3346 2472 3563 2535 miseri-

1972 2581 2151 2637 cordia
2175 2622 2191 2649 ,
2232 2579 2447 2635 attende
2484 2579 2731 2649 reliqua:
2768 2575 3091 2632 Contrarium
3114 2617 3131 2643 ,
3176 2572 3380 2646 inquit,
3421 2572 3559 2627 malo

1974 2674 2157 2728 bonum
2185 2682 2291 2741 est,
2323 2681 2369 2727 et
2404 2680 2580 2726 contra
2606 2680 2813 2725 mortem
2840 2670 2979 2737 vita;
3007 2668 3079 2723 sic
3109 2675 3154 2722 et
3192 2676 3367 2721 contra
3397 2667 3562 2720 virum

1962 2766 2160 2838 justum
2190 2774 2438 2836 peccator.
2491 2764 2556 2818 Et
2585 2765 2659 2819 sic
2686 2763 2879 2818 intuere
2917 2763 2971 2818 in
3009 2762 3177 2817 omnia
3217 2774 3373 2832 opera
3405 2758 3565 2819 Altis-

1973 2859 2088 2915 simi
2118 2876 2136 2913 :
2174 2860 2312 2928 duo,
2346 2858 2486 2925 duo;
2527 2873 2684 2911 unum
2722 2865 2898 2910 contra
2938 2872 3096 2909 unum
3127 2871 3145 2909 :
3176 2853 3359 2925 utique
3400 2860 3459 2908 ut
3496 2866 3565 2908 ex

1974 2952 2305 3007 deteriorum
2373 2948 2776 3021 comparatione
2841 2948 3112 3005 emineant
3177 2946 3566 3018 proticiautque

1975 3047 2218 3102 meliora.
2267 3044 2396 3114 Qum
2441 3052 2621 3098 tamen
2660 3041 2911 3114 quoniam
2941 3056 3038 3111 per
3068 3038 3293 3111 gratiam
3341 3036 3567 3093 meliora

1975 3147 2120 3205 sunt,
2153 3147 2403 3208 tauquam
2444 3136 2667 3201 diceret,
2702 3133 2951 3204 Reliquia:
2978 3133 3130 3187 salva:
3160 3132 3278 3194 ﬁent
3302 3132 3352 3197 ¹;
3381 3128 3563 3200 sequi-

1978 3238 2063 3285 tur
2097 3241 2151 3285 et
2189 3230 2317 3284 dicit
2346 3245 2409 3284 cx
2448 3243 2675 3300 persona
2706 3226 3054 3296 reliquiarum
3076 3266 3090 3290 ,
3123 3222 3192 3279 Et
3219 3241 3310 3296 ego
3352 3221 3568 3277 novissi-

1976 3341 2088 3377 mus
2110 3323 2330 3394 rigilavi,
2352 3333 2398 3376 et
2419 3322 2563 3393 quasi
2588 3320 2673 3392 qui
2721 3328 3006 3374 racentatur
3027 3327 3137 3389 post
3159 3316 3564 3372 vindemiatores.

1978 3412 2048 3471 Et
2092 3413 2229 3467 unde
2268 3412 2495 3484 probat,
2533 3412 2654 3482 quia
2700 3426 2807 3465 non
2847 3425 2914 3465 ex
2954 3409 3161 3464 meritis
3191 3409 3330 3473 suis,
3363 3405 3458 3463 sed
3498 3421 3567 3462 ex

1978 3504 2343 3562 misericordia
2373 3503 2504 3560 Dei?
2545 3502 2612 3557 In
2639 3501 3005 3567 benedictione,
3039 3500 3229 3571 inquit,
3279 3498 3490 3553 Domini
3518 3504 3570 3555 et

1977 3599 2084 3670 ipse
2124 3595 2353 3667 speravi,
2394 3604 2441 3650 et
2478 3594 2625 3665 quasi
2664 3593 2748 3665 qui
2789 3592 3089 3659 vindetniat,
3123 3590 3308 3663 repleui
3338 3589 3562 3645 torcular

1980 3690 2176 3766 (Eccli.
2221 3704 2425 3754 χχχιιι,
2471 3687 2721 3757 10-17).
2766 3685 3020 3754 Quamvis
3063 3685 3206 3741 enim
3242 3680 3566 3741 novissimus

1978 3784 2310 3857 vigilavcrit;
2343 3792 2527 3838 tamen
2552 3780 2673 3853 quia
2704 3790 2892 3847 erunt,
2924 3789 2981 3836 ut
3009 3779 3207 3836 dictum
3246 3788 3358 3848 est,
3391 3780 3572 3837 novis-

1981 3879 2101 3936 simi
2134 3876 2291 3949 primi
2323 3876 2537 3949 (Matth.
2567 3891 2659 3943 xx,
2694 3874 2832 3947 16),
2867 3874 2919 3930 in
2960 3874 3329 3932 benedictione
3356 3874 3569 3930 Domini

1980 3986 2206 4044 sperans
2240 3986 2305 4026 ex
2333 3969 2574 4041 reliquiis
2602 3965 2765 4024 lsracl
2793 3977 3093 4024 racematus
3120 3966 3347 4039 populus
3377 3967 3570 4038 imple-

1980 4066 2058 4120 vit
2103 4062 2339 4119 torcular
2384 4077 2451 4117 ex
2496 4061 2739 4117 ubertate
2768 4059 3081 4131 vindemiae,
3128 4075 3251 4132 qua:
3293 4067 3405 4117 toto
3438 4058 3572 4118 orbe

1983 4167 2247 4216 terrarum
2280 4156 2549 4228 provenit.

2055 4251 2147 4306 21.
2180 4249 2335 4305 Nulla
2380 4250 2542 4319 igitur
2572 4247 2797 4304 intentio
2835 4254 3045 4303 tenetur
3069 4246 3337 4317 Apostoli,
3368 4253 3424 4302 et
3450 4261 3569 4303 om-

1984 4345 2133 4401 nium
2162 4342 2573 4414 justilicatorum
2600 4358 2696 4413 per
2722 4355 2855 4412 quos
2880 4340 3037 4395 nobis
3062 4340 3363 4395 intellectus
3388 4337 3573 4411 gratias

1985 4440 2383 4497 demonstratus
2411 4443 2523 4501 est,
2557 4435 2661 4492 nisi
2703 4443 2760 4489 ut
2800 4434 2890 4505 qui
2931 4433 3189 4503 gloriatur
3213 4474 3227 4499 ,
3261 4433 3316 4487 in
3346 4432 3574 4488 Domino

1985 4532 2245 4603 glorietur
2279 4529 2359 4601 (ll
2389 4528 2507 4584 Cor.
2540 4544 2601 4594 ι,
2636 4524 2747 4597 17).
2780 4524 2910 4593 Quis
2940 4525 3083 4580 enim
3124 4524 3372 4580 discutiet
3409 4537 3572 4594 opera

1986 4623 2236 4690 Domini,
2279 4637 2342 4678 ex
2389 4620 2575 4677 eadem
2620 4618 2999 4689 conspersione
3042 4632 3206 4671 unum
3249 4616 3571 4680 damnantis,

1988 4720 2215 4773 alterum
2250 4712 2627 4785 justiﬁcautis?
2672 4711 2924 4767 Liberum
2960 4710 3250 4766 voluntatis
3290 4710 3571 4764 arbitrium

1987 4813 2275 4885 plurimum
2296 4810 2471 4876 valet;
2500 4810 2610 4865 imo
2630 4823 2757 4864 vero
2784 4816 2869 4863 est
2892 4805 3128 4878 quidem,
3162 4804 3258 4861 sed
3282 4804 3334 4860 in
3358 4818 3575 4859 venum-

1986 4905 2129 4963 datis
2167 4905 2268 4961 sub
2298 4911 2517 4976 peccato
2547 4902 2724 4973 (Rom.
2758 4916 2866 4966 vn,
2902 4898 3006 4970 14)
3050 4897 3178 4969 quid
3212 4894 3570 4962 valet?Caro,

1978 4998 2180 5069 inquit,
2204 4996 2515 5068 concupiscit
2543 4994 2784 5050 adversus
2809 4993 3068 5065 spiritum,
3089 5000 3139 5046 et
3160 4988 3367 5060 spiritus
3391 4987 3575 5043 adver-

1982 5108 2077 5148 sus
2106 5106 2343 5155 carnem,
2384 5096 2441 5143 ut
2476 5104 2579 5143 non
2607 5103 2668 5142 ea
2705 5101 2817 5158 qua:
2856 5085 3006 5140 vultis
3046 5082 3247 5155 faciatis
3277 5077 3484 5152 (Galat.
3514 5094 3572 5147 ν,

1993 5184 2108 5257 17).
2151 5182 2465 5253 Ριρεείρὶιιιι
2504 5191 2562 5236 ιιι
2604 5188 2752 5237 recte
2778 5180 3049 5244 vivamus,
3080 5175 3180 5229 hac
3221 5171 3405 5244 utique
3431 5186 3577 5230 mer-

1990 5277 2124 5334 cede
2154 5275 2455 5347 proposita,
2490 5280 2549 5329 ut
2586 5274 2639 5329 in
2680 5281 2937 5329 aeternum
2966 5268 3121 5323 beate
3145 5265 3326 5322 vivere
3359 5279 3573 5323 merea-

1992 5386 2114 5428 mur
2144 5388 2156 5425 ε
2205 5368 2298 5424 sed
2333 5368 2453 5439 quis
2497 5374 2672 5438 potest
2706 5372 2851 5419 recte
2875 5361 3052 5415 vivere
3089 5366 3143 5415 et
3170 5358 3308 5415 bene
3334 5354 3568 5429 operari,

1992 5464 2094 5520 nisi
2139 5434 2458 5532 jitslilicatus
2499 5434 2574 5514 ex
2625 5455 2773 5512 ﬁde?
2822 5452 3129 5523 Prmcipitur
3167 5458 3227 5509 ut
3263 5434 3596 5518 credamus,

1993 5565 2052 5611 ut
2076 5555 2218 5611 dono
2247 5562 2466 5622 accepto
2491 5549 2720 5620 Spiritus
2745 5546 2916 5604 sancti
2942 5560 3037 5616 per
3068 5542 3408 5600 dilectionem
3434 5541 3575 5597 bene

1994 5648 2201 5720 operari
2230 5646 2493 5717 possimus
2522 5659 2535 5695 :
2569 5640 2663 5697 sed
2703 5640 2821 5710 quis
2860 5647 3034 5710 potest
3075 5637 3317 5702 credere,
3350 5632 3451 5689 nisi
3474 5630 3575 5688 ali-

1994 5758 2095 5816 qua
2122 5739 2431 5802 vocatione,
2480 5734 2583 5789 hoc
2607 5742 2689 5789 cst
2710 5775 2725 5802 ,
2775 5733 2949 5806 aliqua
2980 5746 3160 5789 rerum
3201 5724 3574 5786 testiﬁcatione

2068 5858 2086 5891 ι
2106 5861 2235 5919 uss,
2255 5847 2473 5916 reliquiae
2487 5846 2634 5902 salute
2650 5846 2790 5915 ﬁunt.
3563 5867 3592 5912 «ε

2560 5984 2641 5999 va,
2671 5984 2701 5994 υ.
