4000 6336
467 360 574 421 127

467 476 754 550 tangatur?
800 473 931 545 Quis
975 476 1135 533 habet
1182 477 1235 532 in
1278 483 1544 547 potestate
1592 474 1683 530 tali
1708 473 1823 531 viso
1866 473 2053 544 attingi

472 579 707 627 mentem
732 584 903 637 suam,
932 584 1039 641 quo
1063 570 1179 641 ejus
1198 568 1445 624 voluntas
1464 576 1740 623 moveatur
1764 565 1831 621 ad
1858 563 2054 621 ﬁdem?

469 660 601 730 Quis
630 670 808 717 autem
840 661 1018 715 animo
1043 660 1381 730 amplectitur
1407 657 1606 729 aliquid
1628 657 1769 728 quod
1797 672 1919 712 eum
1946 671 2054 712 non

469 753 741 811 delectat?
769 762 860 809 aut
886 752 1007 823 quis
1051 751 1213 806 habet
1242 752 1294 806 in
1326 758 1587 821 potestate
1618 758 1673 805 ut
1701 749 1786 806 vel
1810 756 2057 805 occurrat

468 846 614 919 quod
640 862 763 903 eum
792 845 1059 902 delectare
1100 845 1300 916 possit,
1330 844 1416 900 vel
1446 843 1675 900 delectet
1714 857 1834 899 cum
1864 858 2054 899 occur-

465 938 646 995 rerit?
672 937 805 993 Cum
835 952 962 1008 ergo
988 951 1086 992 nos
1110 952 1173 992 ea
1200 936 1469 991 delectant
1494 934 1686 1006 quibus
1714 933 2055 1006 proﬁciamus

374 1057 387 1073 ο
463 1029 534 1085 ad
576 1030 778 1099 Deum,
824 1030 1115 1102 inspiratur
1158 1027 1262 1083 hoc
1308 1037 1364 1083 et
1416 1028 1681 1099 pmbetur
1723 1026 1891 1098 gratia
1935 1023 2052 1092 Dei,

466 1137 575 1177 non
619 1129 752 1177 nutu
799 1129 983 1176 nostro
1036 1129 1091 1176 et
1132 1118 1393 1175 industria
1435 1128 1529 1174 aut
1573 1133 1798 1189 Operum
1847 1118 2055 1174 meritis

468 1222 848 1285 comparatur;
891 1213 1012 1285 quia
1048 1222 1108 1268 ut
1144 1213 1211 1269 sit
1252 1220 1413 1268 nutus
1438 1210 1758 1279 voluntatis,
1787 1218 1846 1266 ut
1868 1210 1936 1267 sit
1967 1209 2057 1265 in-

466 1306 669 1362 dustria
702 1306 894 1373 studii,
927 1314 986 1361 ut
1024 1306 1131 1362 sint
1165 1319 1326 1376 opera
1356 1305 1616 1360 eharitate
1645 1304 1932 1370 ferventia,
1965 1304 2056 1361 ille

467 1399 685 1467 tribuit,
719 1397 807 1453 ille
845 1398 1083 1468 largitur.
1119 1398 1309 1453 Petere
1334 1397 1587 1468 jubemur
1621 1405 1680 1451 ut
1705 1395 2051 1466 accipiamus,

465 1500 520 1547 et
546 1505 790 1562 quaerere
821 1498 877 1545 ut
907 1490 1240 1546 inveniamus
1264 1531 1279 1558 ,
1331 1499 1386 1545 et
1429 1490 1644 1560 pulsare
1687 1498 1747 1544 ut
1788 1489 2056 1559 aperiatur

465 1584 621 1639 nobis
665 1583 878 1656 (Matth.
906 1600 1013 1648 vn.
1045 1584 1121 1656 7).
1169 1583 1357 1639 Nonne
1400 1583 1686 1653 aliquando
1730 1583 1845 1654 ipsa
1886 1583 2056 1639 oratio

465 1686 648 1733 nostra
699 1677 777 1732 sic
829 1676 1004 1747 tepida
1054 1686 1175 1743 est,
1227 1677 1312 1731 vel
1359 1676 1536 1747 potius
1581 1674 1768 1745 frigida
1820 1685 1874 1731 et
1921 1690 2056 1746 pene

469 1768 613 1824 nulla
641 1770 682 1838 ⁸,
728 1769 835 1823 imo
878 1769 1098 1824 omnino
1142 1769 1405 1825 interdum
1450 1769 1523 1825 ita
1568 1770 1749 1839 nulla,
1795 1779 1853 1825 ut
1884 1785 2057 1841 neque

470 1861 575 1918 hoc
623 1863 677 1917 in
726 1863 880 1919 nobis
920 1879 1039 1919 cum
1086 1863 1275 1919 dolore
1322 1863 1702 1918 advertamus?
1745 1862 1869 1933 quia
1900 1862 1944 1917 si
1972 1862 2056 1917 vel

466 1951 572 2009 hoc
606 1953 872 2020 dolemus,
919 1954 1028 2024 jam
1070 1969 1306 2010 oramus.
1357 1953 1495 2021 Quid
1541 1968 1669 2024 ergo
1699 1952 1843 2008 aliud
1870 1961 2055 2008 osten-

466 2046 613 2101 ditur
640 2046 815 2115 nobis,
844 2047 946 2103 nisi
972 2047 1094 2118 quia
1121 2056 1175 2102 et
1205 2056 1385 2118 petere
1413 2055 1467 2102 et
1493 2060 1735 2117 quaerere
1764 2052 1820 2101 et
1847 2045 2056 2117 pulsare

468 2137 561 2193 ille
610 2138 889 2206 concedit,
935 2138 1023 2209 qui
1074 2148 1131 2194 ut
1174 2138 1289 2193 liznc
1334 2138 1610 2204 faciamus,
1654 2136 1844 2207 jubet?
1889 2135 2057 2207 Igitur

465 2244 570 2283 non
598 2229 807 2284 volentis
826 2269 842 2295 ,
880 2245 1037 2299 neque
1078 2230 1357 2294 currentis,
1389 2227 1478 2282 sed
1506 2226 1784 2283 miserentis
1813 2237 1885 2281 est
1916 2226 2011 2281 Dei
2035 2243 2056 2283 :

466 2321 903 2393 quandoquidem
945 2336 1045 2376 nec
1071 2322 1209 2376 velle
1252 2336 1352 2377 nec
1396 2335 1649 2389 currere,
1695 2322 1799 2378 nisi
1840 2338 1906 2378 eo
1935 2338 2054 2378 mo-

465 2422 628 2470 vente
655 2424 814 2484 atque
841 2414 1109 2469 excitante
1129 2456 1142 2479 ,
1174 2415 1488 2485 poterimus.

533 2504 625 2560 22.
654 2505 806 2573 Quod
846 2508 888 2561 si
934 2506 1125 2562 electio
1152 2504 1242 2561 hic
1274 2505 1331 2560 ﬁt
1358 2505 1532 2576 aliqua
1554 2548 1569 2573 ,
1599 2513 1656 2561 ut
1685 2506 1762 2562 sic
1791 2506 2056 2579 intelliga-

462 2619 586 2660 mus
605 2605 749 2675 quod
787 2604 987 2661 dictum
1014 2615 1095 2661 est
1116 2647 1130 2671 ,
1158 2604 1409 2677 Reliquiae
1446 2621 1536 2675 per
1560 2603 1849 2658 electione»:
1877 2602 2056 2673 gratia:

461 2697 617 2752 salva.-
645 2696 795 2767 facta:
822 2707 938 2751 sunt
971 2696 1145 2769 (Rom.
1177 2713 1262 2763 ιιι,
1294 2694 1388 2768 5);
1420 2711 1526 2751 non
1559 2704 1616 2750 ut
1639 2692 2054 2766 justiﬁeatorum

462 2786 656 2845 electio
700 2788 792 2843 ﬁat
830 2787 900 2844 ad
928 2788 1089 2843 vitam
1119 2796 1372 2843 aeternam
1395 2828 1409 2854 ,
1449 2786 1542 2842 sed
1573 2796 1631 2841 ut
1671 2786 1936 2857 eligantur
1964 2784 2054 2854 qui

459 2877 821 2949 justiﬁcentur
849 2897 863 2933 :
897 2888 1041 2934 certe
1070 2879 1141 2933 ita
1166 2879 1374 2934 occulta
1404 2886 1486 2934 est
1518 2877 1635 2932 haec
1659 2876 1884 2944 electio,
1918 2886 1975 2931 ut
1999 2874 2052 2930 in

462 2972 654 3029 eadem
707 2972 1094 3043 conspersione
1144 2971 1300 3027 nobis
1360 2987 1583 3043 prorsus
1638 2985 1899 3042 apparere
1944 2984 2053 3025 non

462 3065 669 3135 possit;
710 3072 803 3121 aut
847 3064 891 3120 si
937 3073 1160 3136 apparet
1203 3064 1558 3135 quibusdam,
1611 3078 1711 3135 ego
1755 3063 1807 3118 in
1853 3061 1954 3117 hac
1993 3077 2053 3117 re

460 3155 827 3213 inﬁrmitatem
875 3173 1052 3213 meam
1100 3156 1291 3213 fateor.
1345 3156 1462 3211 Non
1504 3156 1645 3211 enim
1690 3154 1864 3210 habeo
1911 3153 2053 3225 quod

463 3248 679 3306 intuear
706 3251 758 3306 in
790 3251 1047 3323 eligendis
1078 3251 1381 3307 hominibus
1404 3251 1470 3307 ad
1492 3251 1715 3324 gratiam
1741 3251 2051 3317 salutarem,

376 3340 385 3355 "
462 3340 511 3396 si
541 3340 609 3396 ad
635 3356 862 3398 examen
893 3342 1051 3412 hujus
1075 3342 1354 3399 electionis
1382 3343 1562 3415 aliqua
1590 3342 1913 3415 cogitatione
1940 3357 2055 3412 per-

461 3432 669 3500 mittor,
698 3433 801 3488 nisi
833 3434 915 3488 vel
943 3433 1114 3504 majus
1144 3435 1434 3506 ingenium,
1463 3434 1547 3491 vel
1576 3435 1784 3490 minora
1810 3443 2051 3506 peccata,

458 3523 547 3580 vel
577 3532 860 3597 utrumque
888 3542 903 3580 :
934 3525 1193 3583 addamus
1231 3528 1391 3582 etiam
1412 3570 1426 3594 ,
1472 3527 1520 3583 si
1560 3528 1769 3598 placet,
1799 3528 2054 3583 honestas

458 3616 727 3687 milesque
752 3618 1042 3673 doctrinas.
1072 3618 1323 3689 Quisquis
1351 3634 1479 3690 ergo
1505 3617 1663 3675 fuerit
1700 3633 1861 3690 quam
1888 3617 2052 3674 mini-

464 3709 569 3763 mis
610 3709 843 3778 peccatis
883 3710 1115 3765 irretitus
1144 3719 1303 3780 atque
1340 3710 1657 3779 maculatus,
1689 3709 1849 3782 (nam
1890 3710 2053 3767 nullis

461 3799 583 3871 quis
623 3799 856 3873 potest?)
884 3809 939 3856 et
976 3816 1100 3857 acer
1141 3801 1382 3872 ingenio,
1413 3812 1467 3857 et
1506 3802 1819 3859 liberalibus
1848 3804 2054 3861 artibus

460 3890 753 3961 expolitus,
802 3890 1077 3962 eligendus
1113 3891 1327 3947 videtur
1369 3893 1436 3948 ad
1482 3895 1727 3965 gratiam.
1780 3894 1887 3951 Sed
1930 3911 2052 3953 cum

459 3978 563 4036 hoc
590 3989 849 4049 statuero,
898 3984 969 4037 ita
1017 3999 1104 4039 me
1145 3983 1340 4040 ridebit
1381 3984 1469 4041 ille
1496 3986 1585 4057 qui
1631 3986 1839 4043 inﬁrma
1868 3986 2052 4045 mundi

461 4072 629 4143 elegit
666 4081 723 4128 ut
763 4072 1051 4129 confundat
1083 4074 1273 4144 fortia,
1314 4084 1369 4131 et
1406 4077 1561 4131 stulta
1596 4077 1779 4133 mundi
1821 4088 1882 4134 ut
1920 4093 2052 4135 con-

522 4185 539 4215 ι
565 4190 697 4246 t.ov.,
718 4184 854 4249 plene
876 4185 1028 4237 nulla.
1043 4194 1099 4241 At
1115 4195 1237 4250 Am.,
1254 4196 1329 4240 Er.
1347 4197 1399 4241 et
1420 4197 1548 4254 Mss,
1570 4206 1688 4257 pene
1711 4193 1863 4245 nulla.

972 360 1063 419 DE
1101 358 1413 419 DIVERSIS
1449 353 1963 430 QUIESTIONIBUS
1999 354 2093 415 AD
2131 354 2628 433 SIMPLICIANUM,
2670 360 2729 421 S.
2768 360 3135 423 AUGUSTINI

2161 473 2349 531 fundat
2385 476 2653 545 sapientes
2697 474 2752 549 (l
2778 476 2895 534 Cor.
2922 495 2967 546 ι,
2998 477 3091 552 27)
3114 521 3130 548 ,
3173 486 3232 534 ut
3270 473 3395 535 eum
3440 479 3652 537 intuens
3689 490 3751 539 et

2160 568 2365 640 pudore
2390 581 2683 639 correctus,
2712 587 2810 643 ego
2850 572 3103 629 irrideam
3145 574 3341 630 multos
3384 584 3439 631 et
3476 590 3586 646 prae
3623 578 3750 647 qui-

2161 659 2386 717 busdam
2430 664 2799 733 peccatoribus
2840 666 3121 737 castiores,
3172 674 3229 724 et
3270 682 3383 739 prae
3426 668 3748 740 quibusdam

2161 754 2515 825 piscatoribus
2576 766 2836 814 oratores.
2898 756 3088 816 Nonne
3147 760 3481 819 advertimus
3544 763 3751 821 multos

2158 846 2349 905 ﬁdeles
2379 858 2591 905 nostros
2616 850 2952 909 ambulantes
2980 852 3120 908 viam
3154 852 3279 922 Dei,
3317 869 3385 912 ex
3418 854 3566 911 nulla
3592 863 3753 927 parte

2162 939 2377 1013 ingenio
2406 944 2724 1013 comparari,
2754 958 2862 1000 non
2893 944 3066 1001 dicam
3096 946 3446 1017 quorumdam
3476 948 3755 1007 haeretico-

2159 1049 2302 1101 rum,
2335 1034 2430 1092 sed
2456 1034 2617 1091 etiam
2642 1036 2928 1092 mimorum
2951 1038 2977 1092 ?
3016 1037 3150 1094 Item
3186 1051 3293 1095 non
3315 1038 3558 1095 videmus
3586 1055 3757 1111 quos-

2159 1126 2283 1181 dam
2318 1125 2563 1183 homines
2606 1128 2884 1199 ntriusque
2909 1142 3069 1185 sexus
3112 1130 3167 1185 in
3210 1130 3475 1203 conjugali
3504 1132 3755 1189 castitate

2160 1217 2404 1273 viventes
2444 1218 2560 1274 sine
2597 1220 2813 1290 querela
2839 1261 2855 1288 ,
2894 1230 2950 1277 et
2990 1229 3168 1278 tamen
3209 1223 3295 1278 vel
3335 1223 3620 1279 haereticos
3659 1222 3753 1281 vel

2158 1323 2428 1379 paganos,
2457 1308 2543 1365 vel
2569 1310 2729 1366 etiam
2766 1312 2821 1366 in
2855 1328 2982 1368 vera
3021 1313 3125 1370 ﬁde
3163 1324 3216 1370 et
3241 1330 3367 1371 vera
3391 1316 3632 1372 Ecclesia
3670 1316 3754 1374 sic

2162 1398 2389 1469 tepidos,
2424 1408 2487 1456 ut
2527 1415 2621 1456 eos
2659 1402 2918 1459 miremur
2955 1405 3295 1460 meretricum
3335 1416 3390 1462 et
3428 1406 3753 1464 histrionum

2159 1490 2336 1547 subito
2364 1506 2778 1560 conversorum,
2819 1510 2926 1550 non
2955 1496 3126 1551 solum
3168 1497 3419 1567 patientia
3446 1506 3501 1554 et
3540 1508 3751 1570 tempe-

2159 1585 2373 1654 rantia,
2430 1584 2525 1641 sed
2581 1586 2743 1641 etiam
2792 1586 2934 1653 ﬁde,
2982 1603 3116 1665 spe,
3164 1588 3425 1645 eharitate
3466 1591 3752 1660 superari?

2159 1674 2347 1731 Restat
2393 1690 2521 1747 ergo
2568 1684 2627 1732 ut
2668 1678 2970 1734 voluntates
3016 1679 3302 1750 eligantur.
3349 1680 3456 1736 Sed
3500 1682 3752 1740 voluntas

2160 1766 2314 1835 ipsa,
2366 1766 2468 1822 nisi
2516 1766 2716 1838 aliquid
2773 1770 3070 1825 occurrerit
3115 1769 3258 1841 quod
3300 1770 3533 1827 delectet
3586 1780 3752 1843 atque

2159 1857 2351 1912 invitet
2398 1857 2637 1913 animum
2662 1900 2677 1925 ,
2724 1861 2929 1917 moveri
2972 1862 3120 1917 nullo
3162 1860 3326 1918 modo
3371 1870 3549 1932 potest
3591 1872 3613 1918 :‘
3645 1862 3754 1921 hoc

2160 1957 2336 2004 autem
2383 1957 2444 2003 ut
2483 1959 2764 2020 occurrat,
2808 1966 2915 2007 non
2960 1961 3045 2008 est
3086 1954 3140 2007 in
3185 1952 3419 2009 hominis
3466 1962 3750 2025 potestate.

2159 2039 2297 2107 Quid
2328 2040 2539 2097 volebat
2570 2041 2783 2108 Saulus,
2815 2043 2920 2098 nisi
2957 2043 3230 2112 invadere,
3261 2045 3496 2115 trahere,
3524 2046 3751 2118 vincire,

2160 2145 2353 2187 necare
2396 2131 2773 2189 Christianos?
2818 2133 2990 2201 Quam
3033 2134 3220 2193 rabida
3268 2136 3551 2206 voluntas,
3590 2153 3756 2208 quam

2160 2224 2381 2295 furiosa,
2423 2243 2583 2299 quam
2623 2230 2803 2285 caeca!
2847 2230 2935 2301 qui
2980 2238 3155 2286 tamen
3201 2246 3309 2286 una
3347 2230 3581 2302 desuper
3616 2246 3759 2289 voce

2159 2328 2479 2391 prostratus,
2505 2331 2820 2379 oecurrente
2845 2322 3030 2393 utique
3061 2322 3154 2378 tali
3181 2323 3316 2389 viso,
3347 2338 3454 2394 quo
3476 2338 3631 2379 mens
3658 2323 3760 2380 illa

2159 2420 2215 2466 et
2243 2412 2490 2469 voluntas
2528 2412 2757 2469 refracta
2797 2413 3001 2468 sazvitia
3041 2420 3444 2484 retorqueretur
3483 2421 3539 2469 et
3575 2412 3760 2469 corri-

2157 2515 2373 2575 geretur
2422 2505 2492 2563 ad
2543 2505 2702 2563 ﬁdem
2723 2547 2741 2575 ,
2789 2515 3013 2578 repente
3065 2521 3133 2562 ex
3190 2505 3469 2578 Evangelii
3517 2504 3758 2563 mirabili

2158 2607 2502 2669 persecutore
2541 2599 2838 2655 mirabilior
2877 2598 3197 2671 praedicator
3233 2598 3458 2657 effectus
3497 2608 3580 2657 est
3607 2599 3755 2673 (Act.

2159 2704 2252 2745 vin
2273 2732 2289 2759 ,
2321 2691 2388 2757 5,
2415 2701 2464 2745 et
2492 2691 2664 2763 mi).
2686 2692 2754 2747 Et
2778 2700 2956 2747 tamen
2986 2691 3114 2763 quid
3157 2690 3441 2749 dicemus?
3485 2689 3757 2763 Numquid

2157 2785 2400 2855 iniquitas
2445 2794 2520 2840 est
2561 2785 2703 2856 apud
2744 2783 2937 2850 Deum,
2986 2785 3289 2857 exigentem
3331 2799 3365 2841 a
3406 2799 3514 2857 quo
3553 2784 3754 2856 placet,

2156 2873 2447 2932 donantem
2482 2875 2567 2931 cui
2598 2875 2808 2946 placet?
2845 2876 2940 2947 qui
2980 2891 3314 2948 nequaquam
3343 2875 3509 2946 exigit
3543 2873 3757 2931 indebi-

2159 2977 2293 3035 tum,
2335 2982 2670 3040 nequaquam
2707 2968 2873 3024 donat
2917 2967 3172 3024 alienum.
3218 2966 3488 3039 Numquid
3511 2967 3757 3041 ntiqua“

2158 3069 2231 3116 est
2276 3061 2418 3131 apud
2454 3060 2670 3116 Deum?
2716 3060 2879 3116 Absit.
2931 3060 3108 3129 Quare
3155 3069 3335 3116 tamen
3386 3058 3511 3114 huic
3549 3058 3656 3128 ita,
3694 3066 3758 3115 et

2158 3150 2282 3207 huic
2318 3168 2427 3209 non
2464 3152 2583 3208 ita?
2630 3151 2677 3209 ο
2700 3152 2870 3220 homo,
2906 3161 2961 3207 tu
2987 3153 3102 3224 quis
3138 3152 3236 3208 ea?
3274 3152 3522 3209 Debitum
3557 3151 3604 3208 si
3641 3166 3755 3208 non

2157 3242 2374 3311 reddis,
2402 3242 2568 3301 habes
2596 3242 2740 3315 quod
2764 3244 3050 3315 gratuleris
3078 3262 3092 3299 :
3120 3244 3168 3301 si
3209 3243 3420 3312 reddis,
3446 3259 3552 3301 non
3582 3242 3760 3301 habes

2157 3334 2302 3405 quod
2335 3334 2599 3405 queraris.
2640 3334 2936 3392 Credamus
2974 3342 3216 3404 tantum,
3256 3334 3360 3391 etsi
3409 3348 3602 3406 capere
3638 3346 3759 3391 non

2157 3426 2419 3496 valemus,
2447 3426 2704 3499 quoniam
2728 3428 2822 3500 qui
2848 3428 3151 3486 universam
3179 3437 3480 3486 creaturam
3507 3436 3563 3486 et
3590 3426 3763 3499 spiri.

2158 3518 2357 3574 tualem
2398 3527 2456 3575 et
2501 3519 2838 3589 corporalem
2882 3519 3012 3576 fecit
3056 3528 3113 3577 et
3156 3519 3435 3588 condidit,
3478 3519 3655 3576 omnia
3692 3518 3760 3577 in

2157 3628 2387 3670 numero
2424 3621 2479 3670 et
2525 3612 2765 3685 pondere
2809 3620 2865 3670 et
2905 3627 3159 3669 mensura
3206 3611 3442 3684 disponit
3487 3611 3642 3683 (Sap.
3668 3625 3759 3682 xl,

2156 3704 2273 3777 21).
2316 3703 2425 3762 Sed
2463 3704 2828 3761 inscrutabilia
2855 3712 2981 3760 sunt
3012 3704 3214 3775 judicia
3257 3703 3395 3775 ejus,
3435 3711 3492 3759 et
3527 3701 3759 3759 investi-

2155 3797 2365 3869 gabiles
2399 3797 2499 3853 viae
2536 3796 2654 3868 ejus
2684 3796 2861 3870 (Rom.
2888 3812 2962 3861 xi,
2992 3794 3105 3867 33).
3133 3795 3381 3852 Dicamus
3404 3792 3666 3859 Alleluia,
3695 3799 3761 3850 et

2158 3890 2523 3946 collaudemus
2567 3889 2856 3957 canticum,
2902 3897 2957 3946 et
2999 3903 3106 3945 non
3146 3886 3408 3955 dicamus,
3439 3884 3578 3953 Quid
3607 3883 3761 3940 hoc?

2157 3982 2274 4049 vel,
2304 3983 2433 4054 quid
2462 3982 2610 4039 hoc?
2653 3982 2843 4039 Omnia
2883 3983 3030 4039 enim
3069 3982 3125 4039 in
3156 3991 3399 4054 tempore
3435 3996 3535 4039 suo
3568 3987 3760 4038 creata

2157 4083 2284 4132 sunt
2320 4072 2506 4147 (Eccli.
2537 4090 2726 4142 xxxix,
2759 4073 2848 4142 i9,
2875 4072 2992 4147 26).

2256 4310 3748 4339 ww

1386 4397 1867 4505 LIBER
1924 4395 2807 4507 SECUNDUS.

1049 4636 1103 4682 In
1124 4639 1330 4685 caeteras
1350 4620 1646 4700 quaestiones
1666 4636 1885 4702 quinque
1906 4636 1989 4689 vel
2018 4650 2113 4691 sex
2134 4649 2165 4688 a
2185 4638 2486 4703 Simpliciano
2507 4640 2775 4704 propositas
2796 4652 2859 4693 ex
2884 4640 3023 4692 lita-is
3043 4647 3245 4705 Regum.

1908 4775 2279 4833 W

529 4878 836 4942 Panum.
851 4884 993 4943 Satis
999 4886 1108 4960 jam
1130 4890 1197 4945 de
1218 4890 1473 4962 Apostolo
1491 4905 1577 4949 me
1590 4890 1657 4946 ad
1683 4891 1950 4963 proposita
1964 4907 2048 4949 re-

458 4976 1001 5045 spondisseextstimo
1020 4999 1034 5037 ε
1052 4997 1193 5038 nunc
1209 4982 1276 5037 ad
1293 4998 1355 5038 ea
1374 4999 1491 5054 qua:
1502 4983 1569 5040 de
1583 4984 1733 5040 libris
1745 4985 2050 5056 Regnorum

458 5070 725 5139 requisisti
746 5070 890 5128 aliud
918 5074 1162 5130 volumen
1181 5075 1457 5146 aggrediar
1475 5093 1489 5143 ;
1505 5092 1645 5147 quat,
1659 5078 1797 5133 sicut
1811 5078 1976 5133 multa
1995 5086 2052 5135 et

466 5174 635 5232 prope
663 5167 838 5221 omnia
867 5175 1109 5223 veterum
1138 5169 1438 5236 Librorum,
1472 5170 1777 5242 ﬁguratiora
1802 5181 1962 5241 sunt,
1995 5181 2052 5229 et

460 5255 836 5323 mysteriorum
872 5258 1224 5316 velaminibus
1261 5260 1517 5317 involuta.
1567 5263 1820 5331 Quamvis
1866 5274 2048 5321 autem

458 5355 526 5395 ex
553 5357 620 5398 eo
639 5344 778 5415 quod
806 5350 1178 5407 transierimus
1197 5353 1263 5407 ad
1280 5352 1574 5423 Christum,
1606 5356 1876 5412 auferatur
1900 5358 2049 5413 vela—

459 5448 583 5490 men
625 5436 704 5507 (ll
744 5437 862 5494 Cor.
898 5457 977 5510 ιιι,
1020 5445 1124 5516 16)
1158 5464 1170 5499 :
1204 5456 1383 5503 tamen
1404 5448 1645 5505 videmus
1671 5465 1814 5506 nunc
1843 5450 1894 5505 in
1922 5451 2052 5506 teni-

458 5536 656 5597 guiate,
688 5539 811 5587 tunc
836 5542 1015 5590 autem
1043 5537 1176 5596 facie
1197 5539 1263 5594 ad
1294 5540 1483 5596 faciem
1504 5542 1543 5595 ί.
1568 5542 1822 5598 Velamen
1849 5542 2047 5613 quippe

458 5621 604 5675 omni
627 5622 787 5677 modo
808 5623 1110 5683 intercludit
1138 5641 1445 5701 aspectum;
1487 5633 1713 5704 :enigma
1759 5647 1909 5698 vero,
1934 5641 2052 5688 tan-

459 5751 932 5880 Wus
952 5756 1081 5813 liber
1102 5765 1427 5829 Corbeiensis,
1441 5766 1614 5831 faciem
1629 5767 1695 5819 ad
1709 5765 2052 5833 faciem;juxta

2154 4909 2315 4967 quam
2342 4910 2439 4967 per
2464 4897 2771 4968 speculum,
2804 4897 2946 4954 sicut
2972 4898 3116 4955 idem
3147 4899 3422 4970 apostolus
3449 4900 3556 4968 ait,
3597 4898 3761 4957 Vide-

2154 5004 2268 5045 mus
2293 5006 2425 5045 nunc
2443 5007 2533 5061 per
2549 4992 2811 5062 speculum
2835 4991 2956 5046 etin
2977 4992 3245 5062 aenigmate
3267 4990 3310 5065 (Ι
3339 4990 3459 5048 Cor.
3492 5008 3605 5060 xm,
3633 4992 3753 5065 i2),

2154 5097 2256 5138 nec
2280 5082 2732 5139 evidentissimam
2757 5083 2957 5155 detegit
2984 5085 3217 5153 speciem
3238 5125 3256 5152 ,
3287 5099 3387 5140 nec
3412 5099 3630 5155 prorsus
3649 5084 3747 5142 ob.

2155 5174 2285 5246 tegit
2307 5176 2611 5233 veritatem.
2634 5176 2928 5248 Aggrediar
2939 5177 3099 5247 ergo’
3123 5184 3177 5233 et
3201 5176 3321 5243 ista,
3339 5175 3475 5233 duce
3501 5176 3753 5244 Domino,

2157 5266 2262 5321 tuis
2289 5268 2464 5337 potius
2495 5267 2804 5324 sublevatus
2829 5268 3166 5325 orationibus
3184 5309 3200 5335 ,
3239 5283 3399 5340 quam
3423 5267 3756 5339 jussionibus

2154 5368 2489 5432 aggravatus.
2522 5360 2825 5417 Prtesertim
2850 5361 2971 5432 quia
2995 5377 3060 5416 ex
3082 5360 3308 5431 epistola
3345 5369 3432 5416 tua
3465 5362 3604 5416 ncn'
3645 5361 3755 5418 hoc

2220 5520 2237 5593 ξ
2265 5526 2316 5568 ιιι
2331 5518 2589 5568 veteribus
2604 5516 2758 5579 libris,
2741 5516 3117 5631 632%:de
3137 5530 3290 5591 ergo;
3311 5525 3363 5569 et
3378 5522 3756 5582 consequenter

2220 5592 2277 5630 ra
2299 5580 2475 5631 plurali
2498 5594 2721 5631 numero.
2936 5587 2991 5631 tt.
3015 5586 3281 5631 aaaravata.

2153 5580 2277 5631 infra
2299 5580 2475 5643 plurali
2498 5594 2721 5641 numero,
2741 5580 2991 5645 sublevati,
3015 5580 3281 5645 aggrtmati.

2220 5645 2239 5675 ³
2261 5642 2407 5692 locus
2429 5650 2656 5706 veterum
2687 5642 2905 5692 codicum
2926 5656 3023 5705 Ope
3046 5642 3429 5706 redintegratus.
3455 5643 3540 5706 qui
3560 5643 3758 5706 inausa

2157 5704 2513 5767 editisgomissa
2544 5705 2621 5755 hic
2652 5714 2868 5767 negante
2902 5704 3135 5767 particula
3148 5742 3173 5767 ,ξ
3200 5704 3274 5767 sic
3300 5704 3447 5767 paulo
3476 5704 3628 5767 ‘postj

2157 5716 2302 5756 cuius
2333 5717 2513 5755 omissa
2544 5716 2621 5755 mc
2652 5718 2718 5754 ne
2753 5716 2868 5755 ante
2902 5716 3162 5767 particula,
3200 5718 3274 5755 διο
3366 5716 3447 5755 ιιιο
3483 5716 3592 5766 post

2153 5764 2353 5883 Ιᾶῗῦξηίη
2374 5778 2468 5831 quo
2504 5780 2673 5845 revera
2693 5720 3099 5833 ogtempemrem,
3124 5764 3220 5819 nisi
3240 5718 3364 5822 ιιυθίῖἔ
3374 5772 3496 5819 esset
3519 5716 3757 5834 animi:
