4000 6336
212 367 315 431 ιιι

220 500 271 549 te
294 486 539 546 intellexi
584 504 873 564 quarere,
913 492 1040 566 quid
1076 493 1192 551 haec
1227 490 1282 550 in
1319 492 1601 566 pr0phetia
1633 490 1837 564 signiﬁ-

226 592 378 642 cent:
401 584 457 639 in
490 598 608 655 quo
636 601 843 643 revera
871 587 1253 658 obtemperare
1290 587 1422 642 mihi
1453 594 1597 643 esset
1625 584 1839 642 difﬁcil-

231 677 446 743 limum;
475 676 613 749 quia
643 686 705 735 et
731 678 803 735 de
833 688 942 736 tota
970 679 1282 736 eorumdem
1305 681 1647 737 contextione
1673 680 1838 736 libro-

236 786 346 827 rum
392 770 650 827 ducenda
702 781 855 829 esset
897 774 1121 831 intentio
1144 814 1159 840 ,
1195 782 1251 831 et
1284 773 1330 830 si
1368 783 1512 831 esset
1547 775 1841 845 promptior

240 862 537 919 intellectus
562 904 580 930 ,
644 864 965 935 magnitudo
1031 873 1207 921 tamen
1275 866 1454 936 operis
1522 865 1836 936 impediret;

239 970 351 1025 quae
374 956 427 1011 si
445 954 735 1012 subeunda
762 967 847 1014 est
864 998 880 1027 ,
917 956 1174 1030 prolixius
1204 958 1370 1014 otium
1399 967 1712 1031 tempusque
1741 958 1840 1014 lla-

240 1048 397 1118 gitat:
426 1045 525 1102 sed
553 1062 704 1104 nunc
745 1048 890 1120 ipsas
926 1064 1105 1106 rerum
1144 1050 1498 1121 proprietates
1525 1060 1794 1122 gestarum
1819 1092 1837 1121 ,

240 1155 350 1213 qua:
367 1138 454 1195 bis
480 1139 669 1197 verbis
695 1156 926 1213 quorum
960 1157 993 1198 a
1022 1150 1075 1200 te
1097 1141 1235 1199 facta
1259 1143 1697 1213 commemoratio
1726 1152 1837 1213 est,

188 1260 201 1273 ι
242 1231 629 1304 signiﬁcantur,
654 1235 927 1306 quomodo
946 1235 1299 1309 intelligerem
1324 1251 1485 1294 nosse
1511 1237 1755 1309 dignatus
1781 1251 1841 1293 es

242 1332 291 1383 et
308 1324 442 1381 meis
468 1324 670 1382 litteris
695 1328 917 1399 aperiri.

245 1417 495 1487 Quzsrio
522 1434 710 1479 mn.
732 1451 808 1465 —
826 1422 1024 1494 Spiritu
1043 1423 1142 1479 Dei
1169 1425 1364 1481 diverso
1384 1425 1534 1482 modo
1558 1426 1843 1497 afﬁciuntur

311 1512 595 1583 prapltetar.
619 1514 902 1585 Prophetia
915 1516 1088 1571 habitu
1102 1528 1362 1590 perpetuo,
1399 1527 1446 1573 et
1464 1518 1649 1587 affectu
1671 1528 1842 1575 trans-

313 1604 479 1659 itoria.
513 1603 751 1678 Spiritus
783 1605 885 1662 Dei
921 1612 1029 1663 sine
1054 1610 1399 1667 additamenta
1427 1612 1721 1685 intelligitur
1749 1615 1841 1668 bo-

314 1713 426 1750 nus.
458 1696 545 1752 An
572 1698 751 1754 eodem
770 1701 972 1755 nomine
998 1701 1354 1774 intelligendus
1390 1703 1616 1775 Spiritus
1639 1716 1843 1763 sanctus

312 1785 462 1841 Patri
488 1796 541 1843 et
570 1786 711 1843 Filio
735 1789 1196 1847 consubstantialis.
1221 1793 1444 1865 Spiritus
1478 1794 1574 1849 Dei
1604 1796 1657 1850 in
1685 1796 1845 1852 Saiu's

309 1873 472 1927 bonus
499 1879 549 1927 et
580 1872 748 1928 malus
778 1875 1048 1947 quonwdo.
1087 1875 1217 1932 Saﬁt
1254 1894 1551 1950 persequens
1594 1878 1843 1938 Davidem

311 1964 499 2033 spiritu
519 1965 816 2035 prophetico
840 1977 887 2022 et
908 1968 1037 2024 bono
1061 1980 1339 2040 correptus.
1369 1971 1587 2028 Munera
1611 1976 1843 2047 quaedam

314 2054 546 2124 Spiritus
584 2057 744 2111 sancti
778 2058 955 2113 haberi
992 2061 1102 2116 sine
1131 2062 1392 2119 charitate.
1437 2064 1566 2121 Sine
1600 2068 1844 2125 charitate

317 2164 540 2202 arma
560 2148 657 2203 alia
673 2148 903 2222 Spiritus
919 2154 1082 2208 sancti
1094 2156 1222 2209 nihil
1239 2167 1466 2227 prosunt.
1486 2160 1560 2215 An
1578 2162 1844 2233 praplzetia

317 2238 571 2295 habeatur
582 2242 687 2296 sine
712 2242 977 2300 charitate.
1003 2245 1280 2304 Hterelicos
1309 2259 1353 2305 et
1378 2251 1717 2309 schismaticos
1745 2255 1840 2310 ha-

272 2348 275 2359 ’
312 2333 431 2387 bere
446 2335 554 2388 alia
569 2336 703 2391 dona
720 2336 1137 2408 Spiritus'sancti
1162 2354 1344 2413 praeter
1372 2345 1687 2403 charitatem.
1714 2348 1841 2421 Βρί-

312 2425 439 2479 ritus
462 2427 632 2483 Mus
654 2444 747 2483 cur
773 2430 941 2485 dictus
963 2433 1172 2503 spiritus
1194 2434 1422 2493 Domini.

317 2517 367 2571 1.
382 2518 446 2572 Et
464 2520 701 2588 primum
720 2523 935 2594 quidem
952 2526 1093 2597 quod
1111 2528 1179 2584 de
1194 2529 1370 2600 primo
1381 2531 1687 2604 Regnorum
1709 2536 1843 2594 libro

244 2607 441 2678 iussisti
462 2621 523 2667 ut
544 2628 898 2686 exponerem,
927 2622 1196 2690 quomodo
1224 2615 1429 2681 dictum
1441 2629 1529 2695 sit,
1560 2628 1627 2683 Et
1650 2632 1843 2687 insiluit

246 2706 447 2774 spuitus
492 2708 709 2766 Domini
748 2713 803 2767 in
842 2712 975 2769 Saftl
992 2730 1113 2771 cum
1145 2718 1271 2774 alibi
1316 2719 1494 2789 dicat,
1527 2722 1596 2777 Et
1635 2726 1843 2795 spiritus

249 2793 451 2854 om:
490 2801 664 2859 malas
708 2805 763 2859 in
802 2805 938 2861 Saftl
974 2806 1026 2879 (1
1068 2807 1200 2882 Reg.
1245 2828 1367 2882 m,
1407 2815 1528 2887 M).
1577 2793 1840 2877 lta'enim

247 2892 497 2962 scriptum
519 2904 608 2951 est
637 2915 654 2953 :
681 2896 749 2952 Et
777 2901 971 2969 factum
990 2911 1063 2956 est
1088 2920 1204 2960 cum
1241 2918 1542 2966 converteret
1579 2913 1843 2971 humerum

245 2998 409 3050 suum,
432 2997 488 3039 ut
505 2987 604 3042 iret
624 3004 655 3041 a
674 2989 904 3059 Samuel,
929 2997 1168 3051 convertit
1186 2998 1324 3056 Deus
1342 3003 1396 3057 in
1420 3004 1552 3060 Sari!
1570 3022 1657 3061 cor
1675 3008 1839 3078 aliud,

243 3082 288 3127 et
312 3087 555 3133 emerunt
584 3082 757 3136 omnia
792 3085 939 3156 signa
964 3086 1057 3146 illa
1085 3091 1167 3146 die
1195 3108 1216 3148 :
1258 3103 1305 3149 et
1334 3098 1463 3151 venit
1502 3098 1620 3153 inde
1645 3100 1699 3154 in
1736 3101 1843 3155 col-

245 3167 356 3236 lem,
382 3179 433 3223 et
457 3192 575 3230 ecce
594 3177 781 3234 chorus
804 3186 1164 3253 prophetarum
1184 3188 1237 3241 in
1262 3189 1457 3244 obviam
1481 3191 1559 3247 illi
1581 3236 1596 3259 ,
1641 3203 1689 3251 et
1713 3196 1840 3250 insi-

247 3264 331 3319 luit
352 3268 407 3322 in
432 3269 587 3325 illum
612 3273 822 3342 spiritus
845 3274 958 3343 Dei,
987 3289 1035 3333 et
1062 3282 1375 3353 prophetarit
1400 3285 1453 3340 in
1482 3288 1646 3342 medio
1669 3304 1842 3345 eorum

246 3355 426 3427 (ιιι,
451 3360 506 3428 9,
537 3362 670 3434 10).
703 3364 1031 3425 ΡΓῖἓίῘίΧΘΙὮῐ
1046 3373 1187 3427 enim
1211 3375 1324 3431 haec
1347 3375 1421 3431 illi
1443 3376 1693 3448 Samuel,
1716 3396 1839 3438 cum

243 3462 359 3504 eam
384 3454 573 3520 jussus
600 3459 863 3514 unxisset.
896 3461 963 3515 Et
990 3461 1092 3518 hoc
1110 3464 1324 3535 quidem
1352 3483 1460 3523 non
1488 3478 1615 3539 puto
1643 3470 1841 3528 habere

246 3544 435 3616 aliquid
462 3551 797 3619 quaestionis.
824 3552 1055 3625 Spiritus
1070 3558 1212 3614 enim
1235 3561 1325 3616 ubi
1344 3562 1458 3616 vult
1478 3563 1641 3633 spirat
1658 3564 1837 3634 (Joan.

248 3651 331 3705 tu,
371 3638 484 3711 8):
514 3650 573 3697 et
613 3644 863 3715 spiritum
903 3649 1200 3720 prophetiae
1243 3652 1508 3710 nullarum
1543 3657 1839 3716 animarum

247 3738 417 3799 potest
441 3735 717 3792 maculare
741 3748 1038 3795 contactus.
1061 3742 1287 3815 Attingit
1318 3748 1460 3801 enim
1492 3747 1686 3818 ubique
1712 3765 1838 3821 pro-

249 3826 360 3889 pter
377 3837 533 3880 suam
562 3826 880 3884 munditiam
904 3828 1057 3903 (Sap.
1081 3848 1175 3900 vn,
1198 3832 1315 3908 ‘24).
1337 3836 1518 3893 Alﬁcit
1535 3848 1711 3896 autem
1734 3858 1841 3897 non

251 3926 431 3970 omnes
455 3916 652 3973 eodem
680 3920 862 3989 modo,
880 3922 976 3978 sed
1001 3924 1135 3980 alios
1160 3941 1256 3997 per
1282 3925 1711 3989 informationem
1733 3934 1843 4005 spi-

251 4002 376 4060 ritus
401 4010 721 4067 eorumdem
747 4011 1024 4071 hominum
1043 4057 1057 4083 ,
1087 4018 1178 4073 ubi
1199 4034 1377 4075 rerum
1408 4022 1843 4083 demonstrantur

253 4093 530 4169 imgine-5;
562 4102 699 4159 alios
726 4119 823 4175 per
845 4105 1076 4165 fructum
1093 4112 1287 4167 mentis
1314 4113 1380 4168 ad
1402 4115 1837 4188 intelligentiam;

253 4190 375 4246 alios
396 4202 624 4266 utraque
645 4197 993 4269 inspiratione
1012 4218 1027 4269 ;
1045 4202 1179 4260 alios
1204 4205 1364 4261 etiam
1386 4210 1707 4267 nescientes.
1734 4212 1842 4270 Sed

254 4296 340 4352 per
373 4286 810 4347 informationem
853 4294 1071 4365 spiritus
1113 4295 1323 4353 duobus
1363 4300 1537 4358 modis
1567 4314 1705 4386 :.aut
1747 4322 1843 4377 per

253 4378 545 4447 somnium,
595 4382 732 4438 sicut
776 4399 883 4440 non
920 4387 1092 4443 solum
1138 4389 1380 4462 plerique
1426 4378 1629 4461 sancti,
1661 4397 1754 4453 sed
1789 4407 1844 4454 et

253 4463 458 4524 Pharao
503 4478 562 4526 et
607 4470 1102 4534 Nabuchodonosor
1154 4494 1250 4535 rex
1299 4481 1429 4539 vidit
1484 4486 1628 4556 quod
1682 4503 1843 4545 nemo

251 4574 429 4617 eorum
468 4564 772 4637 intelligere
805 4568 1039 4639 valebat,
1082 4571 1179 4630 sed
1205 4581 1382 4632 tamen
1407 4575 1592 4635 videre
1620 4587 1845 4652 uterque

250 4664 490 4725 potuerat
512 4656 672 4730 (Gen.
694 4674 806 4728 xu,
827 4669 874 4716 et
891 4661 1032 4719 Dan.
1054 4665 1199 4737 n-tv)
1223 4682 1238 4721 :
1269 4675 1361 4724 aut
1386 4683 1481 4741 per
1499 4667 1843 4728 demonstra-

251 4748 442 4809 tionem
469 4751 524 4808 in
556 4754 773 4822 ecstasi,
801 4755 941 4827 quod
964 4758 1204 4814 nonnulli
1233 4759 1407 4817 Latini
1430 4770 1703 4835 stuporem
1723 4767 1740 4798 ¹
1758 4767 1845 4823 in-

251 4850 643 4913 terpretantur;
686 4846 881 4902 mirum
932 4849 976 4903 si
1007 4850 1253 4921 proprie,
1299 4852 1395 4909 sed
1432 4853 1605 4912 vicine
1643 4864 1842 4928 tamen,

249 4947 361 4989 eum
386 4935 460 4991 sit
484 4937 950 5007 mentisalienatio
966 4954 998 4995 a
1022 4942 1264 4999 sensibus
1274 4944 1534 5016 corporis,
1553 4955 1609 5003 ut
1628 4948 1845 5020 spiritus

250 5024 479 5084 hominis
493 5027 683 5085 divino
713 5030 903 5101 spiritu
929 5041 1230 5104 assumptus
1255 5034 1528 5105 capiendis
1566 5048 1724 5111 atque
1765 5040 1847 5095 in-

248 5120 457 5176 tuendis
497 5121 821 5193 imaginibus
857 5131 1045 5191 vacet;
1085 5124 1223 5182 sicut
1263 5127 1467 5184 Danieli
1504 5129 1846 5187 demonstra-

249 5211 353 5260 tum
380 5213 473 5263 est
494 5206 642 5278 quod
671 5222 778 5263 non
806 5208 1153 5281 intelligebat,
1186 5218 1241 5267 et
1262 5212 1420 5269 Petro
1447 5215 1576 5270 illud
1597 5231 1692 5273 vas
1720 5218 1847 5274 sub-

245 5297 467 5354 nissum
492 5298 567 5354 de
590 5299 730 5355 cmlo
757 5309 987 5371 quatuor
1005 5302 1160 5359 lineis
1180 5305 1201 5335 ³
1219 5303 1355 5374 (Act.
1383 5321 1420 5361 x
1437 5347 1453 5374 ,
1486 5307 1611 5379 il):
1644 5323 1765 5365 nam
1791 5318 1847 5368 et

243 5388 357 5460 'mse
384 5390 517 5464 quid
551 5391 643 5448 illa
677 5391 1064 5451 demonstratio
1086 5395 1339 5470 ﬁguraret
1364 5407 1549 5470 postea
1575 5404 1840 5474 cognovit.

242 5478 344 5537 Per
362 5480 601 5541 ﬂuctum
626 5491 806 5540 autem
848 5487 1042 5543 mentis
1070 5487 1138 5543 ad
1168 5488 1566 5564 intelligentiam
1593 5509 1700 5551 uno
1722 5511 1843 5553 mo-

244 5574 328 5644 do,
350 5593 476 5634 cum
496 5576 617 5634 baac
642 5578 754 5649 ipsa
775 5596 895 5652 quae
911 5580 1346 5640 demonstrantur
1372 5587 1691 5660 imaginibus
1716 5593 1842 5663 quid

245 5669 546 5742 Quiﬁcent
588 5681 644 5727 et
686 5687 793 5743 quo
840 5675 1142 5744 pertineant
1172 5680 1469 5749 revelatur;
1499 5698 1620 5757 qua:
1644 5686 1841 5744 certior

306 5764 323 5828 ξ
347 5772 465 5815 Octo
484 5771 613 5825 me,
634 5777 878 5828 pavorem.

308 5827 330 5858 ε
350 5829 425 5891 sic
448 5830 679 5891 praecipui
695 5835 804 5879 uss.
831 5837 887 5880 At
910 5829 1047 5890 editi,
1074 5830 1249 5886 lirtteis.

304 5889 378 5956 (α)
410 5889 571 5945 Parte.
592 5889 815 5956 ductum,
840 5891 942 5956 vel,
976 5902 1267 5961 prouecttmt.

1571 371 1778 431 LIBER
1820 369 2196 433 SECUNDUS.

3428 391 3535 453 130

1944 490 2222 562 prophetia
2250 502 2351 563 est;
2372 510 2492 553 nam
2520 498 2690 573 magis
2713 500 2883 573 ipsam
2918 512 3071 561 vocat
3099 507 3385 580 Apostolus
3409 530 3536 587 pro-

1943 582 2180 654 pbetiam
2214 586 2266 658 (l
2295 587 2411 643 Cor.
2437 607 2553 657 xm,
2585 593 2650 667 2)
2687 596 2867 653 :sicut
2894 597 3089 672 Ioseph
3122 606 3313 661 meruit
3338 582 3535 667 intelli-

1941 692 2085 749 gere,
2114 680 2253 751 quod
2283 682 2491 741 Pharao
2516 703 2619 744 non
2641 690 2742 746 nisi
2764 691 3013 761 videre‘;
3036 704 3090 750 et
3108 696 3291 753 Daniel
3319 704 3539 773 exponit

1942 770 2075 840 regi,
2106 772 2246 842 quod
2267 772 2355 831 ille
2378 778 2548 833 cernit
2572 788 2625 835 et
2650 782 2839 838 nescit.
2868 781 3000 839 Cum
3026 798 3155 842 vero
3180 788 3249 843 ita
3278 770 3429 848 mens
3455 793 3537 849 af-

1943 858 2136 931 ﬁcitur,
2171 872 2228 920 ut
2252 882 2359 923 non
2378 882 2560 925 rerum
2588 872 2845 945 imagines
2875 878 3221 950 conjecturali
3257 885 3536 943 examina-

1942 955 2085 1012 tione
2110 958 2385 1032 intelligat,
2415 963 2511 1019 sed
2537 981 2624 1022 res
2647 967 2788 1038 ipsas
2813 969 3099 1043 intueatur,
3128 976 3265 1033 sicut
3288 978 3540 1053 intelligi-

1942 1055 2031 1103 tur
2056 1050 2313 1121 sapientia
2351 1062 2401 1109 et
2425 1054 2630 1125 justitia
2675 1061 2953 1135 omnisque
2991 1066 3440 1129 incommutabilis
3464 1050 3539 1131 tet

1942 1135 2119 1194 divina
2159 1143 2387 1234 species,
2436 1145 2504 1201 ad
2546 1150 2877 1220 prophetiam
2923 1154 2990 1211 de
3020 1174 3121 1229 qua
3157 1176 3296 1217 nunc
3329 1164 3537 1234 agimus

1943 1243 2051 1285 non
2095 1233 2351 1302 pertinet.
2390 1233 2626 1311 Utquue
2652 1251 2829 1298 autem
2855 1260 3074 1304 munere
3103 1233 3394 1323 prophetia:
3435 1253 3536 1309 do-

1942 1333 2137 1380 nantur
2161 1325 2215 1381 hi
2238 1328 2328 1398 qui
2354 1338 2409 1384 et
2432 1344 2610 1386 rerum
2637 1331 2892 1406 imagines
2931 1339 2983 1393 in
3010 1340 3198 1411 spiritu
3235 1342 3447 1411 vident,
3479 1353 3536 1402 et

1944 1416 2071 1487 quid
2102 1419 2314 1476 valeant
2350 1421 2509 1479 simul
2553 1425 2868 1500 intelligunt,
2917 1441 3009 1487 aut
3049 1444 3197 1491 certe
3240 1438 3535 1496 manifestis

1943 1508 2299 1568 locationibus
2328 1512 2379 1569 in
2406 1514 2519 1585 ipsa
2540 1516 2996 1579 demonstratione
3024 1525 3396 1597 informantur,
3429 1531 3537 1586 sic-

1944 1609 2004 1657 ut
2053 1601 2109 1658 in
2160 1605 2481 1678 Apocalypsi
2523 1610 2767 1680 quaedam
2811 1625 3169 1687 exponuntur.
3218 1619 3535 1681 Nescientes

1942 1703 2123 1751 autem
2152 1696 2317 1755 afficit
2346 1702 2639 1772 prophetiae
2674 1707 2893 1777 spiritus
2916 1751 2932 1775 ,
2973 1711 3109 1768 sicut
3150 1713 3376 1785 Caiphas
3411 1733 3534 1774 cum

1943 1796 2088 1842 esset
2118 1790 2354 1858 pontifex
2392 1794 2730 1863 prophetavit
2753 1798 2821 1852 de
2849 1798 3073 1857 Domino
3098 1805 3239 1874 quod
3264 1807 3539 1878 expediret

1944 1891 2107 1933 unum
2125 1881 2259 1936 mori
2278 1897 2374 1952 pro
2395 1892 2502 1939 tota
2529 1898 2687 1957 gente
2710 1888 2885 1961 (Joan.
2912 1908 2984 1958 xt,
3011 1894 3100 1963 l9,
3120 1896 3233 1967 50),
3254 1913 3374 1954 cum
3392 1900 3536 1958 aliud

1944 1969 1996 2024 in
2016 1971 2189 2027 verbis
2201 1989 2318 2044 qum
2334 1974 2542 2032 dicebat
2555 1980 2873 2048 attenderet;
2892 1999 3013 2055 quae
3028 2001 3131 2041 non
3151 2002 3247 2043 sea
3262 2005 3319 2046 se
3331 1990 3447 2061 ipso
3464 1992 3538 2048 di-

1943 2077 2071 2119 cere
2103 2067 2390 2124 nesciebat.
2420 2069 2705 2129 Abundant
2723 2074 2773 2129 in
2798 2079 2995 2134 sanctis
3013 2079 3185 2137 Libris
3200 2085 3466 2155 exempla;
3483 2092 3539 2143 et

1942 2170 2031 2211 res
2045 2157 2337 2227 prudentiae
2355 2169 2458 2217 tua:
2470 2164 2773 2221 notissimas
2784 2169 2990 2239 loquor.
3005 2170 3119 2227 Non
3134 2174 3272 2229 enim
3286 2175 3385 2231 ista
3402 2175 3538 2234 dicis

1943 2263 2008 2305 ex
2033 2264 2138 2318 me,
2157 2251 2251 2307 sed
2273 2252 2326 2308 in
2343 2254 2421 2309 eis
2443 2271 2527 2310 me
2546 2260 2908 2326 percontando
2925 2262 3197 2333 probas,et
3213 2281 3539 2337 cognoscere

1918 2342 2166 2412 -cupiens
2196 2344 2557 2414 proﬁcientem
2580 2390 2593 2414 ,
2625 2359 2678 2405 ct
2701 2352 2973 2423 corrigere
3000 2366 3216 2425 paratus
3242 2368 3535 2419 errantem.

1943 2432 2056 2489 Hoc
2082 2444 2259 2491 autem
2291 2438 2476 2506 verbo,
2506 2440 2646 2511 quod
2675 2442 2903 2511 positum
2931 2455 3033 2512 est,
3057 2444 3125 2500 Et
3143 2447 3337 2504 insiluit
3355 2451 3540 2506 ineunt

1941 2526 2181 2596 spiritus;
2211 2537 2458 2599 tanquam
2487 2546 2551 2587 ex
2581 2532 2761 2588 abdito
2786 2533 3075 2592 divinitatis
3102 2548 3312 2596 secreto
3338 2557 3538 2612 repen-

1944 2616 2086 2672 tinus
2135 2618 2465 2689 significatur
2516 2622 2743 2679 afﬂatus.
2801 2625 3002 2681 Horum
3049 2628 3209 2699 igitur
3255 2632 3535 2690 modorum

1943 2722 2175 2778 quonam
2202 2712 2375 2780 potius
2404 2712 2651 2769 alTectum
2690 2729 2811 2773 esse
2837 2717 3191 2791 intelligamus
3214 2721 3342 2779 Sainl
3360 2766 3376 2791 ,
3409 2726 3539 2783 satis

1943 2810 2163 2870 apparet
2189 2816 2252 2857 ex
2280 2818 2344 2858 eo
2372 2804 2513 2874 quod
2542 2806 2611 2861 ibi
2642 2809 2896 2879 scriptum
2918 2817 3020 2877 est,
3047 2809 3301 2870 Convertit
3324 2814 3461 2872 Deus
3485 2817 3541 2873 in

1945 2893 2078 2949 Smil
2106 2911 2193 2950 cor
2220 2897 2384 2952 aliud.
2418 2898 2507 2955 Sic
2537 2901 2678 2955 enim
2708 2902 2867 2957 aliam
2903 2904 3076 2960 cordis
3103 2905 3437 2964 aﬂ‘ectionem
3466 2910 3540 2966 si-

1941 2986 2179 3057 gniﬁcat,
2211 3003 2370 3059 quam
2391 2992 2411 3022 ¹
2442 2993 2803 3048 convertendo
2830 2993 2955 3050 fecit
2983 2995 3121 3053 Deus
3154 3006 3213 3053 ut
3247 2998 3539 3071 imaginum

1942 3080 2353 3152 signiﬁcantium
2384 3092 2437 3140 et
2467 3085 2920 3158 praeﬁgurantium
2939 3104 3109 3162 capax
3129 3091 3300 3160 fieret,
3326 3094 3393 3150 ad
3414 3110 3540 3166 pro-

1941 3173 2209 3245 pheticam
2236 3175 2637 3235 divinationem.

2012 3267 2065 3322 2.
2095 3268 2325 3325 Tantum
2356 3282 2536 3328 autem
2560 3272 2723 3330 distat
2746 3275 2886 3331 inter
2921 3276 3259 3349 prophetiam
3299 3279 3538 3350 prophe-

1941 3367 2138 3427 tarum,
2172 3361 2309 3416 sicut
2336 3361 2521 3431 Isaias,
2551 3364 2690 3420 sicut
2714 3365 2974 3422 Jeremias
2996 3408 3012 3434 ,
3044 3378 3099 3423 et
3124 3370 3306 3425 caeteri
3346 3371 3537 3441 hujus-

1942 3452 2085 3507 modi
2113 3451 2363 3520 fuerunt,
2398 3462 2561 3525 atque
2589 3456 2744 3511 istam
2776 3457 3141 3514 transitoriam
3180 3476 3299 3530 qua:
3326 3462 3381 3515 in
3408 3462 3537 3518 Satil

1939 3543 2221 3613 apparuit,
2253 3554 2509 3616 quantum
2558 3547 2727 3603 distat
2767 3548 2905 3605 inter
2925 3549 3192 3621 loquelam
3218 3551 3534 3624 humanam,

1940 3650 2062 3692 cum
2101 3637 2388 3709 loquuntur
2423 3640 2683 3709 homines,
2711 3650 2765 3697 et
2801 3657 2924 3698 cum
2950 3643 3138 3700 eadem
3167 3644 3377 3717 loquela
3405 3662 3537 3718 pro-

1946 3738 2066 3800 pter
2092 3732 2452 3789 necessarium
2483 3734 2776 3807 prodigiam
2804 3736 2951 3792 asina
2977 3737 3155 3793 locuta
3197 3748 3300 3806 est,
3348 3739 3401 3795 in
3430 3756 3536 3813 qua

1943 3821 2166 3879 sedebat
2194 3823 2408 3880 Balaam
2437 3826 2696 3897 propheta
2727 3828 2747 3899 (
2776 3827 2941 3885 Num.
2969 3845 3118 3899 xxu,
3148 3829 3219 3886 28
3240 3829 3285 3905 ).
3316 3832 3539 3906 Accepit

1942 3916 2086 3970 enim
2117 3916 2219 3972 hoc
2248 3917 2314 3971 ad
2354 3926 2564 3989 tempus
2608 3919 2737 3975 illud
2764 3920 3066 3991 jumentum
3087 3966 3102 3993 ,
3131 3932 3190 3979 ut
3221 3925 3358 3981 Deus
3387 3925 3530 3997 quod

1943 4016 2203 4065 statuerat
2232 4010 2646 4079 demonstraret,
2679 4027 2786 4068 non
2811 4022 2871 4070 ut
2900 4014 3081 4070 habitu
3115 4026 3372 4088 perpetuo
3398 4018 3538 4075 inter

1943 4098 2189 4157 homines
2217 4102 2387 4158 bestia
2419 4103 2745 4175 loqueretur.
2771 4107 2876 4162 Aut
2901 4107 2947 4162 si
2972 4107 3074 4163 hoc
3102 4110 3401 4181 exemplum
3422 4127 3538 4169 ma-

1938 4190 2058 4261 jore
2078 4190 2376 4249 dill'erentia
2403 4204 2669 4251 remotum
2701 4205 2809 4264 est;
2838 4200 3004 4255 multo
3037 4201 3212 4256 minus
3232 4202 3533 4259 mirandum

1942 4291 2026 4339 est
2053 4284 2255 4340 homini
2278 4288 2509 4358 reprobo
2533 4289 2711 4345 datam
2744 4290 2906 4371 fuisse
2947 4292 3367 4371 admomentum
3398 4306 3535 4352 tem-

1944 4377 2091 4446 poris
2128 4378 2316 4434 affectu
2347 4381 2655 4437 transitorio
2679 4370 3012 4454 prophetiam
3038 4429 3053 4455 ,
3081 4388 3293 4459 quando
3321 4389 3410 4445 ille
3435 4389 3536 4447 de-

1944 4468 2114 4538 derat,
2135 4470 2227 4540 qui
2251 4478 2305 4527 et
2324 4472 2527 4528 asinam
2547 4486 2670 4529 cum
2694 4475 2859 4532 voluit
2878 4477 3020 4550 loqui
3038 4479 3185 4536 fecit.
3209 4480 3371 4553 Magis
3389 4484 3535 4539 enim

1944 4560 2108 4616 distat
2151 4576 2313 4632 pecus
2340 4564 2409 4619 ab
2454 4564 2709 4633 homine,
2759 4583 2921 4639 quam
2970 4569 3133 4627 homo
3163 4575 3420 4643 reprobus
3466 4575 3536 4632 ab

1945 4652 2153 4722 electis,
2184 4654 2278 4711 sed
2309 4664 2484 4712 tamen
2518 4657 2842 4716 hominibus.
2868 4660 2985 4717 Non
3015 4663 3157 4719 enim
3182 4664 3227 4719 si
3254 4666 3536 4738 quisquam

1945 4746 2141 4803 dixerit
2165 4748 2366 4819 aliquid
2394 4751 2537 4820 quod
2565 4752 2631 4808 ad
2661 4755 2976 4825 sapientiam
3000 4759 3250 4829 pertinet,
3281 4762 3538 4816 continuo

1945 4839 2160 4908 sapiens
2198 4841 2584 4899 existimandus
2609 4853 2709 4901 est.
2758 4845 2847 4902 Sic
2874 4863 2973 4904 nec
2996 4850 3275 4922 quisquam
3294 4893 3311 4918 ,
3364 4852 3408 4906 si
3439 4853 3538 4907 ali-

1945 4933 2159 5005 quando
2199 4935 2629 5006 prophetaverit,
2657 4938 2767 5010 jam
2810 4940 2949 4997 inter
2974 4945 3263 5015 prophetas
3288 4960 3535 5001 numera-

1946 5028 2090 5084 bitur
2119 5046 2132 5081 :
2162 5043 2284 5084 cum
2316 5037 2371 5086 et
2399 5031 2657 5088 Dominus
2696 5034 2747 5089 in
2770 5034 3065 5108 Evangelio
3104 5039 3248 5094 dicat
3274 5039 3533 5110 quosdam

1945 5136 2067 5178 cum
2097 5123 2290 5196 gaudio
2316 5124 2538 5181 verbum
2581 5129 2861 5201 excipere,
2903 5140 2957 5187 et
2977 5132 3173 5188 radicis
3199 5132 3533 5190 altitudinem

1947 5230 2053 5271 non
2090 5214 2322 5286 habere,
2362 5217 2459 5274 sed
2504 5234 2625 5276 esse
2671 5223 2987 5292 temporales
3021 5222 3247 5293 (Matth.
3280 5239 3413 5293 xm,
3441 5225 3532 5291 20,

1945 5305 2066 5376 21).
2101 5306 2331 5380 Ideoque
2374 5311 2510 5367 sicut
2539 5327 2873 5385 consequens
2906 5314 3105 5369 indicat
3132 5316 3308 5383 lectio,
3340 5318 3534 5376 factum

1946 5408 2029 5456 est
2052 5400 2104 5456 in
2134 5403 2462 5473 parabolam,
2483 5405 2546 5462 Si
2569 5415 2616 5461 et
2643 5406 2773 5462 Saiil
2793 5406 2923 5461 inter
2942 5408 3211 5479 praphelas
3225 5408 3246 5439 ⁸
3270 5407 3315 5481 (Ι
3332 5408 3533 5482 Reg.x,

1948 5491 2083 5567 ην
2138 5494 2248 5551 Hoc
2279 5496 2442 5567 igitur
2467 5498 2646 5553 mirari
2687 5499 2990 5554 desinamus
3013 5542 3026 5565 ,
3067 5516 3187 5557 cum
3217 5501 3270 5557 in
3301 5501 3534 5558 homini-

1946 5586 2047 5643 bus
2083 5596 2304 5658 apparet
2338 5589 2592 5644 divinitus
2631 5588 2851 5659 aliquid,
2894 5607 3120 5662 quorum
3161 5594 3243 5650 vel
3282 5593 3534 5651 meritum

2009 5725 2191 5789 tLov.,
2234 5724 2362 5788 quod
2390 5724 2598 5789 ⁸ΡΙιαναο
2644 5737 2757 5789 non,
2782 5729 2931 5789 potuit
2976 5729 3071 5781 nisi
3101 5731 3283 5781 addere.
3318 5738 3377 5781 At
3410 5731 3533 5783 editi

1942 5784 2023 5855 alii
2058 5784 2347 5855 βεβιωήοη
2388 5786 2595 5855 habent,
2631 5784 2819 5852 potuit;
2850 5794 2961 5855 quia
2993 5794 3302 5854 subauditur,
3334 5796 3533 5851 meruit.

2004 5847 2333 5921 tantum:
2359 5849 2503 5921 Ceus
2526 5847 2950 5921 laevissimi":

2008 5908 2033 5942 ³
2063 5914 2129 5959 tta
2152 5908 2260 5964 Mss.
2282 5917 2339 5962 Al.
2359 5908 2497 5973 editi,
2521 5908 3254 5981 sicetSm'ilinmwoultetas.’
