4000 6336
456 430 560 491 151

454 643 856 718 significationis
879 642 1046 713 gratia
1073 640 1179 696 tale
1206 636 1405 709 aliquid
1431 635 1805 692 demonstrari.

524 738 579 796 5.
628 736 685 793 Si
731 745 911 795 autem
950 733 1062 789 hoc
1097 741 1306 800 movet,
1334 729 1474 802 quod
1511 737 1696 800 postea
1734 726 1861 783 Saiil
1902 723 2045 781 malo

452 833 639 906 spiritu
669 830 949 887 invadente
975 827 1359 900 przel‘ocabatur
1378 867 1395 894 ,
1433 825 1525 898 qui
1578 824 1725 895 prius
1751 823 2044 894 prophetiae

450 923 694 995 spiritum
736 928 1047 991 acceperat;
1098 932 1271 988 neque
1301 917 1400 972 hoc
1426 914 1727 973 mirandum
1776 922 1879 970 est.
1910 913 2042 969 Illud

449 1016 594 1071 enim
620 1012 815 1069 factum
843 1020 926 1068 est
950 1026 1014 1067 ex
1039 1008 1437 1080 diSpensatione
1454 1005 1649 1077 aliquid
1677 1005 2010 1077 signiﬁcandi
2027 1046 2043 1073 ,

450 1105 555 1165 hoc
596 1123 662 1163 ex
711 1105 904 1163 merito
944 1102 1263 1159 vindicandi.
1302 1101 1413 1157 Nec
1440 1114 1655 1156 movere
1706 1114 1804 1154 nos
1846 1098 2043 1155 debent

449 1198 565 1257 haec
609 1198 922 1257 altemantia
953 1197 1006 1251 in
1031 1196 1208 1250 animo
1254 1195 1520 1261 humano,
1549 1191 1653 1247 hoc
1689 1199 1773 1248 est
1813 1192 1866 1246 in
1890 1205 2041 1247 crea-

450 1302 566 1357 tura
598 1292 872 1357 mutabili;
902 1289 1203 1362 priesertim
1238 1303 1303 1345 eo
1330 1296 1572 1359 tempore
1601 1301 1707 1358 quo
1757 1301 1883 1341 caro
1923 1300 2041 1340 cor-

446 1387 712 1457 ruptibilis
759 1384 1106 1456 mortalisque
1153 1392 1416 1454 portatur.
1449 1383 1531 1437 An
1570 1396 1683 1437 non
1717 1380 1959 1436 videmus
1984 1380 2040 1436 in

447 1478 563 1548 ipso
609 1477 768 1533 Petro
789 1518 803 1543 ,
835 1485 1093 1548 quantum
1122 1474 1318 1530 indicat
1362 1472 1739 1543 Evangelium,
1772 1471 2039 1527 exstitisse

346 1604 349 1605 ν
445 1575 647 1625 tantam
688 1567 1113 1633 confessionem,
1153 1575 1211 1622 ut
1237 1565 1421 1621 audire
1458 1565 1747 1633 meruerit,
1774 1563 1961 1619 Beatus
1986 1580 2039 1619 es

446 1658 629 1727 Simon
668 1659 772 1714 Bar
806 1659 945 1714 Iona
964 1700 979 1727 ,
1012 1659 1130 1729 quia
1156 1675 1259 1713 non
1286 1657 1519 1712 revelavit
1561 1655 1647 1711 tibi
1687 1673 1806 1710 caro
1834 1666 1883 1709 et
1912 1672 2034 1710 san-

444 1738 557 1831 guis
578 1795 592 1818 ,
622 1753 710 1808 sed
752 1750 912 1807 Pater
938 1768 1080 1806 meus
1121 1751 1209 1821 qui
1249 1751 1304 1804 in
1341 1736 1482 1805 caelis
1504 1758 1576 1804 est
1597 1766 1617 1802 :
1644 1757 1698 1805 et
1735 1748 1893 1819 paulo
1917 1757 2039 1818 post

446 1853 554 1901 tam
573 1844 857 1900 carnaliter
885 1859 1006 1899 eum
1055 1842 1125 1899 de
1153 1840 1363 1899 Domini
1410 1841 1657 1911 passione
1686 1841 1919 1896 sensisse
1940 1882 1956 1908 ,
1978 1847 2038 1894 ut

442 1940 621 1995 statim
670 1937 932 2004 audierit,
970 1935 1112 1993 Vade
1154 1945 1265 2008 post
1312 1952 1423 2001 me,
1462 1934 1697 2000 Satana,
1738 1932 2037 1988 scandalum

442 2033 567 2093 mihi
590 2049 675 2099 es;
701 2048 803 2087 non
832 2032 966 2088 enim
989 2032 1126 2102 sapis
1146 2045 1259 2102 qua:
1296 2029 1390 2084 Dei
1427 2037 1547 2084 sunt
1565 2069 1580 2095 ,
1610 2028 1698 2083 sed
1736 2042 1851 2098 qua:
1873 2026 2039 2081 homi-

443 2142 565 2180 num
591 2124 808 2196 (Matth.
837 2141 924 2179 xvt
942 2165 958 2192 ,
987 2125 1051 2179 Π
1070 2166 1083 2190 ,
1114 2122 1241 2195 25)?
1265 2122 1333 2177 Et
1361 2124 1584 2177 fortasse
1613 2121 1629 2151 ¹
1655 2120 1927 2190 aliquanto
1956 2119 2038 2174 in-

446 2215 611 2273 terius
652 2215 1070 2285 intelligentibus
1100 2223 1301 2268 tantum
1328 2214 1471 2268 valet
1496 2212 1562 2267 ad
1585 2213 1695 2266 visa
1727 2212 1814 2266 illa
1843 2212 2036 2267 mentis

444 2306 562 2364 haec
586 2307 905 2374 dill‘ercntia,
923 2323 1027 2378 qua
1041 2306 1232 2361 Petrus
1249 2305 1421 2376 primo
1453 2303 1714 2359 intellexit
1744 2304 1853 2358 Deo
1877 2303 2036 2359 Patre

443 2399 737 2466 revelante,
754 2398 897 2470 quod
915 2398 1080 2453 Filius
1100 2397 1194 2453 Dei
1211 2406 1354 2475 esset
1377 2396 1621 2452 Christus
1640 2435 1656 2462 ,
1686 2404 1741 2451 et
1763 2405 1949 2467 postea
1967 2411 2035 2471 ne

442 2502 747 2551 moreretur
764 2494 1027 2558 extimuit;
1044 2503 1300 2565 quantum
1318 2493 1459 2549 valet
1474 2492 1541 2548 ad
1558 2493 1929 2564 distinguenda
1958 2493 2036 2548 vi-

442 2599 524 2651 ea,
552 2600 670 2657 quae
695 2585 750 2642 in
789 2586 977 2658 spiritu
1002 2583 1233 2641 hominis
1265 2585 1493 2641 alienata
1520 2593 1701 2642 mente
1724 2584 2035 2656 imaginarie

442 2678 598 2744 ﬁunt,
625 2678 879 2735 revelatio
907 2677 1198 2750 prophetiae
1221 2693 1326 2750 qua
1352 2678 1526 2750 primo
1550 2676 1760 2735 afﬂatus
1779 2686 1863 2734 est
1885 2677 2032 2747 Saul,

443 2778 502 2837 et
535 2770 845 2829 commixtio
889 2771 1105 2842 spiritus
1129 2770 1259 2825 mali
1302 2784 1409 2841 quo
1445 2779 1631 2840 postea
1671 2769 2030 2840 premebatur.

514 2864 569 2920 4.
601 2863 850 2921 Jamvero
879 2862 1011 2918 illud
1031 2903 1048 2929 ,
1074 2862 1215 2933 quod
1240 2864 1403 2918 etiam
1431 2862 1603 2918 malus
1630 2862 1927 2933 appellatus
1951 2870 2035 2919 est

441 2956 661 3027 spiritus
687 2956 920 3023 Domini,
946 2956 1024 3010 sic
1048 2956 1377 3027 intelligitur,
1404 2955 1674 3027 quomodo
1700 2956 1900 3012 dictum
1926 2966 2031 3026 est,

440 3049 650 3107 Domini
679 3062 749 3107 est
793 3062 928 3109 terra
972 3050 1145 3123 (Psal.
1186 3067 1357 3119 χχιιι,
1393 3052 1450 3123 1)
1478 3068 1491 3106 :
1518 3059 1766 3123 tanquam
1788 3060 2034 3107 creatura

442 3152 497 3199 et
536 3144 587 3198 in
618 3143 733 3214 ejus
759 3144 927 3214 posita
955 3152 1236 3213 potestate.
1265 3144 1372 3198 Aut
1397 3144 1440 3199 si
1467 3153 1748 3216 propterea
1773 3160 1879 3200 non
1903 3160 2036 3200 eon-

440 3235 586 3307 gruit
608 3235 708 3290 hoc
750 3235 1035 3297 locutionis
1077 3235 1420 3307 exemplum,
1474 3237 1598 3308 quia
1628 3243 1771 3292 terra
1814 3254 1923 3294 non
1952 3246 2035 3294 est

441 3330 619 3397 mala;
650 3332 824 3388 omnis
848 3333 991 3389 enim
1022 3342 1268 3389 creatura
1298 3332 1395 3389 Dei
1437 3332 1576 3390 bona
1612 3341 1697 3391 est
1725 3332 1770 3406 (l
1796 3333 1927 3399 Tim,
1955 3350 2035 3401 tv,

439 3423 498 3495 ι)
529 3439 544 3477 :
574 3423 707 3483 illud
734 3433 1022 3496 congruat,
1055 3424 1199 3497 quod
1239 3425 1355 3495 ipse
1384 3424 1514 3482 Sani
1538 3426 1648 3497 jam
1689 3426 1951 3497 reprobus
1978 3433 2036 3483 et

445 3516 705 3572 scelestus
756 3524 915 3589 atque
956 3517 1197 3588 ingratus
1251 3526 1437 3575 sancto
1479 3518 1676 3583 David,
1723 3527 2034 3589 persecutor

441 3608 602 3665 etiam
630 3608 781 3679 ejus,
823 3623 944 3664 cum
972 3610 1281 3666 saevissimae
1332 3609 1545 3665 invidias
1573 3610 1776 3666 facibus
1799 3610 2034 3681 agitare-

443 3709 561 3773 tur,
594 3710 772 3756 tamen
794 3700 969 3756 adhuc
1012 3701 1257 3757 Christus
1287 3702 1499 3758 Domini
1550 3701 1865 3769 dicebatur;
1895 3702 2033 3758 sicut

440 3808 565 3859 eum
612 3794 900 3865 appellavit
948 3794 1064 3866 ipse
1106 3794 1310 3861 David,
1342 3810 1465 3850 cum
1506 3794 1797 3851 vindicavit
1824 3795 2032 3853 exstin-

439 3894 584 3941 ctum
611 3884 678 3957 (ll
709 3884 840 3957 Reg.
873 3901 927 3954 ι,
969 3886 1073 3954 ﬂ,
1110 3886 1224 3957 i5).
1257 3887 1366 3944 Sed
1408 3888 1577 3959 magis
1605 3890 1837 3945 arbitror
1878 3891 2033 3947 mali-

439 3991 601 4049 gnum
639 3976 884 4047 spiritum
912 3992 945 4033 a
980 3992 1087 4050 quo
1129 3978 1421 4038 vexabatur
1464 3980 1622 4047 Sani,
1668 3981 1792 4038 ideo
1827 3982 2029 4039 dictum

438 4068 683 4140 spiritum
707 4068 952 4135 Domini,
984 4069 1129 4141 quod
1172 4071 1387 4128 occulto
1430 4073 1642 4129 Domini
1666 4072 1867 4143 judicio
1891 4075 2028 4131 Sail-

437 4161 544 4218 lem
568 4160 811 4218 vexabat.
837 4161 1014 4219 Utitur
1039 4163 1181 4219 enim
1208 4164 1349 4221 Deus
1369 4165 1627 4223 ministris
1647 4168 1808 4224 etiam
1823 4169 2027 4238 spiriti-

435 4252 537 4315 bus
562 4254 757 4309 malis'
778 4253 847 4309 ad
882 4254 1171 4311 vindictam
1213 4257 1494 4327 malorum,
1521 4259 1609 4316 vel
1656 4260 1724 4316 ad
1765 4260 2029 4319 bonorum

436 4347 840 4419 probationem;
904 4349 1009 4405 alio
1069 4350 1231 4407 modo
1287 4351 1356 4408 ad
1400 4353 1544 4409 illam
1604 4370 1752 4422 rem,
1802 4357 1909 4413 alio
1959 4357 2028 4413 ad

436 4440 616 4503 istam.
643 4442 898 4515 Quamvis
920 4444 1064 4503 enim
1093 4444 1219 4501 inde
1242 4448 1314 4503 sit
1352 4447 1580 4520 quisque
1605 4450 1870 4522 malignus
1912 4454 2025 4523 spi-

366 4614 371 4617 ν
435 4534 572 4592 ritus
597 4534 639 4602 ³,
685 4535 809 4607 quia
851 4536 992 4592 mala
1030 4538 1302 4596 voluntate
1345 4555 1541 4597 nocere
1582 4546 1816 4613 appetit;
1845 4553 2025 4603 tamen

404 4698 405 4701 η
435 4625 666 4683 nocendi
704 4634 1024 4697 potestatem
1044 4643 1152 4684 non
1197 4630 1409 4701 accipit,
1441 4633 1543 4687 nisi
1571 4634 1761 4691 abillo
1796 4636 1896 4692 sub
1918 4653 2026 4707 quo

436 4725 565 4783 sunt
591 4718 769 4774 omnia
798 4720 961 4775 certis
983 4727 1038 4775 et
1065 4721 1223 4791 justis
1265 4724 1577 4780 meritorum
1602 4727 1853 4797 gradibus
1873 4730 2023 4785 ordi-

437 4818 585 4875 nata.
621 4811 759 4878 Quia
800 4811 940 4867 sicut
964 4828 1070 4868 non
1101 4821 1184 4869 est
1224 4816 1365 4871 maia
1414 4818 1661 4875 voluntas
1686 4836 1717 4875 a
1743 4822 1888 4889 Deo,
1945 4824 2024 4880 sic

437 4918 546 4960 non
579 4910 662 4960 cst
690 4911 924 4975 potestas
955 4904 1056 4960 nisi
1082 4921 1113 4960 ιι
1137 4906 1247 4962 Deo
1276 4906 1451 4980 (Rom.
1502 4924 1596 4966 xm
1615 4912 1738 4983 ,1).
1770 4913 2023 4981 Quamvis

434 4994 580 5051 enim
606 4995 679 5052 sit
725 4996 779 5051 in
816 4995 1074 5067 cujusque
1101 5006 1362 5069 potestate
1410 5002 1562 5071 quid.
1587 5004 1745 5072 velit,
1778 5022 1884 5063 non
1939 5018 2025 5065 est

437 5094 617 5144 tamen
668 5086 723 5145 in
751 5088 1008 5160 cujusque
1044 5098 1307 5160 potestate
1348 5094 1474 5164 quid
1520 5097 1689 5167 possit
1718 5100 1800 5155 vel
1845 5099 2023 5159 facere

435 5179 682 5249 cuiquam
709 5181 795 5237 vel
819 5196 849 5236 a
873 5197 1137 5252 quoquam
1163 5183 1290 5253 pati.
1325 5183 1457 5241 Nam
1488 5198 1543 5243 et
1570 5189 1685 5260 ipse
1708 5190 1876 5249 Filius
1901 5195 2023 5249 uni-

434 5285 530 5329 cus
560 5270 654 5327 Dei
678 5288 930 5344 passurus
957 5275 1022 5330 ad
1056 5284 1263 5347 tempus
1301 5277 1572 5337 humiliter
1599 5281 1800 5339 homini
1835 5264 2021 5357 super-

434 5364 503 5419 be
546 5366 784 5435 loquenti
820 5376 873 5423 et
899 5368 1096 5426 dicenti
1120 5372 1258 5441 quod
1282 5382 1599 5443 potestatem
1625 5378 1844 5437 haberet
1879 5384 2021 5439 occi-

436 5455 599 5513 dendi
648 5472 768 5512 eum
794 5460 877 5516 vel
905 5461 1201 5519 dimittendi
1231 5484 1244 5520 :
1278 5466 1399 5522 Non
1438 5470 1680 5541 haberes,
1734 5473 1937 5544 inquit,
1966 5477 2021 5533 in

434 5568 515 5607 me
543 5559 832 5623 potestatem
852 5593 868 5620 ,
909 5554 1007 5608 nisi
1035 5558 1154 5610 data
1178 5558 1267 5613 tibi
1290 5570 1415 5616 esset
1444 5562 1656 5635 desuper
1685 5566 1860 5639 (Joan.
1892 5585 2016 5641 χιιι,

436 5645 550 5716 Η).
580 5645 829 5699 Diabolus
855 5649 1012 5702 etiam
1042 5650 1225 5707 volens
1249 5669 1441 5712 nocere
1463 5658 1607 5729 justo
1634 5663 1752 5720 viro
1775 5664 1891 5733 Job,
1918 5682 2017 5724 no-

499 5760 519 5853 :
548 5759 1258 5853 {egressusiam
1396 5781 1443 5825 ει
1464 5775 1580 5839 [ονε

548 5819 883 5885 Aliquot'Mss.,
911 5824 1187 5882 immundis.

431 5883 690 5999 mlum},
722 5886 927 5950 spiritus
1224 5895 1409 5962 Abs-tt
1449 5904 1669 5982 nonani,
1703 5908 1768 5959 ab
1797 5913 1870 5960 Er.
1906 5917 1958 5964 et
1988 5925 2015 5967 a

1026 427 1113 485 DE
1152 425 1464 485 DIVERSIS
1500 423 2018 495 QUIESTIOSIBUS
2055 423 2150 481 AD
2189 424 2687 503 SlllPLlCIANUM,
2749 434 2807 492 S.
2850 435 3218 497 AUGUSTINI

454 548 540 608 vel
578 548 816 607 habitum
842 534 1097 614 excedit,
1139 560 1260 602 cum
1300 543 1437 599 forte
1463 542 1575 598 vult
1605 542 1744 598 Deus
1774 540 2051 610 cujusdam

3648 442 3757 501 1'52

2165 545 2319 599 condi
2364 548 2575 617 quidem
2627 551 2871 607 voluntas
2912 553 3124 610 diabolo
3166 564 3283 611 erat
3309 555 3347 621 ⁸,
3376 554 3473 613 sed
3516 562 3754 616 tamenn

2159 637 2385 696 Domino
2414 642 2523 700 Deo
2562 654 2878 714 potestatem
2924 650 3168 718 petebat,
3205 650 3421 717 dicens,
3452 652 3596 708 Mitte
3636 670 3753 709 ma-

2158 749 2278 788 num
2308 744 2445 790 tuam
2469 778 2484 804 ,
2516 748 2563 793 et
2591 748 2737 811 tange
2757 757 2959 796 carnem
2984 744 3093 813 ejus
3121 743 3241 817 (Job
3271 762 3305 799 ll
3328 788 3342 812 ,
3368 744 3425 816 5)
3464 764 3477 800 :
3508 748 3752 816 quamvis

2157 823 2261 880 hoc
2309 837 2488 897 esset,
2536 830 2583 885 si
2628 832 3060 900 permitteretur,
3109 835 3225 905 ipse
3269 834 3529 893 facturus.
3575 836 3751 907 Ipsam

2154 920 2295 974 enim
2334 921 2742 992 permissionem
2780 925 2995 994 petebat
3034 924 3137 981 hoc
3182 927 3376 993 modo,
3432 936 3489 983 et
3531 942 3753 984 manum

2154 1011 2366 1070 Domini
2418 1017 2724 1086 appellabat
2778 1019 3096 1089 permissam
3147 1036 3181 1077 a
3242 1021 3471 1078 Domino
3508 1018 3753 1078 manum

2152 1118 2333 1172 suam,
2364 1106 2418 1162 id
2442 1117 2557 1176 est,
2591 1108 2764 1179 ipsam
2786 1119 3109 1181 potestatem
3131 1128 3291 1184 quam
3334 1113 3551 1171 volebat
3601 1114 3751 1171 acci-

2151 1214 2299 1270 pere.
2322 1200 2420 1256 Cui
2448 1205 2696 1274 congruit
2718 1204 2848 1260 illud
2878 1205 2929 1261 in
2957 1207 3281 1278 Evangelia,
3311 1208 3456 1279 quod
3484 1209 3751 1266 Dominus

2151 1292 2425 1363 discipulis
2455 1296 2562 1362 ait,
2600 1296 2715 1350 [Iac
2744 1308 2889 1352 nocte
2915 1301 3184 1369 postulavit
3207 1314 3414 1373 satanas
3443 1318 3625 1358 vexare
3659 1318 3751 1360 vos

2147 1387 2276 1442 sicut
2306 1387 2527 1441 triticum
2550 1386 2700 1461 (Luc.
2729 1405 2876 1458 χιιι,
2905 1390 3021 1462 3l).
3054 1392 3236 1447 Dictus
3266 1402 3349 1448 est
3374 1408 3502 1463 ergo
3527 1393 3749 1463 spiritus

2150 1477 2245 1531 Dei
2282 1477 2488 1544 malus,
2536 1481 2639 1534 hoc
2678 1488 2761 1535 est
2810 1481 3056 1537 minister
3102 1482 3198 1537 Dei
3246 1482 3313 1538 ad
3355 1483 3656 1539 faciendum
3688 1484 3747 1538 in

2147 1568 2273 1626 Saiil
2298 1572 2317 1602 ⁹
2344 1570 2486 1641 quod
2525 1587 2646 1627 eum
2678 1575 2784 1644 pati
2811 1574 2977 1645 judex
3009 1576 3562 1647 omnipotentissimus
3591 1576 3748 1647 judi-

2145 1663 2321 1717 cabat.
2371 1663 2631 1731 Quoniam
2684 1666 2904 1736 spiritus
2959 1666 3050 1722 ille
3106 1667 3382 1723 voluntate
3424 1683 3528 1739 qua
3571 1668 3749 1725 malus

2145 1764 2283 1822 erat,
2313 1771 2420 1811 non
2446 1765 2562 1812 erat
2593 1757 2687 1812 Dei
2713 1775 2726 1812 :
2755 1767 3001 1813 creatura
3031 1774 3159 1815 vero
3188 1776 3295 1831 qua
3323 1760 3573 1816 conditus
3600 1770 3744 1829 erat,

2144 1856 2201 1904 et
2250 1857 2511 1919 potestate
2556 1866 2718 1921 quam
2773 1866 2883 1907 non
2927 1868 3055 1919 sua,
3105 1853 3201 1910 sed
3247 1854 3460 1911 Domini
3500 1856 3746 1910 omnium

2145 1942 2393 2013 :equitatc
2426 1952 2739 2012 acceperat,
2770 1944 2867 1999 Dei
2898 1953 3033 2000 erat.
3058 1945 3234 2002 Verba
3258 1947 3422 2002 etiam
3448 1947 3561 2017 ipsa
3591 1946 3749 2002 Seri-

2145 2045 2421 2107 pturarum
2444 2036 2517 2091 ita
2539 2050 2597 2091 se
2624 2035 2823 2091 habent
2853 2054 2866 2089 :
2895 2036 2965 2091 Et
2986 2038 3202 2108 perrexit
3222 2080 3237 2106 ,
3260 2039 3453 2109 inquit,
3504 2039 3740 2105 Samuel,

2143 2138 2191 2184 et
2215 2130 2336 2183 abiit
2364 2130 2417 2182 in
2442 2128 2736 2195 Rautatlta;
2763 2138 2810 2183 et
2836 2130 3053 2200 spiritus
3079 2129 3289 2185 Domini
3311 2132 3562 2188 recessita
3585 2130 3742 2196 Saul,

2143 2229 2191 2275 et
2228 2221 2605 2292 comprehendit
2632 2237 2753 2276 eum
2788 2221 2999 2291 spiritus
3038 2222 3293 2292 malignus
3314 2240 3347 2277 ιι
3370 2221 3591 2279 Domino
3622 2222 3663 2290 ³,
3696 2228 3750 2275 et

2140 2311 2423 2380 suifocabat
2447 2329 2581 2367 eum.
2609 2312 2678 2366 Et
2703 2313 2941 2367 dixerunt
2976 2314 3117 2382 pueri
3155 2314 3289 2369 Sail
3325 2314 3393 2367 ad
3419 2330 3531 2368 eum
3555 2331 3574 2369 :
3603 2313 3751 2367 Ecce

2144 2405 2373 2476 Spiritus
2400 2404 2609 2460 Domini
2656 2406 2910 2477 malignus
2938 2403 3159 2471 suﬂ'ocat
3184 2415 3230 2459 te
3260 2405 3303 2477 (l
3330 2406 3459 2477 Reg.
3482 2421 3571 2461 xvr
3589 2447 3605 2471 ,
3646 2405 3751 2461 15-

2143 2499 2260 2570 15).
2304 2498 2416 2554 Hoc
2445 2498 2608 2568 igitur
2637 2513 2669 2553 a
2713 2498 2897 2569 pueris
2933 2498 3048 2568 ejus
3073 2496 3344 2569 quomodo
3388 2498 3461 2552 sit
3493 2497 3697 2552 dictum
3729 2539 3746 2563 ,

2141 2591 2353 2661 spiritus
2403 2589 2611 2645 Domini
2654 2591 2941 2661 malignus,
2973 2590 3251 2661 superiora
3295 2590 3459 2647 verba
3505 2590 3750 2647 indicant

2141 2684 2407 2740 narrantis
2427 2684 2719 2755 Seriptura:
2739 2692 2793 2740 et
2807 2683 3058 2751 dicentis,
3073 2682 3300 2755 Spiritus
3313 2686 3565 2756 malignus
3586 2702 3618 2738 α
3634 2685 3751 2741 Do-

2140 2778 2300 2833 mino.
2332 2776 2639 2834 Secundum
2668 2778 2811 2833 enim
2840 2776 2943 2833 hoc
2969 2775 3178 2830 Domini
3203 2774 3246 2842 ‘,
3275 2776 3416 2846 quod
3439 2793 3471 2830 a
3499 2774 3745 2831 Domino.

2140 2868 2277 2939 Quia
2306 2884 2404 2940 per
2429 2885 2488 2925 se
2508 2870 2686 2942 ipsum
2717 2868 2855 2925 velle
2878 2883 3075 2925 nocere
3094 2867 3354 2934 habebat,
3386 2866 3438 2922 id
3466 2875 3580 2936 est,
3601 2881 3746 2923 com-

2140 2962 2477 3034 prehendere
2527 2963 2873 3033 Sahl;posse
2922 2970 3101 3019 autem
3154 2977 3264 3018 non
3317 2960 3583 3028 habebat,
3635 2960 3746 3017 nisi

2142 3071 2355 3113 summa
2376 3056 2586 3126 justitia
2613 3056 2899 3112 sineretur.
2916 3055 3127 3112 Sienim
3151 3056 3299 3125 juste
3322 3054 3557 3112 vindicat
3572 3054 3743 3122 Deus,

2140 3148 2587 3223 quemadmodum
2613 3149 2728 3218 ipse
2746 3148 2876 3204 dicit
2898 3148 3213 3219 Apostolus,
3241 3162 3363 3203 cum
3387 3145 3548 3202 tradit
3573 3145 3742 3201 homi-

2139 3258 2238 3307 nes
2283 3242 2338 3297 in
2366 3241 2828 3312 concupiscentias
2873 3239 3052 3296 cordis
3093 3254 3281 3295 eorum
3312 3238 3491 3310 (Rom.
3518 3254 3570 3303 ι,
3602 3237 3739 3305 ﬁt);

2139 3348 2247 3391 non
2274 3334 2467 3389 mirum
2516 3334 2564 3391 si
2601 3333 2946 3389 nihilominus
2972 3332 3115 3403 juste
3138 3330 3416 3387 vindicans
3445 3329 3602 3385 tradit
3636 3343 3739 3386 eos

2139 3427 2301 3485 etiam
2330 3426 2387 3483 in
2419 3425 2882 3497 concupiscentias
2907 3425 3134 3480 aliorum
3175 3439 3376 3481 nocere
3418 3424 3739 3493 volentium,

2138 3534 2233 3575 sua
2260 3534 2472 3590 semper
2499 3518 2921 3574 incommutabili
2940 3517 3189 3588 aequitate
3212 3525 3447 3574 servata.

2152 3602 2155 3603 ⁷
2210 3612 2264 3669 5.
2293 3611 2844 3669 Animadvertendum
2889 3626 3020 3667 sane
3065 3619 3184 3679 est,
3213 3626 3332 3666 cum
3362 3610 3740 3667 additamenta

2138 3705 2271 3771 dici,
2318 3706 2526 3777 spiritus
2592 3704 2690 3759 Dei
2734 3702 2920 3760 maliti.
2964 3704 3099 3758 Cum
3147 3713 3326 3760 autem
3362 3703 3740 3760 tantummodo

2138 3796 2367 3865 dicitur,
2409 3798 2625 3868 spiritus
2663 3794 2795 3863 Dei,
2842 3796 3055 3853 etiamsi
3085 3812 3195 3853 non
3242 3797 3468 3852 addatur
3520 3796 3734 3865 bonus,

2136 3905 2205 3947 ex
2233 3890 2335 3946 hoe
2354 3891 2665 3962 intelligitur
2688 3891 2885 3948 bonus.
2910 3890 3066 3947 Unde
3093 3900 3319 3962 apparet
3342 3892 3543 3947 bonum
3570 3890 3735 3961 spiri-

2136 3990 2250 4039 tum
2291 3982 2583 4038 secundutn
2637 3983 3025 4051 substantiam,
3056 3985 3256 4041 malum
3301 3994 3480 4041 autem
3532 3998 3735 4039 secun-

2135 4074 2265 4131 dum
2292 4074 2647 4131 ministerium
2674 4076 2782 4131 dici
2803 4076 3052 4148 spiritum
3082 4076 3198 4131 Dei.
3224 4076 3537 4147 Quanquam
3556 4075 3732 4147 quaeri

2133 4168 2312 4224 adhuc
2332 4169 2501 4239 possit
2521 4176 2697 4224 utrum
2725 4184 2847 4223 cum
2876 4170 3097 4240 spiritus
3113 4169 3209 4224 Dei
3235 4168 3451 4237 dicitur,
3467 4179 3521 4225 et
3539 4185 3606 4225 ex
3626 4168 3734 4226 hoc

2133 4260 2250 4332 ipso
2266 4260 2409 4332 jam,
2451 4262 2552 4316 etsi
2590 4261 2721 4316 nihil
2763 4260 3022 4331 addatur,
3050 4261 3375 4333 intelligitur
3402 4262 3605 4331 bonus,
3637 4262 3733 4321 ille

2132 4352 2461 4425 intelligatur
2490 4353 2579 4424 qui
2604 4361 2685 4408 est
2714 4354 2769 4408 in
2798 4352 3058 4409 Trinitate
3077 4354 3555 4411 consubstantialis
3582 4354 3731 4410 Patri

2132 4456 2187 4503 et
2210 4447 2347 4502 Filio
2372 4446 2603 4517 Spiritus
2655 4455 2903 4515 sanctus,
2935 4446 3004 4503 de
3024 4461 3131 4517 quo
3155 4446 3383 4516 dicitur,
3426 4446 3525 4502 Ubi
3559 4456 3727 4503 autem

2091 4541 2094 4544 ’
2132 4537 2360 4609 Spiritus
2384 4537 2631 4605 Domini,
2657 4538 2726 4594 ibi
2767 4537 2970 4594 libertas
2999 4538 3067 4607 (Il
3094 4537 3213 4593 Cor.
3254 4554 3309 4593 tu
3330 4578 3345 4605 ,
3380 4539 3501 4609 i7);
3530 4546 3584 4594 et
3625 4538 3730 4595 ite-

2130 4646 2248 4685 rum
2270 4672 2286 4695 ,
2318 4627 2372 4683 Ν
2376 4630 2481 4689 abis
2510 4637 2678 4684 autent
2706 4630 2943 4686 reuelauit
2966 4629 3107 4686 Deus
3131 4647 3220 4701 per
3245 4630 3501 4701 Spiritum
3534 4646 3725 4699 unus;

2131 4730 2186 4779 et
2212 4722 2375 4789 illud,
2405 4721 2494 4777 Sic
2520 4732 2567 4777 et
2598 4739 2710 4793 qua:
2734 4721 2832 4778 Dei
2874 4732 3024 4791 sunt,
3060 4740 3205 4779 nemo
3243 4725 3334 4780 scit
3361 4724 3460 4779 nisi
3496 4724 3729 4795 Spiritus

2129 4816 2228 4872 Dei
2258 4816 2299 4889 (l
2317 4814 2437 4872 Cor.
2468 4817 2661 4885 11,50,
2695 4816 2810 4888 11).
2837 4818 2905 4874 Et
2931 4819 3116 4873 multis
3140 4819 3271 4875 locis
3296 4819 3398 4875 hoc
3435 4819 3597 4876 modo
3643 4819 3725 4875 di-

2130 4908 2268 4964 citur
2304 4908 2534 4979 Spiritus
2576 4908 2707 4977 Dei,
2736 4918 2791 4965 et
2834 4910 3149 4980 intelligitur
3187 4911 3417 4982 Spiritus
3459 4924 3720 4982 sanctus,

2129 5002 2338 5057 etiamsi
2364 5017 2472 5056 non
2503 5000 2729 5057 addatur
2762 5003 3051 5073 :quoniam
3078 5018 3140 5059 ea
3183 5018 3303 5074 quae
3333 5005 3721 5074 circumstant,

2130 5095 2261 5149 satis
2290 5092 2525 5148 indicant
2562 5092 2630 5148 de
2679 5108 2788 5164 quo
2832 5093 3068 5162 dicatur;
3110 5094 3185 5150 ita
3215 5106 3274 5151 ut
3308 5096 3593 5167 aliquando
3622 5113 3727 5153 nec

2129 5186 2225 5242 Dei
2262 5185 2523 5252 addatur,
2549 5192 2605 5240 et
2644 5186 2969 5257 intelligatur
3016 5196 3197 5244 tamen
3244 5188 3331 5244 ille
3368 5189 3596 5260 Spiritus
3626 5191 3726 5246 Dei

2127 5279 2493 5349 principaliter
2537 5287 2777 5333 sanctus.
2823 5279 2959 5335 Nam
2989 5293 3147 5350 quem
3189 5282 3354 5339 alium
3393 5298 3727 5339 commemo-

2127 5380 2243 5439 rat,
2288 5370 2377 5425 ubi
2407 5368 2566 5437 dicit,
2611 5369 2736 5441 Ipse
2763 5369 2989 5439 Spiritus
3018 5374 3355 5429 testimonium
3399 5375 3488 5430 dat
3511 5376 3725 5447 spiritui

2128 5473 2298 5521 nostro
2319 5502 2335 5531 ,
2368 5463 2488 5534 quia
2516 5479 2693 5519 sumus
2727 5464 2826 5533 ﬁlii
2850 5463 2984 5531 Dei;
3014 5475 3088 5533 et,
3117 5465 3239 5538 Ipse
3261 5466 3487 5539 Spiritus
3509 5469 3727 5541 adjuvat

2191 5668 2209 5700 ί
2233 5674 2305 5715 Fr.
2325 5678 2379 5715 ac
2402 5672 2506 5717 tres
2527 5672 2658 5725 Mss,
2676 5665 2914 5717 voluntate
2930 5664 3151 5717 diabolus
3170 5671 3290 5716 erat.

2188 5733 2208 5761 ²
2243 5729 2388 5787 Fditi,
2424 5729 2487 5777 ad
2522 5727 2795 5791 faciendum
2827 5729 3009 5779 malum
3040 5728 3089 5779 in
3120 5727 3247 5778 Saitl.
3297 5728 3470 5791 Abest,
3504 5728 3720 5794 malttm,

2020 5848 2026 5858 ε
2130 5798 2292 5858 anss.

2190 5856 2210 5916 ἒ
2232 5853 2435 5916 Vaticani
2454 5851 2583 5912 libri,
2603 5854 2798 5916 spiritus
2816 5852 3024 5916 malust:
3052 5840 3267 5916 Do’mino.

2124 5915 2210 6034 ml:
2228 5913 2664 6030 eugikssecundum
2684 5914 2811 5977 enim
2828 5916 2934 5979 hoc,
2968 5914 3137 5979 inquit,
3154 5928 3184 5966 a
3201 5913 3422 5978 Domino,
3443 5914 3719 5970 mandan-
