4000 6336
526 322 632 382 155
1067 315 1157 374 DE
1193 313 1503 374 DlVERSIS
1538 308 2059 384 QUESTIONIBUS
2101 308 2194 367 AD
2234 308 2737 387 SIMPLICIANU‘II.
2775 317 2836 376 S.
2877 317 3248 379 AUGUSTINI

524 438 692 493 livore
716 448 965 503 vesanus,
989 437 1173 507 \faclus
1199 444 1273 490 est
1310 451 1462 506 super
1500 450 1614 488 eum
1654 424 1877 503 Spiritus
1911 432 2029 497 Dei,
2062 440 2109 485 et

522 530 810 585 ambulabat
830 527 1137 601 ingrediens,
1164 537 1211 582 et
1237 525 1590 598 prop/uetabat.
1617 525 1732 581 Non
1760 525 1902 579 enim
1931 532 2107 594 potest

522 621 611 679 hic
639 623 741 678 nisi
770 622 987 692 spiritus
1009 624 1181 677 bonus
1207 620 1450 691 intelligi,
1481 635 1576 690 per
1602 634 1759 690 quem
1788 617 2109 675 sanctiPro-

523 717 701 789 pheta:
741 715 1040 771 futurarum
1066 730 1244 771 rerum
1272 714 1527 784 imagines
1554 722 1608 769 et
1642 713 1754 768 visa
1777 712 2106 778 cernebant;

418 792 423 797 ’
524 824 631 866 non
662 825 728 867 ex
754 825 820 867 eo
848 818 1052 866 tantum
1093 809 1215 881 quia
1255 807 1457 863 dictum
1487 816 1588 874 est,
1631 806 1699 861 Et
1736 805 2109 879 prophetabat:

526 917 648 956 nam
675 902 729 957 in
753 900 1146 972 exemplaribus
1183 914 1302 970 quae
1327 906 1449 954 sunt
1475 914 1539 954 ex
1566 898 1803 963 hebraao,
1844 896 1947 952 hoc
1978 910 2111 966 quo-

474 984 477 987 »
521 1008 627 1064 que
657 993 923 1048 invenitur
946 991 1014 1047 de
1038 990 1230 1062 spiritu
1273 990 1416 1044 malo
1444 989 1644 1044 dictum
1689 988 1784 1055 ita,
1817 986 1945 1041 Post
1973 987 2108 1040 diem

466 1100 475 1111 ’
518 1096 686 1140 autem
701 1085 916 1140 alterum
934 1083 1115 1139 inuasit
1134 1083 1344 1154 spiritus
1358 1081 1452 1135 Dei
1468 1081 1630 1135 malus
1648 1079 1801 1146 Satil,
1824 1090 1871 1133 et
1887 1078 2109 1149 prophe-

517 1179 654 1231 tabat
679 1178 733 1232 in
760 1176 924 1231 medio
940 1176 1120 1230 domus
1141 1190 1248 1230 suae
1272 1173 1316 1246 (l
1345 1173 1471 1245 Reg.
1498 1189 1651 1240 xvm,
1679 1172 1793 1243 l0).
1816 1172 1882 1228 Et
1907 1171 1960 1226 in
1982 1170 2100 1227 aliis

520 1268 820 1324 divinarum
857 1268 1252 1339 Scripturarum
1296 1267 1428 1322 locis
1475 1280 1619 1335 saepe
1662 1265 1928 1319 invenitur
1966 1262 2109 1335 quod

521 1359 800 1431 prophetia
824 1374 933 1415 non
966 1367 1169 1415 tantum
1196 1359 1357 1425 bona,
1385 1356 1480 1413 sed
1524 1366 1579 1413 et
1619 1356 1757 1411 mala
1786 1356 2023 1422 dicatur;
2052 1363 2109 1412 et

519 1450 796 1522 pmphetae
814 1450 941 1506 dicti
966 1459 1091 1506 sunt
1116 1449 1317 1505 Baalim
1339 1447 1428 1521 (Ill
1453 1448 1581 1519 Reg.
1604 1464 1751 1515 xvni,
1780 1447 1867 1516 l9,
1890 1448 1981 1515 2‘2,
2012 1448 2104 1513 25,

518 1542 640 1614 40);
686 1552 741 1598 et
778 1543 1158 1613 exprobratum
1197 1548 1280 1597 est
1313 1540 1633 1611 quibusdam
1662 1540 1785 1610 quia
1811 1539 2106 1610 propheta-

518 1635 648 1691 bant
675 1636 730 1691 in
757 1635 882 1690 Baal
912 1635 1126 1708 (Jerem.
1152 1650 1212 1701 ιι,
1237 1633 1318 1704 8).
1350 1633 1466 1689 Νοη
1496 1647 1625 1704 ergo
1660 1647 1880 1689 necesse
1910 1641 1993 1687 est
2018 1632 2103 1687 in-

521 1726 688 1798 telligi
716 1734 997 1797 propterea
1014 1727 1211 1782 bonum
1229 1725 1497 1795 spiritum,
1527 1724 1619 1795 qui
1646 1722 1820 1779 lactus
1842 1732 1925 1779 est
1945 1738 2107 1794 super

518 1818 645 1875 Saul
672 1827 878 1889 postea,
903 1818 1027 1889 quia
1052 1817 1254 1873 dictum
1275 1825 1377 1883 est,
1406 1827 1452 1871 et
1477 1816 1765 1871 ambulabat
1793 1817 2099 1887 ingrediens,

516 1919 564 1966 et
588 1910 919 1983 prophetabat
936 1926 955 1964 :
979 1910 1073 1966 sed
1094 1911 1217 1980 quia
1239 1910 1355 1965 sine
1371 1908 1733 1965 additamento
1751 1909 1981 1978 positum
1998 1917 2099 1976 est,

517 2003 587 2058 Et
615 2007 781 2075 factus
805 2003 957 2057 etiarn
981 2011 1056 2057 est
1080 2018 1232 2073 super
1271 2017 1388 2056 eum
1416 2000 1641 2071 Spiritus
1667 1999 1784 2054 Dei.
1814 1999 1930 2055 Non
1960 2000 2105 2055 enim

518 2097 657 2152 sicut
683 2096 736 2150 in
764 2096 860 2151 illo
890 2096 1009 2151 loco
1033 2094 1232 2149 dictum
1258 2101 1375 2149 erat
1397 2107 1579 2163 supra,
1622 2092 1846 2163 Spiritus
1876 2091 1968 2145 Dei
1990 2108 2103 2145 ma-

516 2187 629 2251 lus;
656 2195 716 2241 ut
744 2202 809 2242 ex
837 2186 938 2241 hoc
966 2196 1149 2257 posset
1173 2186 1333 2241 etiam
1356 2186 1410 2239 in
1435 2184 1882 2255 consequentibus
1910 2184 2104 2239 subau-

517 2276 654 2332 diri:
687 2278 815 2348 quin
844 2277 953 2332 imo
976 2277 1253 2348 superiora
1280 2277 1448 2347 magis
1476 2276 1748 2347 magisque
1785 2284 2105 2331 attestantur

514 2370 667 2426 illum
694 2370 937 2440 spiritum
960 2369 1057 2423 Dei
1074 2369 1270 2425 bonum
1290 2368 1453 2424 luisse
1477 2376 1530 2423 et
1557 2382 1681 2423 vere
1710 2368 2099 2439 propheticum.

516 2462 686 2519 David
714 2463 856 2520 enim
881 2470 1137 2519 eratcum
1179 2462 1449 2530 Samuele,
1478 2469 1535 2517 et
1560 2462 1703 2517 misit
1729 2461 1855 2517 Saﬁl
1885 2462 2101 2518 nuntios

515 2555 608 2627 qui
649 2553 1117 2626 apprehenderent
1158 2553 1342 2608 David.
1393 2552 1616 2620 Quando
1659 2561 1836 2607 autem
1885 2550 2101 2608 Samuel

514 2657 631 2706 erat
659 2649 800 2704 inter
827 2649 1115 2720 prophetas
1140 2656 1195 2704 et
1236 2659 1434 2705 cretum
1463 2647 1863 2720 prOphetarum,
1891 2648 1982 2719 qui
2008 2649 2101 2704 illo

513 2748 756 2810 tempore
785 2740 1194 2811 prophetabant,
1217 2740 1390 2795 nuntii
1416 2741 1506 2810 qui
1533 2739 1688 2795 missi
1707 2748 1850 2806 sunt,
1880 2748 2102 2811 accepto

511 2830 703 2887 eodem
747 2831 936 2901 spiritu
984 2831 1457 2902 prophetaverunt,
1501 2831 1787 2901 missisque
1832 2830 1949 2886 aliis
1998 2830 2101 2887 hoc

511 2922 755 2994 contigit,
787 2932 842 2978 et
870 2922 1043 2978 tertiis
1084 2921 1461 2977 nihilominus:
1494 2930 1680 2990 postea
1720 2934 1842 2976 cum
1890 2928 1944 2976 et
1984 2920 2100 2990 ipse

513 3012 643 3070 Sail!
662 3011 919 3081 venisset,
952 3015 1118 3083 factus
1140 3021 1216 3067 est
1241 3013 1391 3067 etiam
1416 3028 1565 3083 super
1585 3028 1697 3066 eum
1731 3011 1955 3082 Spiritus
1978 3010 2097 3082 Dei,

514 3114 561 3160 et
585 3104 873 3159 ambulabat
897 3105 1203 3174 ingrediens,
1227 3113 1272 3159 et
1298 3102 1645 3175 praphetabat.
1673 3103 1807 3160 Cum
1847 3104 1989 3161 enim
2018 3104 2101 3161 di-

513 3198 669 3267 citur,
704 3198 894 3254 Factus
916 3208 990 3253 est
1013 3200 1165 3254 etiam
1180 3215 1332 3269 super
1351 3199 1491 3270 ipsos
1521 3198 1746 3269 Spiritus
1764 3198 1881 3266 Dei,
1904 3209 1951 3254 et
1975 3217 2099 3271 pro-

513 3290 785 3362 phetabant
810 3300 857 3344 et
884 3290 1015 3362 ipsi;
1046 3289 1188 3345 idem
1228 3289 1412 3360 utique
1454 3298 1570 3345 erat
1598 3290 1836 3360 spiritus,
1866 3292 2101 3359 quierat

512 3382 568 3439 in
590 3383 885 3454 pr0phetis,
913 3384 1052 3438 inter
1071 3397 1205 3454 quos
1226 3391 1282 3438 et
1303 3382 1517 3439 Samuel
1534 3384 1782 3440 inventus
1802 3395 1885 3441 est
1903 3385 1945 3458 (Ι
1968 3387 2095 3459 Reg.

512 3492 626 3544 xix,
651 3475 880 3547 20-25):
912 3490 980 3532 ex
1008 3474 1112 3531 hoc
1137 3475 1315 3545 itaque
1341 3491 1563 3533 necesse
1595 3486 1679 3532 est
1704 3476 1927 3549 intelligi
1950 3480 2097 3535 illum

512 3568 759 3639 spiritum
785 3566 1004 3622 bonum.
1025 3566 1199 3636 Atque
1224 3566 1345 3622 ideo
1360 3568 1585 3637 quzestio
1610 3568 1897 3639 diligenter
1922 3570 2100 3626 discu-

514 3658 692 3714 tienda
716 3668 818 3726 est,
850 3658 1119 3728 quomodo
1162 3667 1218 3715 et
1256 3659 1334 3713 illi
1376 3674 1498 3715 cum
1539 3660 1689 3715 missi
1714 3670 1894 3717 essent
1920 3661 1986 3716 ad
2017 3671 2098 3717 te-

513 3750 750 3807 nendum
796 3749 1068 3805 hominem
1114 3757 1171 3805 et
1218 3749 1284 3805 ad
1331 3765 1518 3807 necem
1563 3751 1955 3820 adducendum,
2008 3753 2098 3810 tali

512 3842 702 3914 spiritu
725 3841 868 3897 allici
896 3851 1231 3909 meruerunt,
1280 3851 1335 3898 et
1376 3843 1503 3899 Sail!
1552 3845 1666 3914 ipse
1714 3847 1807 3916 qui
1853 3848 2093 3915 miserat,

512 3933 733 3990 veniens
757 3940 813 3988 et
835 3930 971 4003 ipse,
1016 3937 1073 3987 et
1114 3936 1429 4003 sanguinem
1472 3933 1813 3991 innocentem
1852 3952 2098 4009 quaerens

511 4021 807 4091 ell'underc,
853 4021 1101 4093 accipere
1140 4025 1338 4079 meruit
1378 4024 1527 4080 illum
1571 4026 1840 4097 spiritum,
1884 4039 1941 4085 et
1968 4045 2096 4101 pro-

510 4115 755 4189 phetare.

584 4211 639 4268 8.
678 4209 777 4267 llic
791 4209 1042 4266 nimirum
1062 4210 1295 4268 occurrit
1318 4210 1470 4282 illud,
1501 4214 1644 4285 quod
1672 4217 1943 4287 apostolus
1958 4217 2095 4275 Pau-

511 4303 595 4360 lus
610 4300 943 4374 apertissime
959 4304 1195 4375 exponit,
1218 4305 1700 4375 supereminentem
1719 4308 1856 4364 viam
1874 4310 2096 4367 demon-

510 4403 688 4451 strans
708 4412 722 4449 :
745 4392 807 4449 Si
836 4393 1023 4466 linguis
1049 4394 1308 4449 hominum
1338 4396 1536 4467 loquar,
1575 4398 1766 4469 inquit,
1798 4409 1843 4454 et
1870 4401 2095 4473 Angelo-

511 4504 647 4555 rum,
678 4487 974 4542 charitatem
1001 4497 1169 4542 autem
1196 4503 1298 4543 non
1341 4489 1571 4557 habeam,
1623 4491 1790 4560 factus
1814 4510 1931 4547 sum
1960 4495 2093 4550 velut

510 4589 838 4638 (crumentum
861 4596 1069 4647 sonans,
1108 4590 1194 4634 aut
1235 4581 1520 4651 cymbalum
1544 4584 1781 4639 tinniens.
1822 4585 1889 4640 Et
1915 4588 1960 4643 si
1997 4590 2093 4644 ha-

512 4673 663 4729 buero
682 4672 997 4744 prophetiam
1015 4673 1054 4737 ι,
1078 4680 1124 4726 et
1140 4672 1298 4727 sciero
1314 4675 1483 4726 omnia
1497 4685 1811 4731 sacramenta
1830 4688 1877 4733 et
1896 4697 2094 4736 omnem

511 4764 792 4830 scientiam,
831 4771 878 4817 et
918 4763 962 4817 si
1005 4762 1227 4818 habuero
1255 4780 1453 4818 omnem
1498 4766 1672 4833 ﬁdem,
1702 4769 1773 4822 ita
1807 4780 1862 4824 ut
1901 4784 2093 4829 montes

511 4859 833 4928 transferam,
860 4855 1152 4909 charitatem
1193 4864 1360 4908 autem
1388 4872 1487 4910 non
1529 4857 1757 4925 habeam,
1805 4862 1934 4915 nihil
1957 4880 2089 4921 sum.

510 4946 581 5003 Et
606 4947 651 5003 si
674 4945 969 5001 distribuero
994 4962 1190 5001 onmem
1217 4948 1547 5003 substantiam
1574 4966 1757 5019 meam,
1787 4962 1834 5006 et
1861 4955 1905 5007 si
1935 4956 2094 5010 tradi-

510 5041 633 5094 dero
670 5054 852 5109 corpus
892 5054 1057 5092 meum
1086 5046 1142 5091 ut
1185 5038 1415 5107 ardeam,
1461 5042 1755 5097 eharitatem
1793 5054 1963 5101 autem
1991 5065 2094 5104 non

512 5129 743 5197 habeam,
774 5129 901 5184 nihil
940 5129 1063 5182 mihi
1091 5130 1312 5199 prodest.
1344 5131 1464 5199 Quo
1504 5132 1555 5187 in
1598 5134 1715 5189 loco
1752 5137 2091 5195 manifestum

510 5231 594 5279 est
621 5237 745 5278 eum
790 5237 1010 5278 munera
1058 5222 1147 5278 illa
1195 5238 1665 5293 commemorasse,
1712 5244 1833 5298 quae
1864 5229 2092 5299 Spiritus

513 5315 683 5370 sancti
707 5314 1052 5370 divisionibus
1074 5315 1289 5383 dantur,
1323 5317 1460 5371 sicut
1489 5319 1734 5388 superius
1771 5322 1929 5376 dicit:
1965 5323 2093 5378 Uni-

510 5407 688 5477 cuique
711 5416 878 5462 autem
907 5407 1057 5461 datur
1085 5410 1424 5480 manifestatio
1451 5410 1676 5481 Spiritus
1701 5415 1768 5467 ad
1794 5415 2091 5485 utilitatem;

513 5499 602 5555 alii
643 5499 839 5569 quidem
884 5516 970 5570 per
1001 5500 1251 5572 Spiritum
1298 5502 1451 5557 datur
1479 5521 1640 5560 sermo
1678 5507 1973 5577 sapientia;
2001 5513 2092 5568 alii

507 5606 672 5649 sanna
695 5590 912 5645 scientia:
937 5593 1211 5647 secundum
1237 5596 1467 5651 eumdem
1507 5596 1790 5668 Spiritum;
1820 5601 1965 5655 alteri
1999 5620 2092 5660 au-

573 5729 591 5761 ί
608 5735 743 5806 tam,
759 5728 897 5806 qusi
912 5726 1129 5806 ‘hgbuero
1158 5732 1457 5796 prophetiam
1470 5746 1675 5788 onmem.
1696 5735 1860 5802 Abest,
1883 5750 2091 5806 onmem,

508 5791 573 5846 ab
596 5792 740 5843 editis
753 5791 857 5843 aliis
878 5799 931 5844 et
948 5799 1053 5852 Mss.

2223 442 2320 488 tem
2356 436 2482 505 ﬁdes
2504 438 2557 493 in
2582 440 2754 495 eodem
2784 442 3014 513 Spiritu;
3056 447 3146 500 alii
3171 447 3376 504 donatio
3405 450 3727 509 curationum
3750 454 3812 511 in

2218 541 2320 616 uno
2348 527 2577 597 Spiritu;
2605 531 2696 586 alii
2733 538 3048 605 operationes
3079 539 3337 607 virtutum,
3379 543 3470 598 alii
3514 547 3808 616 praphetia,

2217 615 2307 670 alii
2355 618 2650 690 dijudicatio
2699 627 3007 695 spirituum,
3061 631 3207 685 alteri
3254 649 3438 703 genera
3489 615 3807 706 linguarum.

2220 708 2405 765 Omnia
2433 722 2600 768 autem
2629 715 2737 771 hac
2764 729 3003 786 operatur
3030 739 3158 776 unus
3183 681 3335 795 atque
3375 726 3507 780 idem
3552 681 3807 800 Spiritus,
3857 681 3884 751 ξ

2217 800 2442 858 dividens
2478 807 2684 877 prapria
2713 809 2981 881 unicuique
3024 823 3173 881 prout
3210 816 3336 869 vult.
3369 815 3512 873 Satis
3540 833 3669 891 ergo
3705 802 3840 892 δυο(

2216 903 2364 963 paret
2382 895 2520 951 inter
2536 897 2674 953 dona
2699 899 2926 971 Spiritus
2943 905 3109 959 sancti
3132 920 3251 961 esse
3268 908 3622 977 prophetiam,
3642 926 3809 981 quam

2215 994 2393 1045 tamen
2421 990 2465 1045 si
2487 992 2606 1061 quis
2628 991 2844 1061 habeat,
2869 1003 2923 1049 et
2951 996 3267 1053 charitatem
3293 1015 3398 1054 non
3426 1000 3640 1070 haheat,
3669 1002 3809 1059 nihil

2214 1090 2314 1135 est.
2357 1081 2437 1136 Ex
2479 1098 2587 1154 quo
2615 1084 2932 1157 intelligitur
2961 1085 3075 1143 ﬁeri
3115 1104 3276 1161 posse
3306 1099 3363 1146 ut
3395 1092 3612 1162 quidam
3637 1094 3805 1149 etiam

2214 1172 2415 1245 indigni
2455 1176 2559 1231 vita
2598 1186 2797 1233 aeterna
2839 1195 3110 1252 regnoque
3138 1184 3420 1252 cmlorum,
3450 1193 3810 1257 aspergantur

2214 1272 2393 1321 tamen
2419 1268 2734 1337 quihusdam
2756 1270 2985 1342 Spiritus
3010 1275 3179 1329 sancti
3210 1276 3524 1331 muneribus
3559 1290 3668 1332 non
3696 1276 3799 1331 ha-

2212 1354 2401 1413 bentes
2440 1357 2773 1427 charitatem,
2815 1362 2932 1417 sine
2971 1378 3074 1435 qua
3114 1364 3205 1420 illa
3248 1381 3467 1422 munera
3510 1381 3617 1423 non
3665 1366 3805 1423 nihil

2212 1455 2358 1515 sunt,
2376 1448 2472 1503 sed
2499 1449 2632 1504 nihil
2657 1451 2735 1506 eis
2754 1460 2998 1521 prosunt.
3019 1453 3302 1524 Prophetia
3322 1457 3519 1528 quippe
3537 1456 3654 1512 sine
3668 1456 3804 1513 cha-

2210 1538 2392 1606 ritate,
2425 1540 2562 1595 sicut
2586 1543 2697 1611 jam
2714 1543 3147 1601 demonstratum
3186 1555 3291 1613 est,
3324 1562 3430 1603 non
3463 1548 3704 1619 perducit
3727 1548 3801 1605 ad

2211 1646 2432 1703 regnum
2467 1633 2592 1689 Dei:
2621 1634 2854 1691 charitas
2877 1652 3005 1693 vero
3028 1639 3145 1695 sine
3172 1639 3448 1711 prophetia
3462 1641 3643 1712 utique
3667 1656 3800 1712 per-

2209 1723 2372 1779 ducit.
2426 1724 2557 1780 Cum
2611 1729 2753 1783 enim
2797 1728 3023 1799 loquens
3066 1729 3135 1787 de
3176 1731 3431 1787 membris
3464 1731 3661 1788 Christi
3688 1733 3787 1797 ait,

2211 1814 2479 1887 Numquid
2504 1836 2675 1874 omnes
2704 1823 2959 1891 apostoli?
3002 1824 3245 1895 numquid
3286 1839 3455 1880 omnes
3497 1824 3801 1897 prophetae?

2209 1905 2571 1965 indubitanter
2593 1912 2826 1967 ostendit
2860 1913 3022 1968 etiam
3052 1929 3175 1969 eum
3210 1915 3300 1985 qui
3330 1915 3659 1985 prophetiam
3688 1931 3799 1972 non

2209 2000 2387 2068 habet,
2419 2018 2575 2073 posse
2604 2004 2656 2059 in
2678 2006 2932 2061 membris
2961 2006 3158 2064 Christi
3196 2010 3495 2065 numerari:
3519 2010 3608 2066 ubi
3635 2025 3797 2081 quem

2209 2092 2384 2149 locum
2424 2095 2665 2165 haberet,
2706 2099 2750 2152 si
2793 2098 3126 2167 charitatem,
3181 2102 3296 2156 sine
3344 2116 3446 2172 qua
3476 2101 3636 2157 homo
3661 2102 3800 2157 nihil

2208 2197 2309 2253 est,
2361 2177 2466 2243 non
2512 2189 2766 2246 haberet?
2810 2190 2963 2269 Nullo
3001 2203 3177 2248 autem
3227 2194 3387 2249 modo
3442 2194 3516 2249 ita
3556 2194 3796 2262 diceret,

2207 2277 2420 2348 quando
2443 2278 2510 2334 de
2538 2281 2793 2336 membris
2819 2282 3008 2352 agebat
3035 2283 3227 2353 quibus
3256 2282 3454 2339 Christi
3483 2298 3680 2355 corpus
3700 2285 3801 2340 im-

2207 2369 2403 2439 pletur,
2434 2370 2700 2441 Numquid
2721 2387 2909 2428 omnes
2930 2373 3129 2428 habent
3151 2373 3498 2429 charitatem?
3527 2374 3798 2445 quemad-

2206 2460 2422 2516 modum
2445 2462 2595 2528 dixit,
2618 2462 2883 2534 Numquid
2899 2480 3069 2518 omnes
3087 2465 3337 2535 apostoli?
3356 2464 3600 2535 numquid
3619 2481 3799 2520 omnes

2206 2552 2502 2623 prophetae?
2549 2556 2793 2624 numquid
2831 2571 3002 2609 omnes
3045 2556 3295 2611 uirtutes?
3331 2556 3575 2626 numquid
3620 2572 3798 2611 omnes

2205 2645 2343 2697 dona
2365 2645 2545 2699 habent
2570 2647 2886 2700 curationum
2913 2646 2958 2717 (1
2987 2645 3104 2701 Cor.
3138 2662 3238 2715 xu,
3267 2647 3421 2713 7-H,
3448 2646 3669 2716 29,:Itt,
3700 2645 3796 2719 3)?

2204 2747 2260 2793 et
2278 2746 2470 2793 caetera
2502 2738 2830 2808 hujusmodi.

2276 2829 2331 2886 9.
2371 2829 2479 2886 Sed
2503 2829 2633 2885 dicit
2656 2830 2846 2900 aliquis
2875 2843 3034 2900 posse
3061 2829 3274 2901 quidem
3300 2829 3417 2885 ﬁeri
3455 2837 3514 2884 ut
3553 2828 3794 2900 prophe-

2205 2921 2333 2977 tiam
2380 2924 2606 2994 quisque
2634 2938 2741 2978 non
2781 2922 2993 2987 habeat,
3038 2931 3092 2978 ct
3125 2931 3303 2977 tamen
3333 2920 3526 2976 habeat
3563 2920 3798 2976 charita-

2203 3020 2336 3081 tem,
2367 3022 2529 3084 atque
2546 3015 2667 3070 ideo
2686 3014 2884 3070 Christi
2911 3014 3171 3069 membris
3206 3021 3587 3068 annumeratus
3617 3012 3793 3069 inhre-

2204 3115 2320 3164 reat
2342 3125 2356 3161 :
2378 3108 2474 3163 sed
2489 3106 2604 3163 ﬁeri
2628 3122 2734 3162 non
2756 3121 2916 3177 posse
2944 3115 2999 3162 ut
3028 3106 3360 3177 prophetiam
3379 3104 3591 3174 habeat,
3610 3113 3794 3162 etnon

2204 3198 2398 3256 habeat
2421 3200 2767 3265 charitatem;
2800 3199 2929 3252 nihil
2956 3198 3100 3253 enim
3130 3207 3213 3252 est
3238 3197 3399 3252 homo
3431 3197 3630 3252 habens
3657 3212 3793 3267 pro-

2204 3290 2440 3361 phetiam
2465 3291 2582 3345 sine
2624 3290 2902 3345 charitate.
2944 3288 3019 3343 lla
3062 3288 3311 3356 fortasse,
3339 3287 3792 3358 quemadmodum

2203 3395 2489 3453 possumus
2513 3381 2711 3450 dicere,
2741 3382 2875 3436 nihil
2904 3395 3025 3437 esse
3054 3380 3328 3436 hominem
3354 3380 3637 3435 habentem
3664 3381 3792 3436 ani-

2202 3489 2345 3529 mam
2371 3475 2487 3532 sine
2512 3482 2721 3531 mente:
2750 3490 2855 3529 non
2895 3476 3017 3545 quia
3044 3482 3222 3544 potest
3247 3473 3476 3529 inveniri
3504 3474 3666 3528 homo
3690 3474 3789 3543 qui

2202 3575 2437 3623 mentem
2467 3582 2574 3623 non
2602 3567 2792 3623 habeat
2827 3566 3027 3620 habens
3053 3566 3315 3633 animam;
3366 3564 3462 3621 sed
3498 3565 3621 3636 quia
3650 3563 3788 3621 nihil

2202 3666 2364 3724 esset,
2391 3658 2437 3712 si
2465 3657 2688 3713 inveniri
2712 3666 2913 3727 posset.
2942 3656 3029 3712 Sic
3048 3657 3208 3711 etiam
3230 3655 3335 3712 dici
3360 3665 3553 3727 potest,
3580 3655 3638 3711 Si
3656 3670 3787 3710 cor-

2201 3762 2302 3818 pus
2331 3749 2551 3819 tiguram
2578 3749 2788 3816 haheat,
2822 3750 3059 3805 colorem
3085 3764 3193 3805 non
3218 3749 3431 3817 habeat,
3477 3746 3645 3804 videri
3674 3762 3788 3803 non

2202 3847 2410 3910 potest:
2434 3854 2541 3895 non
2569 3841 2693 3911 quia
2721 3848 2803 3896 est
2828 3855 3024 3911 corpus
3043 3842 3130 3896 cui
3160 3842 3298 3896 desit
3321 3841 3499 3907 color;
3539 3839 3632 3895 sed
3659 3840 3790 3911 quia

2202 3931 2247 3988 si
2277 3940 2442 3999 esset,
2465 3932 2610 3987 cerni
2637 3947 2742 3987 non
2762 3941 2960 4003 posset.
2986 3933 3061 3987 lta
3086 3933 3310 3987 fortasse
3328 3931 3524 3986 dictum
3545 3939 3626 3986 est
3642 3930 3791 4000 quod

2202 4023 2248 4079 si
2274 4025 2394 4095 quis
2423 4024 2617 4079 habeat
2639 4024 2993 4095 prophetiam,
3018 4034 3074 4081 et
3097 4024 3408 4080 charitatcm
3438 4038 3544 4079 non
3568 4024 3787 4092 habeat,

2202 4117 2335 4172 nihil
2360 4126 2475 4173 est:
2499 4132 2604 4172 non
2632 4118 2755 4188 quia
2781 4127 2955 4189 potest
2982 4120 3035 4173 in
3061 4133 3327 4189 quoquam
3350 4134 3474 4175 esse
3500 4118 3786 4190 prophetia

2184 4192 2321 4263 'sinc
2345 4207 2637 4274 charitate;
2672 4208 2769 4264 sed
2796 4210 2919 4281 quia
2946 4209 2991 4263 si
3017 4218 3196 4275 esset,
3242 4208 3497 4279 prodesse
3523 4224 3630 4264 non
3661 4224 3794 4279 pos-

2202 4306 2304 4355 set.
2331 4298 2476 4369 Opus
2494 4308 2577 4354 est
2600 4298 2760 4370 igitur
2787 4299 2856 4355 ad
2885 4298 3196 4355 solvendam
3224 4299 3376 4354 istam
3401 4298 3783 4370 quaestionem,

2203 4399 2262 4446 ut
2281 4390 2622 4446 ostendamus
2637 4391 2869 4461 aliquem
2890 4391 3175 4461 reprobum
3197 4392 3297 4447 hoc
3315 4390 3514 4447 donum
3534 4391 3794 4450 habuisse

2202 4480 2496 4552 prOphetite
2529 4499 2542 4536 :
2574 4481 2717 4551 quod
2747 4482 2795 4537 si
2814 4481 3083 4537 neminem
3121 4482 3516 4551 inveniremus,
3548 4482 3652 4538 hoc
3682 4482 3793 4540 iste

2202 4573 2316 4643 ipse
2344 4571 2472 4629 Saﬁl
2499 4573 2635 4627 satis
2662 4573 2989 4629 ostenderet.
3029 4572 3135 4630 Sed
3169 4582 3344 4629 tamen
3374 4574 3466 4631 ille
3489 4575 3651 4631 etiam
3683 4574 3796 4631 Ba-

2200 4665 2340 4720 laam
2381 4665 2641 4735 reprobus
2681 4674 2933 4737 apparet;
2968 4682 3074 4722 non
3116 4667 3258 4723 enim
3300 4684 3421 4724 eum
3462 4677 3603 4726 tacet
3638 4664 3793 4724 Scri-

2199 4766 2352 4827 ptura
2380 4756 2560 4812 divino
2578 4756 2779 4827 judicio
2802 4773 2924 4814 esse
2951 4757 3260 4814 damnatum
3289 4777 3303 4813 :
3344 4769 3401 4816 et
3434 4768 3612 4817 tamen
3650 4775 3789 4831 pro-

2199 4850 2433 4921 phetiam
2477 4849 2735 4917 habebat;
2776 4859 2831 4906 et
2866 4851 2988 4921 quia
3027 4851 3261 4907 charitas
3284 4853 3335 4907 ei
3373 4852 3574 4918 deerat,
3611 4852 3796 4909 inerat

2198 4942 2443 4998 voluntas
2468 4941 2816 4998 maledicendi
2844 4943 3040 5013 populo
3056 4941 3241 5009 Israel,
3271 4958 3432 5013 quam
3462 4943 3632 4999 hostis
3659 4958 3793 5015 pro-

2199 5037 2273 5092 tio
2296 5042 2717 5104 comparaverat,
2744 5035 2833 5104 qui
2858 5050 2979 5089 eum
3004 5035 3070 5089 ad
3100 5034 3520 5092 maledicendum
3537 5036 3794 5094 mercede

2199 5128 2557 5191 conduxerat;
2587 5125 2727 5181 dono
2757 5135 2935 5181 tamen
2963 5127 3055 5181 illo
3082 5127 3457 5198 prophetandi,
3485 5143 3590 5199 quo
3605 5143 3772 5199 asper

2199 5221 2439 5291 gebatur,
2480 5218 2830 5275 benedicehat
2856 5219 3056 5275 invitus
3097 5220 3289 5291 (Num.
3333 5221 3648 5293 xxu-ntv).
3676 5222 3795 5279 Nec

2200 5311 2362 5366 verba
2392 5310 2480 5364 illa
2508 5326 2693 5381 parum
2738 5299 3057 5366 attestantur
3100 5311 3222 5367 huic
3251 5313 3552 5380 sententicc,
3580 5329 3700 5383 qua:
3730 5314 3790 5371 in

2200 5402 2489 5473 Evangelio
2509 5403 2703 5471 scripta
2724 5411 2865 5467 sunt,
2897 5403 3092 5458 multos
3112 5402 3347 5459 dicturos
3368 5404 3418 5458 in
3437 5404 3524 5459 illa
3542 5404 3649 5472 die,
3668 5405 3792 5461 Do-

2201 5496 2353 5558 mine,
2378 5493 2605 5558 Domine,
2631 5494 2683 5547 in
2705 5495 2905 5549 nomine
2920 5503 3002 5548 tuo
3018 5496 3426 5552 manducavimus
3445 5505 3491 5550 et
3507 5497 3720 5554 bibimus
3738 5500 3789 5569 ⁸,

2202 5596 2248 5640 et
2269 5585 2320 5638 in
2343 5584 2541 5638 nomine
2563 5593 2648 5638 tuo
2671 5586 3097 5655 prophetavimus,
3122 5595 3168 5641 et
3201 5587 3254 5642 in
3281 5587 3483 5643 nomine
3514 5590 3793 5647 tuebimu-

2266 5700 2281 5730 ι
2308 5698 2444 5759 mliti,
2470 5711 2631 5749 coram
2651 5705 2695 5749 te
2718 5700 3127 5752 manducarimns.
3154 5709 3206 5752 Al
3228 5709 3355 5759 Mss.
3394 5701 3446 5752 in
3479 5701 3667 5754 nontine
3700 5708 3795 5758 tuo

2200 5761 2743 5829 manducapt'nms_,j_quo
2757 5763 2911 5829 modo,
2921 5774 3086 5829 postea
3101 5767 3397 5829 augustinus
3414 5766 3464 5815 in
3484 5763 3608 5817 Ebro
3619 5763 3687 5817 de
3699 5773 3792 5820 α-

2205 5825 2493 5878 techizandis
2516 5825 2739 5887 uadibus,
2762 5837 2867 5889 cap.
2894 5827 2971 5887 £6,
2997 5836 3049 5878 et
3069 5825 3360 5891 alibi'saape.
