4000 6336
241 290 315 347 ΙΞῖ
1564 290 1764 347 ιιηιειι
1795 287 2165 345 SECUNDUS.

239 418 296 461 tes
317 405 504 458 multas
532 406 758 475 fecimus
788 422 808 460 :
848 406 1042 478 quibus
1082 416 1255 461 tamen
1287 397 1525 460 dicturus
1567 414 1667 465 est.
1702 404 1825 458 Non

244 497 337 551 nari
354 511 469 559 eos;
499 497 733 550 recedite
762 515 796 549 α
826 515 924 561 me,
956 498 1173 564 operarii
1199 497 1473 569 iniquitatis
1502 495 1710 566 (Matth.
1731 512 1822 560 vlt,

242 588 318 649 ἢ,
342 586 453 655 23).
485 586 605 639 Non
637 589 788 641 enim
808 604 902 643 eos
929 588 1246 643 mentientes
1275 599 1517 656 putamus
1546 587 1642 641 ista
1664 587 1827 641 dictu-

248 694 323 733 ros
342 679 397 733 in
417 679 508 731 illo
534 678 770 747 judicio,
817 680 905 734 ubi
939 679 1112 733 nullus
1138 681 1240 733 erit
1280 678 1492 732 fallendi
1537 678 1701 741 locus,
1735 686 1828 731 aut

248 772 393 825 ullam
437 786 628 824 vocem
670 771 859 824 talium
912 769 1159 840 legimus,
1190 770 1500 831 dicentium,
1536 769 1826 823 Dileximus

248 873 308 919 te.
346 864 608 918 Poterunt
636 879 767 933 ergo
795 864 997 929 dicere,
1031 861 1095 916 In
1138 862 1338 916 nomine
1378 872 1465 915 tuo
1508 860 1827 931 prophetari-

247 976 367 1020 πω,
395 973 517 1011 cum
552 957 665 1010 sint
691 957 920 1027 improbi
961 966 1012 1010 et
1042 955 1289 1022 reprobi:
1313 970 1419 1009 non
1449 962 1625 1008 autem
1673 964 1826 1022 pote-

245 1060 358 1106 runt
386 1049 588 1115 dicere,
617 1047 968 1104 Dilectionem
1009 1063 1167 1116 quam
1209 1046 1492 1112 mandasti,
1536 1046 1823 1100 tenuimus.

244 1142 364 1197 Nam
394 1142 441 1195 si
462 1142 703 1206 dicent‘,
733 1156 839 1194 non
867 1140 944 1194 eis
973 1138 1403 1209 respondebitur,
1437 1137 1559 1192 Non
1584 1139 1698 1192 novi
1718 1155 1824 1193 vos.

244 1232 303 1287 In
334 1234 429 1303 hoc
494 1234 641 1287 enim
680 1242 1026 1301 cognoscatur,
1069 1232 1254 1300 inquit,
1298 1232 1415 1301 quia
1452 1231 1690 1300 discipuli
1730 1230 1828 1286 mei

242 1326 368 1387 estis,
392 1324 437 1376 si
457 1338 548 1375 vos
573 1323 781 1375 invicem
802 1321 1026 1392 diligatis
1048 1321 1224 1392 (Joan.
1257 1338 1372 1387 xm,
1400 1321 1515 1393 55).

307 1414 394 1468 {0.
426 1413 749 1482 Exemplum
791 1412 969 1482 itaque
999 1411 1154 1479 hujus
1180 1413 1311 1467 Saitl
1344 1412 1544 1467 resistit
1580 1412 1824 1483 superbis

242 1503 505 1559 nonnullis
555 1501 859 1567 haereticis,
891 1502 979 1571 qui
1019 1501 1214 1571 aliquid
1247 1503 1367 1556 boni
1411 1502 1478 1556 de
1516 1502 1825 1557 muneribus

246 1593 396 1647 sancti
426 1591 666 1660 Spiritus
711 1601 905 1660 negant
935 1606 1090 1658 posse
1135 1591 1247 1645 dari
1276 1592 1352 1646 eis
1386 1592 1475 1661 qui
1513 1590 1580 1644 ad
1624 1599 1823 1647 sortem

244 1694 543 1739 sanctorum
588 1701 691 1737 non
733 1684 998 1753 pertinent
1029 1702 1043 1738 :
1074 1698 1194 1738 cum
1243 1683 1320 1738 eis
1363 1682 1589 1737 dicimus
1629 1681 1826 1738 habere

239 1778 352 1832 illos
382 1792 547 1846 posse
574 1787 964 1831 sacramentum
991 1777 1243 1846 Baptismi
1261 1817 1276 1841 ,
1317 1776 1459 1846 quod
1488 1792 1609 1831 cum
1634 1777 1700 1832 ad
1723 1778 1827 1832 Ec-

236 1869 448 1923 clesiam
480 1868 798 1923 catholicam
821 1868 1069 1933 veniunt,
1101 1884 1205 1921 non
1232 1876 1313 1921 est
1342 1868 1394 1922 in
1422 1868 1502 1922 eis
1529 1867 1637 1922 ullo
1662 1868 1825 1924 modo

235 1962 572 2025 violandum,
611 1969 703 2013 aut
745 1960 895 2029 quasi
940 1975 1044 2013 non
1091 1958 1319 2013 habeant
1349 1958 1695 2022 tradendum;
1726 1959 1822 2014 sed

234 2062 417 2107 tamen
437 2068 534 2106 eos
557 2068 657 2105 nou
687 2052 808 2105 ideo
845 2051 1002 2105 saluti
1030 2050 1225 2106 debere
1251 2050 1542 2112 conlidere.
1565 2051 1686 2120 quia
1716 2067 1823 2106 nou

232 2144 602 2213 impmbamus
644 2142 785 2212 quod
829 2144 948 2197 illos
991 2142 1260 2211 accepisse
1309 2141 1684 2206 concedimus;
1729 2141 1824 2197 sed

232 2248 495 2306 oportere
518 2249 839 2304 Cognoscere
866 2233 1082 2287 unitatis
1119 2234 1430 2288 societatem
1465 2233 1675 2286 viuculo
1695 2232 1823 2288 cha-

233 2327 407 2381 ritatis
438 2325 720 2379 iucundam
742 2367 759 2389 ,
802 2324 920 2379 sine
956 2340 1059 2395 qua
1095 2325 1311 2379 omnino
1339 2324 1591 2395 quidquid
1629 2325 1825 2381 habere

237 2419 525 2486 potuerint,
555 2417 797 2487 quamvis
836 2433 930 2486 per
954 2432 1012 2472 se
1050 2425 1293 2471 sanctum
1337 2432 1400 2470 ac
1429 2416 1785 2472 venerandum
1805 2457 1821 2484 ,

241 2509 339 2577 ipsi
368 2518 543 2563 tamen
574 2507 707 2561 nihil
745 2516 900 2573 sunt,
934 2517 1077 2562 tanto
1123 2508 1446 2577 indigniores
1484 2508 1658 2564 eﬂ‘ccti
1706 2510 1826 2564 vitae

239 2611 449 2655 eterna:
476 2601 732 2670 prmmio,
764 2608 963 2670 quanto
982 2601 1084 2655 illis
1110 2600 1265 2655 donis
1294 2616 1397 2654 non
1416 2602 1551 2657 bene
1568 2602 1647 2655 usi
1676 2609 1822 2668 sunt,

235 2706 354 2762 qum
395 2692 450 2745 in
494 2690 601 2746 hac
643 2691 934 2761 vita,qu:e
984 2691 1285 2746 transitoria
1334 2693 1821 2761 est’acceperunt.

235 2782 347 2839 Non
391 2792 574 2837 autem
628 2782 764 2836 bene
812 2783 993 2847 utitur,
1038 2782 1139 2838 nisi
1182 2782 1449 2848 charitas;
1493 2792 1549 2838 et
1593 2782 1825 2837 cltaritas

236 2874 409 2927 omnia
443 2874 637 2928 tolerat
664 2871 707 2943 (l
736 2871 855 2926 Cor.
891 2888 985 2926 xm
1006 2913 1020 2937 ,
1049 2872 1129 2944 7),
1158 2882 1317 2943 atque
1344 2872 1461 2927 ideo
1490 2888 1593 2927 non
1632 2872 1826 2927 scindit

235 2966 531 3031 unitatem,
564 2964 718 3034 cujus
743 2964 855 3034 ipsa
899 2976 981 3020 est
1021 2964 1365 3020 fortissimum
1396 2966 1683 3020 vinculum.
1707 2965 1825 3021 Non

233 3057 371 3110 enim
400 3067 459 3111 et
487 3071 681 3109 servus
707 3056 792 3109 ille
833 3071 935 3109 non
967 3054 1173 3125 accepit
1198 3056 1482 3120 talentum,
1510 3065 1601 3108 aut
1628 3055 1825 3125 aliquid

232 3148 369 3204 aliud
409 3148 728 3217 intelligitur
760 3147 1015 3202 talentum
1045 3162 1201 3217 quam
1247 3162 1441 3202 munus
1484 3147 1695 3216 aliquod
1722 3148 1826 3201 uti-

231 3255 331 3309 que
375 3239 625 3293 divinum
661 3257 676 3292 :
708 3238 801 3293 sed
823 3279 838 3304 ,
876 3238 974 3305 Qui
999 3239 1175 3303 habet,
1207 3239 1408 3292 dabitur
1434 3240 1516 3303 ei;
1540 3240 1626 3310 qui
1658 3250 1827 3293 autem

233 3346 329 3383 non
355 3331 528 3396 habet,
553 3342 601 3383 et
625 3330 761 3399 quod
782 3331 926 3383 Imbet
952 3334 1207 3405 auferetur
1255 3331 1317 3384 ab
1345 3347 1402 3385 eo
1457 3330 1666 3400 (Matth.
1693 3346 1824 3393 xxv,

230 3419 343 3491 29).
373 3422 531 3488 Quod
588 3438 695 3475 non
743 3422 900 3475 habet
926 3421 1118 3476 auferri
1162 3438 1264 3475 non
1306 3430 1514 3491 potest;
1559 3422 1654 3477 sed
1683 3422 1827 3477 aliud

232 3529 335 3567 non
364 3512 529 3565 habet
549 3554 567 3577 ,
597 3521 653 3564 ut
674 3512 863 3565 merito
888 3512 1155 3565 auferatur
1197 3514 1337 3583 quod
1362 3512 1521 3568 habet
1547 3530 1560 3566 :
1592 3529 1695 3566 non
1730 3514 1826 3567 ba-

224 3600 321 3656 ὶει
364 3603 687 3657 charitatetu
734 3602 953 3666 utendi,
998 3612 1052 3655 ιιι
1086 3601 1357 3657 auferatur
1402 3603 1657 3674 quidquid
1685 3604 1827 3659 aliud

228 3693 392 3749 habet
410 3736 427 3757 ,
455 3694 601 3763 quod
633 3695 751 3748 sine
779 3694 1037 3749 charitate
1067 3711 1170 3748 non
1193 3694 1431 3765 prodest.

306 3787 391 3840 tl.
424 3784 544 3839 Non
569 3786 730 3854 igitur
767 3784 959 3839 mirum
1004 3796 1118 3849 est,
1150 3801 1327 3855 regem
1357 3785 1481 3843 Sat'tl
1510 3794 1563 3841 et
1597 3801 1665 3842 eo
1696 3796 1830 3841 tetu-

233 3889 360 3943 pore
384 3891 496 3945 quo
524 3877 758 3944 primum
787 3887 974 3929 unctus
1002 3884 1110 3939 est,
1137 3877 1405 3945 accepisse
1432 3876 1677 3947 spiritum
1704 3893 1827 3947 pro-

234 3967 524 4035 phetandi,
556 3978 613 4022 et
662 3976 841 4036 postea
892 3982 1011 4020 cum
1061 3978 1204 4021 esset
1247 3977 1463 4038 propter
1513 3967 1824 4023 inobediett-

233 4059 356 4111 tiam
392 4058 749 4127 reprobatus,
776 4057 1059 4112 recedente
1087 4058 1155 4111 ab
1187 4074 1253 4113 co
1277 4058 1466 4129 spiritu
1496 4058 1704 4114 Domini
1734 4076 1823 4113 ar-

231 4161 441 4218 reptum
493 4162 616 4203 esse
665 4148 898 4219 maligno
934 4149 1121 4217 spiritu
1160 4163 1192 4202 a
1231 4149 1455 4203 Domino
1486 4166 1499 4202 :
1533 4149 1621 4218 qui
1666 4151 1824 4205 etiant

229 4240 452 4307 spiritus
484 4239 697 4292 Domini
727 4239 1022 4309 appellatus
1050 4248 1132 4294 est
1169 4252 1386 4309 prepter
1432 4240 1821 4307 ministerium;

229 4331 353 4398 quia
382 4331 638 4384 omnibus
677 4324 835 4383 etiam
877 4330 1151 4398 Spiritibus
1191 4332 1345 4385 malis
1369 4331 1500 4386 bene
1530 4335 1694 4390 utitur
1720 4334 1822 4386 Do-

229 4423 451 4483 minus,
497 4421 582 4475 vel
636 4421 703 4474 ad
747 4421 1142 4475 damnationem
1189 4423 1576 4493 quorumdam,
1629 4427 1713 4478 vel
1757 4425 1823 4480 ad

226 4513 690 4577 (laudationem,
721 4512 803 4565 vel
832 4513 897 4566 ad
922 4514 1287 4582 probationem
1318 4531 1332 4568 :
1366 4523 1419 4568 et
1444 4516 1687 4585 quamvis
1717 4534 1820 4570 nou

228 4605 299 4659 sis
324 4605 636 4674 malignitas
658 4619 689 4657 a
719 4604 977 4665 Domino,
1009 4621 1113 4657 non
1143 4615 1227 4659 est
1254 4614 1429 4659 tamen
1459 4614 1692 4676 potestas
1720 4609 1820 4662 nisi

228 4710 257 4748 a
287 4697 397 4752 Deo
428 4695 612 4770 (Rom.
649 4711 741 4750 xm
764 4737 778 4761 ,
810 4694 880 4767 l).
918 4696 1199 4766 Dictusque
1230 4705 1313 4750 est
1336 4698 1496 4750 etiam
1526 4712 1685 4766 sopor
1715 4697 1822 4751 Do-

232 4789 357 4840 miui
382 4830 397 4850 ,
431 4789 526 4857 qui
554 4800 907 4856 occupaverat
928 4788 1120 4839 milites
1145 4786 1381 4856 ejusdem
1407 4786 1553 4853 Sat'tl,
1575 4802 1695 4841 cum
1717 4788 1824 4843 Da-

229 4879 314 4930 vid
343 4878 553 4931 hastam
582 4888 632 4930 et
665 4879 922 4948 Scyphum
950 4877 1296 4930 abstulissem
1315 4877 1486 4945 capite
1512 4878 1822 4933 dormientis

232 4966 436 5040 (lReg.
473 4984 636 5031 xxvr,
673 4968 759 5038 12)
795 4985 809 4997 ~
838 4984 943 5022 nun
987 4970 1106 5039 quia
1140 4974 1265 5022 tunc
1307 4983 1467 5037 Sopor
1508 4968 1559 5021 in
1597 4968 1822 5022 Domino

231 5072 374 5123 erat,
404 5072 468 5116 ut
509 5067 626 5131 ipse
652 5062 944 5126 dormiret;
972 5061 1065 5115 sed
1096 5060 1215 5129 quia
1246 5060 1333 5114 ille
1368 5075 1547 5125 sopor,
1575 5065 1662 5130 qui
1695 5070 1822 5115 tunc

230 5151 477 5208 homines
514 5152 983 5223 apprehenderat,
1017 5162 1142 5205 nutu
1194 5150 1283 5206 Dei
1333 5158 1447 5204 erat
1490 5150 1721 5216 infusus,
1755 5166 1822 5206 ne

232 5242 390 5299 David
434 5245 578 5300 servi
616 5244 733 5316 ejus
763 5244 785 5275 ³
817 5245 869 5297 in
921 5260 987 5299 eo
1033 5244 1149 5301 loco
1193 5243 1473 5313 prinseutia
1515 5244 1819 5299 sentiretur.

276 5422 309 5485 ἰ
340 5421 527 5485 manu,
548 5424 694 5485 juxta
719 5426 797 5467 Er.
865 5427 919 5485 at.

292 5484 314 5553 ξ
336 5480 564 5553 flet-ique
585 5480 1015 5553 Περβιςαιιςὶιιιτα
1033 5487 1122 5530 ρει.

292 5544 315 5575 ⁸
334 5540 543 5604 munita
565 5540 737 5595 David
754 5549 803 5591 et
824 5554 1068 5591 servorum
1088 5543 1208 5604 ejtr.
1228 5550 1281 5592 At
1302 5550 1502 5600 ttss..ne
1529 5540 1683 5594 David
1696 5543 1823 5595 serti

234 5602 345 5675 eius.
377 5602 513 5659 t-‘orte
536 5673 541 5675 Α
566 5606 883 5675 legenduim
907 5615 964 5675 ne
986 5602 1250 5675 antridMet
1304 5606 1427 5655 servi
1462 5618 1600 5675 qus;
1637 5606 1823 5675 scilicet

238 5666 371 5733 ipsius
390 5673 562 5729 .ttnsai,
591 5666 686 5733 (ﬁli
713 5680 834 5733 cuin
856 5666 999 5733 qavid
1019 5666 1079 5714 ad
1097 5667 1203 5715 satil
1228 5668 1242 5715 i
1300 5678 1456 5716 castra
1477 5666 1819 5729 descenderat,

235 5740 289 5778 ea
306 5729 420 5783 tm
449 5726 593 5798 Beg.,
611 5726 735 5791 inp.
762 5727 851 5785 26,
874 5726 925 5786 ᾗ.
948 5726 996 5774 6.

434 5819 515 5883 ΞΑ
530 5834 693 5880 κατ’.
736 5816 1026 5872 Aueosr.
1076 5811 1181 5872 Vl.

3411 298 3512 358 156

1935 402 2113 472 Neque
2141 401 2265 455 illud
2304 402 2494 457 tnirum
2522 413 2637 468 est,
2668 422 2879 462 rursum
2925 409 3170 465 eumdem
3200 410 3327 467 Said
3354 428 3515 469 acce-

1936 494 2076 563 pisse
2102 494 2344 561 spiritum
2375 495 2685 564 pr0pbetiu2,
2713 513 2832 553 cum
2856 512 3261 569 persequeretur
3289 504 3515 570 justum,

1934 598 1988 642 et
2012 604 2134 643 eum
2180 589 2663 657 comprehensurus
2690 600 2747 644 et
2786 601 3067 645 necaturus
3094 595 3324 647 venisset
3350 596 3399 650 iu
3433 597 3515 649 lo-

1936 692 2056 732 cum
2085 679 2170 734 tlbl
2200 688 2315 732 erat
2348 680 2687 749 congregatio
2718 683 3110 751 praphetarmu.
3144 682 3232 739 Sic
3266 687 3406 739 enim
3432 703 3519 740 sa-

1935 770 2001 823 tis
2028 770 2446 825 dcmonstratum
2490 783 2572 827 est
2615 775 2879 828 neminem
2908 775 2976 829 de
3020 777 3107 829 tali
3154 792 3374 831 munere
3407 779 3516 847 jam

1933 877 2176 915 securum
2199 878 2321 918 esse
2346 863 2562 928 debere,
2588 876 2835 935 tanquam
2866 868 2931 920 sit
2960 868 3361 937 acceptissimus
3385 869 3516 936 Deo,

1932 954 1976 1008 si
2007 970 2110 1008 non
2135 954 2326 1012 habeat
2354 956 2665 1012 cbaritatem
2685 976 2697 1011 :
2716 960 3142 1029 quandoquidem
3168 960 3297 1015 illud
3318 960 3517 1016 donum

1933 1058 1988 1103 et
2014 1049 2157 1104 Sauli
2184 1050 2297 1105 dari
2333 1052 2501 1119 potuit
2521 1093 2537 1117 ,
2566 1061 2786 1121 propter
2811 1067 3064 1107 arcanum
3111 1052 3326 1123 quidem
3355 1055 3520 1109 alicu-

1922 1138 2017 1209 jus
2034 1144 2383 1206 sacramenti;
2427 1143 2522 1199 Sed
2565 1155 2740 1198 tamen
2771 1146 2884 1198 dari
2916 1145 3084 1213 potuit
3113 1145 3397 1213 reprobate
3418 1188 3436 1213 ,
3462 1156 3519 1202 et

1933 1230 2131 1298 invido,
2163 1243 2217 1287 et
2245 1235 2471 1303 ingrato,
2501 1244 2555 1289 et
2593 1235 2833 1290 reddenti
2871 1237 3006 1289 mala
3040 1252 3133 1303 pro
3157 1237 3343 1301 bonis,
3369 1246 3426 1292 et
3452 1253 3520 1293 ne

1933 1332 2053 1391 post
2092 1323 2260 1391 ipsam
2297 1325 2511 1394 quidem
2536 1327 2901 1395 acceptiunem
2949 1327 3167 1396 spiritus
3196 1340 3438 1385 correcta
3464 1329 3516 1383 in

1931 1412 2122 1467 melius
2145 1425 2303 1483 atque
2325 1424 2543 1469 ιιιιιιειιυ.

1930 1500 2148 1569 ρυεετ.
2177 1504 2239 1558 ll.
2268 1534 2338 1545 —-
2364 1505 2444 1560 De
2462 1505 2570 1561 Deo
2601 1506 2731 1561 nihil
2757 1498 2967 1579 dignum
2993 1508 3197 1564 dicitur.
3228 1509 3514 1567 Prasciets-

2001 1595 2072 1647 tia
2098 1612 2165 1649 an
2195 1597 2398 1665 proprie
2431 1598 2495 1651 sit
2536 1599 2589 1651 in
2623 1596 2748 1653 Deo.
2782 1598 3007 1654 Scientia
3042 1599 3186 1669 quid,
3221 1610 3268 1655 et
3304 1618 3519 1670 quomo—

2001 1686 2068 1739 do
2116 1687 2169 1740 in
2211 1685 2339 1741 Deo.
2399 1687 2491 1741 Ira
2514 1730 2527 1751 ,
2577 1690 2952 1756 misericordia,
3002 1701 3049 1744 et
3095 1691 3232 1746 zelus
3280 1691 3379 1746 Dei
3412 1709 3515 1764 quo

1998 1794 2150 1831 sensu
2182 1778 2383 1833 dicitur.
2430 1778 2597 1833 Rebus
2646 1779 2829 1834 divinis
2879 1782 3121 1836 vocabula
3158 1782 3382 1839 [tantane
3420 1784 3518 1837 tri-

1997 1869 2249 1934 buuntur,
2281 1871 2370 1924 sed
2430 1871 2497 1925 ibi
2547 1872 2749 1925 remotis
2800 1872 3259 1943 imperfectionibtss
3316 1875 3518 1930 intelli-

2001 1958 2186 2029 genda.
2216 1958 2481 2029 Sapientia
2513 1971 2559 2014 et
2587 1961 2794 2015 scientia
2817 1960 2952 2015 unde
2972 1960 3230 2028 iii/ferunt.
3262 1963 3517 2020 Paeniterc

2001 2049 2253 2118 quatnodo
2291 2050 2520 2103 convenit
2559 2049 2687 2105 Deo.
2736 2050 3040 2106 Paenitentia
3075 2064 3122 2107 et
3150 2054 3288 2109 zelus
3311 2060 3520 2111 curini-

2001 2155 2098 2192 nas
2148 2140 2411 2194 videantur
2440 2140 2546 2196 Deo
2574 2158 2847 2213 congruere
2885 2160 3037 2212 quam
3067 2146 3382 2214 prominentia
3400 2187 3414 2212 ,
3436 2148 3519 2203 ira

2000 2239 2049 2284 et
2075 2231 2282 2285 similia.

2004 2325 2056 2376 1.
2079 2325 2210 2391 Age,
2228 2323 2337 2392 jam
2376 2324 2650 2380 videamus
2689 2326 2957 2394 quomodo
2982 2326 3183 2382 dictum
3211 2329 3279 2384 sit
3299 2370 3314 2392 ,
3344 2328 3522 2385 Pani-

1928 2421 1999 2467 tet
2019 2430 2097 2468 me
2106 2414 2240 2483 quod
2250 2415 2592 2469 constituerim
2610 2432 2776 2487 regem
2791 2415 2923 2471 Sat'tl
2935 2416 2976 2487 (l
2994 2418 3121 2489 Reg.
3138 2421 3260 2485 xv,l
3272 2420 3347 2488 1).
3362 2420 3520 2489 ρηο-

1931 2503 2007 2559 ris
2036 2506 2200 2568 enim,
2232 2519 2338 2559 non
2376 2505 2556 2575 utique
2595 2506 2647 2560 in
2697 2506 2880 2561 talium
2924 2508 3205 2563 verborum
3244 2510 3523 2566 intellectu

1930 2592 2112 2658 rudis,
2135 2593 2231 2648 sed
2274 2593 2578 2649 rudimenta
2607 2595 2892 2665 explorans
2932 2612 3052 2652 mea
3099 2607 3319 2667 paterno
3340 2599 3519 2656 studio

1930 2695 1986 2739 et
2012 2685 2240 2755 benigna
2269 2702 2398 2741 cura
2421 2727 2436 2751 ,
2482 2687 2749 2756 quomodo
2792 2687 3045 2757 pteniteat
3078 2688 3279 2759 aliquid
3310 2689 3477 2744 Deum
3496 2732 3516 2758 ,

1933 2774 1985 2829 in
2014 2791 2119 2845 quo
2139 2777 2207 2830 sit
2247 2778 2421 2832 omnis
2463 2779 2818 2848 pra-scientia.
2842 2780 2953 2849 Ego
2983 2794 3110 2835 vero
3131 2822 3146 2847 ,
3177 2796 3299 2837 cum
3324 2781 3425 2837 hoc
3450 2783 3522 2839 de

1935 2866 2045 2921 Deo
2072 2866 2287 2934 dicitur,
2318 2867 2591 2938 indignum
2619 2868 2818 2938 aliquid
2860 2869 2967 2924 dici
3009 2870 3319 2937 arbitrarer,
3343 2872 3390 2928 si
3417 2873 3522 2927 ali.

1934 2958 2060 3028 quid
2090 2958 2307 3028 dignum
2340 2959 2666 3014 inveniretur
2688 2959 2827 3030 quod
2857 2959 2926 3015 de
2952 2960 3043 3017 illo
3069 2960 3355 3018 diceretur.
3386 2966 3521 3021 Cum

1934 3065 2061 3105 vero
2083 3053 2244 3105 verba
2268 3050 2465 3116 utituia,
2484 3051 2677 3120 quibus
2696 3050 2925 3105 humana
2937 3052 3200 3123 colloquia
3227 3069 3521 3111 conserun-

1935 3150 2022 3197 tur
2046 3144 2060 3173 ⁸
2083 3183 2099 3210 ,
2132 3142 2274 3197 illius
2301 3143 2621 3211 sempiterna
2650 3144 2818 3198 virtus
2840 3150 2896 3198 et
2921 3143 3169 3199 divinitas
3199 3148 3521 3204 mirabiliter

1933 3244 2092 3303 atque
2132 3234 2501 3289 incunctanter
2540 3235 2790 3301 excedat,
2818 3236 3073 3307 quidquid
3108 3238 3176 3294 de
3205 3238 3295 3293 illo
3324 3242 3517 3296 Imma-

1932 3329 2075 3383 niter
2102 3328 2329 3391 dicitur,
2362 3328 2505 3397 quod
2535 3330 2696 3382 etiam
2725 3328 3032 3385 hominibus
3077 3332 3411 3399 aspernabile
3439 3333 3520 3388 vi:

1934 3415 2144 3481 deatur,
2171 3416 2284 3484 ipsa
2314 3416 2537 3469 luuuaua
2568 3415 2885 3471 admonetur
2910 3416 3211 3482 inﬁrmitas,
3239 3420 3400 3476 etiam
3426 3422 3519 3477 illa

1933 3525 2052 3579 qua:
2076 3518 2431 3579 congruenter
2480 3509 2531 3561 in
2578 3507 2866 3579 Scripturis
2907 3510 3103 3564 sanctis
3138 3511 3204 3566 de
3249 3512 3356 3566 Deo
3380 3512 3519 3569 dicta

1935 3600 2225 3665 existimat,
2247 3600 2487 3653 humanae
2512 3599 2791 3669 capacitati
2806 3599 3011 3669 aptiora
3037 3616 3158 3657 esse
3192 3617 3352 3671 quam
3379 3603 3489 3658 divi
3506 3633 3519 3642 -

1935 3706 2019 3745 na:
2049 3690 2363 3744 sublimitati
2386 3705 2399 3752 ;
2425 3705 2487 3743 ac
2513 3704 2608 3758 per
2635 3692 2734 3745 hoc
2753 3691 2914 3744 etiam
2945 3690 3058 3760 ipsa
3089 3693 3515 3752 transcendenda

1933 3797 2054 3837 esse
2098 3781 2410 3837 screniore'
2458 3782 2767 3849 intellectu,
2807 3781 2948 3841 sicut
3002 3782 3100 3837 ista
3146 3784 3520 3857 qualicumque

1936 3879 2241 3926 transcensu
2268 3879 2412 3926 sunt.

2004 3963 2059 4016 2.
2113 3961 2243 4028 Quis
2296 3970 2380 4015 est
2429 3960 2572 4017 cnim
2619 3961 2931 4029 hominum,
2982 3966 3068 4019 cui
3121 3981 3227 4020 non
3269 3978 3518 4026 occurrat

1934 4054 1987 4108 iu
2016 4054 2122 4107 Deo
2145 4061 2332 4107 cuncta
2362 4052 2707 4122 praesciente,
2729 4054 3091 4123 ptenitentiam
3113 4070 3236 4112 esse
3261 4074 3367 4113 non
3389 4073 3517 4129 poo-

1932 4144 2024 4199 se?
2053 4143 2119 4197 Et
2138 4154 2282 4198 certe
2305 4153 2478 4198 tamen
2513 4145 2626 4198 lucc
2653 4143 2759 4198 duo
2787 4145 2948 4199 verba
2966 4155 3110 4212 sunt,
3130 4149 3438 4214 poenitentia
3458 4159 3516 4208 et

1936 4234 2289 4305 prtescieutia,
2318 4248 2547 4303 quorum
2569 4234 2690 4303 quia
2721 4250 2884 4288 unum
2910 4250 3205 4305 congruere
3242 4239 3516 4297 credimus

1935 4325 2067 4388 Deo,
2097 4324 2150 4378 id
2176 4334 2258 4379 est
2281 4325 2665 4394 pnescientiam
2687 4365 2702 4389 ,
2736 4340 2991 4395 negamus
3018 4327 3070 4380 in
3101 4343 3167 4382 eo
3197 4344 3316 4384 esse
3338 4332 3513 4400 peni-

1934 4416 2171 4469 tentiam.
2191 4414 2323 4468 Cum
2350 4430 2476 4469 vero
2501 4416 2635 4469 alius
2666 4416 2945 4485 liquidiore
2970 4418 3393 4476 consideratione
3413 4425 3514 4481 ista

1932 4514 2265 4577 pertractans
2288 4545 2303 4571 ,
2333 4505 2602 4575 quaesierit
2628 4507 3074 4576 quemadmodqu
3118 4509 3200 4565 vel
3227 4513 3340 4581 ipsa
3368 4529 3510 4583 pra:-

1930 4597 2154 4651 seientia
2188 4598 2294 4651 Deo
2310 4606 2602 4667 congruat,
2626 4607 2681 4653 et
2704 4597 2965 4655 invenerit
2990 4599 3146 4670 hujus
3170 4605 3329 4660 etiam
3358 4608 3507 4665 verbi

1930 4689 2202 4743 notionetn
2240 4689 2379 4743 illius
2409 4689 2658 4744 ineffabili
2685 4689 2959 4745 divinitate
2980 4692 3134 4762 longe
3159 4694 3372 4765 lateque
3414 4712 3507 4753 su-

1931 4780 2139 4849 perari;
2170 4794 2275 4833 non
2306 4780 2529 4833 miratur
2555 4789 2838 4849 utrumque
2869 4780 2937 4835 de
2966 4782 3056 4836 illo
3089 4795 3308 4854 pr0pter
3332 4786 3504 4841 homi-

1932 4886 2027 4924 nes
2058 4869 2160 4925 dici
2210 4870 2481 4940 potuisse,
2511 4869 2577 4924 de
2620 4885 2726 4941 quo
2768 4880 3049 4941 utrumque
3097 4885 3311 4944 propter
3334 4875 3506 4945 ipsum

1931 4963 2218 5030 incongrue
2246 4960 2526 5015 diceretur.
2555 4960 2691 5029 Quid
2718 4971 2800 5017 est
2842 4964 2985 5018 enim
3016 4966 3342 5033 prtescientia
3367 5008 3380 5032 ,
3406 4969 3507 5023 nisi

1930 5054 2150 5109 scientia
2198 5052 2538 5108 futurorum?
2563 5053 2698 5121 Quid
2746 5063 2926 5111 autem
2976 5055 3205 5109 futurum
3243 5067 3325 5111 est
3354 5058 3463 5114 Deo
3488 5100 3504 5127 ,

1929 5146 2018 5215 qui
2046 5144 2222 5200 omnia
2270 5145 2665 5215 supergreditur
2707 5145 3060 5216 tempora?Si
3101 5147 3240 5200 enim
3286 5148 3506 5205 scientia

1928 5237 2025 5293 Dei
2072 5253 2160 5292 res
2208 5236 2352 5307 ipsas
2381 5236 2539 5292 habet
2560 5237 2598 5303 ί,
2627 5252 2732 5292 non
2758 5246 2880 5292 sunt
2914 5236 2963 5291 ei
2991 5234 3181 5291 futura:
3203 5278 3220 5305 ,
3240 5240 3336 5295 sed
3365 5259 3508 5312 pm-

1991 5458 2010 5492 ³
2032 5459 2108 5509 sic
2127 5465 2234 5508 Mss.
2251 5456 2371 5519 Editl
2392 5463 2573 5519 autem,
2596 5456 2903 5519 cutim
2916 5465 2935 5506 :
2950 5460 3005 5506 et
3022 5453 3145 5506 infra
3166 5455 3271 5508 loco
3288 5455 3507 5511 Ιιωηωιερ

1927 5518 2614 5590 “(.mebattuhupandtus.
2684 5518 2691 5519 “
2773 5576 2784 5589 ο
2854 5586 2887 5590 __
3148 5578 3159 5590 .

1991 5584 2013 5615 ³
2037 5590 2084 5630 tu
2110 5581 2270 5638 editis,
2293 5581 2513 5639 saniore;
2544 5592 2631 5641 pro
2652 5590 2749 5641 quo
2771 5581 2820 5627 in
2854 5586 2980 5638 uss,
2999 5581 3258 5632 sereniore.
3424 5622 3427 5623 ν

1993 5644 2011 5676 ι
2035 5643 2107 5692 sic
2129 5648 2234 5691 Mss.
2263 5648 2470 5705 excepto
2487 5653 2583 5705 uno
2600 5652 2630 5687 e
2648 5640 2881 5705 Vaticanis
2903 5642 2985 5705 Qui
3006 5654 3116 5691 cum
3139 5651 3254 5693 ante
3278 5642 3417 5692 editis
3438 5641 3507 5693 fo-

1928 5705 2088 5765 rebat,
2108 5717 2158 5754 in
2176 5700 2373 5753 mentio
2394 5700 2472 5751 res
2494 5700 2623 5763 ipsus
2642 5700 2796 5751 habet.

2970 5810 3223 5890 (βίης.)

3969 1118 3971 1225 l
