4000 6336
457 337 560 397 I39

456 459 655 514 mnes;
688 461 747 500 ac
787 460 822 516 p
855 462 881 501 r
911 446 1012 501 boe
1054 461 1159 500 non
1184 447 1296 516 jam
1329 443 1680 515 praescientia,
1706 442 1798 496 sed
1828 452 2033 496 tantum

442 539 675 595 scientia
700 538 806 592 dici
843 546 1038 607 potest.
1065 536 1123 592 Si
1150 544 1329 591 autem
1366 536 1504 590 sicut
1532 534 1583 588 in
1612 533 1799 588 ordine
1830 543 2038 603 tempo-

454 630 646 684 ralium
660 638 1049 698 creaturarum,
1073 628 1144 683 ita
1160 626 1361 697 etapud
1383 640 1503 681 eum
1525 623 1756 680 nondum
1773 634 1895 679 sunt
1921 638 2042 695 quae

456 725 631 774 toturn
677 731 833 786 sunt,
864 719 957 774 sed
1004 732 1066 774 ea
1108 717 1365 789 prmvenit
1412 716 1652 780 sciendo;
1686 716 1768 770 bis
1808 728 1935 785 ergo
1980 728 2043 769 ea

455 815 648 875 sentit,
686 826 792 864 uno
819 810 1029 880 quidem
1059 810 1219 865 modo
1257 809 1551 865 secundum
1577 808 1873 863 futurorum
1909 821 2043 876 pra:-

457 902 757 966 scientiam,
786 902 958 956 altero
986 915 1113 956 vero
1153 900 1445 954 secundum
1485 900 1827 969 praesentium
1871 896 2045 952 scien-

460 993 608 1046 tiam.
677 992 891 1062 Aliquid
940 1007 1069 1061 ergo
1116 991 1485 1061 temporaliter
1540 990 1746 1045 accedit
1807 988 2047 1044 scientiae

460 1083 554 1138 Dei
582 1084 643 1151 ις
685 1083 830 1154 quod
877 1082 1315 1137 absurdissimum
1362 1090 1520 1151 atque
1549 1080 1888 1136 falsissimum
1941 1089 2043 1134 est.

458 1175 576 1231 Nec
600 1175 745 1232 enim
775 1183 952 1246 potest
978 1189 1098 1243 qua:
1131 1182 1353 1227 ventura
1397 1172 1681 1243 praenoscit
1723 1186 1882 1226 nosse
1923 1184 2046 1225 cum

460 1268 748 1333 venerint;
775 1265 879 1321 nisi
903 1265 984 1320 bis
1019 1265 1393 1319 innotescant’
1413 1305 1428 1329 ,
1457 1273 1510 1317 et
1540 1261 1923 1333 przenoscendo
1948 1277 2048 1315 an-

456 1367 679 1427 tequam
708 1359 846 1423 sint,
873 1366 928 1412 et
950 1356 1328 1427 cognoscendo
1344 1370 1471 1410 cum
1493 1355 1602 1423 jam
1633 1362 1775 1407 sunt.
1803 1353 1880 1407 Ita
1906 1351 1964 1406 iit
1991 1359 2051 1405 ut

468 1447 647 1521 (quod
675 1448 832 1519 longe
872 1464 903 1501 a
934 1448 1170 1503 veritate
1212 1448 1479 1501 seclusum
1523 1445 1642 1516 est.)
1691 1445 2050 1515 temporaliter

461 1539 661 1611 aliquid
706 1538 926 1595 accedat
970 1537 1207 1594 scientia:
1259 1538 1387 1604 Dei,
1430 1552 1551 1591 cum
1591 1536 1902 1606 temporalia
1933 1551 2051 1603 qua:

469 1633 825 1701 praasciuntur
872 1631 1035 1687 etiam
1087 1631 1367 1699 praesentia
1416 1630 1753 1694 sentiuntur,
1784 1643 1900 1697 qua:
1946 1642 2052 1679 non

462 1722 835 1778 sentiebantur
858 1732 1145 1791 antequam
1163 1719 1372 1784 ﬁerent,
1390 1720 1483 1774 sed
1519 1719 1887 1772 tantummodo
1912 1732 2047 1785 prae-

466 1815 792 1871 scicbantur.
836 1815 894 1871 Si
937 1814 1249 1868 veroetiam
1297 1828 1419 1867 cum
1451 1812 1728 1875 venerint,
1761 1826 1879 1881 qum
1911 1824 2051 1878 pra:-

465 1906 776 1962 seiebantttr
818 1914 1208 1967 esse-ventura,
1238 1902 1369 1956 nihil
1402 1902 1523 1955 novi
1550 1902 1771 1955 accedet
1815 1900 2054 1953 scientia:

467 2000 599 2068 Dei,
630 1998 727 2055 sed
760 1999 996 2053 manebLt
1050 1996 1137 2051 illa
1179 1996 1507 2067 praescientia
1550 1996 1687 2048 sicut
1733 2001 1847 2047 erat
1895 1992 2055 2045 etiam

471 2093 777 2162 priusquam
822 2092 1069 2145 venirent
1113 2103 1235 2159 quae
1290 2087 1737 2157 przrsciebantur;
1790 2082 2057 2153 quomodo

465 2185 575 2253 jam
624 2183 956 2252 prmscientia
1004 2181 1214 2234 dicetur
1233 2220 1248 2245 ,
1279 2177 1492 2248 quando
1527 2191 1634 2230 non
1659 2184 1743 2229 est
1769 2189 1945 2228 rerum
1977 2173 2062 2225 fu-

472 2284 710 2328 turarum
731 2273 755 2327 τ
778 2272 897 2327 Jam
926 2272 1069 2327 enim
1109 2268 1391 2340 praesentia
1412 2275 1546 2323 sunt
1586 2284 1704 2336 qua:
1733 2266 1903 2318 futura
1936 2279 2057 2317 cer-

473 2363 634 2420 nebat
654 2402 671 2429 ,
698 2370 756 2420 et
793 2362 951 2433 paulo
984 2369 1111 2432 post
1135 2367 1293 2415 erunt
1331 2358 1615 2427 praeterita.
1648 2354 2058 2410 -l’ra:teritarutn

471 2465 652 2511 autem
691 2468 908 2520 rerum,
933 2452 1070 2507 sicut
1110 2452 1491 2521 praesentium,
1524 2449 1669 2502 nullo
1709 2446 1867 2501 modo
1892 2454 2063 2516 potest

470 2549 580 2606 dici
611 2548 963 2620 praascientia.
987 2545 1210 2601 Reditur
1236 2558 1366 2614 ergo
1390 2542 1455 2597 ad
1484 2542 1557 2608 id,
1585 2552 1641 2594 ut
1661 2541 1751 2594 liat
1779 2539 1935 2594 rebus
1949 2539 2061 2609 jam

475 2639 828 2712 praesentibus
871 2636 1266 2706 scientia,qa:n
1303 2633 1503 2689 eisdem
1546 2632 1707 2686 rebus
1733 2630 1922 2685 futuris
1949 2638 2065 2683 erat

476 2731 808 2802 (ms-scientia
836 2747 849 2783 :
875 2738 929 2784 et
967 2741 1089 2783 cum
1123 2742 1187 2781 ea
1213 2742 1332 2796 quze
1360 2721 1695 2795 pra'scientia
1726 2730 1839 2775 erat
1877 2720 2021 2790 prius
2042 2759 2061 2787 ,

477 2833 659 2895 postea
689 2822 908 2880 Ieiunia
936 2821 1028 2876 [lat
1063 2819 1116 2874 in
1149 2818 1277 2885 Deo,
1296 2816 1525 2872 admittit
1565 2811 1964 2868 mutabilitatem
2011 2819 2067 2867 et

477 2914 787 2986 tamporalis
800 2923 1039 2979 est;cum
1070 2909 1141 2965 sit
1167 2909 1329 2974 Dens,
1350 2908 1438 2978 qui
1469 2920 1595 2961 vere
1609 2917 1921 2972 summeque
1947 2909 2030 2955 est
2048 2940 2063 2965 ,

476 3024 580 3064 nec
608 3007 713 3062 ulia
751 3021 820 3063 es
855 3016 1007 3075 parte
1039 3001 1307 3058 mutabilis
1332 3040 1347 3064 ,
1387 3014 1487 3054 nec
1528 2998 1636 3051 ullo
1683 3004 1827 3050 motu
1867 2994 2068 3049 novitio

475 3098 807 3171 temporalis.
826 3097 1007 3152 Placet
1033 3109 1162 3166 ergo
1187 3105 1246 3147 ιιι
1274 3106 1380 3146 non
1410 3090 1647 3145 dicamus
1678 3084 2067 3157 praescientiam

478 3187 574 3247 Dei
597 3229 615 3255 ,
641 3186 737 3244 sed
779 3185 1145 3244 tantummodo
1179 3184 1457 3238 Scientiam
1491 3198 1505 3234 :
1533 3194 1832 3249 quazramns
1876 3187 1930 3231 et
1966 3175 2068 3231 boc

477 3280 769 3353 qttonnido.
799 3278 915 3336 Non
940 3278 1084 3333 enim
1115 3274 1391 3331 scientiam
1429 3271 1664 3327 solemus
1692 3269 1870 3323 dicere
1900 3269 1949 3321 in
1975 3283 2068 3321 no-

474 3371 585 3438 bis,
612 3369 715 3426 nisi
736 3383 859 3425 cum
880 3380 1037 3424 sensa
1060 3374 1116 3423 ct
1140 3365 1408 3420 intellecta
1451 3361 1708 3416 memoria
1740 3360 2066 3423 retinemus;
2116 3410 2123 3411 ,

477 3477 602 3519 eum
628 3460 967 3518 meminimus
990 3456 1190 3527 aliquid
1215 3456 1447 3510 sensisse
1470 3468 1566 3506 nos
1597 3452 1678 3505 vel
1709 3449 1970 3503 itilcllcxis
2000 3462 2067 3513 c,

480 3566 543 3613 ut
571 3557 624 3612 id
643 3570 765 3612 cttm
788 3555 1035 3611 volumus
1050 3552 1372 3607 recolamns.
1405 3547 1558 3615 Quod
1582 3546 1625 3600 si
1653 3546 1721 3598 ita
1755 3546 1804 3597 iu
1833 3545 1939 3597 Deo
1965 3551 2066 3607 est,

481 3651 738 3723 utpossit
785 3647 999 3720 preprie
1046 3643 1186 3710 dici,
1221 3642 1469 3711 lutelligit
1495 3648 1550 3694 et
1590 3638 1879 3700 itcllexit,
1911 3642 2073 3689 sentit

480 3751 541 3797 et
562 3741 765 3804 sensit;
792 3737 1025 3792 admittit
1066 3744 1307 3804 tempus,
1353 3743 1408 3787 et
1454 3731 1689 3799 subrepit
1732 3729 2073 3782 nihilominus

484 3833 574 3888 ilia
619 3828 975 3889 mutabilius,
1018 3824 1325 3897 qttaz'longe
1366 3838 1398 3877 a
1430 3821 1522 3876 Dei
1569 3819 1862 3875 substantia
1893 3833 2069 3873 remo-

476 3922 655 3978 venda
684 3928 786 3977 est.
828 3919 895 3974 Et
938 3928 1116 3972 tamen
1152 3927 1208 3970 et
1236 3914 1338 3968 scit
1381 3913 1519 3967 Deus
1544 3952 1559 3976 ,
1589 3921 1641 3967 et
1678 3909 1893 3980 prsescit
1936 3909 2075 3963 Deus

485 4013 739 4072 ineﬂ'abiii
768 4011 929 4068 modo
958 4027 973 4067 :
1001 4010 1081 4065 sic
1108 4023 1230 4063 eum
1256 4018 1309 4063 et
1349 4006 1568 4077 pmnitct
1609 4002 1860 4059 ineli‘abili
1892 4002 2071 4055 modo.

488 4112 621 4166 Cum
645 4107 789 4162 enim
815 4104 1035 4160 scientia
1060 4102 1152 4157 Dei
1178 4101 1335 4170 longe
1359 4099 1514 4152 distet
1544 4098 1609 4151 ab
1636 4097 1865 4151 bumana
1897 4093 2074 4149 scien-

477 4204 584 4266 =tia,
614 4202 685 4256 ita
722 4209 781 4255 ut
821 4196 1087 4253 irridenda
1130 4196 1201 4249 sit
1218 4191 1579 4262 comparatio,
1624 4202 1846 4259 utraque
1898 4200 2074 4243 tamen
2130 4184 2131 4187 “

491 4294 713 4351 scicntia
738 4300 957 4346 vocatur
983 4306 998 4343 :
1026 4297 1078 4344 et
1120 4285 1236 4342 lucc
1283 4285 1496 4357 quidem
1541 4286 1768 4336 humana
1814 4281 1932 4335 talis
1960 4292 2071 4344 est,

490 4400 549 4445 ut
571 4390 713 4444 dicat
752 4385 820 4441 de
846 4384 933 4439 illa
966 4380 1254 4453 Apostolus
1297 4383 1458 4435 etiam
1484 4419 1499 4442 ,
1534 4375 1762 4431 Scientia
1793 4375 2075 4427 destruetur

493 4482 535 4551 (t
564 4480 682 4535 Cor.
713 4492 826 4545 snt,
846 4476 927 4545 8);
945 4474 1085 4545 quod
1113 4473 1260 4528 nullo
1287 4470 1446 4525 modo
1477 4479 1619 4523 recte
1647 4467 1713 4521 de
1737 4467 1955 4520 scientia
1983 4464 2075 4519 Dei

493 4574 594 4629 dici
624 4578 818 4642 potest.
848 4569 939 4623 Sic
967 4576 1023 4623 et
1043 4568 1121 4621 ira
1142 4564 1373 4619 hominis
1404 4563 1608 4618 turbida
1637 4569 1718 4615 est
1746 4568 1799 4615 et
1820 4575 1927 4614 non
1962 4558 2077 4612 sine

491 4685 538 4721 Cl
554 4664 728 4719 nciatu
755 4660 917 4715 animi
944 4678 955 4712 :
979 4659 1058 4713 ira
1081 4672 1211 4713 vero
1232 4654 1429 4723 Dei,dc
1446 4672 1548 4725 qua
1565 4655 1758 4709 dicitur
1774 4654 1823 4706 in
1841 4653 2080 4723 Evange-

502 4775 586 4822 uo,
604 4756 709 4812 Sed
725 4756 803 4810 ira
826 4753 917 4808 Dei
944 4760 1111 4807 manet
1131 4767 1283 4822 super
1307 4748 1613 4820 εωημοιιη.
1638 4763 1714 4805 nt.
1737 4747 1853 4817 '56);
1870 4754 1923 4800 et
1940 4749 2077 4816 Apo-

500 4852 686 4914 stolus,
723 4844 984 4902 Ructatur
1002 4841 1133 4898 enini
1155 4844 1232 4896 ira
1257 4841 1346 4896 Dei
1372 4841 1435 4894 de
1453 4840 1575 4894 cazlo
1593 4856 1742 4907 super
1770 4856 1964 4892 omnem
1986 4840 2081 4890 im-

503 4945 732 5010 pietatem
771 4935 955 5008 (Rom.
984 4949 1038 5000 ι,
1065 4932 1195 5005 18);
1225 4932 1317 4987 illo
1365 4932 1419 4986 in
1469 4930 1846 5002 tranquillitate
1884 4929 2081 4999 jugiter

500 5038 767 5094 manente,
781 5026 835 5099 in
863 5033 1108 5080 creatura
1134 5022 1343 5078 subdita
1362 5033 1576 5077 exercet
1597 5020 1893 5075 admirabili
1917 5022 2077 5092 acqui-

501 5133 609 5176 tate
649 5118 955 5176 vindictam.
986 5114 1345 5172 Misericordia
1390 5129 1601 5184 quoque
1651 5112 1879 5165 hominis
1921 5112 2079 5165 habet

503 5210 811 5267 nonnullam
834 5207 1011 5266 θοι-αἱς
1036 5205 1325 5272 miseriam,
1350 5203 1493 5259 unde
1530 5204 1689 5259 etiam
1721 5204 1771 5256 in
1798 5203 1954 5256 latina
1981 5202 2081 5256 lin-

505 5315 602 5368 mla
637 5314 831 5357 nomen
866 5290 1105 5370 accepit:
1136 5313 1257 5353 nam
1288 5296 1411 5351 inde
1439 5303 1522 5351 est
1556 5296 1716 5350 etiam
1740 5335 1754 5359 ,
1786 5293 1927 5364 quod
1973 5311 2078 5348 non

504 5382 675 5448 solum
700 5391 931 5463 gaudere
950 5404 1071 5445 cum
1097 5388 1468 5460 gaudentibus,
1494 5384 1588 5440 sed
1615 5386 1772 5439 etiam
1802 5382 1929 5439 ﬂere
1958 5399 2077 5437 cum

507 5484 757 5542 ﬂentibus
783 5482 1025 5538 hortatur
1037 5480 1323 5551 Apostolus
1342 5476 1454 5551 (Id.
1486 5476 1713 5547 “1.55).
1740 5477 1868 5545 Quis
1903 5480 2079 5530 autem

574 5641 591 5673 ι
617 5645 746 5698 ιιι,
771 5632 950 5689 accidit
965 5630 1178 5698 sciantur
1199 5632 1305 5698 Dei.
1326 5640 1382 5686 Et
1403 5632 1527 5686 intra
1549 5631 1752 5692 habent,
1770 5630 1979 5695 accidat,
1999 5648 2082 5686 aer

510 5701 672 5763 ridet;
694 5695 819 5766 loco,
839 5696 1055 5766 accedat,
1082 5695 1295 5766 accedet.

572 5768 591 5796 ³
612 5757 664 5813 ui
682 5757 847 5812 codice
870 5758 1195 5811 vetustisimo
1213 5757 1510 5818 Corbciensi,
1530 5758 1805 5808 innatast-(1:.

1006 332 1110 388 ’ΒΕ
1150 330 1457 387 DlVEitSIS
1494 327 2005 396 QUJSSTIONIBUS
2044 329 2133 382 AD
2172 324 2678 397 SIMPLlClANUSi,
2719 331 2774 386 S.
2818 330 3189 388 AUGUSTINI

3634 336 3736 392 tto

2079 512 2083 516 ἢ
2149 455 2280 495 sano
2322 443 2494 512 capite
2522 444 2710 499 dixerit
2734 488 2748 509 ,
2782 445 2887 499 ulla
2924 447 3133 501 miseria
3172 447 3311 518 tangi
3339 447 3503 504 Deum
3526 449 3551 504 ‘t
3575 466 3734 521 quem

2129 540 2324 587 'tamen
2353 534 2545 605 ubique
2584 534 2855 606 Scriptura
2892 538 3290 593 misericordem
3332 554 3451 595 esse
3488 549 3738 596 testatur.

2132 623 2224 679 rlta
2253 627 2421 681 zelum
2450 627 2738 682 humanum
2768 647 2871 683 non
2921 630 3037 685 sine
3078 639 3227 700 peste
3277 631 3461 686 livoris
3486 633 3737 704 intelligi-

2132 730 2273 770 'mus
2295 734 2310 770 :
2330 718 2587 772 zelantem
2616 734 2744 774 vero
2767 719 2931 774 Deum
2956 736 3061 774 non
3090 722 3158 774 ita
3177 762 3192 787 ,
3222 720 3315 775 sed
3337 721 3526 777 eodem
3550 724 3739 789 verbo,

2152 822 2260 861 non
2288 807 2477 863 eodem
2511 808 2687 863 modo.

2220 897 2540 969 3..Longmn
2568 911 2651 954 est
2675 915 2983 970 percurrere
3011 911 3201 956 canera
3223 944 3237 967 ,
3263 910 3317 957 et
3342 912 3466 957 sunt
3488 903 3740 959 innume-

2151 991 2335 1046 rabilia
2366 992 2558 1061 quibus
2582 992 2879 1047 ostenditur
2898 994 3064 1047 multa
3087 995 3261 1048 divina
3293 993 3482 1049 iisdem
3510 996 3745 1050 nomini-

2151 1079 2250 1135 bus
2273 1082 2531 1151 appellari
2557 1084 2747 1151 quibus
2791 1082 3020 1137 humana
3041 1126 3056 1149 ,
3083 1100 3203 1139 cum
3232 1086 3630 1155 incomparabili
3658 1088 3746 1142 di-

2152 1172 2401 1226 versitate
2425 1173 2663 1243 seiuncta
2693 1175 2795 1228 sint
2822 1190 2953 1229 :nec
2983 1185 3161 1229 tamen
3193 1176 3385 1231 frustra
3408 1178 3594 1233 eadem
3622 1189 3751 1233 sunt

2134 1264 2311 1320 rebus
2333 1268 2569 1335 utrisque
2596 1266 2759 1320 indita
2788 1266 3080 1333 vocabula,
3113 1268 3213 1322 nisi
3239 1269 3359 1339 quia
3387 1269 3499 1323 haec
3532 1271 3747 1340 cognita

2153 1373 2272 1427 qua:
2295 1357 2347 1411 in
2394 1358 2701 1427 quotidiana
2740 1359 3125 1413 consuetudine
3169 1372 3468 1427 versantur,
3500 1372 3556 1418 et
3582 1378 3752 1432 espe-

2150 1448 2397 1502 rimentis
2422 1448 2788 1504 usitatioribus
2827 1450 3193 1519 innotescunt,
3229 1453 3535 1507 nonnullam
3570 1454 3642 1507 ad
3667 1456 3753 1508 in-

2157 1538 2437 1608 telligenda
2499 1539 2586 1594 illa
2633 1541 2878 1595 sublimia
2925 1542 3165 1611 przebent
3212 1544 3373 1597 viam.
3423 1544 3555 1599 Cum
3604 1545 3750 1600 enim

2154 1627 2437 1699 dempsere
2456 1630 2523 1685 de
2540 1630 2768 1684 humana
2791 1632 3011 1686 scientia
3043 1633 3470 1701 mutabilitatem,
3492 1644 3545 1689 et
3562 1644 3754 1690 trans-

2158 1717 2263 1772 itus
2287 1718 2546 1788 quosdam
2578 1734 2607 1773 a
2653 1720 2975 1790 cogitatione
2996 1719 3048 1774 in
3074 1718 3450 1790 cogitationem
3472 1764 3486 1786 .
3514 1738 3632 1778 cum
3661 1740 3755 1779 re-

2157 1808 2401 1873 colimus,
2430 1817 2489 1863 ut
2516 1823 2799 1864 cernamus
2838 1812 3020 1865 animo
3060 1812 3204 1882 quod
3244 1813 3295 1866 in
3349 1816 3587 1868 contuitu
3632 1815 3756 1884 ejus

2160 1899 2320 1968 paulo
2346 1908 2470 1953 ante
2518 1915 2621 1953 non
2670 1909 2821 1967 erat,
2853 1911 3013 1972 atque
3053 1902 3122 1956 ita
3174 1902 3241 1958 de
3270 1914 3431 1973 parte
3460 1906 3509 1957 in
3544 1915 3752 1974 partem

2142 1991 2364 2047 crebris
2408 1991 2870 2047 recordationibus
2907 1995 3273 2061 transilimus;
3307 1998 3444 2053 unde
3486 1999 3642 2052 etiam
3680 2015 3752 2053 ex

2162 2094 2314 2154 parte
2340 2083 2470 2140 dicit
2494 2099 2613 2139 esse
2638 2085 2927 2155 Apostolus
2969 2097 3204 2144 nostram
3232 2090 3507 2145 scientiam
3535 2091 3591 2163 (Ι
3625 2091 3753 2145 Cor.

2161 2190 2254 2228 xm
2281 2217 2295 2240 ,
2327 2175 2384 2246 9)
2419 2190 2577 2228 :cnm
2621 2191 2749 2244 ergo
2796 2176 2911 2231 iure
2973 2188 3163 2233 cuncta
3207 2179 3509 2247 detraxero,
3552 2192 3607 2236 et
3669 2168 3777 2236 re:

2164 2266 2370 2334 lipicro
2414 2267 2579 2319 Solam
2628 2268 2960 2322 vivacitatem
3032 2278 3191 2325 certa:
3254 2280 3412 2341 atque
3467 2273 3762 2327 inconcus-

2154 2373 2238 2413 ευ
2268 2357 2503 2411 veritatis
2559 2374 2659 2412 una
2712 2370 2871 2431 atque
2924 2370 3121 2415 :nterna
3151 2364 3596 2435 contemplatione
3617 2382 3764 2419 cnn-

2164 2458 2246 2503 eta
2290 2448 2767 2514 lustrantis‘;imo
2810 2467 2914 2504 non
2954 2451 3255 2521 reliquero,
3306 2470 3409 2508 non
3464 2455 3605 2509 enim
3657 2457 3764 2510 lia-

2167 2539 2253 2593 bet
2299 2539 2400 2594 boc
2446 2538 2676 2594 humana
2735 2542 2992 2609 scicntia,
3045 2543 3139 2597 sed
3202 2561 3300 2614 pro
3366 2547 3569 2601 viribus
3619 2549 3762 2619 cogi.

2168 2640 2379 2695 tnvero;
2438 2631 2739 2686 insinuatur
2785 2632 2916 2687 mihi
2986 2643 3273 2705 utcumque
3348 2637 3567 2692 scicntia
3614 2637 3760 2693 Dei:

2165 2721 2308 2793 quod
2352 2730 2528 2777 tamen
2574 2738 2810 2792 nomen,
2854 2740 2918 2779 ex
2966 2741 3048 2781 reo
3096 2728 3238 2797 quod
3297 2728 3513 2783 sciendo
3563 2729 3764 2799 aliquid

2168 2832 2274 2872 non
2297 2815 2425 2871 latet
2453 2816 2721 2871 hominem
2745 2858 2761 2884 ,
2795 2818 2964 2887 potuit
2988 2834 3107 2873 esse
3154 2820 3233 2873 rei
3263 2820 3475 2891 utrique
3519 2836 3766 2876 commu-

2168 2921 2256 2961 ne.
2278 2911 2587 2977 Quanquam
2611 2916 2664 2961 et
2694 2907 2744 2961 in
2795 2908 2922 2977 ipsis
2948 2908 3249 2964 hominibus
3295 2912 3433 2965 solet
3468 2909 3695 2965 discerni
3718 2927 3759 2967 τι

2166 3000 2427 3067 δίιιιὶθιιιίει
2455 3000 2707 3066 scientia,
2739 3008 2796 3053 ut
2823 3000 2983 3055 etiam
3012 3001 3300 3072 Apostolus
3321 3001 3481 3069 dicit,
3510 3001 3611 3055 Atii
3637 3003 3764 3072 qui-

2156 3093 2285 3147 dem
2335 3109 2424 3161 per
2454 3092 2705 3161 Spiritum
2744 3092 2896 3145 datur
2934 3109 3098 3146 sermo
3135 3094 3425 3164 sapientia,
3475 3095 3564 3149 alii
3592 3107 3764 3149 sermo

2164 3185 2393 3238 scientia:
2436 3184 2707 3236 secundum
2767 3182 2995 3237 eumdem
3038 3183 3292 3254 Spiritum
3333 3183 3468 3253 (Id.
3522 3201 3627 3250 xu,
3656 3183 3713 3257 8)
3742 3176 3764 3239 ἰ

2160 3273 2225 3329 -in
2259 3276 2368 3329 Deo
2396 3284 2573 3328 autem
2603 3274 2850 3328 nimirum
2874 3289 2976 3328 non
2999 3286 3122 3328 sunt
3150 3274 3263 3328 lucc
3284 3275 3389 3328 duo
3410 3315 3424 3340 ,
3455 3276 3544 3330 sed
3573 3290 3763 3329 unum.

2176 3365 2242 3419 Et
2264 3366 2314 3418 in
2346 3363 2650 3418 hominibus
2676 3364 2887 3434 quidem
2931 3364 3044 3419 lucc
3070 3365 3137 3418 ita
3164 3366 3392 3420 discerni
3423 3365 3771 3436 probabiliter

2174 3459 2382 3523 Solent,
2415 3465 2471 3510 ut
2491 3456 2749 3528 sapientia
2783 3455 3044 3524 pertineat
3080 3455 3144 3510 ad
3174 3457 3497 3511 intellectum
3528 3466 3768 3511 aeterno-

2174 3563 2324 3614 rum,
2356 3547 2573 3602 scientia
2603 3562 2730 3601 vero
2756 3547 2821 3600 ad
2842 3561 2902 3601 ea
2925 3563 3042 3617 qua:
3068 3548 3313 3602 sensibus
3333 3549 3577 3619 corporis
3601 3564 3773 3618 espe-

2176 3641 2361 3695 rimur.
2406 3638 2513 3693 Sed
2562 3639 2684 3693 licet
2724 3640 2859 3693 alius
2900 3640 3056 3693 aliam
3098 3640 3444 3695 diﬂ'erentiam
3493 3640 3768 3711 proferat,

2176 3733 2276 3786 1ιίθί
2322 3741 2496 3785 tamen
2540 3731 2748 3785 diversa
2781 3739 2991 3797 essent,
3026 3748 3129 3785 non
3162 3733 3240 3787 sic
3282 3733 3348 3787 ab
3376 3733 3630 3802 Apostolo
3654 3734 3773 3789 dis-

2177 3808 2563 3892 tiugttcrcntur.
2594 3822 2744 3889 Quod
2779 3837 2910 3876 sane
2948 3822 2991 3875 si
3039 3824 3106 3875 ita
3134 3831 3250 3888 est,
3279 3833 3335 3877 ut
3354 3840 3552 3878 nomen
3583 3826 3773 3880 scien-

2175 3915 2262 3970 tiae
2285 3916 2442 3970 rebus
2468 3930 2601 3984 quas
2624 3930 2719 3985 per
2745 3930 2934 3969 sensus
2954 3917 3195 3985 corporis
3221 3918 3525 3987 experimur
3542 3960 3558 3983 ,
3589 3918 3767 3987 depu-

2179 4016 2343 4061 tatum
2369 4006 2469 4072 sit;
2512 4007 2652 4060 nulla
2680 4014 2763 4060 est
2807 4008 3026 4061 omnino
3069 4009 3289 4062 scientia
3317 4008 3427 4062 Dei.
3469 4003 3581 4063 Non
3610 4010 3763 4071 enim

2179 4097 2318 4152 Deus
2346 4113 2439 4166 per
2466 4111 2524 4150 se
2563 4098 2737 4166 ipsum
2768 4113 2833 4152 ex
2865 4112 3089 4167 corpore
3118 4109 3172 4153 et
3196 4100 3373 4154 anima
3400 4110 3628 4165 constat,
3655 4100 3772 4155 sic-

2176 4199 2234 4245 ut
2262 4189 2442 4243 Itomo.
2510 4189 2617 4245 Sed
2664 4191 2852 4244 melius
2907 4188 3100 4245 dicitur
3131 4191 3288 4245 aliam
3334 4207 3454 4247 esse
3490 4176 3770 4253 scientiam

2181 4279 2307 4344 Dei,
2338 4291 2391 4336 et
2422 4297 2525 4336 non
2557 4281 2794 4352 ejusdem
2814 4282 3025 4353 generis
3044 4323 3062 4349 ,
3091 4283 3241 4351 cujus
3271 4282 3373 4359 ista.
3399 4293 3481 4338 est
3507 4300 3625 4354 qua:
3667 4268 3773 4349 bo;

2184 4375 2386 4427 mitium
2413 4373 2607 4428 dicitur
2640 4390 2653 4426 :
2688 4374 2821 4427 sicut
2848 4374 3006 4428 etiam
3035 4372 3262 4443 idipsum
3291 4374 3430 4444 quod
3461 4375 3600 4429 Deus
3623 4373 3773 4428 dici-

2183 4474 2303 4529 tur,
2359 4464 2516 4534 longe
2552 4464 2692 4517 aliud
2720 4473 2831 4526 est,
2868 4480 3025 4534 quam
3073 4465 3519 4534 quemadmodum
3566 4466 3774 4523 dictum

2172 4564 2260 4609 est
2290 4555 2410 4625 quia
2455 4555 2587 4608 stetit
2620 4555 2672 4607 in
2718 4571 2976 4626 synagoga
3021 4554 3229 4609 deorum
3254 4555 3422 4626 (Psal.
3451 4572 3648 4623 unt,
3684 4558 3766 4625 i).

2184 4644 2382 4699 Tamen
2422 4644 2487 4698 ad
2518 4660 2622 4698 non
2652 4645 2818 4699 latere
2846 4660 3058 4715 quoquo
3085 4646 3242 4699 modo
3272 4647 3498 4716 pertinet
3520 4662 3737 4701 commu
3756 4675 3777 4688 ο

2185 4737 2377 4792 nicatio
2416 4738 2529 4808 ipsa
2573 4739 2838 4793 Vocabuli.
2874 4738 2963 4793 Sic
3004 4739 3164 4794 etiam
3195 4738 3261 4794 de
3292 4739 3366 4794 ira
3407 4739 3637 4796 hominis
3676 4742 3781 4797 de-

2180 4829 2337 4881 traho
2369 4829 2727 4882 tnrbulentum
2756 4840 2955 4882 motum
2979 4872 2993 4894 ,
3038 4840 3093 4883 ut
3120 4840 3389 4886 remaneat
3420 4831 3666 4887 vindictae
3691 4832 3778 4886 vi-

2186 4935 2310 4989 gor;
2340 4929 2502 4985 atque
2530 4920 2598 4972 ita
2652 4928 2937 4989 utemnqne
2978 4935 3199 4986 assurgo
3251 4921 3302 4973 in
3342 4923 3583 4976 notitiam
3626 4922 3778 4980 iiiius

2185 5027 2301 5079 qua:
2346 5012 2638 5079 appellatur
2664 5011 2739 5064 ira
2787 5011 2901 5065 Dei.
2935 5011 3064 5065 Item
3105 5011 3171 5068 de
3201 5013 3565 5069 misericordia
3603 5018 3648 5070 si
3677 5030 3780 5070 au-

2182 5101 2326 5155 feras
2346 5102 2768 5170 compassionem
2791 5143 2806 5165 ,
2828 5117 2948 5155 cum
2975 5120 3040 5156 eo
3076 5120 3230 5173 quem
3275 5105 3576 5165 misereris.
3606 5110 3779 5177 parti-

2189 5194 2375 5263 cipatis
2401 5194 2626 5249 miserim
2651 5195 2692 5257 ',
2712 5202 2771 5246 ut
2798 5206 3069 5248 remaneat
3091 5196 3368 5265 tranquilla
3401 5197 3609 5251 bonitas
3642 5199 3772 5253 sub—

2190 5283 2434 5338 veniendi
2471 5292 2525 5338 et
2568 5298 2596 5337 a
2648 5282 2858 5338 miseria
2907 5282 3197 5351 liberandi,
3245 5285 3541 5342 insinuatur
3578 5288 3781 5344 divina:

2190 5376 2566 5432 misericordia!
2602 5376 3001 5445 qualiscumque
3039 5377 3292 5447 cognitio.
3337 5379 3518 5436 Zetum
3563 5398 3781 5451 quoque

2192 5468 2281 5523 Dei
2326 5482 2431 5521 non
2471 5466 2808 5537 repudiemus
2836 5476 2891 5520 et
2933 5482 3316 5538 aspernemur,
3359 5486 3479 5525 eum
3517 5472 3779 5543 scriptum

2253 5645 2267 5676 ¹
2293 5644 2367 5693 sic
2390 5643 2614 5705 praecipui
2766 5649 2821 5705 At
2844 5643 2984 5704 editi,
3001 5642 3341 5698 cotlustrantis.

2245 5707 2271 5776 ξ
2296 5710 2349 5772 lu.
2367 5704 2579 5759 excusis,
2604 5717 2714 5753 cum
2734 5704 2860 5776 ejus,
2885 5718 3024 5765 quem
3065 5706 3357 5769 miserearis,
3388 5708 3708 5776 participans
3725 5727 3781 5768 es

2188 5765 2398 5817 miseria:
2426 5775 2706 5828 :corrnite,
2730 5768 2799 5815 nti
2825 5765 2978 5830 liquet
3003 5782 3066 5816 ex
3088 5778 3191 5818 .\.ss.
