  <div class='ocr_page' id='page_1' title='image "/cluster/home/n/w/nwhite01/storage/ocr_20150623/40/hvd.32044024147290/076.png"; bbox 0 0 4000 6336; ppageno 0'>
   <div class='ocr_carea' id='block_1_1' title="bbox 253 266 3526 359">
    <p class='ocr_par' dir='ltr' id='par_1_1' title="bbox 253 266 3526 359">
     <span class='ocr_line' id='line_1_1' title="bbox 253 266 3526 359; baseline -0.001 -21"><span class='ocrx_word' id='word_1_1' title='bbox 253 287 321 359; x_wconf 75' lang='lat' dir='ltr'><strong>tu</strong></span> <span class='ocrx_word' id='word_1_2' title='bbox 1573 279 1775 337; x_wconf 70' lang='lat' dir='ltr'><strong>Llltiilt</strong></span> <span class='ocrx_word' id='word_1_3' title='bbox 1814 273 2184 335; x_wconf 67' lang='lat' dir='ltr'><strong>accusatis.</strong></span> <span class='ocrx_word' id='word_1_4' title='bbox 3426 266 3526 334; x_wconf 59' lang='grc' dir='ltr'><strong>αις</strong></span> 
     </span>
    </p>
   </div>
   <div class='ocr_carea' id='block_1_2' title="bbox 256 393 1839 465">
    <p class='ocr_par' dir='ltr' id='par_1_2' title="bbox 256 393 1839 465">
     <span class='ocr_line' id='line_1_2' title="bbox 256 393 1839 465; baseline -0.002 -15"><span class='ocrx_word' id='word_1_5' title='bbox 256 396 525 452; x_wconf 79' lang='lat' dir='ltr'><strong>invenimus</strong></span> <span class='ocrx_word' id='word_1_6' title='bbox 555 395 574 429; x_wconf 80' lang='lat'>&#39;</span> <span class='ocrx_word' id='word_1_7' title='bbox 623 413 638 450; x_wconf 87' lang='lat'><strong>:</strong></span> <span class='ocrx_word' id='word_1_8' title='bbox 672 395 775 452; x_wconf 85' lang='lat' dir='ltr'><strong>sed</strong></span> <span class='ocrx_word' id='word_1_9' title='bbox 805 395 1111 452; x_wconf 77' lang='lat' dir='ltr'><strong>auferamus</strong></span> <span class='ocrx_word' id='word_1_10' title='bbox 1151 393 1220 449; x_wconf 89' lang='lat' dir='ltr'><strong>de</strong></span> <span class='ocrx_word' id='word_1_11' title='bbox 1250 394 1482 449; x_wconf 86' lang='lat' dir='ltr'><strong>humano</strong></span> <span class='ocrx_word' id='word_1_12' title='bbox 1528 395 1645 449; x_wconf 75' lang='lat' dir='ltr'><strong>zelo</strong></span> <span class='ocrx_word' id='word_1_13' title='bbox 1687 394 1839 465; x_wconf 87' lang='lat' dir='ltr'><strong>palli-</strong></span> 
     </span>
    </p>
   </div>
   <div class='ocr_carea' id='block_1_3' title="bbox 258 485 1834 554">
    <p class='ocr_par' dir='ltr' id='par_1_3' title="bbox 258 485 1834 554">
     <span class='ocr_line' id='line_1_3' title="bbox 258 485 1834 554; baseline -0.006 -10"><span class='ocrx_word' id='word_1_14' title='bbox 258 492 351 545; x_wconf 84' lang='lat' dir='ltr'><strong>dam</strong></span> <span class='ocrx_word' id='word_1_15' title='bbox 396 490 578 543; x_wconf 84' lang='lat' dir='ltr'><strong>tabem</strong></span> <span class='ocrx_word' id='word_1_16' title='bbox 626 488 874 553; x_wconf 86' lang='lat' dir='ltr'><strong>doloris,</strong></span> <span class='ocrx_word' id='word_1_17' title='bbox 929 498 983 543; x_wconf 90' lang='lat' dir='ltr'><strong>et</strong></span> <span class='ocrx_word' id='word_1_18' title='bbox 1039 486 1331 541; x_wconf 90' lang='lat' dir='ltr'><strong>morbidam</strong></span> <span class='ocrx_word' id='word_1_19' title='bbox 1387 485 1834 554; x_wconf 84' lang='lat' dir='ltr'><strong>perturbationem</strong></span> 
     </span>
    </p>
   </div>
   <div class='ocr_carea' id='block_1_4' title="bbox 259 577 1836 649">
    <p class='ocr_par' dir='ltr' id='par_1_4' title="bbox 259 577 1836 649">
     <span class='ocr_line' id='line_1_4' title="bbox 259 577 1836 649; baseline -0.007 -13"><span class='ocrx_word' id='word_1_20' title='bbox 259 581 430 644; x_wconf 82' lang='lat' dir='ltr'><strong>animi;</strong></span> <span class='ocrx_word' id='word_1_21' title='bbox 457 589 855 649; x_wconf 87' lang='lat' dir='ltr'><strong>remaneatque</strong></span> <span class='ocrx_word' id='word_1_22' title='bbox 904 578 1029 633; x_wconf 79' lang='lat' dir='ltr'><strong>iilud</strong></span> <span class='ocrx_word' id='word_1_23' title='bbox 1058 577 1229 632; x_wconf 92' lang='lat' dir='ltr'><strong>solum</strong></span> <span class='ocrx_word' id='word_1_24' title='bbox 1256 577 1543 645; x_wconf 84' lang='lat' dir='ltr'><strong>judicium,</strong></span> <span class='ocrx_word' id='word_1_25' title='bbox 1576 592 1683 645; x_wconf 84' lang='lat' dir='ltr'><strong>quo</strong></span> <span class='ocrx_word' id='word_1_26' title='bbox 1711 588 1836 630; x_wconf 81' lang='lat' dir='ltr'><strong>cor-</strong></span> 
     </span>
    </p>
   </div>
   <div class='ocr_carea' id='block_1_5' title="bbox 260 667 1838 746">
    <p class='ocr_par' dir='ltr' id='par_1_5' title="bbox 260 667 1838 746">
     <span class='ocr_line' id='line_1_5' title="bbox 260 667 1838 746; baseline -0.008 -14"><span class='ocrx_word' id='word_1_27' title='bbox 260 676 412 746; x_wconf 83' lang='lat' dir='ltr'><strong>ruptio</strong></span> <span class='ocrx_word' id='word_1_28' title='bbox 464 674 737 729; x_wconf 75' lang='lat' dir='ltr'><strong>castitatis</strong></span> <span class='ocrx_word' id='word_1_29' title='bbox 788 672 1049 740; x_wconf 79' lang='lat' dir='ltr'><strong>impunita</strong></span> <span class='ocrx_word' id='word_1_30' title='bbox 1098 686 1218 725; x_wconf 87' lang='lat' dir='ltr'><strong>esse</strong></span> <span class='ocrx_word' id='word_1_31' title='bbox 1265 685 1368 722; x_wconf 88' lang='lat' dir='ltr'><strong>non</strong></span> <span class='ocrx_word' id='word_1_32' title='bbox 1395 667 1616 729; x_wconf 84' lang='lat' dir='ltr'><strong>sinitur.</strong></span> <span class='ocrx_word' id='word_1_33' title='bbox 1668 674 1722 722; x_wconf 89' lang='lat' dir='ltr'><strong>et</strong></span> <span class='ocrx_word' id='word_1_34' title='bbox 1751 682 1838 719; x_wconf 85' lang='lat' dir='ltr'><strong>as-</strong></span> 
     </span>
    </p>
   </div>
   <div class='ocr_carea' id='block_1_6' title="bbox 259 757 1836 838">
    <p class='ocr_par' dir='ltr' id='par_1_6' title="bbox 259 757 1836 838">
     <span class='ocr_line' id='line_1_6' title="bbox 259 757 1836 838; baseline -0.009 -14"><span class='ocrx_word' id='word_1_35' title='bbox 259 768 506 838; x_wconf 82' lang='lat' dir='ltr'><strong>surgimus</strong></span> <span class='ocrx_word' id='word_1_36' title='bbox 549 775 609 818; x_wconf 91' lang='lat' dir='ltr'><strong>ut</strong></span> <span class='ocrx_word' id='word_1_37' title='bbox 662 762 989 834; x_wconf 79' lang='lat' dir='ltr'><strong>incipiamus</strong></span> <span class='ocrx_word' id='word_1_38' title='bbox 1034 762 1211 832; x_wconf 90' lang='lat' dir='ltr'><strong>aliquo</strong></span> <span class='ocrx_word' id='word_1_39' title='bbox 1239 760 1398 815; x_wconf 88' lang='lat' dir='ltr'><strong>modo</strong></span> <span class='ocrx_word' id='word_1_40' title='bbox 1434 773 1626 829; x_wconf 81' lang='lat' dir='ltr'><strong>capere</strong></span> <span class='ocrx_word' id='word_1_41' title='bbox 1662 757 1836 812; x_wconf 86' lang='lat' dir='ltr'><strong>zelum</strong></span> 
     </span>
    </p>
   </div>
   <div class='ocr_carea' id='block_1_7' title="bbox 262 861 360 916">
    <p class='ocr_par' dir='ltr' id='par_1_7' title="bbox 262 861 360 916">
     <span class='ocr_line' id='line_1_7' title="bbox 262 861 360 916; baseline -0.051 0"><span class='ocrx_word' id='word_1_42' title='bbox 262 861 360 916; x_wconf 83' lang='lat' dir='ltr'><strong>Dei.</strong></span> 
     </span>
    </p>
   </div>
   <div class='ocr_carea' id='block_1_8' title="bbox 318 940 1833 1020">
    <p class='ocr_par' dir='ltr' id='par_1_8' title="bbox 318 940 1833 1020">
     <span class='ocr_line' id='line_1_8' title="bbox 318 940 1833 1020; baseline -0.007 -15"><span class='ocrx_word' id='word_1_43' title='bbox 318 952 367 1005; x_wconf 73' lang='grc'><strong>4.</strong></span> <span class='ocrx_word' id='word_1_44' title='bbox 407 949 749 1020; x_wconf 81' lang='lat' dir='ltr'><strong>Quapropter</strong></span> <span class='ocrx_word' id='word_1_45' title='bbox 777 962 898 1001; x_wconf 92' lang='lat' dir='ltr'><strong>cum</strong></span> <span class='ocrx_word' id='word_1_46' title='bbox 921 944 1145 1015; x_wconf 81' lang='lat' dir='ltr'><strong>legimus</strong></span> <span class='ocrx_word' id='word_1_47' title='bbox 1169 943 1330 999; x_wconf 90' lang='lat' dir='ltr'><strong>etiam</strong></span> <span class='ocrx_word' id='word_1_48' title='bbox 1356 942 1524 998; x_wconf 91' lang='lat' dir='ltr'><strong>Deum</strong></span> <span class='ocrx_word' id='word_1_49' title='bbox 1544 940 1833 1005; x_wconf 90' lang='lat' dir='ltr'><strong>dicentem,</strong></span> 
     </span>
    </p>
   </div>
   <div class='ocr_carea' id='block_1_9' title="bbox 260 1030 1837 1107">
    <p class='ocr_par' dir='ltr' id='par_1_9' title="bbox 260 1030 1837 1107">
     <span class='ocr_line' id='line_1_9' title="bbox 260 1030 1837 1107; baseline -0.008 -9"><span class='ocrx_word' id='word_1_50' title='bbox 260 1042 463 1098; x_wconf 69' lang='lat' dir='ltr'><strong>Partim</strong></span> <span class='ocrx_word' id='word_1_51' title='bbox 482 1055 596 1105; x_wconf 80' lang='lat' dir='ltr'><strong>me;</strong></span> <span class='ocrx_word' id='word_1_52' title='bbox 632 1039 1038 1095; x_wconf 84' lang='lat' dir='ltr'><strong>consideremus</strong></span> <span class='ocrx_word' id='word_1_53' title='bbox 1061 1034 1203 1107; x_wconf 90' lang='lat' dir='ltr'><strong>quod</strong></span> <span class='ocrx_word' id='word_1_54' title='bbox 1231 1048 1352 1091; x_wconf 86' lang='lat' dir='ltr'><strong>esse</strong></span> <span class='ocrx_word' id='word_1_55' title='bbox 1379 1034 1547 1089; x_wconf 83' lang='lat' dir='ltr'><strong>soleat</strong></span> <span class='ocrx_word' id='word_1_56' title='bbox 1574 1033 1627 1088; x_wconf 92' lang='lat' dir='ltr'><strong>in</strong></span> <span class='ocrx_word' id='word_1_57' title='bbox 1662 1030 1837 1087; x_wconf 89' lang='lat' dir='ltr'><strong>homi-</strong></span> 
     </span>
    </p>
   </div>
   <div class='ocr_carea' id='block_1_10' title="bbox 259 1123 1839 1202">
    <p class='ocr_par' dir='ltr' id='par_1_10' title="bbox 259 1123 1839 1202">
     <span class='ocr_line' id='line_1_10' title="bbox 259 1123 1839 1202; baseline -0.009 -13"><span class='ocrx_word' id='word_1_58' title='bbox 259 1135 403 1190; x_wconf 84' lang='lat' dir='ltr'><strong>nibus</strong></span> <span class='ocrx_word' id='word_1_59' title='bbox 428 1145 567 1202; x_wconf 82' lang='lat' dir='ltr'><strong>opus</strong></span> <span class='ocrx_word' id='word_1_60' title='bbox 588 1128 905 1201; x_wconf 68' lang='lat' dir='ltr'><strong>prendendi.</strong></span> <span class='ocrx_word' id='word_1_61' title='bbox 938 1128 1126 1182; x_wconf 87' lang='lat' dir='ltr'><strong>Procul</strong></span> <span class='ocrx_word' id='word_1_62' title='bbox 1164 1125 1329 1181; x_wconf 87' lang='lat' dir='ltr'><strong>dubio</strong></span> <span class='ocrx_word' id='word_1_63' title='bbox 1360 1123 1625 1195; x_wconf 89' lang='lat' dir='ltr'><strong>reperitur</strong></span> <span class='ocrx_word' id='word_1_64' title='bbox 1653 1123 1839 1176; x_wconf 84' lang='lat' dir='ltr'><strong>volun-</strong></span> 
     </span>
    </p>
   </div>
   <div class='ocr_carea' id='block_1_11' title="bbox 257 1214 1834 1278">
    <p class='ocr_par' dir='ltr' id='par_1_11' title="bbox 257 1214 1834 1278">
     <span class='ocr_line' id='line_1_11' title="bbox 257 1214 1834 1278; baseline -0.008 0"><span class='ocrx_word' id='word_1_65' title='bbox 257 1232 329 1278; x_wconf 89' lang='lat' dir='ltr'><strong>tas</strong></span> <span class='ocrx_word' id='word_1_66' title='bbox 350 1219 632 1276; x_wconf 76' lang='lat' dir='ltr'><strong>mutandi&#39;</strong></span> <span class='ocrx_word' id='word_1_67' title='bbox 660 1236 676 1273; x_wconf 90' lang='lat'><strong>:</strong></span> <span class='ocrx_word' id='word_1_68' title='bbox 708 1218 803 1274; x_wconf 90' lang='lat' dir='ltr'><strong>sed</strong></span> <span class='ocrx_word' id='word_1_69' title='bbox 835 1218 889 1273; x_wconf 90' lang='lat' dir='ltr'><strong>in</strong></span> <span class='ocrx_word' id='word_1_70' title='bbox 914 1216 1131 1273; x_wconf 83' lang='lat' dir='ltr'><strong>homine</strong></span> <span class='ocrx_word' id='word_1_71' title='bbox 1165 1230 1288 1272; x_wconf 85' lang='lat' dir='ltr'><strong>cum</strong></span> <span class='ocrx_word' id='word_1_72' title='bbox 1317 1214 1505 1270; x_wconf 89' lang='lat' dir='ltr'><strong>dolore</strong></span> <span class='ocrx_word' id='word_1_73' title='bbox 1531 1214 1691 1269; x_wconf 89' lang='lat' dir='ltr'><strong>animi</strong></span> <span class='ocrx_word' id='word_1_74' title='bbox 1723 1224 1834 1277; x_wconf 91' lang='lat' dir='ltr'><strong>est;</strong></span> 
     </span>
    </p>
   </div>
   <div class='ocr_carea' id='block_1_12' title="bbox 255 1305 1837 1384">
    <p class='ocr_par' dir='ltr' id='par_1_12' title="bbox 255 1305 1837 1384">
     <span class='ocr_line' id='line_1_12' title="bbox 255 1305 1837 1384; baseline -0.007 -15"><span class='ocrx_word' id='word_1_75' title='bbox 255 1311 594 1384; x_wconf 77' lang='lat' dir='ltr'><strong>reprehendit</strong></span> <span class='ocrx_word' id='word_1_76' title='bbox 619 1310 765 1367; x_wconf 90' lang='lat' dir='ltr'><strong>enim</strong></span> <span class='ocrx_word' id='word_1_77' title='bbox 791 1310 848 1365; x_wconf 91' lang='lat' dir='ltr'><strong>in</strong></span> <span class='ocrx_word' id='word_1_78' title='bbox 870 1323 931 1365; x_wconf 89' lang='lat' dir='ltr'><strong>se</strong></span> <span class='ocrx_word' id='word_1_79' title='bbox 965 1307 1105 1380; x_wconf 89' lang='lat' dir='ltr'><strong>quod</strong></span> <span class='ocrx_word' id='word_1_80' title='bbox 1134 1316 1334 1363; x_wconf 84' lang='lat' dir='ltr'><strong>temere</strong></span> <span class='ocrx_word' id='word_1_81' title='bbox 1360 1305 1579 1363; x_wconf 90' lang='lat' dir='ltr'><strong>fecerat.</strong></span> <span class='ocrx_word' id='word_1_82' title='bbox 1612 1305 1837 1360; x_wconf 84' lang='lat' dir='ltr'><strong>Aufera-</strong></span> 
     </span>
    </p>
   </div>
   <div class='ocr_carea' id='block_1_13' title="bbox 256 1384 1838 1474">
    <p class='ocr_par' dir='ltr' id='par_1_13' title="bbox 256 1384 1838 1474">
     <span class='ocr_line' id='line_1_13' title="bbox 256 1384 1838 1474; baseline -0.008 -13"><span class='ocrx_word' id='word_1_83' title='bbox 256 1421 365 1461; x_wconf 85' lang='lat' dir='ltr'><strong>mus</strong></span> <span class='ocrx_word' id='word_1_84' title='bbox 388 1419 524 1474; x_wconf 85' lang='lat' dir='ltr'><strong>ergo</strong></span> <span class='ocrx_word' id='word_1_85' title='bbox 546 1404 670 1470; x_wconf 85' lang='lat' dir='ltr'><strong>ista,</strong></span> <span class='ocrx_word' id='word_1_86' title='bbox 688 1417 808 1473; x_wconf 69' lang='lat' dir='ltr'><strong>quae</strong></span> <span class='ocrx_word' id='word_1_87' title='bbox 829 1399 901 1457; x_wconf 89' lang='lat' dir='ltr'><strong>de</strong></span> <span class='ocrx_word' id='word_1_88' title='bbox 922 1399 1150 1455; x_wconf 87' lang='lat' dir='ltr'><strong>humana</strong></span> <span class='ocrx_word' id='word_1_89' title='bbox 1175 1384 1482 1455; x_wconf 81' lang='lat' dir='ltr'><strong>inﬁrmitate</strong></span> <span class='ocrx_word' id='word_1_90' title='bbox 1504 1406 1660 1467; x_wconf 85' lang='lat' dir='ltr'><strong>atque</strong></span> <span class='ocrx_word' id='word_1_91' title='bbox 1690 1396 1838 1467; x_wconf 85' lang='lat' dir='ltr'><strong>igno-</strong></span> 
     </span>
    </p>
   </div>
   <div class='ocr_carea' id='block_1_14' title="bbox 256 1487 1837 1559">
    <p class='ocr_par' dir='ltr' id='par_1_14' title="bbox 256 1487 1837 1559">
     <span class='ocr_line' id='line_1_14' title="bbox 256 1487 1837 1559; baseline -0.008 -7"><span class='ocrx_word' id='word_1_92' title='bbox 256 1496 416 1552; x_wconf 86' lang='lat' dir='ltr'><strong>rantia</strong></span> <span class='ocrx_word' id='word_1_93' title='bbox 440 1495 690 1559; x_wconf 81' lang='lat' dir='ltr'><strong>veniunt,</strong></span> <span class='ocrx_word' id='word_1_94' title='bbox 721 1501 777 1549; x_wconf 90' lang='lat' dir='ltr'><strong>et</strong></span> <span class='ocrx_word' id='word_1_95' title='bbox 799 1503 1073 1547; x_wconf 85' lang='lat' dir='ltr'><strong>remaneat</strong></span> <span class='ocrx_word' id='word_1_96' title='bbox 1098 1492 1271 1545; x_wconf 89' lang='lat' dir='ltr'><strong>solum</strong></span> <span class='ocrx_word' id='word_1_97' title='bbox 1293 1489 1430 1546; x_wconf 82' lang='lat' dir='ltr'><strong>velle</strong></span> <span class='ocrx_word' id='word_1_98' title='bbox 1454 1497 1513 1544; x_wconf 90' lang='lat' dir='ltr'><strong>ut</strong></span> <span class='ocrx_word' id='word_1_99' title='bbox 1535 1503 1641 1543; x_wconf 89' lang='lat' dir='ltr'><strong>non</strong></span> <span class='ocrx_word' id='word_1_100' title='bbox 1669 1488 1741 1542; x_wconf 91' lang='lat' dir='ltr'><strong>ita</strong></span> <span class='ocrx_word' id='word_1_101' title='bbox 1768 1487 1837 1541; x_wconf 87' lang='lat' dir='ltr'><strong>sit</strong></span> 
     </span>
    </p>
   </div>
   <div class='ocr_carea' id='block_1_15' title="bbox 261 1566 1836 1657">
    <p class='ocr_par' dir='ltr' id='par_1_15' title="bbox 261 1566 1836 1657">
     <span class='ocr_line' id='line_1_15' title="bbox 261 1566 1836 1657; baseline -0.006 -17"><span class='ocrx_word' id='word_1_102' title='bbox 261 1585 465 1657; x_wconf 86' lang='lat' dir='ltr'><strong>aliquid,</strong></span> <span class='ocrx_word' id='word_1_103' title='bbox 494 1582 952 1655; x_wconf 85' lang='lat' dir='ltr'><strong>quemadmodum</strong></span> <span class='ocrx_word' id='word_1_104' title='bbox 991 1588 1107 1637; x_wconf 87' lang='lat' dir='ltr'><strong>erat</strong></span> <span class='ocrx_word' id='word_1_105' title='bbox 1136 1582 1250 1636; x_wconf 90' lang='lat' dir='ltr'><strong>:sic</strong></span> <span class='ocrx_word' id='word_1_106' title='bbox 1289 1589 1465 1651; x_wconf 84' lang='lat' dir='ltr'><strong>potest</strong></span> <span class='ocrx_word' id='word_1_107' title='bbox 1506 1566 1836 1649; x_wconf 84' lang='lat' dir='ltr'><strong>aliquantum</strong></span> 
     </span>
    </p>
   </div>
   <div class='ocr_carea' id='block_1_16' title="bbox 262 1671 1835 1745">
    <p class='ocr_par' dir='ltr' id='par_1_16' title="bbox 262 1671 1835 1745">
     <span class='ocr_line' id='line_1_16' title="bbox 262 1671 1835 1745; baseline -0.004 -12"><span class='ocrx_word' id='word_1_108' title='bbox 262 1678 481 1733; x_wconf 77' lang='lat' dir='ltr'><strong>intimari</strong></span> <span class='ocrx_word' id='word_1_109' title='bbox 520 1677 692 1732; x_wconf 84' lang='lat' dir='ltr'><strong>menti</strong></span> <span class='ocrx_word' id='word_1_110' title='bbox 726 1686 945 1741; x_wconf 59' lang='lat' dir='ltr'><strong>nostras,</strong></span> <span class='ocrx_word' id='word_1_111' title='bbox 972 1690 1074 1745; x_wconf 92' lang='lat' dir='ltr'><strong>qua</strong></span> <span class='ocrx_word' id='word_1_112' title='bbox 1120 1674 1302 1745; x_wconf 82' lang='lat' dir='ltr'><strong>regula</strong></span> <span class='ocrx_word' id='word_1_113' title='bbox 1346 1673 1668 1743; x_wconf 78' lang='lat' dir='ltr'><strong>intelligatur</strong></span> <span class='ocrx_word' id='word_1_114' title='bbox 1693 1671 1835 1742; x_wconf 89' lang='lat' dir='ltr'><strong>quod</strong></span> 
     </span>
    </p>
   </div>
   <div class='ocr_carea' id='block_1_17' title="bbox 256 1765 1837 1842">
    <p class='ocr_par' dir='ltr' id='par_1_17' title="bbox 256 1765 1837 1842">
     <span class='ocr_line' id='line_1_17' title="bbox 256 1765 1837 1842; baseline -0.006 -15"><span class='ocrx_word' id='word_1_115' title='bbox 256 1772 473 1842; x_wconf 62' lang='lat' dir='ltr'><strong>[militet</strong></span> <span class='ocrx_word' id='word_1_116' title='bbox 505 1772 696 1824; x_wconf 90' lang='lat' dir='ltr'><strong>Deum.</strong></span> <span class='ocrx_word' id='word_1_117' title='bbox 721 1766 855 1823; x_wconf 88' lang='lat' dir='ltr'><strong>Cum</strong></span> <span class='ocrx_word' id='word_1_118' title='bbox 892 1769 1034 1823; x_wconf 91' lang='lat' dir='ltr'><strong>enim</strong></span> <span class='ocrx_word' id='word_1_119' title='bbox 1063 1768 1322 1838; x_wconf 68' lang='lat' dir='ltr'><strong>paenitere</strong></span> <span class='ocrx_word' id='word_1_120' title='bbox 1350 1765 1563 1831; x_wconf 90' lang='lat' dir='ltr'><strong>dicitur,</strong></span> <span class='ocrx_word' id='word_1_121' title='bbox 1592 1765 1704 1819; x_wconf 91' lang='lat' dir='ltr'><strong>vult</strong></span> <span class='ocrx_word' id='word_1_122' title='bbox 1732 1780 1837 1817; x_wconf 91' lang='lat' dir='ltr'><strong>non</strong></span> 
     </span>
    </p>
   </div>
   <div class='ocr_carea' id='block_1_18' title="bbox 252 1857 1835 1931">
    <p class='ocr_par' dir='ltr' id='par_1_18' title="bbox 252 1857 1835 1931">
     <span class='ocr_line' id='line_1_18' title="bbox 252 1857 1835 1931; baseline -0.006 -13"><span class='ocrx_word' id='word_1_123' title='bbox 252 1877 369 1919; x_wconf 65' lang='lat' dir='ltr'><strong>ese</strong></span> <span class='ocrx_word' id='word_1_124' title='bbox 391 1860 618 1931; x_wconf 82' lang='lat' dir='ltr'><strong>aliquid,</strong></span> <span class='ocrx_word' id='word_1_125' title='bbox 646 1861 782 1915; x_wconf 86' lang='lat' dir='ltr'><strong>sicut</strong></span> <span class='ocrx_word' id='word_1_126' title='bbox 809 1858 1008 1913; x_wconf 88' lang='lat' dir='ltr'><strong>fecerat</strong></span> <span class='ocrx_word' id='word_1_127' title='bbox 1027 1868 1083 1913; x_wconf 90' lang='lat' dir='ltr'><strong>ut</strong></span> <span class='ocrx_word' id='word_1_128' title='bbox 1103 1867 1246 1913; x_wconf 89' lang='lat' dir='ltr'><strong>esset</strong></span> <span class='ocrx_word' id='word_1_129' title='bbox 1272 1874 1286 1911; x_wconf 90' lang='lat'><strong>:</strong></span> <span class='ocrx_word' id='word_1_130' title='bbox 1311 1857 1407 1913; x_wconf 85' lang='lat' dir='ltr'><strong>sed</strong></span> <span class='ocrx_word' id='word_1_131' title='bbox 1433 1865 1610 1911; x_wconf 90' lang='lat' dir='ltr'><strong>tamen</strong></span> <span class='ocrx_word' id='word_1_132' title='bbox 1637 1863 1691 1909; x_wconf 89' lang='lat' dir='ltr'><strong>et</strong></span> <span class='ocrx_word' id='word_1_133' title='bbox 1715 1870 1835 1910; x_wconf 89' lang='lat' dir='ltr'><strong>cum</strong></span> 
     </span>
    </p>
   </div>
   <div class='ocr_carea' id='block_1_19' title="bbox 254 1945 1836 2019">
    <p class='ocr_par' dir='ltr' id='par_1_19' title="bbox 254 1945 1836 2019">
     <span class='ocr_line' id='line_1_19' title="bbox 254 1945 1836 2019; baseline -0.006 -11"><span class='ocrx_word' id='word_1_134' title='bbox 254 1954 321 2009; x_wconf 88' lang='lat' dir='ltr'><strong>ita</strong></span> <span class='ocrx_word' id='word_1_135' title='bbox 342 1961 511 2019; x_wconf 85' lang='lat' dir='ltr'><strong>esset,</strong></span> <span class='ocrx_word' id='word_1_136' title='bbox 543 1952 611 2005; x_wconf 89' lang='lat' dir='ltr'><strong>ita</strong></span> <span class='ocrx_word' id='word_1_137' title='bbox 637 1965 759 2006; x_wconf 89' lang='lat' dir='ltr'><strong>esse</strong></span> <span class='ocrx_word' id='word_1_138' title='bbox 786 1949 1049 2014; x_wconf 84' lang='lat' dir='ltr'><strong>debebat;</strong></span> <span class='ocrx_word' id='word_1_139' title='bbox 1089 1956 1144 2003; x_wconf 90' lang='lat' dir='ltr'><strong>et</strong></span> <span class='ocrx_word' id='word_1_140' title='bbox 1169 1962 1290 2003; x_wconf 89' lang='lat' dir='ltr'><strong>cum</strong></span> <span class='ocrx_word' id='word_1_141' title='bbox 1336 1948 1406 2001; x_wconf 90' lang='lat' dir='ltr'><strong>ita</strong></span> <span class='ocrx_word' id='word_1_142' title='bbox 1445 1960 1567 2001; x_wconf 89' lang='lat' dir='ltr'><strong>esse</strong></span> <span class='ocrx_word' id='word_1_143' title='bbox 1592 1945 1701 2015; x_wconf 90' lang='lat' dir='ltr'><strong>jam</strong></span> <span class='ocrx_word' id='word_1_144' title='bbox 1730 1960 1836 1999; x_wconf 90' lang='lat' dir='ltr'><strong>non</strong></span> 
     </span>
    </p>
   </div>
   <div class='ocr_carea' id='block_1_20' title="bbox 250 2036 1839 2114">
    <p class='ocr_par' dir='ltr' id='par_1_20' title="bbox 250 2036 1839 2114">
     <span class='ocr_line' id='line_1_20' title="bbox 250 2036 1839 2114; baseline -0.008 -13"><span class='ocrx_word' id='word_1_145' title='bbox 250 2047 466 2108; x_wconf 70' lang='lat' dir='ltr'><strong>sia&#39;tm,</strong></span> <span class='ocrx_word' id='word_1_146' title='bbox 496 2045 602 2114; x_wconf 86' lang='lat' dir='ltr'><strong>jam</strong></span> <span class='ocrx_word' id='word_1_147' title='bbox 627 2058 731 2097; x_wconf 91' lang='lat' dir='ltr'><strong>non</strong></span> <span class='ocrx_word' id='word_1_148' title='bbox 756 2042 921 2097; x_wconf 88' lang='lat' dir='ltr'><strong>debet</strong></span> <span class='ocrx_word' id='word_1_149' title='bbox 961 2042 1033 2095; x_wconf 88' lang='lat' dir='ltr'><strong>ita</strong></span> <span class='ocrx_word' id='word_1_150' title='bbox 1075 2055 1211 2103; x_wconf 77' lang='lat' dir='ltr'><strong>esse,</strong></span> <span class='ocrx_word' id='word_1_151' title='bbox 1244 2048 1501 2109; x_wconf 86' lang='lat' dir='ltr'><strong>perpetuo</strong></span> <span class='ocrx_word' id='word_1_152' title='bbox 1526 2036 1754 2107; x_wconf 85' lang='lat' dir='ltr'><strong>quodam</strong></span> <span class='ocrx_word' id='word_1_153' title='bbox 1784 2043 1839 2090; x_wconf 86' lang='lat' dir='ltr'><strong>et</strong></span> 
     </span>
    </p>
   </div>
   <div class='ocr_carea' id='block_1_21' title="bbox 249 2130 1837 2207">
    <p class='ocr_par' dir='ltr' id='par_1_21' title="bbox 249 2130 1837 2207">
     <span class='ocr_line' id='line_1_21' title="bbox 249 2130 1837 2207; baseline -0.008 -16"><span class='ocrx_word' id='word_1_154' title='bbox 249 2135 552 2207; x_wconf 79' lang='lat' dir='ltr'><strong>tranquillo</strong></span> <span class='ocrx_word' id='word_1_155' title='bbox 577 2133 835 2203; x_wconf 64' lang='lat' dir='ltr'><strong>aequitatis</strong></span> <span class='ocrx_word' id='word_1_156' title='bbox 874 2132 1095 2201; x_wconf 86' lang='lat' dir='ltr'><strong>judicio,</strong></span> <span class='ocrx_word' id='word_1_157' title='bbox 1137 2146 1244 2199; x_wconf 92' lang='lat' dir='ltr'><strong>quo</strong></span> <span class='ocrx_word' id='word_1_158' title='bbox 1276 2130 1414 2184; x_wconf 87' lang='lat' dir='ltr'><strong>Deus</strong></span> <span class='ocrx_word' id='word_1_159' title='bbox 1441 2134 1632 2183; x_wconf 87' lang='lat' dir='ltr'><strong>cuncta</strong></span> <span class='ocrx_word' id='word_1_160' title='bbox 1661 2136 1837 2180; x_wconf 88' lang='lat' dir='ltr'><strong>muta-</strong></span> 
     </span>
    </p>
   </div>
   <div class='ocr_carea' id='block_1_22' title="bbox 251 2219 1412 2290">
    <p class='ocr_par' dir='ltr' id='par_1_22' title="bbox 251 2219 1412 2290">
     <span class='ocr_line' id='line_1_22' title="bbox 251 2219 1412 2290; baseline -0.009 -8"><span class='ocrx_word' id='word_1_161' title='bbox 251 2227 381 2283; x_wconf 74' lang='lat' dir='ltr'><strong>bilia</strong></span> <span class='ocrx_word' id='word_1_162' title='bbox 414 2224 830 2279; x_wconf 76' lang='lat' dir='ltr'><strong>incommutabili</strong></span> <span class='ocrx_word' id='word_1_163' title='bbox 858 2224 1129 2277; x_wconf 74' lang='lat' dir='ltr'><strong>voluntate</strong></span> <span class='ocrx_word' id='word_1_164' title='bbox 1156 2219 1412 2290; x_wconf 75' lang='lat' dir='ltr'><strong>diSponit.</strong></span> 
     </span>
    </p>
   </div>
   <div class='ocr_carea' id='block_1_23' title="bbox 321 2309 1834 2385">
    <p class='ocr_par' dir='ltr' id='par_1_23' title="bbox 321 2309 1834 2385">
     <span class='ocr_line' id='line_1_23' title="bbox 321 2309 1834 2385; baseline -0.007 -13"><span class='ocrx_word' id='word_1_165' title='bbox 321 2317 378 2372; x_wconf 85' lang='lat'><strong>5.</strong></span> <span class='ocrx_word' id='word_1_166' title='bbox 420 2315 528 2371; x_wconf 85' lang='lat' dir='ltr'><strong>Sed</strong></span> <span class='ocrx_word' id='word_1_167' title='bbox 569 2315 817 2385; x_wconf 84' lang='lat' dir='ltr'><strong>quoniam</strong></span> <span class='ocrx_word' id='word_1_168' title='bbox 869 2311 1257 2383; x_wconf 61' lang='lat' dir='ltr'><strong>praescientiam</strong></span> <span class='ocrx_word' id='word_1_169' title='bbox 1297 2320 1353 2365; x_wconf 90' lang='lat' dir='ltr'><strong>et</strong></span> <span class='ocrx_word' id='word_1_170' title='bbox 1392 2309 1667 2365; x_wconf 85' lang='lat' dir='ltr'><strong>scientiam</strong></span> <span class='ocrx_word' id='word_1_171' title='bbox 1712 2323 1834 2363; x_wconf 91' lang='lat' dir='ltr'><strong>cum</strong></span> 
     </span>
    </p>
   </div>
   <div class='ocr_carea' id='block_1_24' title="bbox 253 2398 1839 2471">
    <p class='ocr_par' dir='ltr' id='par_1_24' title="bbox 253 2398 1839 2471">
     <span class='ocr_line' id='line_1_24' title="bbox 253 2398 1839 2471; baseline -0.006 -7"><span class='ocrx_word' id='word_1_172' title='bbox 253 2406 409 2464; x_wconf 80' lang='lat' dir='ltr'><strong>laude</strong></span> <span class='ocrx_word' id='word_1_173' title='bbox 462 2406 701 2460; x_wconf 80' lang='lat' dir='ltr'><strong>solemus</strong></span> <span class='ocrx_word' id='word_1_174' title='bbox 766 2403 820 2458; x_wconf 90' lang='lat' dir='ltr'><strong>in</strong></span> <span class='ocrx_word' id='word_1_175' title='bbox 883 2402 1185 2458; x_wconf 89' lang='lat' dir='ltr'><strong>hominibus</strong></span> <span class='ocrx_word' id='word_1_176' title='bbox 1240 2399 1545 2471; x_wconf 86' lang='lat' dir='ltr'><strong>appellare,</strong></span> <span class='ocrx_word' id='word_1_177' title='bbox 1600 2398 1839 2468; x_wconf 77' lang='lat' dir='ltr'><strong>iramque</strong></span> 
     </span>
    </p>
   </div>
   <div class='ocr_carea' id='block_1_25' title="bbox 258 2490 1838 2568">
    <p class='ocr_par' dir='ltr' id='par_1_25' title="bbox 258 2490 1838 2568">
     <span class='ocr_line' id='line_1_25' title="bbox 258 2490 1838 2568; baseline -0.006 -15"><span class='ocrx_word' id='word_1_178' title='bbox 258 2499 422 2568; x_wconf 81' lang='lat' dir='ltr'><strong>ipsam</strong></span> <span class='ocrx_word' id='word_1_179' title='bbox 449 2499 589 2552; x_wconf 88' lang='lat' dir='ltr'><strong>solet</strong></span> <span class='ocrx_word' id='word_1_180' title='bbox 621 2496 913 2551; x_wconf 86' lang='lat' dir='ltr'><strong>humanum</strong></span> <span class='ocrx_word' id='word_1_181' title='bbox 944 2509 1112 2565; x_wconf 83' lang='lat' dir='ltr'><strong>genus</strong></span> <span class='ocrx_word' id='word_1_182' title='bbox 1150 2493 1204 2547; x_wconf 91' lang='lat' dir='ltr'><strong>in</strong></span> <span class='ocrx_word' id='word_1_183' title='bbox 1248 2491 1453 2563; x_wconf 83' lang='lat' dir='ltr'><strong>magnis</strong></span> <span class='ocrx_word' id='word_1_184' title='bbox 1485 2490 1838 2563; x_wconf 82' lang='lat' dir='ltr'><strong>potestatibus</strong></span> 
     </span>
    </p>
   </div>
   <div class='ocr_carea' id='block_1_26' title="bbox 254 2583 1840 2659">
    <p class='ocr_par' dir='ltr' id='par_1_26' title="bbox 254 2583 1840 2659">
     <span class='ocr_line' id='line_1_26' title="bbox 254 2583 1840 2659; baseline -0.008 -13"><span class='ocrx_word' id='word_1_185' title='bbox 254 2589 476 2646; x_wconf 74' lang='lat' dir='ltr'><strong>timere‘</strong></span> <span class='ocrx_word' id='word_1_186' title='bbox 506 2589 687 2659; x_wconf 86' lang='lat' dir='ltr'><strong>potius</strong></span> <span class='ocrx_word' id='word_1_187' title='bbox 708 2601 867 2657; x_wconf 89' lang='lat' dir='ltr'><strong>quam</strong></span> <span class='ocrx_word' id='word_1_188' title='bbox 902 2583 1315 2655; x_wconf 89' lang='lat' dir='ltr'><strong>reprehendere,</strong></span> <span class='ocrx_word' id='word_1_189' title='bbox 1358 2589 1719 2651; x_wconf 75' lang='lat' dir='ltr'><strong>congruenter</strong></span> <span class='ocrx_word' id='word_1_190' title='bbox 1743 2595 1840 2650; x_wconf 64' lang='lat' dir='ltr'><strong>pu«</strong></span> 
     </span>
    </p>
   </div>
   <div class='ocr_carea' id='block_1_27' title="bbox 253 2671 1837 2743">
    <p class='ocr_par' dir='ltr' id='par_1_27' title="bbox 253 2671 1837 2743">
     <span class='ocr_line' id='line_1_27' title="bbox 253 2671 1837 2743; baseline -0.007 -8"><span class='ocrx_word' id='word_1_191' title='bbox 253 2691 422 2736; x_wconf 78' lang='lat' dir='ltr'><strong>tamus</strong></span> <span class='ocrx_word' id='word_1_192' title='bbox 443 2681 568 2733; x_wconf 88' lang='lat' dir='ltr'><strong>talia</strong></span> <span class='ocrx_word' id='word_1_193' title='bbox 592 2677 699 2733; x_wconf 89' lang='lat' dir='ltr'><strong>diei</strong></span> <span class='ocrx_word' id='word_1_194' title='bbox 721 2678 791 2733; x_wconf 90' lang='lat' dir='ltr'><strong>de</strong></span> <span class='ocrx_word' id='word_1_195' title='bbox 816 2677 946 2731; x_wconf 90' lang='lat' dir='ltr'><strong>Deo.</strong></span> <span class='ocrx_word' id='word_1_196' title='bbox 970 2676 1071 2743; x_wconf 86' lang='lat' dir='ltr'><strong>Qui</strong></span> <span class='ocrx_word' id='word_1_197' title='bbox 1091 2684 1270 2729; x_wconf 88' lang='lat' dir='ltr'><strong>autem</strong></span> <span class='ocrx_word' id='word_1_198' title='bbox 1296 2675 1452 2737; x_wconf 81' lang='lat' dir='ltr'><strong>zelat,</strong></span> <span class='ocrx_word' id='word_1_199' title='bbox 1481 2683 1535 2727; x_wconf 92' lang='lat' dir='ltr'><strong>et</strong></span> <span class='ocrx_word' id='word_1_200' title='bbox 1555 2687 1713 2743; x_wconf 86' lang='lat' dir='ltr'><strong>quem</strong></span> <span class='ocrx_word' id='word_1_201' title='bbox 1738 2671 1837 2725; x_wconf 87' lang='lat' dir='ltr'><strong>ali-</strong></span> 
     </span>
    </p>
   </div>
   <div class='ocr_carea' id='block_1_28' title="bbox 249 2765 1839 2842">
    <p class='ocr_par' dir='ltr' id='par_1_28' title="bbox 249 2765 1839 2842">
     <span class='ocr_line' id='line_1_28' title="bbox 249 2765 1839 2842; baseline -0.004 -16"><span class='ocrx_word' id='word_1_202' title='bbox 249 2772 371 2842; x_wconf 73' lang='lat' dir='ltr'><strong>qm’d</strong></span> <span class='ocrx_word' id='word_1_203' title='bbox 402 2771 647 2841; x_wconf 64' lang='lat' dir='ltr'><strong>paenitet,</strong></span> <span class='ocrx_word' id='word_1_204' title='bbox 689 2770 940 2839; x_wconf 87' lang='lat' dir='ltr'><strong>quoniam</strong></span> <span class='ocrx_word' id='word_1_205' title='bbox 984 2768 1066 2823; x_wconf 91' lang='lat' dir='ltr'><strong>vel</strong></span> <span class='ocrx_word' id='word_1_206' title='bbox 1102 2767 1307 2838; x_wconf 90' lang='lat' dir='ltr'><strong>culpari</strong></span> <span class='ocrx_word' id='word_1_207' title='bbox 1355 2766 1515 2830; x_wconf 87' lang='lat' dir='ltr'><strong>solet,</strong></span> <span class='ocrx_word' id='word_1_208' title='bbox 1545 2765 1637 2819; x_wconf 89' lang='lat' dir='ltr'><strong>vel</strong></span> <span class='ocrx_word' id='word_1_209' title='bbox 1687 2766 1738 2819; x_wconf 90' lang='lat' dir='ltr'><strong>in</strong></span> <span class='ocrx_word' id='word_1_210' title='bbox 1779 2779 1839 2820; x_wconf 87' lang='lat' dir='ltr'><strong>se</strong></span> 
     </span>
    </p>
   </div>
   <div class='ocr_carea' id='block_1_29' title="bbox 250 2854 1839 2931">
    <p class='ocr_par' dir='ltr' id='par_1_29' title="bbox 250 2854 1839 2931">
     <span class='ocr_line' id='line_1_29' title="bbox 250 2854 1839 2931; baseline -0.003 -15"><span class='ocrx_word' id='word_1_211' title='bbox 250 2864 463 2931; x_wconf 79' lang='lat' dir='ltr'><strong>culpam</strong></span> <span class='ocrx_word' id='word_1_212' title='bbox 510 2860 807 2929; x_wconf 84' lang='lat' dir='ltr'><strong>corrigere,</strong></span> <span class='ocrx_word' id='word_1_213' title='bbox 856 2867 1019 2929; x_wconf 87' lang='lat' dir='ltr'><strong>atque</strong></span> <span class='ocrx_word' id='word_1_214' title='bbox 1074 2857 1193 2912; x_wconf 85' lang='lat' dir='ltr'><strong>ideo</strong></span> <span class='ocrx_word' id='word_1_215' title='bbox 1240 2871 1366 2912; x_wconf 87' lang='lat' dir='ltr'><strong>cum</strong></span> <span class='ocrx_word' id='word_1_216' title='bbox 1419 2854 1839 2927; x_wconf 86' lang='lat' dir='ltr'><strong>reprehensione</strong></span> 
     </span>
    </p>
   </div>
   <div class='ocr_carea' id='block_1_30' title="bbox 250 2947 1841 3020">
    <p class='ocr_par' dir='ltr' id='par_1_30' title="bbox 250 2947 1841 3020">
     <span class='ocr_line' id='line_1_30' title="bbox 250 2947 1841 3020; baseline -0.004 -12"><span class='ocrx_word' id='word_1_217' title='bbox 250 2955 344 3008; x_wconf 77' lang='lat' dir='ltr'><strong>ista</strong></span> <span class='ocrx_word' id='word_1_218' title='bbox 380 2953 453 3008; x_wconf 88' lang='lat' dir='ltr'><strong>de</strong></span> <span class='ocrx_word' id='word_1_219' title='bbox 491 2952 803 3007; x_wconf 87' lang='lat' dir='ltr'><strong>hominibus</strong></span> <span class='ocrx_word' id='word_1_220' title='bbox 827 2949 967 3016; x_wconf 89' lang='lat' dir='ltr'><strong>dici;</strong></span> <span class='ocrx_word' id='word_1_221' title='bbox 993 2957 1278 3020; x_wconf 83' lang='lat' dir='ltr'><strong>propterea</strong></span> <span class='ocrx_word' id='word_1_222' title='bbox 1312 2958 1511 3014; x_wconf 89' lang='lat' dir='ltr'><strong>movet,</strong></span> <span class='ocrx_word' id='word_1_223' title='bbox 1542 2963 1665 3003; x_wconf 90' lang='lat' dir='ltr'><strong>cum</strong></span> <span class='ocrx_word' id='word_1_224' title='bbox 1706 2947 1841 3019; x_wconf 84' lang='lat' dir='ltr'><strong>legi-</strong></span> 
     </span>
    </p>
   </div>
   <div class='ocr_carea' id='block_1_31' title="bbox 251 3039 1839 3114">
    <p class='ocr_par' dir='ltr' id='par_1_31' title="bbox 251 3039 1839 3114">
     <span class='ocr_line' id='line_1_31' title="bbox 251 3039 1839 3114; baseline -0.004 -14"><span class='ocrx_word' id='word_1_225' title='bbox 251 3062 367 3100; x_wconf 74' lang='lat' dir='ltr'><strong>mus</strong></span> <span class='ocrx_word' id='word_1_226' title='bbox 385 3060 511 3101; x_wconf 81' lang='lat' dir='ltr'><strong>esse</strong></span> <span class='ocrx_word' id='word_1_227' title='bbox 538 3044 743 3114; x_wconf 84' lang='lat' dir='ltr'><strong>aliquid</strong></span> <span class='ocrx_word' id='word_1_228' title='bbox 770 3044 824 3097; x_wconf 91' lang='lat' dir='ltr'><strong>in</strong></span> <span class='ocrx_word' id='word_1_229' title='bbox 856 3042 966 3097; x_wconf 90' lang='lat' dir='ltr'><strong>Deo</strong></span> <span class='ocrx_word' id='word_1_230' title='bbox 993 3042 1276 3112; x_wconf 85' lang='lat' dir='ltr'><strong>ejusmodi.</strong></span> <span class='ocrx_word' id='word_1_231' title='bbox 1304 3041 1413 3097; x_wconf 88' lang='lat' dir='ltr'><strong>Sed</strong></span> <span class='ocrx_word' id='word_1_232' title='bbox 1443 3041 1536 3096; x_wconf 91' lang='lat' dir='ltr'><strong>illa</strong></span> <span class='ocrx_word' id='word_1_233' title='bbox 1566 3039 1839 3109; x_wconf 85' lang='lat' dir='ltr'><strong>Scriptura</strong></span> 
     </span>
    </p>
   </div>
   <div class='ocr_carea' id='block_1_32' title="bbox 247 3132 1842 3205">
    <p class='ocr_par' dir='ltr' id='par_1_32' title="bbox 247 3132 1842 3205">
     <span class='ocr_line' id='line_1_32' title="bbox 247 3132 1842 3205; baseline -0.004 -14"><span class='ocrx_word' id='word_1_234' title='bbox 247 3138 498 3192; x_wconf 73' lang='lat' dir='ltr'><strong>munibus</strong></span> <span class='ocrx_word' id='word_1_235' title='bbox 514 3136 828 3199; x_wconf 84' lang='lat' dir='ltr'><strong>consulens,</strong></span> <span class='ocrx_word' id='word_1_236' title='bbox 862 3142 1139 3205; x_wconf 85' lang='lat' dir='ltr'><strong>propterea</strong></span> <span class='ocrx_word' id='word_1_237' title='bbox 1168 3133 1336 3204; x_wconf 87' lang='lat' dir='ltr'><strong>magis</strong></span> <span class='ocrx_word' id='word_1_238' title='bbox 1361 3141 1415 3188; x_wconf 89' lang='lat' dir='ltr'><strong>et</strong></span> <span class='ocrx_word' id='word_1_239' title='bbox 1443 3132 1543 3188; x_wconf 86' lang='lat' dir='ltr'><strong>ista</strong></span> <span class='ocrx_word' id='word_1_240' title='bbox 1568 3133 1739 3204; x_wconf 89' lang='lat' dir='ltr'><strong>ponit,</strong></span> <span class='ocrx_word' id='word_1_241' title='bbox 1774 3146 1842 3186; x_wconf 91' lang='lat' dir='ltr'><strong>ne</strong></span> 
     </span>
    </p>
   </div>
   <div class='ocr_carea' id='block_1_33' title="bbox 247 3222 1841 3297">
    <p class='ocr_par' dir='ltr' id='par_1_33' title="bbox 247 3222 1841 3297">
     <span class='ocr_line' id='line_1_33' title="bbox 247 3222 1841 3297; baseline -0.005 -14"><span class='ocrx_word' id='word_1_242' title='bbox 247 3229 333 3283; x_wconf 73' lang='lat' dir='ltr'><strong>illa</strong></span> <span class='ocrx_word' id='word_1_243' title='bbox 362 3242 487 3297; x_wconf 63' lang='lat' dir='ltr'><strong>qua</strong></span> <span class='ocrx_word' id='word_1_244' title='bbox 531 3228 749 3295; x_wconf 82' lang='lat' dir='ltr'><strong>placent</strong></span> <span class='ocrx_word' id='word_1_245' title='bbox 791 3224 870 3279; x_wconf 89' lang='lat' dir='ltr'><strong>sic</strong></span> <span class='ocrx_word' id='word_1_246' title='bbox 897 3224 1260 3295; x_wconf 79' lang='lat' dir='ltr'><strong>intelligantur</strong></span> <span class='ocrx_word' id='word_1_247' title='bbox 1296 3223 1351 3279; x_wconf 87' lang='lat' dir='ltr'><strong>in</strong></span> <span class='ocrx_word' id='word_1_248' title='bbox 1396 3224 1528 3291; x_wconf 92' lang='lat' dir='ltr'><strong>Deo,</strong></span> <span class='ocrx_word' id='word_1_249' title='bbox 1572 3222 1841 3294; x_wconf 87' lang='lat' dir='ltr'><strong>quomodo</strong></span> 
     </span>
    </p>
   </div>
   <div class='ocr_carea' id='block_1_34' title="bbox 236 3315 1838 3387">
    <p class='ocr_par' dir='ltr' id='par_1_34' title="bbox 236 3315 1838 3387">
     <span class='ocr_line' id='line_1_34' title="bbox 236 3315 1838 3387; baseline -0.004 -13"><span class='ocrx_word' id='word_1_250' title='bbox 236 3325 650 3374; x_wconf 72' lang='lat' dir='ltr'><strong>consueverunt</strong></span> <span class='ocrx_word' id='word_1_251' title='bbox 686 3318 740 3372; x_wconf 90' lang='lat' dir='ltr'><strong>in</strong></span> <span class='ocrx_word' id='word_1_252' title='bbox 770 3316 1074 3371; x_wconf 86' lang='lat' dir='ltr'><strong>hominibus</strong></span> <span class='ocrx_word' id='word_1_253' title='bbox 1119 3315 1364 3387; x_wconf 87' lang='lat' dir='ltr'><strong>intelligi.</strong></span> <span class='ocrx_word' id='word_1_254' title='bbox 1408 3315 1511 3370; x_wconf 84' lang='lat' dir='ltr'><strong>Per</strong></span> <span class='ocrx_word' id='word_1_255' title='bbox 1552 3316 1668 3369; x_wconf 76' lang='lat' dir='ltr'><strong>lucc</strong></span> <span class='ocrx_word' id='word_1_256' title='bbox 1697 3315 1838 3369; x_wconf 89' lang='lat' dir='ltr'><strong>enim</strong></span> 
     </span>
    </p>
   </div>
   <div class='ocr_carea' id='block_1_35' title="bbox 248 3406 1840 3481">
    <p class='ocr_par' dir='ltr' id='par_1_35' title="bbox 248 3406 1840 3481">
     <span class='ocr_line' id='line_1_35' title="bbox 248 3406 1840 3481; baseline -0.004 -15"><span class='ocrx_word' id='word_1_257' title='bbox 248 3427 363 3481; x_wconf 64' lang='lat' dir='ltr'><strong>qua</strong></span> <span class='ocrx_word' id='word_1_258' title='bbox 382 3410 702 3479; x_wconf 76' lang='lat' dir='ltr'><strong>diaplicent,</strong></span> <span class='ocrx_word' id='word_1_259' title='bbox 723 3424 845 3463; x_wconf 88' lang='lat' dir='ltr'><strong>eum</strong></span> <span class='ocrx_word' id='word_1_260' title='bbox 866 3423 931 3463; x_wconf 90' lang='lat' dir='ltr'><strong>ea</strong></span> <span class='ocrx_word' id='word_1_261' title='bbox 957 3422 1062 3462; x_wconf 88' lang='lat' dir='ltr'><strong>non</strong></span> <span class='ocrx_word' id='word_1_262' title='bbox 1084 3407 1342 3462; x_wconf 85' lang='lat' dir='ltr'><strong>audemus</strong></span> <span class='ocrx_word' id='word_1_263' title='bbox 1369 3407 1448 3461; x_wconf 90' lang='lat' dir='ltr'><strong>sic</strong></span> <span class='ocrx_word' id='word_1_264' title='bbox 1469 3406 1765 3472; x_wconf 68' lang='lat' dir='ltr'><strong>intelligere</strong></span> <span class='ocrx_word' id='word_1_265' title='bbox 1789 3406 1840 3460; x_wconf 88' lang='lat' dir='ltr'><strong>in</strong></span> 
     </span>
    </p>
   </div>
   <div class='ocr_carea' id='block_1_36' title="bbox 248 3495 1840 3570">
    <p class='ocr_par' dir='ltr' id='par_1_36' title="bbox 248 3495 1840 3570">
     <span class='ocr_line' id='line_1_36' title="bbox 248 3495 1840 3570; baseline -0.005 -14"><span class='ocrx_word' id='word_1_266' title='bbox 248 3503 377 3570; x_wconf 83' lang='lat' dir='ltr'><strong>Deo,</strong></span> <span class='ocrx_word' id='word_1_267' title='bbox 416 3510 479 3555; x_wconf 85' lang='lat' dir='ltr'><strong>ut</strong></span> <span class='ocrx_word' id='word_1_268' title='bbox 526 3499 881 3554; x_wconf 87' lang='lat' dir='ltr'><strong>inveniuntur</strong></span> <span class='ocrx_word' id='word_1_269' title='bbox 920 3497 973 3552; x_wconf 92' lang='lat' dir='ltr'><strong>in</strong></span> <span class='ocrx_word' id='word_1_270' title='bbox 1002 3496 1241 3564; x_wconf 83' lang='lat' dir='ltr'><strong>homine,</strong></span> <span class='ocrx_word' id='word_1_271' title='bbox 1270 3496 1526 3551; x_wconf 88' lang='lat' dir='ltr'><strong>discimus</strong></span> <span class='ocrx_word' id='word_1_272' title='bbox 1562 3495 1721 3550; x_wconf 86' lang='lat' dir='ltr'><strong>etiam</strong></span> <span class='ocrx_word' id='word_1_273' title='bbox 1753 3496 1840 3549; x_wconf 86' lang='lat' dir='ltr'><strong>illa</strong></span> 
     </span>
    </p>
   </div>
   <div class='ocr_carea' id='block_1_37' title="bbox 248 3586 1844 3661">
    <p class='ocr_par' dir='ltr' id='par_1_37' title="bbox 248 3586 1844 3661">
     <span class='ocr_line' id='line_1_37' title="bbox 248 3586 1844 3661; baseline -0.006 -14"><span class='ocrx_word' id='word_1_274' title='bbox 248 3592 327 3647; x_wconf 79' lang='lat' dir='ltr'><strong>sic</strong></span> <span class='ocrx_word' id='word_1_275' title='bbox 350 3604 627 3661; x_wconf 65' lang='lat' dir='ltr'><strong>quareve,</strong></span> <span class='ocrx_word' id='word_1_276' title='bbox 655 3604 780 3659; x_wconf 65' lang='lat' dir='ltr'><strong>qua:</strong></span> <span class='ocrx_word' id='word_1_277' title='bbox 806 3598 930 3658; x_wconf 90' lang='lat' dir='ltr'><strong>apta</strong></span> <span class='ocrx_word' id='word_1_278' title='bbox 959 3600 1079 3643; x_wconf 88' lang='lat' dir='ltr'><strong>esse</strong></span> <span class='ocrx_word' id='word_1_279' title='bbox 1112 3597 1273 3657; x_wconf 89' lang='lat' dir='ltr'><strong>atque</strong></span> <span class='ocrx_word' id='word_1_280' title='bbox 1296 3586 1665 3641; x_wconf 75' lang='lat' dir='ltr'><strong>convenientia</strong></span> <span class='ocrx_word' id='word_1_281' title='bbox 1695 3595 1844 3654; x_wconf 86' lang='lat' dir='ltr'><strong>puta-</strong></span> 
     </span>
    </p>
   </div>
   <div class='ocr_carea' id='block_1_38' title="bbox 248 3675 1843 3748">
    <p class='ocr_par' dir='ltr' id='par_1_38' title="bbox 248 3675 1843 3748">
     <span class='ocr_line' id='line_1_38' title="bbox 248 3675 1843 3748; baseline -0.004 -13"><span class='ocrx_word' id='word_1_282' title='bbox 248 3682 460 3735; x_wconf 62' lang='lat' dir='ltr'><strong>bona.</strong></span> <span class='ocrx_word' id='word_1_283' title='bbox 485 3679 623 3735; x_wconf 78' lang='lat' dir='ltr'><strong>Nam</strong></span> <span class='ocrx_word' id='word_1_284' title='bbox 649 3679 697 3733; x_wconf 88' lang='lat' dir='ltr'><strong>si</strong></span> <span class='ocrx_word' id='word_1_285' title='bbox 719 3688 1000 3748; x_wconf 83' lang='lat' dir='ltr'><strong>propterea</strong></span> <span class='ocrx_word' id='word_1_286' title='bbox 1025 3691 1130 3732; x_wconf 87' lang='lat' dir='ltr'><strong>non</strong></span> <span class='ocrx_word' id='word_1_287' title='bbox 1155 3686 1239 3732; x_wconf 90' lang='lat' dir='ltr'><strong>est</strong></span> <span class='ocrx_word' id='word_1_288' title='bbox 1267 3676 1398 3731; x_wconf 88' lang='lat' dir='ltr'><strong>illud</strong></span> <span class='ocrx_word' id='word_1_289' title='bbox 1422 3676 1492 3733; x_wconf 88' lang='lat' dir='ltr'><strong>de</strong></span> <span class='ocrx_word' id='word_1_290' title='bbox 1523 3675 1632 3730; x_wconf 91' lang='lat' dir='ltr'><strong>Deo</strong></span> <span class='ocrx_word' id='word_1_291' title='bbox 1660 3675 1843 3731; x_wconf 87' lang='lat' dir='ltr'><strong>dicen-</strong></span> 
     </span>
    </p>
   </div>
   <div class='ocr_carea' id='block_1_39' title="bbox 245 3765 1841 3840">
    <p class='ocr_par' dir='ltr' id='par_1_39' title="bbox 245 3765 1841 3840">
     <span class='ocr_line' id='line_1_39' title="bbox 245 3765 1841 3840; baseline -0.003 -16"><span class='ocrx_word' id='word_1_292' title='bbox 245 3768 393 3834; x_wconf 72' lang='lat' dir='ltr'><strong>dum,</strong></span> <span class='ocrx_word' id='word_1_293' title='bbox 420 3770 553 3840; x_wconf 88' lang='lat' dir='ltr'><strong>quia</strong></span> <span class='ocrx_word' id='word_1_294' title='bbox 588 3770 642 3823; x_wconf 88' lang='lat' dir='ltr'><strong>in</strong></span> <span class='ocrx_word' id='word_1_295' title='bbox 680 3769 898 3824; x_wconf 85' lang='lat' dir='ltr'><strong>homine</strong></span> <span class='ocrx_word' id='word_1_296' title='bbox 918 3767 1196 3837; x_wconf 81' lang='lat' dir='ltr'><strong>displicet;</strong></span> <span class='ocrx_word' id='word_1_297' title='bbox 1230 3781 1336 3821; x_wconf 89' lang='lat' dir='ltr'><strong>non</strong></span> <span class='ocrx_word' id='word_1_298' title='bbox 1370 3765 1611 3821; x_wconf 87' lang='lat' dir='ltr'><strong>dicamus</strong></span> <span class='ocrx_word' id='word_1_299' title='bbox 1634 3767 1841 3821; x_wconf 86' lang='lat' dir='ltr'><strong>incom-</strong></span> 
     </span>
    </p>
   </div>
   <div class='ocr_carea' id='block_1_40' title="bbox 248 3857 1843 3930">
    <p class='ocr_par' dir='ltr' id='par_1_40' title="bbox 248 3857 1843 3930">
     <span class='ocr_line' id='line_1_40' title="bbox 248 3857 1843 3930; baseline -0.004 -14"><span class='ocrx_word' id='word_1_300' title='bbox 248 3862 562 3916; x_wconf 75' lang='lat' dir='ltr'><strong>mutabilem</strong></span> <span class='ocrx_word' id='word_1_301' title='bbox 593 3860 780 3923; x_wconf 88' lang='lat' dir='ltr'><strong>Dcum,</strong></span> <span class='ocrx_word' id='word_1_302' title='bbox 809 3858 932 3930; x_wconf 84' lang='lat' dir='ltr'><strong>quia</strong></span> <span class='ocrx_word' id='word_1_303' title='bbox 956 3859 1023 3915; x_wconf 92' lang='lat' dir='ltr'><strong>de</strong></span> <span class='ocrx_word' id='word_1_304' title='bbox 1063 3858 1367 3913; x_wconf 88' lang='lat' dir='ltr'><strong>hominibus</strong></span> <span class='ocrx_word' id='word_1_305' title='bbox 1390 3872 1514 3913; x_wconf 90' lang='lat' dir='ltr'><strong>cum</strong></span> <span class='ocrx_word' id='word_1_306' title='bbox 1547 3857 1843 3926; x_wconf 79' lang='lat' dir='ltr'><strong>reprelien-</strong></span> 
     </span>
    </p>
   </div>
   <div class='ocr_carea' id='block_1_41' title="bbox 247 3946 1845 4012">
    <p class='ocr_par' dir='ltr' id='par_1_41' title="bbox 247 3946 1845 4012">
     <span class='ocr_line' id='line_1_41' title="bbox 247 3946 1845 4012; baseline -0.005 -5"><span class='ocrx_word' id='word_1_307' title='bbox 247 3953 399 4007; x_wconf 75' lang='lat' dir='ltr'><strong>sione</strong></span> <span class='ocrx_word' id='word_1_308' title='bbox 447 3950 654 4005; x_wconf 81' lang='lat' dir='ltr'><strong>dictum</strong></span> <span class='ocrx_word' id='word_1_309' title='bbox 716 3957 835 4012; x_wconf 83' lang='lat' dir='ltr'><strong>est,</strong></span> <span class='ocrx_word' id='word_1_310' title='bbox 885 3946 1007 4002; x_wconf 78' lang='lat' dir='ltr'><strong>Non</strong></span> <span class='ocrx_word' id='word_1_311' title='bbox 1052 3949 1183 4001; x_wconf 77' lang='lat' dir='ltr'><strong>enim</strong></span> <span class='ocrx_word' id='word_1_312' title='bbox 1241 3957 1316 4002; x_wconf 83' lang='lat' dir='ltr'><strong>est</strong></span> <span class='ocrx_word' id='word_1_313' title='bbox 1362 3947 1468 4002; x_wconf 79' lang='lat' dir='ltr'><strong>illis</strong></span> <span class='ocrx_word' id='word_1_314' title='bbox 1521 3948 1845 4002; x_wconf 83' lang='lat' dir='ltr'><strong>commutatio</strong></span> 
     </span>
    </p>
   </div>
   <div class='ocr_carea' id='block_1_42' title="bbox 248 4038 1845 4112">
    <p class='ocr_par' dir='ltr' id='par_1_42' title="bbox 248 4038 1845 4112">
     <span class='ocr_line' id='line_1_42' title="bbox 248 4038 1845 4112; baseline 0 -18"><span class='ocrx_word' id='word_1_315' title='bbox 248 4042 423 4111; x_wconf 72' lang='lat' dir='ltr'><strong>(Paul.</strong></span> <span class='ocrx_word' id='word_1_316' title='bbox 461 4057 576 4109; x_wconf 85' lang='lat' dir='ltr'><strong>uv,</strong></span> <span class='ocrx_word' id='word_1_317' title='bbox 600 4039 717 4112; x_wconf 62' lang='lat'><strong>20).</strong></span> <span class='ocrx_word' id='word_1_318' title='bbox 763 4040 896 4095; x_wconf 81' lang='lat' dir='ltr'><strong>item</strong></span> <span class='ocrx_word' id='word_1_319' title='bbox 933 4049 1058 4095; x_wconf 89' lang='lat' dir='ltr'><strong>sunt</strong></span> <span class='ocrx_word' id='word_1_320' title='bbox 1101 4040 1344 4108; x_wconf 62' lang='lat' dir='ltr'><strong>quandam</strong></span> <span class='ocrx_word' id='word_1_321' title='bbox 1370 4055 1491 4111; x_wconf 67' lang='lat' dir='ltr'><strong>quae</strong></span> <span class='ocrx_word' id='word_1_322' title='bbox 1533 4040 1588 4094; x_wconf 92' lang='lat' dir='ltr'><strong>in</strong></span> <span class='ocrx_word' id='word_1_323' title='bbox 1629 4038 1845 4094; x_wconf 88' lang='lat' dir='ltr'><strong>homine</strong></span> 
     </span>
    </p>
   </div>
   <div class='ocr_carea' id='block_1_43' title="bbox 247 4131 1842 4202">
    <p class='ocr_par' dir='ltr' id='par_1_43' title="bbox 247 4131 1842 4202">
     <span class='ocr_line' id='line_1_43' title="bbox 247 4131 1842 4202; baseline -0.001 -13"><span class='ocrx_word' id='word_1_324' title='bbox 247 4133 541 4189; x_wconf 69' lang='lat' dir='ltr'><strong>laudabilia</strong></span> <span class='ocrx_word' id='word_1_325' title='bbox 584 4142 733 4200; x_wconf 86' lang='lat' dir='ltr'><strong>sunt,</strong></span> <span class='ocrx_word' id='word_1_326' title='bbox 787 4133 841 4187; x_wconf 91' lang='lat' dir='ltr'><strong>in</strong></span> <span class='ocrx_word' id='word_1_327' title='bbox 876 4131 987 4189; x_wconf 89' lang='lat' dir='ltr'><strong>Deo</strong></span> <span class='ocrx_word' id='word_1_328' title='bbox 1035 4141 1214 4188; x_wconf 89' lang='lat' dir='ltr'><strong>autem</strong></span> <span class='ocrx_word' id='word_1_329' title='bbox 1263 4146 1384 4188; x_wconf 89' lang='lat' dir='ltr'><strong>esse</strong></span> <span class='ocrx_word' id='word_1_330' title='bbox 1428 4147 1536 4187; x_wconf 91' lang='lat' dir='ltr'><strong>non</strong></span> <span class='ocrx_word' id='word_1_331' title='bbox 1575 4142 1842 4202; x_wconf 89' lang='lat' dir='ltr'><strong>possunt:</strong></span> 
     </span>
    </p>
   </div>
   <div class='ocr_carea' id='block_1_44' title="bbox 246 4222 1848 4297">
    <p class='ocr_par' dir='ltr' id='par_1_44' title="bbox 246 4222 1848 4297">
     <span class='ocr_line' id='line_1_44' title="bbox 246 4222 1848 4297; baseline -0.002 -16"><span class='ocrx_word' id='word_1_332' title='bbox 246 4226 389 4281; x_wconf 67' lang='lat' dir='ltr'><strong>sinit</strong></span> <span class='ocrx_word' id='word_1_333' title='bbox 426 4226 629 4297; x_wconf 72' lang='lat' dir='ltr'><strong>pudor,</strong></span> <span class='ocrx_word' id='word_1_334' title='bbox 674 4224 819 4295; x_wconf 89' lang='lat' dir='ltr'><strong>quod</strong></span> <span class='ocrx_word' id='word_1_335' title='bbox 857 4231 1075 4279; x_wconf 62' lang='lat' dir='ltr'><strong>aetatum</strong></span> <span class='ocrx_word' id='word_1_336' title='bbox 1121 4222 1435 4279; x_wconf 87' lang='lat' dir='ltr'><strong>viridiorum</strong></span> <span class='ocrx_word' id='word_1_337' title='bbox 1470 4239 1718 4293; x_wconf 86' lang='lat' dir='ltr'><strong>maguum</strong></span> <span class='ocrx_word' id='word_1_338' title='bbox 1762 4232 1848 4279; x_wconf 87' lang='lat' dir='ltr'><strong>est</strong></span> 
     </span>
    </p>
   </div>
   <div class='ocr_carea' id='block_1_45' title="bbox 244 4314 1844 4381">
    <p class='ocr_par' dir='ltr' id='par_1_45' title="bbox 244 4314 1844 4381">
     <span class='ocr_line' id='line_1_45' title="bbox 244 4314 1844 4381; baseline -0.002 -9"><span class='ocrx_word' id='word_1_339' title='bbox 244 4326 635 4372; x_wconf 62' lang='lat' dir='ltr'><strong>ammentum</strong></span> <span class='ocrx_word' id='word_1_340' title='bbox 664 4332 679 4368; x_wconf 90' lang='lat'><strong>:</strong></span> <span class='ocrx_word' id='word_1_341' title='bbox 710 4315 849 4369; x_wconf 84' lang='lat' dir='ltr'><strong>sicut</strong></span> <span class='ocrx_word' id='word_1_342' title='bbox 880 4314 1038 4369; x_wconf 91' lang='lat' dir='ltr'><strong>timor</strong></span> <span class='ocrx_word' id='word_1_343' title='bbox 1067 4314 1182 4381; x_wconf 89' lang='lat' dir='ltr'><strong>Dei,</strong></span> <span class='ocrx_word' id='word_1_344' title='bbox 1224 4329 1329 4368; x_wconf 91' lang='lat' dir='ltr'><strong>non</strong></span> <span class='ocrx_word' id='word_1_345' title='bbox 1367 4314 1508 4368; x_wconf 90' lang='lat' dir='ltr'><strong>enim</strong></span> <span class='ocrx_word' id='word_1_346' title='bbox 1554 4323 1755 4369; x_wconf 91' lang='lat' dir='ltr'><strong>tantum</strong></span> <span class='ocrx_word' id='word_1_347' title='bbox 1794 4316 1844 4369; x_wconf 92' lang='lat' dir='ltr'><strong>iu</strong></span> 
     </span>
    </p>
   </div>
   <div class='ocr_carea' id='block_1_46' title="bbox 248 4405 1841 4474">
    <p class='ocr_par' dir='ltr' id='par_1_46' title="bbox 248 4405 1841 4474">
     <span class='ocr_line' id='line_1_46' title="bbox 248 4405 1841 4474; baseline -0.003 -11"><span class='ocrx_word' id='word_1_348' title='bbox 248 4409 532 4463; x_wconf 60' lang='lat' dir='ltr'><strong>veterius</strong></span> <span class='ocrx_word' id='word_1_349' title='bbox 566 4406 741 4461; x_wconf 86' lang='lat' dir='ltr'><strong>Libris</strong></span> <span class='ocrx_word' id='word_1_350' title='bbox 764 4405 1026 4471; x_wconf 86' lang='lat' dir='ltr'><strong>laudatur,</strong></span> <span class='ocrx_word' id='word_1_351' title='bbox 1055 4405 1148 4461; x_wconf 85' lang='lat' dir='ltr'><strong>sed</strong></span> <span class='ocrx_word' id='word_1_352' title='bbox 1192 4405 1480 4474; x_wconf 77' lang='lat' dir='ltr'><strong>Apostolus</strong></span> <span class='ocrx_word' id='word_1_353' title='bbox 1505 4407 1665 4460; x_wconf 90' lang='lat' dir='ltr'><strong>etiam</strong></span> <span class='ocrx_word' id='word_1_354' title='bbox 1693 4407 1841 4470; x_wconf 89' lang='lat' dir='ltr'><strong>dicit,</strong></span> 
     </span>
    </p>
   </div>
   <div class='ocr_carea' id='block_1_47' title="bbox 247 4494 1843 4567">
    <p class='ocr_par' dir='ltr' id='par_1_47' title="bbox 247 4494 1843 4567">
     <span class='ocr_line' id='line_1_47' title="bbox 247 4494 1843 4567; baseline -0.001 -15"><span class='ocrx_word' id='word_1_355' title='bbox 247 4496 595 4567; x_wconf 69' lang='lat' dir='ltr'><strong>Paﬁeientes</strong></span> <span class='ocrx_word' id='word_1_356' title='bbox 627 4496 1071 4565; x_wconf 74' lang='lat' dir='ltr'><strong>sanctiﬁcationem</strong></span> <span class='ocrx_word' id='word_1_357' title='bbox 1103 4496 1157 4549; x_wconf 88' lang='lat' dir='ltr'><strong>in</strong></span> <span class='ocrx_word' id='word_1_358' title='bbox 1179 4496 1359 4549; x_wconf 79' lang='lat' dir='ltr'><strong>timore</strong></span> <span class='ocrx_word' id='word_1_359' title='bbox 1390 4494 1483 4549; x_wconf 85' lang='lat' dir='ltr'><strong>Dei</strong></span> <span class='ocrx_word' id='word_1_360' title='bbox 1507 4495 1572 4567; x_wconf 90' lang='lat' dir='ltr'><strong>(II</strong></span> <span class='ocrx_word' id='word_1_361' title='bbox 1600 4495 1717 4551; x_wconf 88' lang='lat' dir='ltr'><strong>Cor.</strong></span> <span class='ocrx_word' id='word_1_362' title='bbox 1748 4513 1843 4561; x_wconf 84' lang='lat' dir='ltr'><strong>vn,</strong></span> 
     </span>
    </p>
   </div>
   <div class='ocr_carea' id='block_1_48' title="bbox 250 4585 1843 4660">
    <p class='ocr_par' dir='ltr' id='par_1_48' title="bbox 250 4585 1843 4660">
     <span class='ocr_line' id='line_1_48' title="bbox 250 4585 1843 4660; baseline -0.003 -17"><span class='ocrx_word' id='word_1_363' title='bbox 250 4590 309 4657; x_wconf 75' lang='grc'><strong>1)</strong></span> <span class='ocrx_word' id='word_1_364' title='bbox 329 4606 348 4653; x_wconf 88' lang='lat'><strong>;</strong></span> <span class='ocrx_word' id='word_1_365' title='bbox 369 4588 466 4660; x_wconf 83' lang='lat' dir='ltr'><strong>qui</strong></span> <span class='ocrx_word' id='word_1_366' title='bbox 492 4588 678 4657; x_wconf 89' lang='lat' dir='ltr'><strong>utique</strong></span> <span class='ocrx_word' id='word_1_367' title='bbox 709 4587 764 4641; x_wconf 89' lang='lat' dir='ltr'><strong>in</strong></span> <span class='ocrx_word' id='word_1_368' title='bbox 794 4587 902 4641; x_wconf 90' lang='lat' dir='ltr'><strong>Deo</strong></span> <span class='ocrx_word' id='word_1_369' title='bbox 938 4586 1114 4641; x_wconf 89' lang='lat' dir='ltr'><strong>nullus</strong></span> <span class='ocrx_word' id='word_1_370' title='bbox 1150 4594 1253 4641; x_wconf 90' lang='lat' dir='ltr'><strong>est.</strong></span> <span class='ocrx_word' id='word_1_371' title='bbox 1283 4585 1432 4642; x_wconf 89' lang='lat' dir='ltr'><strong>Sicut</strong></span> <span class='ocrx_word' id='word_1_372' title='bbox 1456 4600 1583 4655; x_wconf 89' lang='lat' dir='ltr'><strong>ergo</strong></span> <span class='ocrx_word' id='word_1_373' title='bbox 1601 4586 1843 4656; x_wconf 69' lang='lat' dir='ltr'><strong>qumdam</strong></span> 
     </span>
    </p>
   </div>
   <div class='ocr_carea' id='block_1_49' title="bbox 250 4677 1846 4742">
    <p class='ocr_par' dir='ltr' id='par_1_49' title="bbox 250 4677 1846 4742">
     <span class='ocr_line' id='line_1_49' title="bbox 250 4677 1846 4742; baseline -0.003 -7"><span class='ocrx_word' id='word_1_374' title='bbox 250 4679 552 4735; x_wconf 69' lang='lat' dir='ltr'><strong>laudabilia</strong></span> <span class='ocrx_word' id='word_1_375' title='bbox 596 4678 872 4733; x_wconf 85' lang='lat' dir='ltr'><strong>hominum</strong></span> <span class='ocrx_word' id='word_1_376' title='bbox 910 4692 1015 4733; x_wconf 89' lang='lat' dir='ltr'><strong>non</strong></span> <span class='ocrx_word' id='word_1_377' title='bbox 1059 4686 1206 4733; x_wconf 87' lang='lat' dir='ltr'><strong>recte</strong></span> <span class='ocrx_word' id='word_1_378' title='bbox 1230 4677 1477 4732; x_wconf 82' lang='lat' dir='ltr'><strong>dicuntur</strong></span> <span class='ocrx_word' id='word_1_379' title='bbox 1511 4678 1563 4731; x_wconf 91' lang='lat' dir='ltr'><strong>in</strong></span> <span class='ocrx_word' id='word_1_380' title='bbox 1597 4677 1740 4742; x_wconf 90' lang='lat' dir='ltr'><strong>Deo;</strong></span> <span class='ocrx_word' id='word_1_381' title='bbox 1769 4680 1846 4732; x_wconf 89' lang='lat' dir='ltr'><strong>sic</strong></span> 
     </span>
    </p>
   </div>
   <div class='ocr_carea' id='block_1_50' title="bbox 249 4768 1846 4841">
    <p class='ocr_par' dir='ltr' id='par_1_50' title="bbox 249 4768 1846 4841">
     <span class='ocr_line' id='line_1_50' title="bbox 249 4768 1846 4841; baseline -0.003 -13"><span class='ocrx_word' id='word_1_382' title='bbox 249 4773 505 4841; x_wconf 65' lang='lat' dir='ltr'><strong>qudam</strong></span> <span class='ocrx_word' id='word_1_383' title='bbox 546 4770 831 4839; x_wconf 83' lang='lat' dir='ltr'><strong>culpabilia</strong></span> <span class='ocrx_word' id='word_1_384' title='bbox 870 4768 1146 4826; x_wconf 91' lang='lat' dir='ltr'><strong>hominum</strong></span> <span class='ocrx_word' id='word_1_385' title='bbox 1190 4778 1337 4824; x_wconf 88' lang='lat' dir='ltr'><strong>recte</strong></span> <span class='ocrx_word' id='word_1_386' title='bbox 1382 4769 1748 4838; x_wconf 84' lang='lat' dir='ltr'><strong>intelliguntur</strong></span> <span class='ocrx_word' id='word_1_387' title='bbox 1792 4786 1846 4823; x_wconf 83' lang='lat' dir='ltr'><strong>tn</strong></span> 
     </span>
    </p>
   </div>
   <div class='ocr_carea' id='block_1_51' title="bbox 253 4858 1848 4927">
    <p class='ocr_par' dir='ltr' id='par_1_51' title="bbox 253 4858 1848 4927">
     <span class='ocr_line' id='line_1_51' title="bbox 253 4858 1848 4927; baseline -0.005 -7"><span class='ocrx_word' id='word_1_388' title='bbox 253 4863 366 4919; x_wconf 76' lang='lat' dir='ltr'><strong>Deo</strong></span> <span class='ocrx_word' id='word_1_389' title='bbox 395 4883 408 4919; x_wconf 91' lang='lat'>:</span> <span class='ocrx_word' id='word_1_390' title='bbox 438 4878 555 4918; x_wconf 86' lang='lat' dir='ltr'><strong>non</strong></span> <span class='ocrx_word' id='word_1_391' title='bbox 582 4862 655 4916; x_wconf 83' lang='lat' dir='ltr'><strong>ita</strong></span> <span class='ocrx_word' id='word_1_392' title='bbox 687 4870 745 4916; x_wconf 86' lang='lat' dir='ltr'><strong>ut</strong></span> <span class='ocrx_word' id='word_1_393' title='bbox 770 4861 822 4915; x_wconf 82' lang='lat' dir='ltr'><strong>in</strong></span> <span class='ocrx_word' id='word_1_394' title='bbox 850 4860 1175 4927; x_wconf 84' lang='lat' dir='ltr'><strong>hominibus,</strong></span> <span class='ocrx_word' id='word_1_395' title='bbox 1205 4858 1301 4916; x_wconf 86' lang='lat' dir='ltr'><strong>sed</strong></span> <span class='ocrx_word' id='word_1_396' title='bbox 1322 4860 1591 4914; x_wconf 74' lang='lat' dir='ltr'><strong>vocabulis</strong></span> <span class='ocrx_word' id='word_1_397' title='bbox 1619 4869 1848 4913; x_wconf 83' lang='lat' dir='ltr'><strong>tantum-</strong></span> 
     </span>
    </p>
   </div>
   <div class='ocr_carea' id='block_1_52' title="bbox 254 4951 1845 5020">
    <p class='ocr_par' dir='ltr' id='par_1_52' title="bbox 254 4951 1845 5020">
     <span class='ocr_line' id='line_1_52' title="bbox 254 4951 1845 5020; baseline -0.003 -13"><span class='ocrx_word' id='word_1_398' title='bbox 254 4955 418 5008; x_wconf 86' lang='lat' dir='ltr'><strong>modo</strong></span> <span class='ocrx_word' id='word_1_399' title='bbox 441 4952 848 5017; x_wconf 87' lang='lat' dir='ltr'><strong>communibus,</strong></span> <span class='ocrx_word' id='word_1_400' title='bbox 874 4951 1030 5020; x_wconf 90' lang='lat' dir='ltr'><strong>longe</strong></span> <span class='ocrx_word' id='word_1_401' title='bbox 1064 4951 1167 5006; x_wconf 86' lang='lat' dir='ltr'><strong>alia</strong></span> <span class='ocrx_word' id='word_1_402' title='bbox 1191 4951 1400 5005; x_wconf 89' lang='lat' dir='ltr'><strong>ratione</strong></span> <span class='ocrx_word' id='word_1_403' title='bbox 1428 4961 1482 5003; x_wconf 91' lang='lat' dir='ltr'><strong>et</strong></span> <span class='ocrx_word' id='word_1_404' title='bbox 1510 4953 1687 5003; x_wconf 85' lang='lat' dir='ltr'><strong>modo.</strong></span> <span class='ocrx_word' id='word_1_405' title='bbox 1718 4951 1845 5003; x_wconf 82' lang='lat' dir='ltr'><strong>Nam</strong></span> 
     </span>
    </p>
   </div>
   <div class='ocr_carea' id='block_1_53' title="bbox 254 5040 1851 5113">
    <p class='ocr_par' dir='ltr' id='par_1_53' title="bbox 254 5040 1851 5113">
     <span class='ocr_line' id='line_1_53' title="bbox 254 5040 1851 5113; baseline -0.003 -16"><span class='ocrx_word' id='word_1_406' title='bbox 254 5044 416 5111; x_wconf 82' lang='lat' dir='ltr'><strong>paulo</strong></span> <span class='ocrx_word' id='word_1_407' title='bbox 448 5041 735 5113; x_wconf 85' lang='lat' dir='ltr'><strong>postidem</strong></span> <span class='ocrx_word' id='word_1_408' title='bbox 764 5042 1002 5105; x_wconf 87' lang='lat' dir='ltr'><strong>Samuel,</strong></span> <span class='ocrx_word' id='word_1_409' title='bbox 1033 5042 1116 5096; x_wconf 90' lang='lat' dir='ltr'><strong>cui</strong></span> <span class='ocrx_word' id='word_1_410' title='bbox 1142 5040 1350 5096; x_wconf 81' lang='lat' dir='ltr'><strong>dixerat</strong></span> <span class='ocrx_word' id='word_1_411' title='bbox 1373 5041 1645 5105; x_wconf 86' lang='lat' dir='ltr'><strong>Dominus,</strong></span> <span class='ocrx_word' id='word_1_412' title='bbox 1678 5041 1851 5094; x_wconf 72' lang='lat' dir='ltr'><strong>Pam&quot;-</strong></span> 
     </span>
    </p>
   </div>
   <div class='ocr_carea' id='block_1_54' title="bbox 255 5132 1850 5207">
    <p class='ocr_par' dir='ltr' id='par_1_54' title="bbox 255 5132 1850 5207">
     <span class='ocr_line' id='line_1_54' title="bbox 255 5132 1850 5207; baseline -0.003 -17"><span class='ocrx_word' id='word_1_413' title='bbox 255 5146 329 5189; x_wconf 72' lang='lat' dir='ltr'><strong>tet</strong></span> <span class='ocrx_word' id='word_1_414' title='bbox 361 5136 605 5207; x_wconf 68' lang='lat' dir='ltr'><strong>mequod</strong></span> <span class='ocrx_word' id='word_1_415' title='bbox 630 5135 976 5189; x_wconf 68' lang='lat' dir='ltr'><strong>constituerim</strong></span> <span class='ocrx_word' id='word_1_416' title='bbox 997 5149 1164 5204; x_wconf 72' lang='lat' dir='ltr'><strong>regem</strong></span> <span class='ocrx_word' id='word_1_417' title='bbox 1202 5132 1354 5197; x_wconf 72' lang='lat' dir='ltr'><strong>Sail,</strong></span> <span class='ocrx_word' id='word_1_418' title='bbox 1382 5132 1480 5204; x_wconf 70' lang='lat' dir='ltr'><strong>ipsi</strong></span> <span class='ocrx_word' id='word_1_419' title='bbox 1505 5133 1650 5189; x_wconf 82' lang='lat' dir='ltr'><strong>Sat&#39;tli</strong></span> <span class='ocrx_word' id='word_1_420' title='bbox 1680 5136 1754 5188; x_wconf 86' lang='lat' dir='ltr'><strong>ait</strong></span> <span class='ocrx_word' id='word_1_421' title='bbox 1783 5136 1850 5187; x_wconf 89' lang='lat' dir='ltr'><strong>de</strong></span> 
     </span>
    </p>
   </div>
   <div class='ocr_carea' id='block_1_55' title="bbox 260 5222 1849 5292">
    <p class='ocr_par' dir='ltr' id='par_1_55' title="bbox 260 5222 1849 5292">
     <span class='ocr_line' id='line_1_55' title="bbox 260 5222 1849 5292; baseline -0.003 -10"><span class='ocrx_word' id='word_1_422' title='bbox 260 5226 394 5290; x_wconf 70' lang='lat' dir='ltr'><strong>lico,</strong></span> <span class='ocrx_word' id='word_1_423' title='bbox 445 5226 704 5291; x_wconf 76' lang='lat' dir='ltr'><strong>Quoniam</strong></span> <span class='ocrx_word' id='word_1_424' title='bbox 743 5241 847 5279; x_wconf 76' lang='lat' dir='ltr'><strong>non</strong></span> <span class='ocrx_word' id='word_1_425' title='bbox 884 5233 960 5279; x_wconf 82' lang='lat' dir='ltr'><strong>est</strong></span> <span class='ocrx_word' id='word_1_426' title='bbox 1000 5225 1128 5278; x_wconf 71' lang='lat' dir='ltr'><strong>sicut</strong></span> <span class='ocrx_word' id='word_1_427' title='bbox 1157 5222 1328 5289; x_wconf 74' lang='lat' dir='ltr'><strong>homo,</strong></span> <span class='ocrx_word' id='word_1_428' title='bbox 1374 5234 1429 5276; x_wconf 73' lang='lat' dir='ltr'><strong>at</strong></span> <span class='ocrx_word' id='word_1_429' title='bbox 1462 5226 1694 5292; x_wconf 70' lang='lat' dir='ltr'><strong>peniteat</strong></span> <span class='ocrx_word' id='word_1_430' title='bbox 1735 5242 1849 5278; x_wconf 79' lang='lat' dir='ltr'><strong>eum</strong></span> 
     </span>
    </p>
   </div>
   <div class='ocr_carea' id='block_1_56' title="bbox 259 5315 1847 5390">
    <p class='ocr_par' dir='ltr' id='par_1_56' title="bbox 259 5315 1847 5390">
     <span class='ocr_line' id='line_1_56' title="bbox 259 5315 1847 5390; baseline -0.001 -17"><span class='ocrx_word' id='word_1_431' title='bbox 259 5317 304 5387; x_wconf 79' lang='grc' dir='ltr'><strong>(ι</strong></span> <span class='ocrx_word' id='word_1_432' title='bbox 335 5319 463 5390; x_wconf 63' lang='grc' dir='ltr'><strong>[ιη.</strong></span> <span class='ocrx_word' id='word_1_433' title='bbox 497 5334 589 5385; x_wconf 80' lang='lat' dir='ltr'><strong>xv,</strong></span> <span class='ocrx_word' id='word_1_434' title='bbox 626 5318 725 5390; x_wconf 68' lang='grc'><strong>29)</strong></span> <span class='ocrx_word' id='word_1_435' title='bbox 763 5334 777 5372; x_wconf 92' lang='lat'><strong>:</strong></span> <span class='ocrx_word' id='word_1_436' title='bbox 812 5317 902 5373; x_wconf 81' lang='lat' dir='ltr'><strong>ubi</strong></span> <span class='ocrx_word' id='word_1_437' title='bbox 945 5315 1195 5372; x_wconf 88' lang='lat' dir='ltr'><strong>videlicet</strong></span> <span class='ocrx_word' id='word_1_438' title='bbox 1231 5317 1362 5371; x_wconf 84' lang='lat' dir='ltr'><strong>satis</strong></span> <span class='ocrx_word' id='word_1_439' title='bbox 1402 5317 1637 5372; x_wconf 72' lang='lat' dir='ltr'><strong>ostendit</strong></span> <span class='ocrx_word' id='word_1_440' title='bbox 1687 5319 1847 5371; x_wconf 82' lang='lat' dir='ltr'><strong>etiam</strong></span> 
     </span>
    </p>
   </div>
   <div class='ocr_carea' id='block_1_57' title="bbox 322 5442 1477 5508">
    <p class='ocr_par' dir='ltr' id='par_1_57' title="bbox 322 5442 1477 5508">
     <span class='ocr_line' id='line_1_57' title="bbox 322 5442 1477 5508; baseline -0.006 -6"><span class='ocrx_word' id='word_1_441' title='bbox 322 5452 342 5484; x_wconf 87' lang='grc'>¹</span> <span class='ocrx_word' id='word_1_442' title='bbox 366 5455 529 5503; x_wconf 63' lang='lat' dir='ltr'><strong>Heu.</strong></span> <span class='ocrx_word' id='word_1_443' title='bbox 556 5460 609 5505; x_wconf 89' lang='lat' dir='ltr'><strong>et</strong></span> <span class='ocrx_word' id='word_1_444' title='bbox 630 5452 789 5504; x_wconf 78' lang='lat' dir='ltr'><strong>nostri</strong></span> <span class='ocrx_word' id='word_1_445' title='bbox 807 5458 917 5499; x_wconf 67' lang='lat' dir='ltr'><strong>atas.</strong></span> <span class='ocrx_word' id='word_1_446' title='bbox 942 5454 998 5499; x_wconf 77' lang='lat' dir='ltr'><strong>At</strong></span> <span class='ocrx_word' id='word_1_447' title='bbox 1012 5452 1146 5508; x_wconf 70' lang='lat'><strong>1.01.,</strong></span> <span class='ocrx_word' id='word_1_448' title='bbox 1162 5442 1477 5508; x_wconf 64' lang='lat' dir='ltr'><strong>Marnas.</strong></span> 
     </span>
    </p>
   </div>
   <div class='ocr_carea' id='block_1_58' title="bbox 324 5507 1849 5577">
    <p class='ocr_par' dir='ltr' id='par_1_58' title="bbox 324 5507 1849 5577">
     <span class='ocr_line' id='line_1_58' title="bbox 324 5507 1849 5577; baseline -0.003 -14"><span class='ocrx_word' id='word_1_449' title='bbox 324 5516 486 5564; x_wconf 66' lang='lat' dir='ltr'><strong>‘Editi</strong></span> <span class='ocrx_word' id='word_1_450' title='bbox 515 5529 531 5577; x_wconf 69' lang='grc' dir='ltr'>ξ</span> <span class='ocrx_word' id='word_1_451' title='bbox 563 5512 947 5577; x_wconf 64' lang='lat' dir='ltr'><strong>consideremus</strong></span> <span class='ocrx_word' id='word_1_452' title='bbox 986 5507 1438 5577; x_wconf 83' lang='lat' dir='ltr'><strong>quid</strong></span> <span class='ocrx_word' id='word_1_453' title='bbox 1486 5516 1540 5577; x_wconf 88' lang='lat' dir='ltr'><strong>I_n</strong></span> <span class='ocrx_word' id='word_1_454' title='bbox 1582 5507 1849 5577; x_wconf 53' lang='lat' dir='ltr'><strong>[iuuenibus</strong></span> 
     </span>
    </p>
   </div>
   <div class='ocr_carea' id='block_1_59' title="bbox 263 5568 1849 5647">
    <p class='ocr_par' dir='ltr' id='par_1_59' title="bbox 263 5568 1849 5647">
     <span class='ocr_line' id='line_1_59' title="bbox 263 5568 1849 5647; baseline -0.003 -21"><span class='ocrx_word' id='word_1_455' title='bbox 263 5585 379 5647; x_wconf 70' lang='lat' dir='ltr'><strong>opas</strong></span> <span class='ocrx_word' id='word_1_456' title='bbox 406 5575 666 5647; x_wconf 63' lang='grc' dir='ltr'><strong>ρῳιίιειιαί</strong></span> <span class='ocrx_word' id='word_1_457' title='bbox 686 5579 783 5631; x_wconf 62' lang='grc' dir='ltr'><strong>θαι,</strong></span> <span class='ocrx_word' id='word_1_458' title='bbox 810 5581 926 5619; x_wconf 79' lang='lat' dir='ltr'><strong>cum</strong></span> <span class='ocrx_word' id='word_1_459' title='bbox 974 5568 1138 5629; x_wconf 66' lang='lat' dir='ltr'><strong>procul</strong></span> <span class='ocrx_word' id='word_1_460' title='bbox 1175 5568 1319 5621; x_wconf 69' lang='lat' dir='ltr'><strong>dubia</strong></span> <span class='ocrx_word' id='word_1_461' title='bbox 1357 5570 1595 5633; x_wconf 78' lang='lat' dir='ltr'><strong>reperitur</strong></span> <span class='ocrx_word' id='word_1_462' title='bbox 1638 5572 1849 5621; x_wconf 54' lang='lat' dir='ltr'><strong>minutas</strong></span> 
     </span>
    </p>
   </div>
   <div class='ocr_carea' id='block_1_60' title="bbox 267 5640 481 5689">
    <p class='ocr_par' dir='ltr' id='par_1_60' title="bbox 267 5640 481 5689">
     <span class='ocr_line' id='line_1_60' title="bbox 267 5640 481 5689; baseline 0.019 -4"><span class='ocrx_word' id='word_1_463' title='bbox 267 5640 481 5689; x_wconf 64' lang='lat' dir='ltr'><strong>tutudi.</strong></span> 
     </span>
    </p>
   </div>
   <div class='ocr_carea' id='block_1_61' title="bbox 324 5704 737 5767">
    <p class='ocr_par' dir='ltr' id='par_1_61' title="bbox 324 5704 737 5767">
     <span class='ocr_line' id='line_1_61' title="bbox 324 5704 737 5767; baseline -0.012 -19"><span class='ocrx_word' id='word_1_464' title='bbox 324 5704 346 5730; x_wconf 79' lang='grc'><em>³</em></span> <span class='ocrx_word' id='word_1_465' title='bbox 364 5705 477 5767; x_wconf 66' lang='grc' dir='ltr'><strong>ιιι,</strong></span> <span class='ocrx_word' id='word_1_466' title='bbox 496 5705 737 5754; x_wconf 70' lang='lat' dir='ltr'><strong>We.</strong></span> 
     </span>
    </p>
   </div>
   <div class='ocr_carea' id='block_1_62' title="bbox 1945 388 3524 460">
    <p class='ocr_par' dir='ltr' id='par_1_62' title="bbox 1945 388 3524 460">
     <span class='ocr_line' id='line_1_62' title="bbox 1945 388 3524 460; baseline 0.005 -15"><span class='ocrx_word' id='word_1_467' title='bbox 1945 402 2067 447; x_wconf 77' lang='lat' dir='ltr'><strong>cum</strong></span> <span class='ocrx_word' id='word_1_468' title='bbox 2099 388 2236 447; x_wconf 86' lang='lat' dir='ltr'><strong>Deus</strong></span> <span class='ocrx_word' id='word_1_469' title='bbox 2263 388 2410 457; x_wconf 85' lang='lat' dir='ltr'><strong>dicit,</strong></span> <span class='ocrx_word' id='word_1_470' title='bbox 2447 390 2657 446; x_wconf 68' lang='lat' dir='ltr'><strong>Paenitet</strong></span> <span class='ocrx_word' id='word_1_471' title='bbox 2695 409 2808 460; x_wconf 78' lang='lat' dir='ltr'><strong>nte;</strong></span> <span class='ocrx_word' id='word_1_472' title='bbox 2849 409 2953 451; x_wconf 84' lang='lat' dir='ltr'><strong>non</strong></span> <span class='ocrx_word' id='word_1_473' title='bbox 2985 395 3220 454; x_wconf 80' lang='lat' dir='ltr'><strong>humano</strong></span> <span class='ocrx_word' id='word_1_474' title='bbox 3255 412 3407 455; x_wconf 76' lang='lat' dir='ltr'><strong>more</strong></span> <span class='ocrx_word' id='word_1_475' title='bbox 3431 413 3524 455; x_wconf 82' lang='lat' dir='ltr'><strong>ae-</strong></span> 
     </span>
    </p>
   </div>
   <div class='ocr_carea' id='block_1_63' title="bbox 1939 483 3524 561">
    <p class='ocr_par' dir='ltr' id='par_1_63' title="bbox 1939 483 3524 561">
     <span class='ocr_line' id='line_1_63' title="bbox 1939 483 3524 561; baseline 0.004 -25"><span class='ocrx_word' id='word_1_476' title='bbox 1939 483 2242 552; x_wconf 76' lang='lat' dir='ltr'><strong>cipiendum</strong></span> <span class='ocrx_word' id='word_1_477' title='bbox 2282 500 2418 549; x_wconf 81' lang='lat' dir='ltr'><strong>esse,</strong></span> <span class='ocrx_word' id='word_1_478' title='bbox 2452 485 2590 541; x_wconf 88' lang='lat' dir='ltr'><strong>sicut</strong></span> <span class='ocrx_word' id='word_1_479' title='bbox 2625 488 2734 556; x_wconf 88' lang='lat' dir='ltr'><strong>jam</strong></span> <span class='ocrx_word' id='word_1_480' title='bbox 2764 497 3019 559; x_wconf 87' lang='lat' dir='ltr'><strong>quantum</strong></span> <span class='ocrx_word' id='word_1_481' title='bbox 3045 490 3310 547; x_wconf 87' lang='lat' dir='ltr'><strong>valuimus</strong></span> <span class='ocrx_word' id='word_1_482' title='bbox 3336 491 3524 561; x_wconf 59' lang='lat' dir='ltr'><strong>dispo-</strong></span> 
     </span>
    </p>
   </div>
   <div class='ocr_carea' id='block_1_64' title="bbox 1941 577 2188 631">
    <p class='ocr_par' dir='ltr' id='par_1_64' title="bbox 1941 577 2188 631">
     <span class='ocr_line' id='line_1_64' title="bbox 1941 577 2188 631; baseline 0.012 -2"><span class='ocrx_word' id='word_1_483' title='bbox 1941 577 2188 631; x_wconf 82' lang='lat' dir='ltr'><strong>lavimus.</strong></span> 
     </span>
    </p>
   </div>
   <div class='ocr_carea' id='block_1_65' title="bbox 1939 667 3523 745">
    <p class='ocr_par' dir='ltr' id='par_1_65' title="bbox 1939 667 3523 745">
     <span class='ocr_line' id='line_1_65' title="bbox 1939 667 3523 745; baseline 0.005 -23"><span class='ocrx_word' id='word_1_484' title='bbox 1939 667 2155 736; x_wconf 62' lang='lat' dir='ltr'><strong>Quas&#39;r.</strong></span> <span class='ocrx_word' id='word_1_485' title='bbox 2196 668 2282 725; x_wconf 86' lang='grc' dir='ltr'><strong>ιιι.</strong></span> <span class='ocrx_word' id='word_1_486' title='bbox 2320 699 2391 711; x_wconf 86' lang='grc'><strong><em>--</em></strong></span> <span class='ocrx_word' id='word_1_487' title='bbox 2417 668 2630 726; x_wconf 75' lang='lat' dir='ltr'><strong>Samuel</strong></span> <span class='ocrx_word' id='word_1_488' title='bbox 2661 686 2751 742; x_wconf 82' lang='lat' dir='ltr'><strong>per</strong></span> <span class='ocrx_word' id='word_1_489' title='bbox 2786 673 3128 743; x_wconf 78' lang='lat' dir='ltr'><strong>pythonissam</strong></span> <span class='ocrx_word' id='word_1_490' title='bbox 3159 676 3356 729; x_wconf 65' lang='lat' dir='ltr'><strong>arcani</strong></span> <span class='ocrx_word' id='word_1_491' title='bbox 3390 690 3523 745; x_wconf 76' lang='lat' dir='ltr'><strong>quo-</strong></span> 
     </span>
    </p>
   </div>
   <div class='ocr_carea' id='block_1_66' title="bbox 2013 757 3520 837">
    <p class='ocr_par' dir='ltr' id='par_1_66' title="bbox 2013 757 3520 837">
     <span class='ocr_line' id='line_1_66' title="bbox 2013 757 3520 837; baseline 0.005 -26"><span class='ocrx_word' id='word_1_492' title='bbox 2013 757 2163 813; x_wconf 83' lang='lat' dir='ltr'><strong>modo</strong></span> <span class='ocrx_word' id='word_1_493' title='bbox 2199 760 2436 829; x_wconf 82' lang='lat' dir='ltr'><strong>potuerit.</strong></span> <span class='ocrx_word' id='word_1_494' title='bbox 2472 759 2726 815; x_wconf 77' lang='lat' dir='ltr'><strong>Samuelis</strong></span> <span class='ocrx_word' id='word_1_495' title='bbox 2762 761 2891 830; x_wconf 81' lang='lat' dir='ltr'><strong>forte</strong></span> <span class='ocrx_word' id='word_1_496' title='bbox 2930 767 3232 832; x_wconf 77' lang='lat' dir='ltr'><strong>phantasma</strong></span> <span class='ocrx_word' id='word_1_497' title='bbox 3257 765 3375 837; x_wconf 76' lang='lat' dir='ltr'><strong>fuit,</strong></span> <span class='ocrx_word' id='word_1_498' title='bbox 3418 782 3520 826; x_wconf 74' lang='lat' dir='ltr'><strong>non</strong></span> 
     </span>
    </p>
   </div>
   <div class='ocr_carea' id='block_1_67' title="bbox 2010 847 3221 922">
    <p class='ocr_par' dir='ltr' id='par_1_67' title="bbox 2010 847 3221 922">
     <span class='ocr_line' id='line_1_67' title="bbox 2010 847 3221 922; baseline 0.007 -21"><span class='ocrx_word' id='word_1_499' title='bbox 2010 848 2236 919; x_wconf 77' lang='lat' dir='ltr'><strong>spiritus.</strong></span> <span class='ocrx_word' id='word_1_500' title='bbox 2262 847 2528 906; x_wconf 65' lang='lat' dir='ltr'><strong>Da&#39;monea</strong></span> <span class='ocrx_word' id='word_1_501' title='bbox 2546 850 2797 921; x_wconf 72' lang='lat' dir='ltr'><strong>quomodo</strong></span> <span class='ocrx_word' id='word_1_502' title='bbox 2828 853 2997 906; x_wconf 83' lang='lat' dir='ltr'><strong>norint</strong></span> <span class='ocrx_word' id='word_1_503' title='bbox 3024 853 3221 922; x_wconf 77' lang='lat' dir='ltr'><strong>futura.</strong></span> 
     </span>
    </p>
   </div>
   <div class='ocr_carea' id='block_1_68' title="bbox 2012 939 3527 1018">
    <p class='ocr_par' dir='ltr' id='par_1_68' title="bbox 2012 939 3527 1018">
     <span class='ocr_line' id='line_1_68' title="bbox 2012 939 3527 1018; baseline 0.005 -24"><span class='ocrx_word' id='word_1_504' title='bbox 2012 942 2066 995; x_wconf 77' lang='grc'><strong>1.</strong></span> <span class='ocrx_word' id='word_1_505' title='bbox 2105 939 2236 995; x_wconf 81' lang='lat' dir='ltr'><strong>item</strong></span> <span class='ocrx_word' id='word_1_506' title='bbox 2265 943 2462 1011; x_wconf 76' lang='lat' dir='ltr'><strong>qmeris</strong></span> <span class='ocrx_word' id='word_1_507' title='bbox 2502 952 2677 998; x_wconf 90' lang='lat' dir='ltr'><strong>utrum</strong></span> <span class='ocrx_word' id='word_1_508' title='bbox 2707 942 2928 1013; x_wconf 83' lang='lat' dir='ltr'><strong>spiritus</strong></span> <span class='ocrx_word' id='word_1_509' title='bbox 2952 944 3257 1000; x_wconf 88' lang='lat' dir='ltr'><strong>immundus</strong></span> <span class='ocrx_word' id='word_1_510' title='bbox 3291 946 3380 1018; x_wconf 90' lang='lat' dir='ltr'><strong>qui</strong></span> <span class='ocrx_word' id='word_1_511' title='bbox 3410 957 3527 1001; x_wconf 80' lang='lat' dir='ltr'><strong>erat</strong></span> 
     </span>
    </p>
   </div>
   <div class='ocr_carea' id='block_1_69' title="bbox 1941 1031 3526 1108">
    <p class='ocr_par' dir='ltr' id='par_1_69' title="bbox 1941 1031 3526 1108">
     <span class='ocr_line' id='line_1_69' title="bbox 1941 1031 3526 1108; baseline 0.005 -21"><span class='ocrx_word' id='word_1_512' title='bbox 1941 1031 1997 1087; x_wconf 90' lang='lat' dir='ltr'><strong>in</strong></span> <span class='ocrx_word' id='word_1_513' title='bbox 2022 1031 2353 1106; x_wconf 83' lang='lat' dir='ltr'><strong>pythonissa,</strong></span> <span class='ocrx_word' id='word_1_514' title='bbox 2383 1036 2612 1103; x_wconf 89' lang='lat' dir='ltr'><strong>potuerit</strong></span> <span class='ocrx_word' id='word_1_515' title='bbox 2634 1050 2794 1108; x_wconf 88' lang='lat' dir='ltr'><strong>agere</strong></span> <span class='ocrx_word' id='word_1_516' title='bbox 2819 1046 2877 1092; x_wconf 91' lang='lat' dir='ltr'><strong>ut</strong></span> <span class='ocrx_word' id='word_1_517' title='bbox 2894 1038 3107 1094; x_wconf 87' lang='lat' dir='ltr'><strong>Samuel</strong></span> <span class='ocrx_word' id='word_1_518' title='bbox 3138 1054 3167 1093; x_wconf 93' lang='lat' dir='ltr'><strong>a</strong></span> <span class='ocrx_word' id='word_1_519' title='bbox 3193 1039 3354 1094; x_wconf 77' lang='lat' dir='ltr'><strong>Saﬁle</strong></span> <span class='ocrx_word' id='word_1_520' title='bbox 3379 1040 3526 1095; x_wconf 89' lang='lat' dir='ltr'><strong>vide-</strong></span> 
     </span>
    </p>
   </div>
   <div class='ocr_carea' id='block_1_70' title="bbox 1938 1126 3523 1201">
    <p class='ocr_par' dir='ltr' id='par_1_70' title="bbox 1938 1126 3523 1201">
     <span class='ocr_line' id='line_1_70' title="bbox 1938 1126 3523 1201; baseline 0.006 -24"><span class='ocrx_word' id='word_1_521' title='bbox 1938 1133 2088 1178; x_wconf 88' lang='lat' dir='ltr'><strong>retur</strong></span> <span class='ocrx_word' id='word_1_522' title='bbox 2122 1134 2177 1179; x_wconf 89' lang='lat' dir='ltr'><strong>et</strong></span> <span class='ocrx_word' id='word_1_523' title='bbox 2196 1126 2501 1196; x_wconf 85' lang='lat' dir='ltr'><strong>loqueretur</strong></span> <span class='ocrx_word' id='word_1_524' title='bbox 2515 1141 2635 1181; x_wconf 89' lang='lat' dir='ltr'><strong>eum</strong></span> <span class='ocrx_word' id='word_1_525' title='bbox 2663 1142 2731 1183; x_wconf 88' lang='lat' dir='ltr'><strong>eo</strong></span> <span class='ocrx_word' id='word_1_526' title='bbox 2758 1128 2800 1199; x_wconf 95' lang='lat' dir='ltr'><strong>(l</strong></span> <span class='ocrx_word' id='word_1_527' title='bbox 2822 1126 2949 1199; x_wconf 78' lang='lat' dir='ltr'><strong>Reg.</strong></span> <span class='ocrx_word' id='word_1_528' title='bbox 2984 1145 3169 1197; x_wconf 80' lang='lat' dir='ltr'><strong>xxvtn,</strong></span> <span class='ocrx_word' id='word_1_529' title='bbox 3197 1129 3381 1201; x_wconf 68' lang='lat'><strong>7-19).</strong></span> <span class='ocrx_word' id='word_1_530' title='bbox 3412 1131 3523 1186; x_wconf 89' lang='lat' dir='ltr'><strong>Sed</strong></span> 
     </span>
    </p>
   </div>
   <div class='ocr_carea' id='block_1_71' title="bbox 1941 1213 3525 1290">
    <p class='ocr_par' dir='ltr' id='par_1_71' title="bbox 1941 1213 3525 1290">
     <span class='ocr_line' id='line_1_71' title="bbox 1941 1213 3525 1290; baseline 0.006 -23"><span class='ocrx_word' id='word_1_531' title='bbox 1941 1213 2109 1268; x_wconf 90' lang='lat' dir='ltr'><strong>multo</strong></span> <span class='ocrx_word' id='word_1_532' title='bbox 2132 1213 2351 1284; x_wconf 87' lang='lat' dir='ltr'><strong>majoris</strong></span> <span class='ocrx_word' id='word_1_533' title='bbox 2371 1215 2615 1271; x_wconf 89' lang='lat' dir='ltr'><strong>miraculi</strong></span> <span class='ocrx_word' id='word_1_534' title='bbox 2634 1225 2717 1271; x_wconf 91' lang='lat' dir='ltr'><strong>est</strong></span> <span class='ocrx_word' id='word_1_535' title='bbox 2743 1217 2882 1286; x_wconf 88' lang='lat' dir='ltr'><strong>quod</strong></span> <span class='ocrx_word' id='word_1_536' title='bbox 2907 1219 3017 1287; x_wconf 89' lang='lat' dir='ltr'><strong>ipse</strong></span> <span class='ocrx_word' id='word_1_537' title='bbox 3043 1228 3255 1275; x_wconf 81' lang='lat' dir='ltr'><strong>satanas</strong></span> <span class='ocrx_word' id='word_1_538' title='bbox 3274 1220 3525 1290; x_wconf 86' lang='lat' dir='ltr'><strong>princeps</strong></span> 
     </span>
    </p>
   </div>
   <div class='ocr_carea' id='block_1_72' title="bbox 1939 1304 3522 1380">
    <p class='ocr_par' dir='ltr' id='par_1_72' title="bbox 1939 1304 3522 1380">
     <span class='ocr_line' id='line_1_72' title="bbox 1939 1304 3522 1380; baseline 0.004 -22"><span class='ocrx_word' id='word_1_539' title='bbox 1939 1304 2176 1359; x_wconf 91' lang='lat' dir='ltr'><strong>omnium</strong></span> <span class='ocrx_word' id='word_1_540' title='bbox 2224 1305 2618 1361; x_wconf 87' lang='lat' dir='ltr'><strong>immundorum</strong></span> <span class='ocrx_word' id='word_1_541' title='bbox 2664 1308 2946 1379; x_wconf 86' lang='lat' dir='ltr'><strong>spirituum</strong></span> <span class='ocrx_word' id='word_1_542' title='bbox 2989 1310 3162 1380; x_wconf 89' lang='lat' dir='ltr'><strong>potuit</strong></span> <span class='ocrx_word' id='word_1_543' title='bbox 3208 1309 3353 1380; x_wconf 90' lang='lat' dir='ltr'><strong>loqui</strong></span> <span class='ocrx_word' id='word_1_544' title='bbox 3398 1326 3522 1366; x_wconf 89' lang='lat' dir='ltr'><strong>cum</strong></span> 
     </span>
    </p>
   </div>
   <div class='ocr_carea' id='block_1_73' title="bbox 1942 1395 3525 1471">
    <p class='ocr_par' dir='ltr' id='par_1_73' title="bbox 1942 1395 3525 1471">
     <span class='ocr_line' id='line_1_73' title="bbox 1942 1395 3525 1471; baseline 0.004 -22"><span class='ocrx_word' id='word_1_545' title='bbox 1942 1395 2071 1463; x_wconf 91' lang='lat' dir='ltr'><strong>Deo,</strong></span> <span class='ocrx_word' id='word_1_546' title='bbox 2127 1406 2183 1453; x_wconf 88' lang='lat' dir='ltr'><strong>et</strong></span> <span class='ocrx_word' id='word_1_547' title='bbox 2220 1406 2405 1470; x_wconf 88' lang='lat' dir='ltr'><strong>petere</strong></span> <span class='ocrx_word' id='word_1_548' title='bbox 2458 1397 2765 1454; x_wconf 87' lang='lat' dir='ltr'><strong>tentandum</strong></span> <span class='ocrx_word' id='word_1_549' title='bbox 2807 1400 2910 1455; x_wconf 82' lang='lat' dir='ltr'><strong>Job</strong></span> <span class='ocrx_word' id='word_1_550' title='bbox 2942 1400 3299 1471; x_wconf 87' lang='lat' dir='ltr'><strong>justissimum</strong></span> <span class='ocrx_word' id='word_1_551' title='bbox 3349 1400 3525 1456; x_wconf 88' lang='lat' dir='ltr'><strong>virum</strong></span> 
     </span>
    </p>
   </div>
   <div class='ocr_carea' id='block_1_74' title="bbox 1943 1487 3529 1564">
    <p class='ocr_par' dir='ltr' id='par_1_74' title="bbox 1943 1487 3529 1564">
     <span class='ocr_line' id='line_1_74' title="bbox 1943 1487 3529 1564; baseline 0.005 -22"><span class='ocrx_word' id='word_1_552' title='bbox 1943 1487 2083 1555; x_wconf 82' lang='lat' dir='ltr'><strong>(Job.</strong></span> <span class='ocrx_word' id='word_1_553' title='bbox 2126 1505 2165 1555; x_wconf 85' lang='grc' dir='ltr'><strong>ι,</strong></span> <span class='ocrx_word' id='word_1_554' title='bbox 2202 1489 2332 1563; x_wconf 75' lang='lat' dir='ltr'><strong>it):</strong></span> <span class='ocrx_word' id='word_1_555' title='bbox 2361 1490 2451 1563; x_wconf 89' lang='lat' dir='ltr'><strong>qui</strong></span> <span class='ocrx_word' id='word_1_556' title='bbox 2502 1491 2660 1546; x_wconf 89' lang='lat' dir='ltr'><strong>etiam</strong></span> <span class='ocrx_word' id='word_1_557' title='bbox 2709 1492 2993 1548; x_wconf 87' lang='lat' dir='ltr'><strong>tentandos</strong></span> <span class='ocrx_word' id='word_1_558' title='bbox 3045 1493 3332 1564; x_wconf 77' lang='lat' dir='ltr'><strong>Apostolus</strong></span> <span class='ocrx_word' id='word_1_559' title='bbox 3378 1495 3529 1563; x_wconf 86' lang='lat' dir='ltr'><strong>petiit</strong></span> 
     </span>
    </p>
   </div>
   <div class='ocr_carea' id='block_1_75' title="bbox 1940 1578 3523 1654">
    <p class='ocr_par' dir='ltr' id='par_1_75' title="bbox 1940 1578 3523 1654">
     <span class='ocr_line' id='line_1_75' title="bbox 1940 1578 3523 1654; baseline 0.005 -20"><span class='ocrx_word' id='word_1_560' title='bbox 1940 1578 2091 1652; x_wconf 85' lang='lat' dir='ltr'><strong>(Luc.</strong></span> <span class='ocrx_word' id='word_1_561' title='bbox 2122 1596 2253 1648; x_wconf 81' lang='lat' dir='ltr'><strong>xxu,</strong></span> <span class='ocrx_word' id='word_1_562' title='bbox 2279 1581 2391 1654; x_wconf 77' lang='lat' dir='ltr'><strong>3i).</strong></span> <span class='ocrx_word' id='word_1_563' title='bbox 2423 1584 2530 1638; x_wconf 79' lang='lat' dir='ltr'><strong>Aut</strong></span> <span class='ocrx_word' id='word_1_564' title='bbox 2557 1583 2601 1638; x_wconf 90' lang='lat' dir='ltr'><strong>si</strong></span> <span class='ocrx_word' id='word_1_565' title='bbox 2627 1582 2729 1640; x_wconf 87' lang='lat' dir='ltr'><strong>hoc</strong></span> <span class='ocrx_word' id='word_1_566' title='bbox 2770 1600 2877 1639; x_wconf 90' lang='lat' dir='ltr'><strong>non</strong></span> <span class='ocrx_word' id='word_1_567' title='bbox 2911 1585 3033 1640; x_wconf 88' lang='lat' dir='ltr'><strong>ideo</strong></span> <span class='ocrx_word' id='word_1_568' title='bbox 3068 1585 3228 1644; x_wconf 84' lang='lat' dir='ltr'><strong>habet</strong></span> <span class='ocrx_word' id='word_1_569' title='bbox 3252 1586 3523 1643; x_wconf 85' lang='lat' dir='ltr'><strong>difficilem</strong></span> 
     </span>
    </p>
   </div>
   <div class='ocr_carea' id='block_1_76' title="bbox 1938 1673 3526 1747">
    <p class='ocr_par' dir='ltr' id='par_1_76' title="bbox 1938 1673 3526 1747">
     <span class='ocr_line' id='line_1_76' title="bbox 1938 1673 3526 1747; baseline 0.007 -21"><span class='ocrx_word' id='word_1_570' title='bbox 1938 1673 2310 1743; x_wconf 62' lang='lat' dir='ltr'><strong>quaestionem,</strong></span> <span class='ocrx_word' id='word_1_571' title='bbox 2339 1674 2460 1745; x_wconf 84' lang='lat' dir='ltr'><strong>quia</strong></span> <span class='ocrx_word' id='word_1_572' title='bbox 2500 1692 2595 1746; x_wconf 83' lang='lat' dir='ltr'><strong>per</strong></span> <span class='ocrx_word' id='word_1_573' title='bbox 2621 1692 2780 1747; x_wconf 90' lang='lat' dir='ltr'><strong>quam</strong></span> <span class='ocrx_word' id='word_1_574' title='bbox 2820 1678 3049 1732; x_wconf 82' lang='lat' dir='ltr'><strong>voluerit</strong></span> <span class='ocrx_word' id='word_1_575' title='bbox 3087 1686 3412 1745; x_wconf 88' lang='lat' dir='ltr'><strong>creaturam,</strong></span> <span class='ocrx_word' id='word_1_576' title='bbox 3437 1681 3526 1737; x_wconf 80' lang='lat' dir='ltr'><strong>cui</strong></span> 
     </span>
    </p>
   </div>
   <div class='ocr_carea' id='block_1_77' title="bbox 1938 1761 3522 1840">
    <p class='ocr_par' dir='ltr' id='par_1_77' title="bbox 1938 1761 3522 1840">
     <span class='ocr_line' id='line_1_77' title="bbox 1938 1761 3522 1840; baseline 0.005 -26"><span class='ocrx_word' id='word_1_577' title='bbox 1938 1761 2165 1817; x_wconf 85' lang='lat' dir='ltr'><strong>voluerit</strong></span> <span class='ocrx_word' id='word_1_578' title='bbox 2198 1773 2480 1830; x_wconf 59' lang='lat' dir='ltr'><strong>creatura}.</strong></span> <span class='ocrx_word' id='word_1_579' title='bbox 2512 1766 2706 1836; x_wconf 89' lang='lat' dir='ltr'><strong>ubique</strong></span> <span class='ocrx_word' id='word_1_580' title='bbox 2745 1782 2985 1836; x_wconf 62' lang='lat' dir='ltr'><strong>praesens</strong></span> <span class='ocrx_word' id='word_1_581' title='bbox 3025 1768 3224 1824; x_wconf 89' lang='lat' dir='ltr'><strong>veritas</strong></span> <span class='ocrx_word' id='word_1_582' title='bbox 3265 1768 3522 1840; x_wconf 84' lang='lat' dir='ltr'><strong>loquitur,</strong></span> 
     </span>
    </p>
   </div>
   <div class='ocr_carea' id='block_1_78' title="bbox 1941 1856 3522 1929">
    <p class='ocr_par' dir='ltr' id='par_1_78' title="bbox 1941 1856 3522 1929">
     <span class='ocr_line' id='line_1_78' title="bbox 1941 1856 3522 1929; baseline 0.003 -22"><span class='ocrx_word' id='word_1_583' title='bbox 1941 1866 2040 1907; x_wconf 88' lang='lat' dir='ltr'><strong>nec</strong></span> <span class='ocrx_word' id='word_1_584' title='bbox 2080 1863 2361 1926; x_wconf 78' lang='lat' dir='ltr'><strong>propterea</strong></span> <span class='ocrx_word' id='word_1_585' title='bbox 2402 1856 2580 1925; x_wconf 80' lang='lat' dir='ltr'><strong>magni</strong></span> <span class='ocrx_word' id='word_1_586' title='bbox 2613 1857 2789 1910; x_wconf 89' lang='lat' dir='ltr'><strong>meriti</strong></span> <span class='ocrx_word' id='word_1_587' title='bbox 2832 1866 2918 1913; x_wconf 90' lang='lat' dir='ltr'><strong>cst</strong></span> <span class='ocrx_word' id='word_1_588' title='bbox 2946 1858 3030 1912; x_wconf 80' lang='lat' dir='ltr'><strong>cui</strong></span> <span class='ocrx_word' id='word_1_589' title='bbox 3071 1857 3309 1929; x_wconf 88' lang='lat' dir='ltr'><strong>loquitur</strong></span> <span class='ocrx_word' id='word_1_590' title='bbox 3344 1860 3522 1913; x_wconf 85' lang='lat' dir='ltr'><strong>Deus:</strong></span> 
     </span>
    </p>
   </div>
   <div class='ocr_carea' id='block_1_79' title="bbox 1940 1942 3527 2020">
    <p class='ocr_par' dir='ltr' id='par_1_79' title="bbox 1940 1942 3527 2020">
     <span class='ocr_line' id='line_1_79' title="bbox 1940 1942 3527 2020; baseline 0.006 -24"><span class='ocrx_word' id='word_1_591' title='bbox 1940 1942 2165 1999; x_wconf 87' lang='lat' dir='ltr'><strong>interest</strong></span> <span class='ocrx_word' id='word_1_592' title='bbox 2198 1944 2345 2001; x_wconf 89' lang='lat' dir='ltr'><strong>enim</strong></span> <span class='ocrx_word' id='word_1_593' title='bbox 2374 1946 2501 2016; x_wconf 89' lang='lat' dir='ltr'><strong>quid</strong></span> <span class='ocrx_word' id='word_1_594' title='bbox 2532 1947 2809 2017; x_wconf 86' lang='lat' dir='ltr'><strong>loquatur;</strong></span> <span class='ocrx_word' id='word_1_595' title='bbox 2832 1948 2954 2019; x_wconf 89' lang='lat' dir='ltr'><strong>quia</strong></span> <span class='ocrx_word' id='word_1_596' title='bbox 2981 1959 3032 2003; x_wconf 90' lang='lat' dir='ltr'><strong>et</strong></span> <span class='ocrx_word' id='word_1_597' title='bbox 3065 1948 3357 2020; x_wconf 87' lang='lat' dir='ltr'><strong>imperator</strong></span> <span class='ocrx_word' id='word_1_598' title='bbox 3389 1950 3527 2005; x_wconf 86' lang='lat' dir='ltr'><strong>mul-</strong></span> 
     </span>
    </p>
   </div>
   <div class='ocr_carea' id='block_1_80' title="bbox 1941 2033 3528 2110">
    <p class='ocr_par' dir='ltr' id='par_1_80' title="bbox 1941 2033 3528 2110">
     <span class='ocr_line' id='line_1_80' title="bbox 1941 2033 3528 2110; baseline 0.006 -22"><span class='ocrx_word' id='word_1_599' title='bbox 1941 2033 2010 2088; x_wconf 88' lang='lat' dir='ltr'><strong>tis</strong></span> <span class='ocrx_word' id='word_1_600' title='bbox 2030 2033 2400 2091; x_wconf 87' lang='lat' dir='ltr'><strong>innocentibus</strong></span> <span class='ocrx_word' id='word_1_601' title='bbox 2429 2052 2537 2093; x_wconf 91' lang='lat' dir='ltr'><strong>non</strong></span> <span class='ocrx_word' id='word_1_602' title='bbox 2563 2037 2819 2108; x_wconf 89' lang='lat' dir='ltr'><strong>loquitur,</strong></span> <span class='ocrx_word' id='word_1_603' title='bbox 2845 2040 3039 2110; x_wconf 90' lang='lat' dir='ltr'><strong>quibus</strong></span> <span class='ocrx_word' id='word_1_604' title='bbox 3063 2039 3528 2109; x_wconf 81' lang='lat' dir='ltr'><strong>providentissime</strong></span> 
     </span>
    </p>
   </div>
   <div class='ocr_carea' id='block_1_81' title="bbox 1939 2124 3531 2201">
    <p class='ocr_par' dir='ltr' id='par_1_81' title="bbox 1939 2124 3531 2201">
     <span class='ocr_line' id='line_1_81' title="bbox 1939 2124 3531 2201; baseline 0.004 -23"><span class='ocrx_word' id='word_1_605' title='bbox 1939 2124 2172 2179; x_wconf 88' lang='lat' dir='ltr'><strong>consulit</strong></span> <span class='ocrx_word' id='word_1_606' title='bbox 2190 2124 2257 2179; x_wconf 90' lang='lat' dir='ltr'><strong>ad</strong></span> <span class='ocrx_word' id='word_1_607' title='bbox 2286 2126 2549 2191; x_wconf 89' lang='lat' dir='ltr'><strong>salutem;</strong></span> <span class='ocrx_word' id='word_1_608' title='bbox 2575 2136 2632 2182; x_wconf 91' lang='lat' dir='ltr'><strong>et</strong></span> <span class='ocrx_word' id='word_1_609' title='bbox 2658 2142 2778 2182; x_wconf 88' lang='lat' dir='ltr'><strong>cum</strong></span> <span class='ocrx_word' id='word_1_610' title='bbox 2810 2128 2990 2184; x_wconf 86' lang='lat' dir='ltr'><strong>multis</strong></span> <span class='ocrx_word' id='word_1_611' title='bbox 3017 2131 3333 2186; x_wconf 86' lang='lat' dir='ltr'><strong>nocentibus</strong></span> <span class='ocrx_word' id='word_1_612' title='bbox 3356 2132 3531 2201; x_wconf 86' lang='lat' dir='ltr'><strong>loqui-</strong></span> 
     </span>
    </p>
   </div>
   <div class='ocr_carea' id='block_1_82' title="bbox 1942 2213 3527 2293">
    <p class='ocr_par' dir='ltr' id='par_1_82' title="bbox 1942 2213 3527 2293">
     <span class='ocr_line' id='line_1_82' title="bbox 1942 2213 3527 2293; baseline 0.004 -24"><span class='ocrx_word' id='word_1_613' title='bbox 1942 2224 2047 2277; x_wconf 82' lang='lat' dir='ltr'><strong>tur.</strong></span> <span class='ocrx_word' id='word_1_614' title='bbox 2075 2230 2209 2286; x_wconf 87' lang='lat' dir='ltr'><strong>quos</strong></span> <span class='ocrx_word' id='word_1_615' title='bbox 2232 2215 2384 2287; x_wconf 91' lang='lat' dir='ltr'><strong>jubet</strong></span> <span class='ocrx_word' id='word_1_616' title='bbox 2409 2213 2636 2272; x_wconf 82' lang='lat' dir='ltr'><strong>interfici</strong></span> <span class='ocrx_word' id='word_1_617' title='bbox 2666 2237 2681 2272; x_wconf 91' lang='lat'><strong>:</strong></span> <span class='ocrx_word' id='word_1_618' title='bbox 2704 2219 2751 2273; x_wconf 89' lang='lat' dir='ltr'><strong>si</strong></span> <span class='ocrx_word' id='word_1_619' title='bbox 2776 2234 2904 2291; x_wconf 79' lang='lat' dir='ltr'><strong>ergo</strong></span> <span class='ocrx_word' id='word_1_620' title='bbox 2925 2218 3050 2276; x_wconf 89' lang='lat' dir='ltr'><strong>hinc</strong></span> <span class='ocrx_word' id='word_1_621' title='bbox 3078 2231 3356 2293; x_wconf 88' lang='lat' dir='ltr'><strong>propterea</strong></span> <span class='ocrx_word' id='word_1_622' title='bbox 3382 2223 3527 2279; x_wconf 86' lang='lat' dir='ltr'><strong>nulla</strong></span> 
     </span>
    </p>
   </div>
   <div class='ocr_carea' id='block_1_83' title="bbox 1940 2305 3531 2382">
    <p class='ocr_par' dir='ltr' id='par_1_83' title="bbox 1940 2305 3531 2382">
     <span class='ocr_line' id='line_1_83' title="bbox 1940 2305 3531 2382; baseline 0.008 -25"><span class='ocrx_word' id='word_1_623' title='bbox 1940 2305 2166 2373; x_wconf 69' lang='lat' dir='ltr'><strong>quaestio</strong></span> <span class='ocrx_word' id='word_1_624' title='bbox 2205 2316 2319 2372; x_wconf 89' lang='lat' dir='ltr'><strong>est;</strong></span> <span class='ocrx_word' id='word_1_625' title='bbox 2358 2308 2499 2362; x_wconf 87' lang='lat' dir='ltr'><strong>nulla</strong></span> <span class='ocrx_word' id='word_1_626' title='bbox 2546 2308 2616 2363; x_wconf 89' lang='lat' dir='ltr'><strong>sit</strong></span> <span class='ocrx_word' id='word_1_627' title='bbox 2651 2311 2880 2379; x_wconf 72' lang='lat' dir='ltr'><strong>qurestio</strong></span> <span class='ocrx_word' id='word_1_628' title='bbox 2915 2312 3186 2382; x_wconf 87' lang='lat' dir='ltr'><strong>quomodo</strong></span> <span class='ocrx_word' id='word_1_629' title='bbox 3225 2314 3388 2369; x_wconf 89' lang='lat' dir='ltr'><strong>etiam</strong></span> <span class='ocrx_word' id='word_1_630' title='bbox 3428 2314 3531 2369; x_wconf 61' lang='lat' dir='ltr'><strong>imo</strong></span> 
     </span>
    </p>
   </div>
   <div class='ocr_carea' id='block_1_84' title="bbox 1940 2393 3527 2474">
    <p class='ocr_par' dir='ltr' id='par_1_84' title="bbox 1940 2393 3527 2474">
     <span class='ocr_line' id='line_1_84' title="bbox 1940 2393 3527 2474; baseline 0.006 -25"><span class='ocrx_word' id='word_1_631' title='bbox 1940 2393 2173 2450; x_wconf 85' lang='lat' dir='ltr'><strong>mundus</strong></span> <span class='ocrx_word' id='word_1_632' title='bbox 2200 2396 2419 2465; x_wconf 89' lang='lat' dir='ltr'><strong>spiritus</strong></span> <span class='ocrx_word' id='word_1_633' title='bbox 2444 2413 2564 2452; x_wconf 85' lang='lat' dir='ltr'><strong>cum</strong></span> <span class='ocrx_word' id='word_1_634' title='bbox 2581 2400 2754 2454; x_wconf 89' lang='lat' dir='ltr'><strong>anima</strong></span> <span class='ocrx_word' id='word_1_635' title='bbox 2778 2403 2945 2455; x_wconf 87' lang='lat' dir='ltr'><strong>sancti</strong></span> <span class='ocrx_word' id='word_1_636' title='bbox 2971 2402 3070 2457; x_wconf 92' lang='lat' dir='ltr'><strong>viri</strong></span> <span class='ocrx_word' id='word_1_637' title='bbox 3095 2402 3239 2473; x_wconf 89' lang='lat' dir='ltr'><strong>loqui</strong></span> <span class='ocrx_word' id='word_1_638' title='bbox 3271 2404 3527 2474; x_wconf 87' lang='lat' dir='ltr'><strong>potuerit.</strong></span> 
     </span>
    </p>
   </div>
   <div class='ocr_carea' id='block_1_85' title="bbox 1940 2484 3533 2553">
    <p class='ocr_par' dir='ltr' id='par_1_85' title="bbox 1940 2484 3533 2553">
     <span class='ocr_line' id='line_1_85' title="bbox 1940 2484 3533 2553; baseline 0.008 -13"><span class='ocrx_word' id='word_1_639' title='bbox 1940 2484 2204 2542; x_wconf 86' lang='lat' dir='ltr'><strong>Omnibus</strong></span> <span class='ocrx_word' id='word_1_640' title='bbox 2237 2488 2381 2543; x_wconf 89' lang='lat' dir='ltr'><strong>enim</strong></span> <span class='ocrx_word' id='word_1_641' title='bbox 2416 2491 2614 2545; x_wconf 89' lang='lat' dir='ltr'><strong>sanctis</strong></span> <span class='ocrx_word' id='word_1_642' title='bbox 2660 2491 2801 2547; x_wconf 79' lang='lat' dir='ltr'><strong>Deus</strong></span> <span class='ocrx_word' id='word_1_643' title='bbox 2840 2504 3054 2549; x_wconf 89' lang='lat' dir='ltr'><strong>creator</strong></span> <span class='ocrx_word' id='word_1_644' title='bbox 3094 2504 3149 2550; x_wconf 92' lang='lat' dir='ltr'><strong>et</strong></span> <span class='ocrx_word' id='word_1_645' title='bbox 3173 2495 3533 2553; x_wconf 85' lang='lat' dir='ltr'><strong>sanctificator</strong></span> 
     </span>
    </p>
   </div>
   <div class='ocr_carea' id='block_1_86' title="bbox 1942 2576 3530 2658">
    <p class='ocr_par' dir='ltr' id='par_1_86' title="bbox 1942 2576 3530 2658">
     <span class='ocr_line' id='line_1_86' title="bbox 1942 2576 3530 2658; baseline 0.008 -27"><span class='ocrx_word' id='word_1_646' title='bbox 1942 2576 2099 2647; x_wconf 80' lang='lat' dir='ltr'><strong>longe</strong></span> <span class='ocrx_word' id='word_1_647' title='bbox 2123 2578 2305 2649; x_wconf 86' lang='lat' dir='ltr'><strong>utique</strong></span> <span class='ocrx_word' id='word_1_648' title='bbox 2348 2579 2519 2649; x_wconf 89' lang='lat' dir='ltr'><strong>major</strong></span> <span class='ocrx_word' id='word_1_649' title='bbox 2545 2591 2645 2635; x_wconf 89' lang='lat' dir='ltr'><strong>est.</strong></span> <span class='ocrx_word' id='word_1_650' title='bbox 2678 2581 2829 2651; x_wconf 87' lang='lat' dir='ltr'><strong>Quod</strong></span> <span class='ocrx_word' id='word_1_651' title='bbox 2860 2583 2904 2637; x_wconf 92' lang='lat' dir='ltr'><strong>si</strong></span> <span class='ocrx_word' id='word_1_652' title='bbox 2933 2584 3034 2640; x_wconf 87' lang='lat' dir='ltr'><strong>hoc</strong></span> <span class='ocrx_word' id='word_1_653' title='bbox 3072 2594 3270 2655; x_wconf 87' lang='lat' dir='ltr'><strong>movet,</strong></span> <span class='ocrx_word' id='word_1_654' title='bbox 3296 2587 3440 2658; x_wconf 87' lang='lat' dir='ltr'><strong>quod</strong></span> <span class='ocrx_word' id='word_1_655' title='bbox 3463 2590 3530 2643; x_wconf 88' lang='lat' dir='ltr'><strong>li-</strong></span> 
     </span>
    </p>
   </div>
   <div class='ocr_carea' id='block_1_87' title="bbox 1940 2667 3530 2746">
    <p class='ocr_par' dir='ltr' id='par_1_87' title="bbox 1940 2667 3530 2746">
     <span class='ocr_line' id='line_1_87' title="bbox 1940 2667 3530 2746; baseline 0.006 -24"><span class='ocrx_word' id='word_1_656' title='bbox 1940 2667 2115 2723; x_wconf 89' lang='lat' dir='ltr'><strong>cuerit</strong></span> <span class='ocrx_word' id='word_1_657' title='bbox 2143 2668 2376 2740; x_wconf 87' lang='lat' dir='ltr'><strong>maligno</strong></span> <span class='ocrx_word' id='word_1_658' title='bbox 2397 2670 2605 2740; x_wconf 89' lang='lat' dir='ltr'><strong>spiritui</strong></span> <span class='ocrx_word' id='word_1_659' title='bbox 2632 2675 2867 2727; x_wconf 78' lang='lat' dir='ltr'><strong>excitare</strong></span> <span class='ocrx_word' id='word_1_660' title='bbox 2890 2675 3124 2729; x_wconf 86' lang='lat' dir='ltr'><strong>animam</strong></span> <span class='ocrx_word' id='word_1_661' title='bbox 3146 2674 3296 2746; x_wconf 82' lang='lat' dir='ltr'><strong>justi.</strong></span> <span class='ocrx_word' id='word_1_662' title='bbox 3328 2687 3381 2731; x_wconf 91' lang='lat' dir='ltr'><strong>et</strong></span> <span class='ocrx_word' id='word_1_663' title='bbox 3410 2686 3530 2733; x_wconf 86' lang='lat' dir='ltr'><strong>tan-</strong></span> 
     </span>
    </p>
   </div>
   <div class='ocr_carea' id='block_1_88' title="bbox 1941 2760 3531 2835">
    <p class='ocr_par' dir='ltr' id='par_1_88' title="bbox 1941 2760 3531 2835">
     <span class='ocr_line' id='line_1_88' title="bbox 1941 2760 3531 2835; baseline 0.009 -24"><span class='ocrx_word' id='word_1_664' title='bbox 1941 2773 2100 2829; x_wconf 90' lang='lat' dir='ltr'><strong>quam</strong></span> <span class='ocrx_word' id='word_1_665' title='bbox 2131 2760 2199 2815; x_wconf 89' lang='lat' dir='ltr'><strong>de</strong></span> <span class='ocrx_word' id='word_1_666' title='bbox 2234 2761 2428 2817; x_wconf 80' lang='lat' dir='ltr'><strong>abditis</strong></span> <span class='ocrx_word' id='word_1_667' title='bbox 2464 2772 2795 2818; x_wconf 88' lang='lat' dir='ltr'><strong>mortuorum</strong></span> <span class='ocrx_word' id='word_1_668' title='bbox 2843 2765 3192 2835; x_wconf 85' lang='lat' dir='ltr'><strong>receptaculis</strong></span> <span class='ocrx_word' id='word_1_669' title='bbox 3228 2772 3531 2835; x_wconf 76' lang='lat' dir='ltr'><strong>evocare&#39;;</strong></span> 
     </span>
    </p>
   </div>
   <div class='ocr_carea' id='block_1_89' title="bbox 1943 2851 3529 2929">
    <p class='ocr_par' dir='ltr' id='par_1_89' title="bbox 1943 2851 3529 2929">
     <span class='ocr_line' id='line_1_89' title="bbox 1943 2851 3529 2929; baseline 0.006 -24"><span class='ocrx_word' id='word_1_670' title='bbox 1943 2862 2122 2906; x_wconf 83' lang='lat' dir='ltr'><strong>nonne</strong></span> <span class='ocrx_word' id='word_1_671' title='bbox 2148 2851 2318 2921; x_wconf 88' lang='lat' dir='ltr'><strong>magis</strong></span> <span class='ocrx_word' id='word_1_672' title='bbox 2359 2852 2659 2908; x_wconf 89' lang='lat' dir='ltr'><strong>mirandum</strong></span> <span class='ocrx_word' id='word_1_673' title='bbox 2695 2866 2778 2910; x_wconf 88' lang='lat' dir='ltr'><strong>est</strong></span> <span class='ocrx_word' id='word_1_674' title='bbox 2806 2856 2944 2923; x_wconf 87' lang='lat' dir='ltr'><strong>quod</strong></span> <span class='ocrx_word' id='word_1_675' title='bbox 2976 2866 3189 2913; x_wconf 88' lang='lat' dir='ltr'><strong>satanas</strong></span> <span class='ocrx_word' id='word_1_676' title='bbox 3216 2858 3389 2929; x_wconf 86' lang='lat' dir='ltr'><strong>ipsum</strong></span> <span class='ocrx_word' id='word_1_677' title='bbox 3423 2860 3529 2914; x_wconf 86' lang='lat' dir='ltr'><strong>Do-</strong></span> 
     </span>
    </p>
   </div>
   <div class='ocr_carea' id='block_1_90' title="bbox 1942 2940 3530 3020">
    <p class='ocr_par' dir='ltr' id='par_1_90' title="bbox 1942 2940 3530 3020">
     <span class='ocr_line' id='line_1_90' title="bbox 1942 2940 3530 3020; baseline 0.008 -26"><span class='ocrx_word' id='word_1_678' title='bbox 1942 2940 2146 2995; x_wconf 87' lang='lat' dir='ltr'><strong>minum</strong></span> <span class='ocrx_word' id='word_1_679' title='bbox 2187 2944 2474 3012; x_wconf 88' lang='lat' dir='ltr'><strong>assumpsit</strong></span> <span class='ocrx_word' id='word_1_680' title='bbox 2500 2954 2556 2998; x_wconf 90' lang='lat' dir='ltr'><strong>et</strong></span> <span class='ocrx_word' id='word_1_681' title='bbox 2595 2947 2872 3001; x_wconf 75' lang='lat' dir='ltr'><strong>conistituit</strong></span> <span class='ocrx_word' id='word_1_682' title='bbox 2912 2962 3077 3020; x_wconf 88' lang='lat' dir='ltr'><strong>super</strong></span> <span class='ocrx_word' id='word_1_683' title='bbox 3103 2950 3316 3020; x_wconf 83' lang='lat' dir='ltr'><strong>pinnam</strong></span> <span class='ocrx_word' id='word_1_684' title='bbox 3346 2953 3530 3020; x_wconf 87' lang='lat' dir='ltr'><strong>templi</strong></span> 
     </span>
    </p>
   </div>
   <div class='ocr_carea' id='block_1_91' title="bbox 1946 3030 3531 3107">
    <p class='ocr_par' dir='ltr' id='par_1_91' title="bbox 1946 3030 3531 3107">
     <span class='ocr_line' id='line_1_91' title="bbox 1946 3030 3531 3107; baseline 0.008 -21"><span class='ocrx_word' id='word_1_685' title='bbox 1946 3030 2159 3104; x_wconf 70' lang='lat' dir='ltr'><strong>(lauit.</strong></span> <span class='ocrx_word' id='word_1_686' title='bbox 2203 3050 2287 3099; x_wconf 81' lang='lat' dir='ltr'><strong>tv,</strong></span> <span class='ocrx_word' id='word_1_687' title='bbox 2336 3035 2433 3107; x_wconf 74' lang='lat'><strong>5)?</strong></span> <span class='ocrx_word' id='word_1_688' title='bbox 2473 3037 2721 3105; x_wconf 88' lang='lat' dir='ltr'><strong>Quolibet</strong></span> <span class='ocrx_word' id='word_1_689' title='bbox 2756 3039 2898 3094; x_wconf 91' lang='lat' dir='ltr'><strong>enim</strong></span> <span class='ocrx_word' id='word_1_690' title='bbox 2959 3040 3121 3095; x_wconf 90' lang='lat' dir='ltr'><strong>modo</strong></span> <span class='ocrx_word' id='word_1_691' title='bbox 3171 3042 3392 3107; x_wconf 86' lang='lat' dir='ltr'><strong>fecerit,</strong></span> <span class='ocrx_word' id='word_1_692' title='bbox 3439 3044 3531 3099; x_wconf 90' lang='lat' dir='ltr'><strong>ille</strong></span> 
     </span>
    </p>
   </div>
   <div class='ocr_carea' id='block_1_92' title="bbox 1943 3122 3532 3197">
    <p class='ocr_par' dir='ltr' id='par_1_92' title="bbox 1943 3122 3532 3197">
     <span class='ocr_line' id='line_1_92' title="bbox 1943 3122 3532 3197; baseline 0.008 -20"><span class='ocrx_word' id='word_1_693' title='bbox 1943 3122 2104 3178; x_wconf 88' lang='lat' dir='ltr'><strong>etiam</strong></span> <span class='ocrx_word' id='word_1_694' title='bbox 2141 3123 2331 3179; x_wconf 90' lang='lat' dir='ltr'><strong>modus</strong></span> <span class='ocrx_word' id='word_1_695' title='bbox 2357 3141 2464 3196; x_wconf 89' lang='lat' dir='ltr'><strong>quo</strong></span> <span class='ocrx_word' id='word_1_696' title='bbox 2493 3126 2728 3183; x_wconf 90' lang='lat' dir='ltr'><strong>Samueli</strong></span> <span class='ocrx_word' id='word_1_697' title='bbox 2774 3130 2967 3184; x_wconf 90' lang='lat' dir='ltr'><strong>factum</strong></span> <span class='ocrx_word' id='word_1_698' title='bbox 2993 3140 3077 3185; x_wconf 91' lang='lat' dir='ltr'><strong>est</strong></span> <span class='ocrx_word' id='word_1_699' title='bbox 3107 3142 3162 3187; x_wconf 91' lang='lat' dir='ltr'><strong>ut</strong></span> <span class='ocrx_word' id='word_1_700' title='bbox 3185 3136 3532 3197; x_wconf 75' lang='lat' dir='ltr'><strong>excitaretur,</strong></span> 
     </span>
    </p>
   </div>
   <div class='ocr_carea' id='block_1_93' title="bbox 1944 3214 3536 3290">
    <p class='ocr_par' dir='ltr' id='par_1_93' title="bbox 1944 3214 3536 3290">
     <span class='ocr_line' id='line_1_93' title="bbox 1944 3214 3536 3290; baseline 0.007 -21"><span class='ocrx_word' id='word_1_701' title='bbox 1944 3214 2191 3272; x_wconf 87' lang='lat' dir='ltr'><strong>similiter</strong></span> <span class='ocrx_word' id='word_1_702' title='bbox 2216 3217 2365 3273; x_wconf 88' lang='lat' dir='ltr'><strong>latet.</strong></span> <span class='ocrx_word' id='word_1_703' title='bbox 2395 3218 2507 3273; x_wconf 81' lang='lat' dir='ltr'><strong>Nisi</strong></span> <span class='ocrx_word' id='word_1_704' title='bbox 2546 3220 2681 3274; x_wconf 89' lang='lat' dir='ltr'><strong>forte</strong></span> <span class='ocrx_word' id='word_1_705' title='bbox 2719 3221 2837 3290; x_wconf 89' lang='lat' dir='ltr'><strong>quis</strong></span> <span class='ocrx_word' id='word_1_706' title='bbox 2873 3222 3066 3277; x_wconf 80' lang='lat' dir='ltr'><strong>dixerit</strong></span> <span class='ocrx_word' id='word_1_707' title='bbox 3094 3223 3385 3281; x_wconf 90' lang='lat' dir='ltr'><strong>faciliorem</strong></span> <span class='ocrx_word' id='word_1_708' title='bbox 3419 3226 3536 3281; x_wconf 83' lang='lat' dir='ltr'><strong>dia-</strong></span> 
     </span>
    </p>
   </div>
   <div class='ocr_carea' id='block_1_94' title="bbox 1950 3306 3536 3371">
    <p class='ocr_par' dir='ltr' id='par_1_94' title="bbox 1950 3306 3536 3371">
     <span class='ocr_line' id='line_1_94' title="bbox 1950 3306 3536 3371; baseline 0.006 -10"><span class='ocrx_word' id='word_1_709' title='bbox 1950 3306 2075 3361; x_wconf 85' lang='lat' dir='ltr'><strong>bolo</strong></span> <span class='ocrx_word' id='word_1_710' title='bbox 2102 3306 2269 3364; x_wconf 86' lang='lat' dir='ltr'><strong>fuisse</strong></span> <span class='ocrx_word' id='word_1_711' title='bbox 2300 3310 2564 3364; x_wconf 82' lang='lat' dir='ltr'><strong>licentiam</strong></span> <span class='ocrx_word' id='word_1_712' title='bbox 2591 3311 2657 3366; x_wconf 89' lang='lat' dir='ltr'><strong>ad</strong></span> <span class='ocrx_word' id='word_1_713' title='bbox 2682 3313 2961 3367; x_wconf 89' lang='lat' dir='ltr'><strong>Dominum</strong></span> <span class='ocrx_word' id='word_1_714' title='bbox 2990 3314 3165 3369; x_wconf 85' lang='lat' dir='ltr'><strong>vivum</strong></span> <span class='ocrx_word' id='word_1_715' title='bbox 3198 3317 3341 3371; x_wconf 88' lang='lat' dir='ltr'><strong>unde</strong></span> <span class='ocrx_word' id='word_1_716' title='bbox 3369 3318 3536 3371; x_wconf 88' lang='lat' dir='ltr'><strong>voluit</strong></span> 
     </span>
    </p>
   </div>
   <div class='ocr_carea' id='block_1_95' title="bbox 1944 3400 3532 3478">
    <p class='ocr_par' dir='ltr' id='par_1_95' title="bbox 1944 3400 3532 3478">
     <span class='ocr_line' id='line_1_95' title="bbox 1944 3400 3532 3478; baseline 0.006 -26"><span class='ocrx_word' id='word_1_717' title='bbox 1944 3400 2343 3463; x_wconf 88' lang='lat' dir='ltr'><strong>assumendum,</strong></span> <span class='ocrx_word' id='word_1_718' title='bbox 2382 3410 2437 3455; x_wconf 92' lang='lat' dir='ltr'><strong>et</strong></span> <span class='ocrx_word' id='word_1_719' title='bbox 2477 3402 2564 3456; x_wconf 92' lang='lat' dir='ltr'><strong>ubi</strong></span> <span class='ocrx_word' id='word_1_720' title='bbox 2601 3403 2769 3457; x_wconf 89' lang='lat' dir='ltr'><strong>voluit</strong></span> <span class='ocrx_word' id='word_1_721' title='bbox 2796 3405 3250 3469; x_wconf 85' lang='lat' dir='ltr'><strong>constituendum,</strong></span> <span class='ocrx_word' id='word_1_722' title='bbox 3282 3423 3438 3478; x_wconf 90' lang='lat' dir='ltr'><strong>quam</strong></span> <span class='ocrx_word' id='word_1_723' title='bbox 3464 3410 3532 3463; x_wconf 88' lang='lat' dir='ltr'><strong>ad</strong></span> 
     </span>
    </p>
   </div>
   <div class='ocr_carea' id='block_1_96' title="bbox 1944 3489 3535 3562">
    <p class='ocr_par' dir='ltr' id='par_1_96' title="bbox 1944 3489 3535 3562">
     <span class='ocr_line' id='line_1_96' title="bbox 1944 3489 3535 3562; baseline 0.003 -16"><span class='ocrx_word' id='word_1_724' title='bbox 1944 3489 2207 3546; x_wconf 79' lang='lat' dir='ltr'><strong>Samuelis</strong></span> <span class='ocrx_word' id='word_1_725' title='bbox 2253 3491 2486 3547; x_wconf 76' lang='lat' dir='ltr'><strong>defuncti</strong></span> <span class='ocrx_word' id='word_1_726' title='bbox 2522 3494 2768 3562; x_wconf 83' lang='lat' dir='ltr'><strong>spiritum</strong></span> <span class='ocrx_word' id='word_1_727' title='bbox 2809 3509 2838 3546; x_wconf 91' lang='lat' dir='ltr'><strong>a</strong></span> <span class='ocrx_word' id='word_1_728' title='bbox 2889 3496 2999 3549; x_wconf 88' lang='lat' dir='ltr'><strong>suis</strong></span> <span class='ocrx_word' id='word_1_729' title='bbox 3041 3496 3257 3551; x_wconf 89' lang='lat' dir='ltr'><strong>sedibus</strong></span> <span class='ocrx_word' id='word_1_730' title='bbox 3300 3501 3535 3553; x_wconf 72' lang='lat' dir='ltr'><strong>excitau-</strong></span> 
     </span>
    </p>
   </div>
   <div class='ocr_carea' id='block_1_97' title="bbox 1945 3580 3536 3661">
    <p class='ocr_par' dir='ltr' id='par_1_97' title="bbox 1945 3580 3536 3661">
     <span class='ocr_line' id='line_1_97' title="bbox 1945 3580 3536 3661; baseline 0.006 -26"><span class='ocrx_word' id='word_1_731' title='bbox 1945 3580 2094 3635; x_wconf 92' lang='lat' dir='ltr'><strong>dum.</strong></span> <span class='ocrx_word' id='word_1_732' title='bbox 2134 3580 2287 3649; x_wconf 83' lang='lat' dir='ltr'><strong>Quod</strong></span> <span class='ocrx_word' id='word_1_733' title='bbox 2327 3581 2373 3636; x_wconf 90' lang='lat' dir='ltr'><strong>si</strong></span> <span class='ocrx_word' id='word_1_734' title='bbox 2401 3582 2531 3638; x_wconf 91' lang='lat' dir='ltr'><strong>illud</strong></span> <span class='ocrx_word' id='word_1_735' title='bbox 2572 3582 2625 3638; x_wconf 91' lang='lat' dir='ltr'><strong>in</strong></span> <span class='ocrx_word' id='word_1_736' title='bbox 2657 3584 2948 3654; x_wconf 85' lang='lat' dir='ltr'><strong>Evangelio</strong></span> <span class='ocrx_word' id='word_1_737' title='bbox 2992 3602 3089 3640; x_wconf 90' lang='lat' dir='ltr'><strong>uos</strong></span> <span class='ocrx_word' id='word_1_738' title='bbox 3117 3586 3238 3643; x_wconf 84' lang='lat' dir='ltr'><strong>ideo</strong></span> <span class='ocrx_word' id='word_1_739' title='bbox 3278 3604 3382 3644; x_wconf 91' lang='lat' dir='ltr'><strong>non</strong></span> <span class='ocrx_word' id='word_1_740' title='bbox 3412 3606 3536 3661; x_wconf 76' lang='lat' dir='ltr'><strong>per-</strong></span> 
     </span>
    </p>
   </div>
   <div class='ocr_carea' id='block_1_98' title="bbox 1948 3670 3530 3747">
    <p class='ocr_par' dir='ltr' id='par_1_98' title="bbox 1948 3670 3530 3747">
     <span class='ocr_line' id='line_1_98' title="bbox 1948 3670 3530 3747; baseline 0.007 -23"><span class='ocrx_word' id='word_1_741' title='bbox 1948 3670 2143 3737; x_wconf 89' lang='lat' dir='ltr'><strong>turbat,</strong></span> <span class='ocrx_word' id='word_1_742' title='bbox 2171 3672 2295 3742; x_wconf 88' lang='lat' dir='ltr'><strong>quia</strong></span> <span class='ocrx_word' id='word_1_743' title='bbox 2320 3672 2575 3729; x_wconf 89' lang='lat' dir='ltr'><strong>Dominus</strong></span> <span class='ocrx_word' id='word_1_744' title='bbox 2610 3675 2776 3730; x_wconf 87' lang='lat' dir='ltr'><strong>voluit</strong></span> <span class='ocrx_word' id='word_1_745' title='bbox 2802 3683 2963 3747; x_wconf 90' lang='lat' dir='ltr'><strong>atque</strong></span> <span class='ocrx_word' id='word_1_746' title='bbox 3000 3676 3241 3747; x_wconf 89' lang='lat' dir='ltr'><strong>permisit</strong></span> <span class='ocrx_word' id='word_1_747' title='bbox 3280 3679 3420 3734; x_wconf 89' lang='lat' dir='ltr'><strong>nulla</strong></span> <span class='ocrx_word' id='word_1_748' title='bbox 3448 3681 3530 3734; x_wconf 81' lang='lat' dir='ltr'><strong>di-</strong></span> 
     </span>
    </p>
   </div>
   <div class='ocr_carea' id='block_1_99' title="bbox 1947 3761 3538 3835">
    <p class='ocr_par' dir='ltr' id='par_1_99' title="bbox 1947 3761 3538 3835">
     <span class='ocr_line' id='line_1_99' title="bbox 1947 3761 3538 3835; baseline 0.004 -17"><span class='ocrx_word' id='word_1_749' title='bbox 1947 3761 2244 3819; x_wconf 83' lang='lat' dir='ltr'><strong>minutione</strong></span> <span class='ocrx_word' id='word_1_750' title='bbox 2267 3777 2377 3818; x_wconf 74' lang='lat' dir='ltr'><strong>suaa</strong></span> <span class='ocrx_word' id='word_1_751' title='bbox 2403 3765 2683 3834; x_wconf 88' lang='lat' dir='ltr'><strong>potestatis</strong></span> <span class='ocrx_word' id='word_1_752' title='bbox 2724 3774 2779 3820; x_wconf 92' lang='lat' dir='ltr'><strong>et</strong></span> <span class='ocrx_word' id='word_1_753' title='bbox 2816 3765 3107 3822; x_wconf 87' lang='lat' dir='ltr'><strong>divinitatis</strong></span> <span class='ocrx_word' id='word_1_754' title='bbox 3137 3768 3188 3822; x_wconf 91' lang='lat' dir='ltr'><strong>id</strong></span> <span class='ocrx_word' id='word_1_755' title='bbox 3217 3769 3366 3835; x_wconf 84' lang='lat' dir='ltr'><strong>fieri;</strong></span> <span class='ocrx_word' id='word_1_756' title='bbox 3398 3772 3538 3825; x_wconf 86' lang='lat' dir='ltr'><strong>sicut</strong></span> 
     </span>
    </p>
   </div>
   <div class='ocr_carea' id='block_1_100' title="bbox 1947 3853 3536 3928">
    <p class='ocr_par' dir='ltr' id='par_1_100' title="bbox 1947 3853 3536 3928">
     <span class='ocr_line' id='line_1_100' title="bbox 1947 3853 3536 3928; baseline 0.003 -20"><span class='ocrx_word' id='word_1_757' title='bbox 1947 3854 2017 3908; x_wconf 88' lang='lat' dir='ltr'><strong>ab</strong></span> <span class='ocrx_word' id='word_1_758' title='bbox 2042 3853 2170 3925; x_wconf 89' lang='lat' dir='ltr'><strong>ipsis</strong></span> <span class='ocrx_word' id='word_1_759' title='bbox 2196 3853 2416 3921; x_wconf 64' lang='lat' dir='ltr'><strong>Judmis,</strong></span> <span class='ocrx_word' id='word_1_760' title='bbox 2433 3870 2737 3926; x_wconf 89' lang='lat' dir='ltr'><strong>quanquam</strong></span> <span class='ocrx_word' id='word_1_761' title='bbox 2762 3857 3036 3927; x_wconf 86' lang='lat' dir='ltr'><strong>perversis</strong></span> <span class='ocrx_word' id='word_1_762' title='bbox 3062 3868 3220 3928; x_wconf 87' lang='lat' dir='ltr'><strong>atque</strong></span> <span class='ocrx_word' id='word_1_763' title='bbox 3250 3860 3536 3915; x_wconf 79' lang='lat' dir='ltr'><strong>immundis</strong></span> 
     </span>
    </p>
   </div>
   <div class='ocr_carea' id='block_1_101' title="bbox 1947 3948 3536 4019">
    <p class='ocr_par' dir='ltr' id='par_1_101' title="bbox 1947 3948 3536 4019">
     <span class='ocr_line' id='line_1_101' title="bbox 1947 3948 3536 4019; baseline 0.003 -14"><span class='ocrx_word' id='word_1_764' title='bbox 1947 3960 2003 4005; x_wconf 90' lang='lat' dir='ltr'><strong>et</strong></span> <span class='ocrx_word' id='word_1_765' title='bbox 2024 3948 2159 4005; x_wconf 86' lang='lat' dir='ltr'><strong>facta</strong></span> <span class='ocrx_word' id='word_1_766' title='bbox 2190 3949 2386 4005; x_wconf 88' lang='lat' dir='ltr'><strong>diaboli</strong></span> <span class='ocrx_word' id='word_1_767' title='bbox 2411 3948 2749 4017; x_wconf 87' lang='lat' dir='ltr'><strong>facientibus,</strong></span> <span class='ocrx_word' id='word_1_768' title='bbox 2771 3959 2828 4005; x_wconf 90' lang='lat' dir='ltr'><strong>et</strong></span> <span class='ocrx_word' id='word_1_769' title='bbox 2857 3950 3027 4007; x_wconf 84' lang='lat' dir='ltr'><strong>teneri</strong></span> <span class='ocrx_word' id='word_1_770' title='bbox 3055 3966 3134 4017; x_wconf 82' lang='lat' dir='ltr'><strong>se,</strong></span> <span class='ocrx_word' id='word_1_771' title='bbox 3165 3963 3221 4007; x_wconf 87' lang='lat' dir='ltr'><strong>et</strong></span> <span class='ocrx_word' id='word_1_772' title='bbox 3244 3953 3453 4019; x_wconf 74' lang='lat' dir='ltr'><strong>vinciri,</strong></span> <span class='ocrx_word' id='word_1_773' title='bbox 3481 3969 3536 4010; x_wconf 88' lang='lat' dir='ltr'><strong>et</strong></span> 
     </span>
    </p>
   </div>
   <div class='ocr_carea' id='block_1_102' title="bbox 1948 4038 3537 4113">
    <p class='ocr_par' dir='ltr' id='par_1_102' title="bbox 1948 4038 3537 4113">
     <span class='ocr_line' id='line_1_102' title="bbox 1948 4038 3537 4113; baseline 0.004 -18"><span class='ocrx_word' id='word_1_774' title='bbox 1948 4039 2118 4109; x_wconf 90' lang='lat' dir='ltr'><strong>illudi,</strong></span> <span class='ocrx_word' id='word_1_775' title='bbox 2149 4048 2205 4093; x_wconf 91' lang='lat' dir='ltr'><strong>et</strong></span> <span class='ocrx_word' id='word_1_776' title='bbox 2230 4038 2466 4111; x_wconf 79' lang='lat' dir='ltr'><strong>cruciligi</strong></span> <span class='ocrx_word' id='word_1_777' title='bbox 2500 4050 2660 4111; x_wconf 88' lang='lat' dir='ltr'><strong>atque</strong></span> <span class='ocrx_word' id='word_1_778' title='bbox 2698 4040 2925 4098; x_wconf 86' lang='lat' dir='ltr'><strong>interfici</strong></span> <span class='ocrx_word' id='word_1_779' title='bbox 2956 4056 3146 4113; x_wconf 85' lang='lat' dir='ltr'><strong>passus</strong></span> <span class='ocrx_word' id='word_1_780' title='bbox 3168 4053 3251 4099; x_wconf 88' lang='lat' dir='ltr'><strong>est</strong></span> <span class='ocrx_word' id='word_1_781' title='bbox 3279 4060 3295 4099; x_wconf 89' lang='lat'><strong>:</strong></span> <span class='ocrx_word' id='word_1_782' title='bbox 3322 4061 3427 4101; x_wconf 91' lang='lat' dir='ltr'><strong>non</strong></span> <span class='ocrx_word' id='word_1_783' title='bbox 3452 4057 3537 4101; x_wconf 88' lang='lat' dir='ltr'><strong>est</strong></span> 
     </span>
    </p>
   </div>
   <div class='ocr_carea' id='block_1_103' title="bbox 1948 4128 3537 4203">
    <p class='ocr_par' dir='ltr' id='par_1_103' title="bbox 1948 4128 3537 4203">
     <span class='ocr_line' id='line_1_103' title="bbox 1948 4128 3537 4203; baseline 0.004 -20"><span class='ocrx_word' id='word_1_784' title='bbox 1948 4128 2237 4187; x_wconf 82' lang='lat' dir='ltr'><strong>absurdum</strong></span> <span class='ocrx_word' id='word_1_785' title='bbox 2253 4130 2475 4186; x_wconf 85' lang='lat' dir='ltr'><strong>credere</strong></span> <span class='ocrx_word' id='word_1_786' title='bbox 2498 4145 2565 4188; x_wconf 86' lang='lat' dir='ltr'><strong>ex</strong></span> <span class='ocrx_word' id='word_1_787' title='bbox 2591 4131 2770 4203; x_wconf 86' lang='lat' dir='ltr'><strong>aliqua</strong></span> <span class='ocrx_word' id='word_1_788' title='bbox 2794 4130 3198 4203; x_wconf 89' lang='lat' dir='ltr'><strong>dispensatione</strong></span> <span class='ocrx_word' id='word_1_789' title='bbox 3225 4134 3417 4192; x_wconf 64' lang='lat' dir='ltr'><strong>divina:</strong></span> <span class='ocrx_word' id='word_1_790' title='bbox 3442 4153 3537 4191; x_wconf 85' lang='lat' dir='ltr'><strong>vo-</strong></span> 
     </span>
    </p>
   </div>
   <div class='ocr_carea' id='block_1_104' title="bbox 1950 4222 3536 4293">
    <p class='ocr_par' dir='ltr' id='par_1_104' title="bbox 1950 4222 3536 4293">
     <span class='ocr_line' id='line_1_104' title="bbox 1950 4222 3536 4293; baseline 0.005 -17"><span class='ocrx_word' id='word_1_791' title='bbox 1950 4222 2166 4278; x_wconf 90' lang='lat' dir='ltr'><strong>luntatis</strong></span> <span class='ocrx_word' id='word_1_792' title='bbox 2197 4224 2513 4293; x_wconf 90' lang='lat' dir='ltr'><strong>permissum</strong></span> <span class='ocrx_word' id='word_1_793' title='bbox 2552 4222 2741 4292; x_wconf 85' lang='lat' dir='ltr'><strong>fuisse,</strong></span> <span class='ocrx_word' id='word_1_794' title='bbox 2771 4233 2832 4280; x_wconf 91' lang='lat' dir='ltr'><strong>ut</strong></span> <span class='ocrx_word' id='word_1_795' title='bbox 2861 4242 2967 4281; x_wconf 91' lang='lat' dir='ltr'><strong>non</strong></span> <span class='ocrx_word' id='word_1_796' title='bbox 3006 4226 3205 4285; x_wconf 83' lang='lat' dir='ltr'><strong>invitus</strong></span> <span class='ocrx_word' id='word_1_797' title='bbox 3230 4245 3333 4285; x_wconf 89' lang='lat' dir='ltr'><strong>nec</strong></span> <span class='ocrx_word' id='word_1_798' title='bbox 3361 4228 3536 4285; x_wconf 87' lang='lat' dir='ltr'><strong>domi-</strong></span> 
     </span>
    </p>
   </div>
   <div class='ocr_carea' id='block_1_105' title="bbox 1949 4314 3535 4389">
    <p class='ocr_par' dir='ltr' id='par_1_105' title="bbox 1949 4314 3535 4389">
     <span class='ocr_line' id='line_1_105' title="bbox 1949 4314 3535 4389; baseline 0.004 -20"><span class='ocrx_word' id='word_1_799' title='bbox 1949 4323 2111 4370; x_wconf 90' lang='lat' dir='ltr'><strong>nante</strong></span> <span class='ocrx_word' id='word_1_800' title='bbox 2145 4323 2305 4384; x_wconf 91' lang='lat' dir='ltr'><strong>atque</strong></span> <span class='ocrx_word' id='word_1_801' title='bbox 2347 4314 2663 4386; x_wconf 86' lang='lat' dir='ltr'><strong>subjugante</strong></span> <span class='ocrx_word' id='word_1_802' title='bbox 2701 4317 2902 4387; x_wconf 85' lang='lat' dir='ltr'><strong>magica</strong></span> <span class='ocrx_word' id='word_1_803' title='bbox 2931 4320 3190 4389; x_wconf 87' lang='lat' dir='ltr'><strong>potentia,</strong></span> <span class='ocrx_word' id='word_1_804' title='bbox 3222 4320 3318 4375; x_wconf 88' lang='lat' dir='ltr'><strong>sed</strong></span> <span class='ocrx_word' id='word_1_805' title='bbox 3351 4322 3535 4375; x_wconf 88' lang='lat' dir='ltr'><strong>volens</strong></span> 
     </span>
    </p>
   </div>
   <div class='ocr_carea' id='block_1_106' title="bbox 1948 4405 3536 4482">
    <p class='ocr_par' dir='ltr' id='par_1_106' title="bbox 1948 4405 3536 4482">
     <span class='ocr_line' id='line_1_106' title="bbox 1948 4405 3536 4482; baseline 0.005 -22"><span class='ocrx_word' id='word_1_806' title='bbox 1948 4416 2109 4475; x_wconf 86' lang='lat' dir='ltr'><strong>atque</strong></span> <span class='ocrx_word' id='word_1_807' title='bbox 2135 4405 2508 4474; x_wconf 74' lang='lat' dir='ltr'><strong>obtemperans</strong></span> <span class='ocrx_word' id='word_1_808' title='bbox 2534 4406 2759 4462; x_wconf 71' lang='lat' dir='ltr'><strong>occultm</strong></span> <span class='ocrx_word' id='word_1_809' title='bbox 2782 4408 3165 4478; x_wconf 90' lang='lat' dir='ltr'><strong>dispensationi</strong></span> <span class='ocrx_word' id='word_1_810' title='bbox 3193 4412 3307 4473; x_wconf 88' lang='lat' dir='ltr'><strong>Dei.</strong></span> <span class='ocrx_word' id='word_1_811' title='bbox 3335 4429 3454 4482; x_wconf 73' lang='lat' dir='ltr'><strong>qua:</strong></span> <span class='ocrx_word' id='word_1_812' title='bbox 3484 4426 3536 4468; x_wconf 78' lang='lat' dir='ltr'><strong>et</strong></span> 
     </span>
    </p>
   </div>
   <div class='ocr_carea' id='block_1_107' title="bbox 1952 4495 3538 4572">
    <p class='ocr_par' dir='ltr' id='par_1_107' title="bbox 1952 4495 3538 4572">
     <span class='ocr_line' id='line_1_107' title="bbox 1952 4495 3538 4572; baseline 0.006 -23"><span class='ocrx_word' id='word_1_813' title='bbox 1952 4495 2315 4565; x_wconf 83' lang='lat' dir='ltr'><strong>pythouissam</strong></span> <span class='ocrx_word' id='word_1_814' title='bbox 2347 4495 2490 4550; x_wconf 90' lang='lat' dir='ltr'><strong>illam</strong></span> <span class='ocrx_word' id='word_1_815' title='bbox 2515 4507 2568 4552; x_wconf 87' lang='lat' dir='ltr'><strong>et</strong></span> <span class='ocrx_word' id='word_1_816' title='bbox 2593 4496 2808 4553; x_wconf 79' lang='lat' dir='ltr'><strong>Saftlem</strong></span> <span class='ocrx_word' id='word_1_817' title='bbox 2831 4498 3049 4562; x_wconf 88' lang='lat' dir='ltr'><strong>latebat,</strong></span> <span class='ocrx_word' id='word_1_818' title='bbox 3076 4504 3406 4558; x_wconf 84' lang='lat' dir='ltr'><strong>consentiret</strong></span> <span class='ocrx_word' id='word_1_819' title='bbox 3429 4507 3538 4572; x_wconf 83' lang='lat' dir='ltr'><strong>spi-</strong></span> 
     </span>
    </p>
   </div>
   <div class='ocr_carea' id='block_1_108' title="bbox 1950 4583 3535 4665">
    <p class='ocr_par' dir='ltr' id='par_1_108' title="bbox 1950 4583 3535 4665">
     <span class='ocr_line' id='line_1_108' title="bbox 1950 4583 3535 4665; baseline 0.008 -27"><span class='ocrx_word' id='word_1_820' title='bbox 1950 4583 2085 4640; x_wconf 89' lang='lat' dir='ltr'><strong>ritus</strong></span> <span class='ocrx_word' id='word_1_821' title='bbox 2109 4583 2387 4655; x_wconf 73' lang='lat' dir='ltr'><strong>Propheta:</strong></span> <span class='ocrx_word' id='word_1_822' title='bbox 2410 4586 2581 4641; x_wconf 86' lang='lat' dir='ltr'><strong>sancti</strong></span> <span class='ocrx_word' id='word_1_823' title='bbox 2612 4602 2671 4642; x_wconf 89' lang='lat' dir='ltr'><strong>se</strong></span> <span class='ocrx_word' id='word_1_824' title='bbox 2695 4589 2906 4644; x_wconf 87' lang='lat' dir='ltr'><strong>ostendi</strong></span> <span class='ocrx_word' id='word_1_825' title='bbox 2933 4592 3238 4663; x_wconf 82' lang='lat' dir='ltr'><strong>aspectibus</strong></span> <span class='ocrx_word' id='word_1_826' title='bbox 3261 4596 3422 4665; x_wconf 87' lang='lat' dir='ltr'><strong>regis,</strong></span> <span class='ocrx_word' id='word_1_827' title='bbox 3450 4596 3535 4650; x_wconf 89' lang='lat' dir='ltr'><strong>di-</strong></span> 
     </span>
    </p>
   </div>
   <div class='ocr_carea' id='block_1_109' title="bbox 1948 4673 3533 4747">
    <p class='ocr_par' dir='ltr' id='par_1_109' title="bbox 1948 4673 3533 4747">
     <span class='ocr_line' id='line_1_109' title="bbox 1948 4673 3533 4747; baseline 0.008 -19"><span class='ocrx_word' id='word_1_828' title='bbox 1948 4673 2071 4728; x_wconf 80' lang='lat' dir='ltr'><strong>vina</strong></span> <span class='ocrx_word' id='word_1_829' title='bbox 2117 4689 2239 4729; x_wconf 91' lang='lat' dir='ltr'><strong>eum</strong></span> <span class='ocrx_word' id='word_1_830' title='bbox 2275 4676 2537 4731; x_wconf 87' lang='lat' dir='ltr'><strong>sententia</strong></span> <span class='ocrx_word' id='word_1_831' title='bbox 2589 4691 2961 4747; x_wconf 88' lang='lat' dir='ltr'><strong>petcussurus.</strong></span> <span class='ocrx_word' id='word_1_832' title='bbox 3015 4681 3124 4736; x_wconf 90' lang='lat' dir='ltr'><strong>Cur</strong></span> <span class='ocrx_word' id='word_1_833' title='bbox 3171 4686 3315 4739; x_wconf 88' lang='lat' dir='ltr'><strong>enim</strong></span> <span class='ocrx_word' id='word_1_834' title='bbox 3359 4686 3533 4740; x_wconf 86' lang='lat' dir='ltr'><strong>anima</strong></span> 
     </span>
    </p>
   </div>
   <div class='ocr_carea' id='block_1_110' title="bbox 1951 4763 3534 4842">
    <p class='ocr_par' dir='ltr' id='par_1_110' title="bbox 1951 4763 3534 4842">
     <span class='ocr_line' id='line_1_110' title="bbox 1951 4763 3534 4842; baseline 0.008 -22"><span class='ocrx_word' id='word_1_835' title='bbox 1951 4763 2076 4820; x_wconf 89' lang='lat' dir='ltr'><strong>boni</strong></span> <span class='ocrx_word' id='word_1_836' title='bbox 2104 4764 2353 4832; x_wconf 87' lang='lat' dir='ltr'><strong>hominis,</strong></span> <span class='ocrx_word' id='word_1_837' title='bbox 2384 4783 2414 4821; x_wconf 87' lang='lat' dir='ltr'><strong>a</strong></span> <span class='ocrx_word' id='word_1_838' title='bbox 2441 4768 2596 4823; x_wconf 89' lang='lat' dir='ltr'><strong>malis</strong></span> <span class='ocrx_word' id='word_1_839' title='bbox 2624 4767 2760 4825; x_wconf 84' lang='lat' dir='ltr'><strong>vivis</strong></span> <span class='ocrx_word' id='word_1_840' title='bbox 2793 4784 3015 4827; x_wconf 85' lang='lat' dir='ltr'><strong>evocata</strong></span> <span class='ocrx_word' id='word_1_841' title='bbox 3042 4774 3086 4829; x_wconf 85' lang='lat' dir='ltr'><strong>si</strong></span> <span class='ocrx_word' id='word_1_842' title='bbox 3119 4777 3343 4842; x_wconf 84' lang='lat' dir='ltr'><strong>venerit,</strong></span> <span class='ocrx_word' id='word_1_843' title='bbox 3371 4779 3534 4832; x_wconf 81' lang='lat' dir='ltr'><strong>amit-</strong></span> 
     </span>
    </p>
   </div>
   <div class='ocr_carea' id='block_1_111' title="bbox 1952 4849 3535 4938">
    <p class='ocr_par' dir='ltr' id='par_1_111' title="bbox 1952 4849 3535 4938">
     <span class='ocr_line' id='line_1_111' title="bbox 1952 4849 3535 4938; baseline 0.007 -27"><span class='ocrx_word' id='word_1_844' title='bbox 1952 4865 2067 4912; x_wconf 88' lang='lat' dir='ltr'><strong>tere</strong></span> <span class='ocrx_word' id='word_1_845' title='bbox 2094 4855 2335 4913; x_wconf 86' lang='lat' dir='ltr'><strong>videatur</strong></span> <span class='ocrx_word' id='word_1_846' title='bbox 2361 4849 2671 4929; x_wconf 83' lang='lat' dir='ltr'><strong>dignitatem</strong></span> <span class='ocrx_word' id='word_1_847' title='bbox 2700 4876 2886 4927; x_wconf 83' lang='lat' dir='ltr'><strong>suam;</strong></span> <span class='ocrx_word' id='word_1_848' title='bbox 2931 4881 3052 4920; x_wconf 90' lang='lat' dir='ltr'><strong>cum</strong></span> <span class='ocrx_word' id='word_1_849' title='bbox 3080 4877 3129 4922; x_wconf 88' lang='lat' dir='ltr'><strong>et</strong></span> <span class='ocrx_word' id='word_1_850' title='bbox 3162 4868 3262 4923; x_wconf 84' lang='lat' dir='ltr'><strong>vivi</strong></span> <span class='ocrx_word' id='word_1_851' title='bbox 3303 4869 3535 4938; x_wconf 88' lang='lat' dir='ltr'><strong>plerum-</strong></span> 
     </span>
    </p>
   </div>
   <div class='ocr_carea' id='block_1_112' title="bbox 1952 4948 3535 5028">
    <p class='ocr_par' dir='ltr' id='par_1_112' title="bbox 1952 4948 3535 5028">
     <span class='ocr_line' id='line_1_112' title="bbox 1952 4948 3535 5028; baseline 0.006 -25"><span class='ocrx_word' id='word_1_852' title='bbox 1952 4964 2057 5019; x_wconf 90' lang='lat' dir='ltr'><strong>que</strong></span> <span class='ocrx_word' id='word_1_853' title='bbox 2081 4948 2207 5003; x_wconf 91' lang='lat' dir='ltr'><strong>boni</strong></span> <span class='ocrx_word' id='word_1_854' title='bbox 2241 4950 2412 5005; x_wconf 86' lang='lat' dir='ltr'><strong>vocati</strong></span> <span class='ocrx_word' id='word_1_855' title='bbox 2440 4951 2506 5005; x_wconf 91' lang='lat' dir='ltr'><strong>ad</strong></span> <span class='ocrx_word' id='word_1_856' title='bbox 2538 4952 2707 5007; x_wconf 88' lang='lat' dir='ltr'><strong>malos</strong></span> <span class='ocrx_word' id='word_1_857' title='bbox 2732 4955 2967 5023; x_wconf 88' lang='lat' dir='ltr'><strong>veniant,</strong></span> <span class='ocrx_word' id='word_1_858' title='bbox 3014 4967 3067 5012; x_wconf 92' lang='lat' dir='ltr'><strong>ct</strong></span> <span class='ocrx_word' id='word_1_859' title='bbox 3100 4966 3258 5028; x_wconf 80' lang='lat' dir='ltr'><strong>agant</strong></span> <span class='ocrx_word' id='word_1_860' title='bbox 3295 4974 3417 5013; x_wconf 90' lang='lat' dir='ltr'><strong>cum</strong></span> <span class='ocrx_word' id='word_1_861' title='bbox 3456 4965 3535 5015; x_wconf 80' lang='lat' dir='ltr'><strong>eis</strong></span> 
     </span>
    </p>
   </div>
   <div class='ocr_carea' id='block_1_113' title="bbox 1952 5037 3533 5120">
    <p class='ocr_par' dir='ltr' id='par_1_113' title="bbox 1952 5037 3533 5120">
     <span class='ocr_line' id='line_1_113' title="bbox 1952 5037 3533 5120; baseline 0.009 -28"><span class='ocrx_word' id='word_1_862' title='bbox 1952 5038 2094 5108; x_wconf 89' lang='lat' dir='ltr'><strong>quod</strong></span> <span class='ocrx_word' id='word_1_863' title='bbox 2123 5037 2356 5094; x_wconf 86' lang='lat' dir='ltr'><strong>officium</strong></span> <span class='ocrx_word' id='word_1_864' title='bbox 2386 5042 2620 5110; x_wconf 87' lang='lat' dir='ltr'><strong>postulat</strong></span> <span class='ocrx_word' id='word_1_865' title='bbox 2656 5046 2944 5115; x_wconf 79' lang='lat' dir='ltr'><strong>:equitatis,</strong></span> <span class='ocrx_word' id='word_1_866' title='bbox 2988 5058 3201 5103; x_wconf 87' lang='lat' dir='ltr'><strong>servato</strong></span> <span class='ocrx_word' id='word_1_867' title='bbox 3242 5059 3403 5120; x_wconf 77' lang='lat' dir='ltr'><strong>atque</strong></span> <span class='ocrx_word' id='word_1_868' title='bbox 3450 5052 3533 5107; x_wconf 84' lang='lat' dir='ltr'><strong>in-</strong></span> 
     </span>
    </p>
   </div>
   <div class='ocr_carea' id='block_1_114' title="bbox 1953 5122 3565 5215">
    <p class='ocr_par' dir='ltr' id='par_1_114' title="bbox 1953 5122 3565 5215">
     <span class='ocr_line' id='line_1_114' title="bbox 1953 5122 3565 5215; baseline 0.009 -31"><span class='ocrx_word' id='word_1_869' title='bbox 1953 5143 2213 5184; x_wconf 87' lang='lat' dir='ltr'><strong>concusso</strong></span> <span class='ocrx_word' id='word_1_870' title='bbox 2248 5129 2446 5187; x_wconf 89' lang='lat' dir='ltr'><strong>decore</strong></span> <span class='ocrx_word' id='word_1_871' title='bbox 2478 5133 2687 5190; x_wconf 75' lang='lat' dir='ltr'><strong>virtutis</strong></span> <span class='ocrx_word' id='word_1_872' title='bbox 2729 5151 2862 5202; x_wconf 76' lang='lat' dir='ltr'><strong>sine,</strong></span> <span class='ocrx_word' id='word_1_873' title='bbox 2907 5148 2960 5193; x_wconf 85' lang='lat' dir='ltr'><strong>et</strong></span> <span class='ocrx_word' id='word_1_874' title='bbox 3002 5139 3211 5194; x_wconf 74' lang='lat' dir='ltr'><strong>illorum</strong></span> <span class='ocrx_word' id='word_1_875' title='bbox 3259 5122 3399 5198; x_wconf 88' lang='lat' dir='ltr'><strong>vitiis</strong></span> <span class='ocrx_word' id='word_1_876' title='bbox 3439 5132 3565 5215; x_wconf 44' lang='lat' dir='ltr'><strong>pro&#39;</strong></span> 
     </span>
    </p>
   </div>
   <div class='ocr_carea' id='block_1_115' title="bbox 1955 5223 3465 5292">
    <p class='ocr_par' dir='ltr' id='par_1_115' title="bbox 1955 5223 3465 5292">
     <span class='ocr_line' id='line_1_115' title="bbox 1955 5223 3465 5292; baseline 0.013 -19"><span class='ocrx_word' id='word_1_877' title='bbox 1955 5235 2133 5275; x_wconf 87' lang='lat' dir='ltr'><strong>rerum</strong></span> <span class='ocrx_word' id='word_1_878' title='bbox 2161 5223 2496 5289; x_wconf 66' lang='lat' dir='ltr'><strong>praesentium</strong></span> <span class='ocrx_word' id='word_1_879' title='bbox 2514 5225 2597 5280; x_wconf 87' lang='lat' dir='ltr'><strong>vel</strong></span> <span class='ocrx_word' id='word_1_880' title='bbox 2626 5242 2723 5281; x_wconf 89' lang='lat' dir='ltr'><strong>usu</strong></span> <span class='ocrx_word' id='word_1_881' title='bbox 2744 5230 2824 5283; x_wconf 88' lang='lat' dir='ltr'><strong>vel</strong></span> <span class='ocrx_word' id='word_1_882' title='bbox 2849 5230 3166 5287; x_wconf 86' lang='lat' dir='ltr'><strong>necessitate</strong></span> <span class='ocrx_word' id='word_1_883' title='bbox 3194 5237 3465 5292; x_wconf 71' lang='lat' dir='ltr'><strong>tractatis?</strong></span> 
     </span>
    </p>
   </div>
   <div class='ocr_carea' id='block_1_116' title="bbox 2004 5310 3537 5394">
    <p class='ocr_par' dir='ltr' id='par_1_116' title="bbox 2004 5310 3537 5394">
     <span class='ocr_line' id='line_1_116' title="bbox 2004 5310 3537 5394; baseline 0.014 -29"><span class='ocrx_word' id='word_1_884' title='bbox 2004 5310 2081 5394; x_wconf 27' lang='lat'><strong>.2.</strong></span> <span class='ocrx_word' id='word_1_885' title='bbox 2119 5311 2426 5389; x_wconf 85' lang='lat' dir='ltr'><strong>Quanquam</strong></span> <span class='ocrx_word' id='word_1_886' title='bbox 2456 5313 2508 5370; x_wconf 89' lang='lat' dir='ltr'><strong>in</strong></span> <span class='ocrx_word' id='word_1_887' title='bbox 2537 5317 2638 5373; x_wconf 88' lang='lat' dir='ltr'><strong>hoc</strong></span> <span class='ocrx_word' id='word_1_888' title='bbox 2658 5318 2794 5373; x_wconf 87' lang='lat' dir='ltr'><strong>facto</strong></span> <span class='ocrx_word' id='word_1_889' title='bbox 2823 5328 2999 5389; x_wconf 85' lang='lat' dir='ltr'><strong>potest</strong></span> <span class='ocrx_word' id='word_1_890' title='bbox 3024 5335 3148 5378; x_wconf 86' lang='lat' dir='ltr'><strong>esse</strong></span> <span class='ocrx_word' id='word_1_891' title='bbox 3170 5320 3313 5381; x_wconf 79' lang='lat' dir='ltr'><strong>alius</strong></span> <span class='ocrx_word' id='word_1_892' title='bbox 3327 5324 3537 5385; x_wconf 74' lang='lat' dir='ltr'><strong>facilior</strong></span> 
     </span>
    </p>
   </div>
   <div class='ocr_carea' id='block_1_117' title="bbox 1954 5403 3529 5489">
    <p class='ocr_par' dir='ltr' id='par_1_117' title="bbox 1954 5403 3529 5489">
     <span class='ocr_line' id='line_1_117' title="bbox 1954 5403 3529 5489; baseline 0.012 -32"><span class='ocrx_word' id='word_1_893' title='bbox 1954 5403 2128 5458; x_wconf 84' lang='lat' dir='ltr'><strong>exitus</strong></span> <span class='ocrx_word' id='word_1_894' title='bbox 2149 5414 2203 5458; x_wconf 91' lang='lat' dir='ltr'><strong>et</strong></span> <span class='ocrx_word' id='word_1_895' title='bbox 2227 5405 2528 5474; x_wconf 88' lang='lat' dir='ltr'><strong>expeditior</strong></span> <span class='ocrx_word' id='word_1_896' title='bbox 2563 5408 2881 5477; x_wconf 85' lang='lat' dir='ltr'><strong>intellectus,</strong></span> <span class='ocrx_word' id='word_1_897' title='bbox 2921 5419 2980 5467; x_wconf 81' lang='lat' dir='ltr'><strong>ut</strong></span> <span class='ocrx_word' id='word_1_898' title='bbox 3004 5428 3110 5468; x_wconf 88' lang='lat' dir='ltr'><strong>non</strong></span> <span class='ocrx_word' id='word_1_899' title='bbox 3135 5431 3260 5473; x_wconf 82' lang='lat' dir='ltr'><strong>vere</strong></span> <span class='ocrx_word' id='word_1_900' title='bbox 3288 5419 3529 5489; x_wconf 87' lang='lat' dir='ltr'><strong>spiritum</strong></span> 
     </span>
    </p>
   </div>
   <div class='ocr_carea' id='block_1_118' title="bbox 1955 5494 3534 5577">
    <p class='ocr_par' dir='ltr' id='par_1_118' title="bbox 1955 5494 3534 5577">
     <span class='ocr_line' id='line_1_118' title="bbox 1955 5494 3534 5577; baseline 0.013 -28"><span class='ocrx_word' id='word_1_901' title='bbox 1955 5494 2216 5551; x_wconf 82' lang='lat' dir='ltr'><strong>Samuelis</strong></span> <span class='ocrx_word' id='word_1_902' title='bbox 2241 5499 2523 5554; x_wconf 85' lang='lat' dir='ltr'><strong>excitatum</strong></span> <span class='ocrx_word' id='word_1_903' title='bbox 2565 5516 2592 5555; x_wconf 88' lang='lat' dir='ltr'><strong>a</strong></span> <span class='ocrx_word' id='word_1_904' title='bbox 2636 5502 2818 5572; x_wconf 85' lang='lat' dir='ltr'><strong>requie</strong></span> <span class='ocrx_word' id='word_1_905' title='bbox 2860 5519 2954 5560; x_wconf 87' lang='lat' dir='ltr'><strong>sua</strong></span> <span class='ocrx_word' id='word_1_906' title='bbox 2979 5506 3283 5577; x_wconf 83' lang='lat' dir='ltr'><strong>credamus,</strong></span> <span class='ocrx_word' id='word_1_907' title='bbox 3310 5515 3406 5568; x_wconf 83' lang='lat' dir='ltr'><strong>sed</strong></span> <span class='ocrx_word' id='word_1_908' title='bbox 3434 5516 3500 5570; x_wconf 87' lang='lat' dir='ltr'><strong>ali</strong></span> <span class='ocrx_word' id='word_1_909' title='bbox 3518 5548 3534 5558; x_wconf 85' lang='lat'><strong>-</strong></span> 
     </span>
    </p>
   </div>
   <div class='ocr_carea' id='block_1_119' title="bbox 1957 5640 3534 5752">
    <p class='ocr_par' dir='ltr' id='par_1_119' title="bbox 1957 5640 3534 5752">
     <span class='ocr_line' id='line_1_119' title="bbox 1957 5640 3534 5752; baseline 0.015 -67"><span class='ocrx_word' id='word_1_910' title='bbox 1957 5640 2470 5752; x_wconf 41' lang='lat' dir='ltr'><strong>“ﬁggmszoure.</strong></span> <span class='ocrx_word' id='word_1_911' title='bbox 2505 5653 2559 5696; x_wconf 67' lang='lat' dir='ltr'><strong>At</strong></span> <span class='ocrx_word' id='word_1_912' title='bbox 2596 5654 2723 5707; x_wconf 44' lang='lat' dir='ltr'><strong>ttae&quot;</strong></span> <span class='ocrx_word' id='word_1_913' title='bbox 2746 5659 2946 5701; x_wconf 73' lang='lat' dir='ltr'><strong>euocare</strong></span> <span class='ocrx_word' id='word_1_914' title='bbox 2981 5665 3001 5703; x_wconf 90' lang='lat'><strong><em>:</em></strong></span> <span class='ocrx_word' id='word_1_915' title='bbox 3038 5660 3093 5705; x_wconf 85' lang='lat' dir='ltr'><strong>et</strong></span> <span class='ocrx_word' id='word_1_916' title='bbox 3121 5659 3193 5705; x_wconf 76' lang='lat' dir='ltr'><strong>ste</strong></span> <span class='ocrx_word' id='word_1_917' title='bbox 3231 5659 3278 5706; x_wconf 87' lang='lat' dir='ltr'><strong>tu</strong></span> <span class='ocrx_word' id='word_1_918' title='bbox 3319 5654 3440 5705; x_wconf 73' lang='lat' dir='ltr'><strong>miro</strong></span> <span class='ocrx_word' id='word_1_919' title='bbox 3476 5659 3534 5708; x_wconf 75' lang='lat' dir='ltr'><strong>ad</strong></span> 
     </span>
    </p>
   </div>
  </div>
