4000 6336
448 364 553 426 H3

442 479 587 551 quod
623 479 957 550 phantasma,
1005 489 1060 534 et
1100 477 1461 549 imaginariam
1510 474 1809 528 illusionem
1836 468 2030 523 diaboli

440 570 929 625 machinationibus
970 569 1183 635 factam,
1238 583 1394 637 quam
1439 574 1719 636 propterea
1762 560 2032 629 Scriptura

445 662 662 715 nomine
702 660 963 715 Samuelis
1000 660 1254 730 appellat,
1291 658 1413 727 quia
1454 658 1629 710 solent
1667 654 1924 724 imagines
1950 666 2034 705 re-

444 770 563 808 rum
610 770 792 808 earum
839 754 1140 807 nominibus
1183 749 1460 820 appellari,
1505 762 1728 818 quarum
1777 744 2033 814 imagines

442 856 589 901 sunt.
618 846 766 903 Sicut
799 846 975 899 omnia
1004 862 1123 915 qua:
1153 845 1440 914 pinguntur
1480 850 1638 911 atque
1669 839 1936 910 finguntur
1966 851 2030 890 ex

442 938 619 1008 aliqua
666 937 887 992 materie
932 935 1129 989 metalli
1171 943 1264 989 aut
1301 933 1449 1005 ligni,
1490 934 1571 987 vel
1612 931 1869 1001 cujusque
1913 927 2029 981 ‘rci

442 1038 582 1097 aptae
609 1028 675 1083 ad
707 1043 868 1097 Opera
899 1025 1221 1095 hujusmodi,
1251 1040 1474 1095 qumque
1512 1024 1672 1079 etiam
1708 1021 1953 1074 videntur
1978 1019 2029 1071 in

440 1120 667 1184 somnis,
700 1128 755 1173 et
791 1132 980 1173 omnes
1012 1118 1120 1172 fere
1154 1116 1429 1187 imagines,
1464 1130 1645 1169 earum
1687 1127 1867 1166 rerum
1896 1124 2030 1180 qua-

441 1225 560 1267 rum
591 1210 845 1278 imagines
875 1218 1018 1273 sunt,
1047 1208 1300 1278 appellari
1334 1207 1638 1261 nominibus
1666 1204 1862 1258 solent.
1899 1201 2030 1269 Quis

439 1309 523 1356 est
551 1302 692 1355 enim
718 1300 807 1368 qui
848 1299 1119 1353 hominem
1170 1300 1366 1368 pictum
1396 1298 1602 1352 dubitet
1636 1308 1827 1350 vocare
1861 1291 2030 1347 Immi-

441 1391 605 1446 nem?
643 1390 1083 1461 Qnandoquidem
1131 1401 1185 1444 et
1226 1388 1556 1459 singulorum
1599 1398 1928 1455 quorumque
1954 1381 2030 1452 pi-

437 1494 645 1539 cturam
681 1499 803 1538 cum
852 1482 1158 1553 aSpicimus,
1199 1481 1414 1550 propria
1458 1492 1670 1549 quoque
1706 1475 1919 1531 nomina
1952 1474 2031 1527 in-

444 1584 761 1632 cunctanter
776 1574 1132 1629 adhibemus:
1166 1574 1311 1627 velut
1344 1587 1467 1627 eum
1507 1572 1772 1623 intuentes
1798 1565 2029 1621 tabulam

438 1677 530 1722 aut
552 1667 827 1737 parietem,
860 1664 1236 1732 dicimus,‘llle
1261 1663 1451 1717 Cicero
1477 1670 1577 1726 est,
1610 1660 1699 1714 ille
1727 1656 2027 1723 Sallustius,

440 1759 529 1814 ille
573 1757 832 1821 Achilles,
885 1755 983 1809 ille
1029 1755 1246 1820 Hector,
1296 1753 1397 1807 hoc
1441 1751 1637 1805 ﬂumen
1682 1747 1898 1812 Simois,
1943 1745 2031 1799 illa

442 1850 638 1913 Roma;
690 1866 811 1904 cum
850 1849 990 1921 aliud
1027 1848 1158 1902 nihil
1200 1846 1307 1901 sint
1342 1862 1498 1917 quam
1528 1844 1701 1915 .pictze
1749 1841 2029 1912 imagines.

440 1944 595 2000 Unde
636 1942 926 1999 Cherubim
966 1959 1088 1998 cum
1129 1942 1237 1996 sint
1269 1942 1519 1995 caelestes
1559 1944 1865 2007 potestates,
1911 1934 2032 1987 [icta

441 2047 617 2090 tamen
646 2037 667 2067 ³
704 2052 767 2090 ex
802 2034 1038 2099 metallo,
1071 2034 1211 2105 quod
1243 2031 1523 2103 imperavit
1554 2031 1715 2095 Deus,
1756 2042 1917 2096 super
1942 2041 2030 2080 ar—

439 2124 558 2183 cam
588 2128 936 2190 Testamenti,
969 2142 1171 2197 magna:
1207 2126 1285 2179 rei
1320 2121 1681 2195 signiﬁcanda:
1707 2120 1895 2192 gratia,
1923 2132 2029 2171 non

441 2218 586 2273 aliud
618 2234 775 2289 quam
813 2217 1104 2271 Cherubim
1143 2217 1228 2269 illa
1268 2230 1479 2285 quoque
1516 2212 1764 2281 ﬁgmenta
1791 2209 2030 2263 vocitan-

444 2322 530 2364 tur
566 2309 762 2383 (Exod.
791 2324 925 2374 xxv,
962 2308 1074 2379 18).
1117 2308 1247 2361 Item
1289 2305 1528 2376 quisquis
1569 2303 1714 2357 videt
1742 2300 2029 2362 somnium,

443 2420 550 2456 nun
582 2402 732 2466 dicit,
766 2400 883 2455 Vidi
914 2401 1195 2470 imaginem
1239 2396 1517 2469 Augustini
1554 2404 1643 2450 aut
1669 2392 2029 2464 Simpliciatti;

443 2495 560 2560 sed,
610 2493 731 2548 Vidi
778 2494 1130 2563 Augustinum
1180 2499 1275 2545 aut
1318 2489 1721 2560 Simpliciannm
1751 2504 1764 2539 :
1794 2502 1916 2541 cum
1966 2499 2032 2540 eo

445 2597 687 2657 tempore
730 2585 872 2655 quod
919 2585 1024 2639 tale
1062 2583 1259 2654 aliquid
1289 2583 1439 2648 vidit,
1484 2597 1583 2637 nos
1627 2582 2031 2651 ignoraremus;

445 2693 613 2747 usque
639 2678 782 2731 adeo
814 2675 1155 2731 manifestum
1186 2685 1290 2741 cst,
1333 2690 1440 2729 non
1468 2674 1612 2744 ipsos
1639 2671 1905 2734 homines,
1938 2669 2033 2725 sed

446 2769 707 2839 imagines
728 2782 914 2822 eorum
947 2766 1133 2821 videri.
1168 2766 1232 2820 Et
1271 2765 1477 2819 Pharao
1506 2764 1679 2833 Spicas
1708 2778 1765 2817 se
1795 2761 1927 2816 dixit
1956 2761 2035 2815 vi-

445 2862 588 2916 disse
614 2862 665 2914 in
698 2860 900 2915 somnis
927 2867 981 2914 et
1001 2858 1163 2915 boves
1185 2856 1336 2931 (Gen.
1360 2873 1468 2919 xu,
1494 2855 1835 2925 l7-28),-non
1857 2854 2034 2924 spica-

446 2968 563 3006 rum
612 2961 704 3006 ant
745 2952 902 3005 boum
952 2951 1231 3021 imagines.
1280 2948 1336 3004 Si
1383 2949 1542 3019 igitur
1585 2945 1785 3017 liquido
1827 2950 2038 3000 constat

448 3044 754 3098 nominibus
783 3058 965 3097 earum
997 3057 1174 3096 rerum
1204 3056 1426 3111 quarum
1455 3038 1712 3109 imagines
1744 3043 1885 3101 sunt,
1914 3049 2036 3091 eas-

447 3134 570 3189 dem
612 3133 869 3204 imagines
899 3131 1191 3202 appellari;
1235 3145 1341 3184 non
1382 3127 1574 3183 mirum
1605 3134 1690 3183 est
1713 3126 1856 3197 quod
1892 3125 2038 3182 Scri-

449 3235 604 3297 ptura
624 3225 756 3280 dicit
782 3223 1087 3281 Samuclem
1119 3224 1308 3288 visum,
1338 3217 1709 3277 etiamsifortc
1736 3218 1909 3289 imago
1935 3216 2036 3273 8a-

447 3321 642 3376 mnelis
676 3318 939 3390 apparuit,
970 3316 1397 3371 machinamento
1430 3312 1546 3384 ejus
1574 3312 1661 3383 qui
1704 3311 2041 3380 transﬁgurat

450 3428 509 3467 se
531 3412 672 3466 velut
700 3411 947 3482 angelum
974 3409 1127 3472 lucis,
1167 3418 1223 3463 et
1264 3406 1537 3461 ministros
1567 3419 1693 3457 suos
1713 3404 1859 3458 velut
1888 3402 2041 3478 mitti—

424 3504 831 3575 ,strosjustitia:
859 3502 925 3572 (ll
949 3500 1066 3557 Cor.
1096 3516 1171 3567 χι,
1197 3500 1284 3565 Η,
1322 3498 1428 3568 15).

522 3598 576 3651 3.
618 3596 867 3652 Jamvcro
899 3594 943 3648 si
972 3592 1104 3648 illud
1145 3600 1347 3653 movet,
1376 3587 1643 3660 quomodo
1674 3596 1728 3641 et
1754 3603 1782 3640 a
1812 3586 2043 3655 maligno

454 3691 643 3759 spiritu
670 3686 817 3743 Sauli
847 3701 974 3742 vera
992 3683 1256 3756 prmdicta
1287 3689 1439 3744 sunt;
1482 3687 1661 3749 potest
1686 3687 1740 3732 et
1778 3677 1903 3730 illud
1942 3676 2043 3729 iiii-

456 3799 573 3839 rutn
598 3780 786 3847 videri,
814 3777 1084 3849 quomodo
1109 3775 1383 3830 daemones
1425 3772 1741 3843 agnoverint
1775 3771 2044 3824 Christum

458 3874 670 3945 (Matth.
696 3888 789 3927 νιιι
808 3913 826 3938 ,
855 3870 973 3941 ‘29),
1004 3866 1355 3939 quemJndmi
1376 3881 1479 3921 non
1506 3864 1880 3935 agnoscebant.
1913 3861 2046 3917 Cum

447 3966 602 4020 enim
632 3970 747 4018 vult
783 3959 1235 4029 Deusetiam,pcr
1275 3958 1486 4012 inlimos
1525 3954 1867 4024 intentosque
1894 3953 2050 4023 spiri-

462 4072 546 4112 tus
587 4054 818 4123 aliquem
860 4067 985 4106 vera
1036 4063 1384 4121 cognoscere,
1432 4046 1740 4117 temporalia
1794 4045 2051 4099 duntaxat

460 4158 621 4219 atque
646 4149 714 4200 ad
744 4145 900 4200 istam
926 4142 1299 4197 mortalitatem
1333 4138 1667 4208 pertinentia,
1693 4137 1843 4192 l'acile
1867 4144 1969 4201 est,
1998 4143 2053 4189 et

455 4255 569 4296 non
610 4240 981 4307 incongruum,
1016 4242 1073 4287 ιιι
1101 4231 1438 4301 omnipotens
1460 4239 1521 4285 et
1551 4229 1727 4298 justus
1762 4225 1828 4281 ad
1862 4240 2050 4282 eorum

467 4344 700 4397 pinnam,
731 4326 923 4398 quibus
950 4325 1049 4379 ista
1076 4322 1467 4392 praedicuntur,
1501 4329 1555 4372 ut
1589 4318 1781 4372 malum
1807 4316 2053 4387 quodeis

467 4421 759 4494 impendet,
800 4428 1087 4487 antequam
1117 4414 1298 4470 veniat
1341 4409 1722 4483 praenoscendo
1759 4409 2051 4479 patiantur,

465 4514 679 4571 occulto
708 4520 965 4582 apparatu
996 4508 1411 4564 ministeriorum
1434 4504 1456 4535 ³
1481 4519 1695 4560 suorum
1738 4504 1897 4559 etiam
1941 4501 2053 4571 Spi-

466 4608 659 4663 ritibus
680 4605 875 4660 talibus
903 4600 1105 4673 aliquid
1133 4598 1476 4655 divinationis
1503 4595 1789 4666 impertiat,
1821 4604 1881 4650 ut
1913 4594 2056 4665 quod

468 4700 694 4755 audiunt
715 4697 783 4753 ab
810 4695 1044 4765 Angelis,
1078 4690 1433 4763 praenuntient
1469 4687 1794 4742 hominibus.
1827 4688 2056 4759 Tantum

468 4804 647 4847 autem
675 4788 919 4854 audiunt,
942 4794 1195 4857 quantum
1222 4781 1459 4836 omnium
1493 4778 1744 4833 Dominus
1765 4786 1923 4846 atque
1945 4792 2058 4830 mo-

464 4884 687 4938 derator
715 4879 800 4935 vel
825 4878 978 4949 jubet
1013 4875 1100 4931 vel
1145 4874 1290 4930 sinit.
1336 4871 1491 4928 Unde
1530 4871 1689 4927 etiam
1720 4869 1937 4940 spiritus
1965 4885 2059 4939 py-

473 4975 688 5030 thonius
726 4972 748 5005 ‘
778 4971 830 5027 itt
879 4969 1099 5026 Actibus
1141 4965 1517 5036 Apostolorum
1564 4972 1842 5018 attestatur
1893 4961 2057 5016 Paulo

470 5068 735 5136 apostolo,
776 5072 831 5119 et
867 5059 1184 5132 evangelista
1214 5072 1336 5113 esse
1374 5064 1598 5111 conatur
1627 5055 1765 5124 (Act.
1801 5069 1907 5119 xvt,
1942 5051 2059 5133 Π),

475 5162 699 5217 Miscent
726 5168 908 5214 tamen
934 5155 1022 5211 isti
1049 5152 1304 5217 lallacias,
1328 5159 1382 5205 et
1407 5163 1593 5204 verum
1615 5146 1755 5217 quod
1776 5161 1940 5201 nosse
1961 5160 2061 5216 pu-

539 5333 556 5364 ι
580 5328 701 5380 Editl
720 5363 737 5390 ,
781 5328 1122 5391 cujuscumque
1137 5337 1275 5391 λιιι-ο
1312 5335 1410 5386 quo
1426 5321 1771 5391 Augustinus,
1811 5320 2058 5386 cujusque,

475 5393 603 5457 quod
633 5382 1146 5457 hic'ttss.'_mnstatitetf
1164 5382 1367 5457 habent,
1386 5382 1513 5455 solet
1529 5382 1782 5457 usurpare.
1844 5382 1889 5457 ,ἑ
1963 5382 1973 5386 ⁷
2016 5429 2024 5437 ,

540 5460 559 5488 ³
580 5453 886 5504 Cnrbeicusis
905 5443 1008 5499 Ms:
1040 5448 1172 5500 (Inde
1194 5446 1467 5499 cherubim.
1501 5457 1611 5494 cum
1638 5443 1732 5494 sint
1764 5443 1944 5495 coclites
1978 5459 2065 5505 po-

473 5521 663 5569 testates
687 5549 703 5575 ,
747 5513 862 5579 [icta
901 5517 1077 5579 tanien.
1118 5517 1213 5561 etc.
1240 5515 1318 5579 _tn
1359 5507 1520 5579 editis
1557 5505 1815 5569 legebatur
1805 5542 1844 5579 ﬂ,
1886 5507 2064 5579 ﬁcus;

476 5582 524 5630 in
542 5568 1041 5641 quibu:s_étiattt_tiaulo
1053 5580 1177 5641 post,
1188 5568 1566 5641 {Marathoniam
1574 5568 1758 5641 quoque
1768 5568 1969 5641 efﬁgies;
1983 5572 2065 5620 ubi

480 5628 586 5692 itss'.
613 5647 665 5689 et
687 5637 812 5687 liber
833 5628 1173 5701 ad'nulcitiutn'
1188 5635 1388 5701 habent,
1411 5631 1499 5682 illa
1520 5628 1966 5701 quoqucﬁgnténta.

542 5704 563 5736 ³
586 5701 726 5762 Editi,
748 5696 1103 5763 mysteriorum.
1144 5704 1197 5745 Αι
1233 5696 1465 5763 potiores
1484 5694 1632 5752 Mss,
1653 5694 2064 5763 ministeriorum;

478 5778 576 5830 quo
598 5756 934 5830 nominel'tlias
954 5756 1294 5830 nonnunquam
1318 5756 1685 5830 Angelosvncat
1701 5762 2007 5830 Augustinus.

542 5828 561 5859 δ
578 5825 716 5888 aliti,
738 5821 1034 5890 pythom'cus.
1060 5818 1327 5883 Mssivcro,
1350 5818 1637 5884 pgtltonitts;
1665 5818 1762 5878 vel,
1795 5819 2030 5882 pytltom's.

1010 365 1101 421 DE
1140 362 1451 419 DIVERSIS
1487 350 2002 430 QUIESTIDNIBL‘S
2038 349 2129 405 an
2168 350 2670 426 SZYllPLlCl.\NU.\l,
2713 360 2771 416 s.
2805 359 3171 418 AUGUSTINI

3623 358 3728 414 ιιι

2143 468 2360 535 tnerint,
2390 487 2492 525 non
2509 473 2732 528 docendi
2760 477 2925 546 magis
2946 491 3102 546 quam
3124 471 3423 544 decipiendi
3450 472 3553 529 ﬁne
3582 488 3724 543 prm-

2142 561 2405 633 nuntiant.
2454 563 2518 617 Et
2549 565 2685 619 forte
2722 568 2821 622 hoc
2853 578 2935 622 est
2975 568 3382 639 quod-cuinzilla
3420 567 3593 637 imago
3621 569 3726 622 Sa-

2140 653 2329 707 muelis
2354 652 2565 709 Sat'tlem
2596 660 2908 726 pricdiccret
2936 661 3274 726 moriturum,
3304 659 3616 715 dixitetiam
3634 674 3725 714 se-

2138 757 2260 798 cum
2284 744 2518 803 luiurum
2551 750 2728 819 :quod
2753 751 2939 822 utique
2967 753 3152 807 falsum
3184 762 3284 807 est.
3319 751 3508 823 Magno
3528 752 3727 823 quippe

2138 832 2417 890 intervallo
2463 848 2579 907 post
2623 850 2848 894 mortem
2902 843 3138 912 separari
3177 841 3347 895 bonos
3387 856 3418 895 a
3472 843 3625 896 malis
3667 841 3724 896 in

2137 926 2430 999 Evangelio
2449 931 2695 1001 legimus,
2710 948 2828 987 cum
2845 933 3099 988 Dominus
3118 932 3258 988 inter
3271 933 3557 1003 superbum
3573 934 3725 988 illum

2135 1017 2372 1088 divitem,
2396 1037 2516 1076 cum
2534 1026 2643 1092 jam
2670 1024 2807 1093 apud
2836 1026 3036 1081 inferos
3064 1036 3326 1080 tormenta
3351 1034 3641 1096 pateretur,
3669 1035 3728 1081 et

2114 1112 2282 1166 ~illum
2320 1116 2414 1183 qui
2451 1116 2519 1171 ad
2551 1119 2668 1186 ejus
2691 1119 2910 1187 januam
2947 1119 3220 1174 ulcerosus
3261 1119 3488 1188 jacebat,
3515 1119 3626 1189 jam
3666 1121 3723 1174 in

2135 1205 2318 1273 requie
2344 1207 2709 1272 constitutum,
2733 1224 3002 1279 magnum
3041 1210 3207 1265 chaos
3236 1209 3572 1279 interiectum
3599 1225 3727 1266 esse

2136 1302 2357 1348 testatur
2383 1293 2529 1367 (Luc.
2556 1313 2666 1362 xvr,
2691 1297 2810 1369 26).
2829 1301 2932 1353 Aut
2951 1300 3011 1356 si.
3027 1308 3305 1369 propterea
3329 1300 3543 1356 Samuel
3575 1299 3724 1357 Sauli

2133 1386 2283 1453 dixit,
2308 1386 2504 1441 Mecum
2516 1390 2632 1453 eris,
2651 1400 2710 1445 ιιι
2724 1406 2829 1445 non
2845 1392 2911 1446 ad
2932 1393 3287 1463 aequalitatem
3308 1393 3595 1457 felicitatis.
3622 1394 3723 1451 sed

2134 1480 2199 1533 ad
2226 1496 2404 1550 parem
2426 1483 2789 1539 conditionem
2811 1486 2998 1541 mortis
3018 1486 3300 1553 referatur,
3339 1487 3481 1558 quod
3501 1497 3725 1558 uterque

2135 1573 2297 1629 homo
2332 1575 2509 1641 fuerit,
2529 1586 2595 1631 et
2625 1585 2851 1648 uterque
2885 1579 3020 1634 mori
3048 1580 3297 1649 potuerit,
3323 1580 3541 1652 jamque
3572 1596 3725 1636 mor-

2137 1676 2261 1722 tuus
2290 1678 2515 1724 mortem
2555 1671 2678 1725 vivo
2707 1671 3128 1740 praenuntiabat;
3159 1674 3430 1743 perspicit,
3464 1684 3725 1744 quantum

2135 1757 2345 1827 opinor,
2386 1760 2666 1829 prudentia
2709 1770 2819 1827 tua,
2855 1764 3147 1818 secundum
3194 1776 3477 1837 utrumque
3514 1766 3727 1823 intelle-

2135 1859 2278 1904 ctum
2308 1850 2507 1908 habere
2532 1854 2732 1908 exitum
2769 1855 2915 1909 illam
2944 1856 3228 1911 lectionem
3250 1858 3340 1928 qui
3367 1874 3475 1913 non
3501 1860 3572 1915 sit
3593 1876 3727 1916 con-

2139 1952 2217 1997 tra
2259 1942 2416 1998 ﬁdem
2446 1963 2459 1999 :
2490 1946 2591 2001 nisi
2623 1945 2759 2002 forte
2777 1947 3119 2017 profundiore
3148 1958 3202 2006 et
3230 1952 3564 2020 perplexiore
3583 1954 3601 1986 ί
3632 1954 3719 2008 in-

2137 2035 2420 2105 quisitione
2444 2078 2459 2102 ,
2489 2053 2607 2107 qua:
2628 2038 2715 2093 vel
2753 2039 2942 2093 virium
2974 2056 3214 2096 mearum
3240 2042 3324 2096 vel
3348 2042 3600 2113 temporis
3621 2059 3724 2099 ex-

2136 2128 2278 2184 cedit
2306 2129 2597 2199 angustias,
2622 2129 2920 2186 inveniatur
2943 2131 3011 2187 ad
3026 2131 3317 2202 liquidum,
3346 2134 3431 2189 vel
3452 2149 3609 2204 posse
3624 2136 3724 2190 vel

2137 2233 2243 2273 non
2271 2233 2428 2287 posse
2457 2219 2688 2275 animam
2733 2220 3037 2288 humanam,
3078 2238 3200 2278 cum
3239 2238 3306 2283 ex
3341 2223 3440 2279 hac
3481 2226 3586 2279 vita
3617 2227 3722 2285 mie

2136 2312 2386 2381 graverit,
2428 2313 2645 2383 magicis
2681 2315 3006 2369 carminibus
3030 2324 3320 2369 evocatam
3350 2316 3589 2370 vivorum
3618 2332 3723 2385 ap-

2136 2417 2327 2473 parere
2370 2404 2763 2473 conspectibus,
2804 2405 2962 2458 etiam
2985 2405 3242 2474 corporis
3272 2406 3729 2475 lineamentage-

2137 2501 2388 2558 stantem,
2415 2502 2471 2548 ut
2500 2509 2606 2548 non
2636 2495 2807 2548 solum
2836 2494 3002 2549 videri
3028 2496 3218 2560 valeat,
3268 2494 3361 2551 sed
3390 2504 3444 2550 et
3481 2496 3724 2563 agnosci.

2138 2584 2205 2639 Et
2230 2586 2272 2640 si
2304 2594 2500 2655 potest,
2542 2601 2722 2640 utrum
2772 2589 2930 2641 etiam
2965 2586 3096 2656 justi
3133 2587 3331 2653 anima,
3372 2602 3478 2642 non
3506 2586 3724 2656 quidem

2138 2689 2358 2746 cogatur
2386 2675 2606 2747 magiCis
2626 2678 2814 2744 sacris,
2838 2678 2932 2733 sed
2959 2678 3206 2747 dignetur
3235 2678 3441 2733 ostendi
3465 2679 3728 2737 occultio—

2139 2770 2288 2824 ribus
2317 2769 2556 2840 imperiis
2586 2770 2971 2840 summae‘legis
2999 2772 3379 2840 obtemperans
3407 2779 3511 2825 :ut
3533 2772 3575 2825 si
3608 2770 3728 2825 ﬁeri

2141 2875 2245 2914 non
2286 2875 2440 2930 posse
2486 2860 2758 2925 claruerit,
2816 2875 2922 2915 non
2968 2869 3194 2931 uterque
3234 2876 3424 2916 sensus
3470 2861 3523 2915 in
3568 2861 3730 2931 hujus

2142 2949 2430 3021 Scriptura:
2471 2952 2783 3005 tractatione
2815 2960 2975 3021 atque
3018 2950 3352 3020 expositione
3391 2950 3726 3018 admittatur,

2144 3041 2236 3094 sed
2270 3041 2359 3094 illo
2386 3041 2621 3105 excluso,
2675 3041 2981 3111 imaginaria
3002 3042 3288 3096 simulatio
3306 3041 3577 3096 Samuelis
3605 3042 3725 3094 dia-

2145 3130 2321 3185 bolico
2354 3130 2624 3187 ritul‘acta
2658 3132 3002 3203 intelligatur.
3031 3132 3136 3187 Sed
3162 3133 3434 3203 quoniam,
3461 3131 3731 3205 sive-illud

2147 3223 2261 3278 ﬁeri
2304 3223 2488 3293 possit,
2536 3226 2647 3278 sive
2684 3238 2793 3277 non
2814 3224 3021 3293 .possil,
3066 3232 3241 3279 tamen
3268 3223 3492 3279 -l'allacia
3529 3233 3734 3278 satanas

2145 3326 2304 3385 atque
2342 3315 2629 3385 imaginum
2657 3314 3074 3369 simulandarutn
3101 3314 3291 3369 callida
3323 3314 3559 3385 operatio
3579 3314 3733 3369 deci-

2149 3408 2357 3478 piendis
2400 3408 2646 3463 humanis
2686 3408 2934 3464 sensibus
2973 3409 3313 3464 multiformis
3356 3410 3612 3480 invigilat,
3641 3425 3738 3479 pe-

2148 3498 2406 3554 detentim
2442 3500 2680 3569 quidem,
2707 3502 2811 3554 ne'
2838 3500 3272 3569 inquisitionibns
3309 3501 3740 3570 diligentioribus

2150 3592 2581 3661 praescribamus,
2631 3591 2725 3647 sed
2777 3602 2952 3646 tamen
3003 3592 3179 3661 potius
3229 3592 3592 3649 existimemus
3631 3594 3740 3649 tale

2151 3683 2350 3754 aliquid
2392 3684 2588 3738 factum
2621 3683 2855 3753 maligno
2895 3682 3221 3754 pythonissa:
3251 3683 3393 3738 illius
3420 3684 3737 3750 ministerio,

2152 3776 2406 3845 quamdiu
2434 3775 2588 3831 nobis
2614 3774 2816 3845 aliquid
2856 3774 3087 3845 amplius
3112 3773 3416 3845 excogitare
3453 3784 3610 3845 atque
3638 3791 3740 3830 es-

2154 3868 2349 3937 plicarc
2376 3883 2479 3921 non
2506 3866 2681 3920 datur.
3622 3877 3637 3889 ν

2306 3960 2539 4029 Quae“.
2586 3960 2753 4013 lV.--
2784 3959 2898 4027 Quo
2921 3961 3276 4028 situtcorpon’s
3304 3960 3570 4013 orandum.

2228 4052 2379 4118 Quod
2404 4060 2579 4106 autem
2601 4052 2817 4122 quieris,
2841 4052 3053 4122 quid-sit
3075 4051 3217 4120 quod
3243 4052 3496 4121 scriptum
3518 4060 3620 4116 est,
3642 4049 3745 4103 .ln-

2158 4146 2305 4199 travt't
2326 4161 2415 4199 rex
2433 4144 2616 4209 David,
2636 4154 2684 4198 et
2700 4145 2824 4198 sedit
2840 4153 2956 4198 ante
2972 4143 3244 4197 Dominum
3260 4143 3326 4214 (ll
3352 4143 3477 4213 Reg.
3504 4159 3594 4209 vn,
3619 4143 3742 4211 18‘):

2157 4238 2282 4307 quid
2314 4236 2455 4290 aliud
2487 4236 2886 4307 intelligendum
2916 4246 3018 4300 est,
3070 4235 3169 4290 nisi
3190 4237 3311 4305 quia
3352 4234 3491 4290 sedit
3531 4234 3582 4288 in
3610 4249 3747 4289 con-

2160 4345 2346 4405 spectu
2381 4335 2622 4398 Domini;
2669 4334 2780 4388 sive
2810 4332 2897 4387 ubi
2935 4340 3052 4386 erat
3099 4345 3220 4384 arca
3261 4329 3608 4393 Testamenti,
3651 4344 3748 4397 per

2161 4443 2321 4496 quant
2363 4428 2625 4481 sacratior
2656 4422 3157 4479 ct'commendatior
3186 4421 3427 4490 qttwdntn
3465 4421 3750 4490 praesentia

2166 4518 2566 4591 Dominiaccipi
2595 4525 2796 4584 potest;
2835 4514 3096 4583 sivequia
3127 4522 3375 4566 oraturus
3402 4511 3561 4577 sedit,
3606 4504 3750 4580 quod

2167 4628 2271 4665 non
2305 4611 2363 4663 lit
2390 4618 2537 4663 recte
2563 4609 2661 4661 nisi
2690 4608 2742 4661 in
2770 4615 3059 4676 conspectu
3080 4604 3205 4667 .Dei,
3239 4604 3340 4658 hoc
3361 4611 3442 4658 est
3470 4603 3521 4656 iit
3549 4600 3754 4655 intimis

2163 4702 2374 4758 cordis?
2412 4702 2595 4756 Potest
2640 4700 2782 4754 enim
2821 4708 2877 4754 et
2920 4699 2997 4752 sic
3025 4697 3191 4766 accipi
3217 4695 3361 4765 quod
3398 4695 3597 4748 dictum
3640 4704 3753 4757 est,

2165 4808 2282 4852 mue
2314 4795 2623 4857 Dominum;
2654 4794 2741 4847 tibi
2771 4794 2943 4847 nullus
2983 4801 3124 4847 esset
3144 4790 3451 4854 hominum,
3472 4788 3569 4857 qui
3596 4787 3757 4840 audi-

2167 4902 2246 4944 ret
2268 4899 2528 4943 orantem.
2553 4886 2676 4942 Sive
2696 4900 2829 4954 ergo
2852 4895 3067 4954 propter
3081 4897 3257 4937 arcam
3278 4877 3624 4941 Testamenti,
3642 4879 3760 4932 sive

2171 4993 2386 5050 propter
2427 4990 2690 5033 secretum
2736 4977 2911 5031 locum
2951 4984 3211 5029 semotum
3250 4972 3317 5026 ab
3362 4970 3598 5035 arbitris,
3642 4968 3763 5023 sive

2169 5082 2385 5143 promer
2410 5070 2651 5126 intimum
2680 5068 2855 5123 cordis
2876 5066 2962 5120 ubi
2990 5074 3104 5119 erat
3141 5065 3342 5119 orantis
3365 5062 3607 5127 allectus,
3627 5074 3765 5114 con-

2171 5166 2449 5220 vcnienter
2466 5163 2662 5215 dictum
2692 5168 2797 5226 est,
2831 5157 2975 5213 Sedit
3005 5169 3121 5211 ante
3161 5154 3458 5209 Dominum.
3484 5151 3595 5207 Nisi
3620 5149 3768 5205 forte

2176 5255 2316 5326 quod
2343 5256 2536 5308 sedens
2560 5250 2749 5313 oravit,
2784 5250 2884 5304 hoc
2911 5259 3124 5313 movet;
3150 5263 3271 5303 cum
3292 5257 3347 5303 et
3372 5255 3588 5302 sanctus
3617 5244 3767 5300 Elias

2173 5351 2275 5406 hnc
2295 5348 2497 5411 fecerit,
2511 5346 2724 5416 quando
2736 5343 2967 5415 pluviam
2985 5340 3187 5396 orando
3200 5339 3503 5409 impetravit
3524 5336 3610 5408 (Ill
3635 5336 3768 5407 Reg.

2173 5458 2319 5507 xvnt,
2351 5440 2559 5508 42-45).
2579 5437 2779 5506 Quibus
2795 5435 3144 5489 admonemur
3172 5430 3464 5499 exemplis,
3510 5443 3615 5503 non
3644 5443 3774 5483 esse

2174 5536 2534 5609 praescriptum
2546 5529 2815 5602 quomodo
2830 5543 3024 5599 corpus
3038 5528 3385 5582 constituatur
3400 5522 3466 5576 ad
3483 5521 3774 5589 orandum,

2235 5696 2253 5726 ⁸
2278 5691 2469 5752 Aliquot
2486 5695 2613 5747 Mss,
2637 5684 2917 5752 proliciore.

2234 5759 2254 5788 ’
2278 5740 2534 5809 ιέιτίἱοιιὶιι,
2572 5740 2649 5810 tie;
2672 5749 2944 5798 restituitur
2966 5746 3044 5810 hic
3070 5758 3131 5795 ex
3156 5751 3269 5810 Mss.
3288 5741 3456 5810 Confer
3490 5740 3670 5792 librum
3701 5740 3775 5791 de

2173 5826 2283 5868 octo
2306 5815 2494 5867 Dulcitii
2516 5805 2886 5874 Qumétionibus,
2911 5811 2960 5863 in
2982 5808 3076 5859 ﬁne
3099 5805 3381 5871 quaestionis
3401 5807 3449 5854 ϐ.
