  <div class='ocr_page' id='page_1' title='image "/cluster/home/n/w/nwhite01/storage/ocr_20150623/40/hvd.32044024147290/078.png"; bbox 0 0 4000 6336; ppageno 0'>
   <div class='ocr_carea' id='block_1_1' title="bbox 262 376 358 434">
    <p class='ocr_par' dir='ltr' id='par_1_1' title="bbox 262 376 358 434">
     <span class='ocr_line' id='line_1_1' title="bbox 262 376 358 434; baseline 0 0"><span class='ocrx_word' id='word_1_1' title='bbox 262 376 358 434; x_wconf 70' lang='lat' dir='ltr'><strong>H5</strong></span> 
     </span>
    </p>
   </div>
   <div class='ocr_carea' id='block_1_2' title="bbox 260 485 1850 559">
    <p class='ocr_par' dir='ltr' id='par_1_2' title="bbox 260 485 1850 559">
     <span class='ocr_line' id='line_1_2' title="bbox 260 485 1850 559; baseline -0.006 -14"><span class='ocrx_word' id='word_1_2' title='bbox 260 491 378 545; x_wconf 86' lang='lat' dir='ltr'><strong>dum</strong></span> <span class='ocrx_word' id='word_1_3' title='bbox 406 487 623 544; x_wconf 84' lang='lat' dir='ltr'><strong>animus</strong></span> <span class='ocrx_word' id='word_1_4' title='bbox 647 487 766 545; x_wconf 89' lang='lat' dir='ltr'><strong>Deo</strong></span> <span class='ocrx_word' id='word_1_5' title='bbox 796 502 1033 559; x_wconf 62' lang='lat' dir='ltr'><strong>praesens</strong></span> <span class='ocrx_word' id='word_1_6' title='bbox 1056 496 1267 557; x_wconf 75' lang='lat' dir='ltr'><strong>peragat</strong></span> <span class='ocrx_word' id='word_1_7' title='bbox 1297 485 1642 540; x_wconf 87' lang='lat' dir='ltr'><strong>intentionem</strong></span> <span class='ocrx_word' id='word_1_8' title='bbox 1680 498 1850 537; x_wconf 89' lang='lat' dir='ltr'><strong>suam.</strong></span> 
     </span>
    </p>
   </div>
   <div class='ocr_carea' id='block_1_3' title="bbox 228 572 1857 647">
    <p class='ocr_par' dir='ltr' id='par_1_3' title="bbox 228 572 1857 647">
     <span class='ocr_line' id='line_1_3' title="bbox 228 572 1857 647; baseline -0.007 -9"><span class='ocrx_word' id='word_1_9' title='bbox 228 578 235 583; x_wconf 79' lang='grc'><strong>’</strong></span> <span class='ocrx_word' id='word_1_10' title='bbox 263 584 386 638; x_wconf 78' lang='lat' dir='ltr'><strong>Nam</strong></span> <span class='ocrx_word' id='word_1_11' title='bbox 411 590 464 635; x_wconf 89' lang='lat' dir='ltr'><strong>et</strong></span> <span class='ocrx_word' id='word_1_12' title='bbox 492 590 703 635; x_wconf 89' lang='lat' dir='ltr'><strong>stantes</strong></span> <span class='ocrx_word' id='word_1_13' title='bbox 721 596 963 641; x_wconf 74' lang='lat' dir='ltr'><strong>oramus,</strong></span> <span class='ocrx_word' id='word_1_14' title='bbox 994 580 1129 634; x_wconf 85' lang='lat' dir='ltr'><strong>sicut</strong></span> <span class='ocrx_word' id='word_1_15' title='bbox 1148 578 1398 647; x_wconf 91' lang='lat' dir='ltr'><strong>scriptum</strong></span> <span class='ocrx_word' id='word_1_16' title='bbox 1420 585 1521 640; x_wconf 89' lang='lat' dir='ltr'><strong>est,</strong></span> <span class='ocrx_word' id='word_1_17' title='bbox 1548 572 1857 628; x_wconf 80' lang='lat' dir='ltr'><strong>Publicanus</strong></span> 
     </span>
    </p>
   </div>
   <div class='ocr_carea' id='block_1_4' title="bbox 261 663 1859 742">
    <p class='ocr_par' dir='ltr' id='par_1_4' title="bbox 261 663 1859 742">
     <span class='ocr_line' id='line_1_4' title="bbox 261 663 1859 742; baseline -0.008 -14"><span class='ocrx_word' id='word_1_18' title='bbox 261 683 422 727; x_wconf 70' lang='lat' dir='ltr'><strong>autem</strong></span> <span class='ocrx_word' id='word_1_19' title='bbox 449 671 514 726; x_wconf 76' lang='lat' dir='ltr'><strong>de</strong></span> <span class='ocrx_word' id='word_1_20' title='bbox 548 672 835 742; x_wconf 76' lang='lat' dir='ltr'><strong>(engiitquo</strong></span> <span class='ocrx_word' id='word_1_21' title='bbox 882 670 1044 724; x_wconf 80' lang='lat' dir='ltr'><strong>stabat</strong></span> <span class='ocrx_word' id='word_1_22' title='bbox 1087 668 1238 735; x_wconf 83' lang='lat' dir='ltr'><strong>(Luc.</strong></span> <span class='ocrx_word' id='word_1_23' title='bbox 1284 683 1445 731; x_wconf 86' lang='lat' dir='ltr'><strong>xvm,</strong></span> <span class='ocrx_word' id='word_1_24' title='bbox 1479 665 1605 735; x_wconf 71' lang='lat'><strong>15);</strong></span> <span class='ocrx_word' id='word_1_25' title='bbox 1652 672 1707 719; x_wconf 88' lang='lat' dir='ltr'><strong>et</strong></span> <span class='ocrx_word' id='word_1_26' title='bbox 1741 663 1859 716; x_wconf 85' lang='lat' dir='ltr'><strong>ﬁxis</strong></span> 
     </span>
    </p>
   </div>
   <div class='ocr_carea' id='block_1_5' title="bbox 262 757 1855 838">
    <p class='ocr_par' dir='ltr' id='par_1_5' title="bbox 262 757 1855 838">
     <span class='ocr_line' id='line_1_5' title="bbox 262 757 1855 838; baseline -0.009 -16"><span class='ocrx_word' id='word_1_27' title='bbox 262 766 505 838; x_wconf 71' lang='lat' dir='ltr'><strong>genibus.</strong></span> <span class='ocrx_word' id='word_1_28' title='bbox 532 764 679 820; x_wconf 75' lang='lat' dir='ltr'><strong>sicut</strong></span> <span class='ocrx_word' id='word_1_29' title='bbox 727 765 787 819; x_wconf 81' lang='lat' dir='ltr'><strong>in</strong></span> <span class='ocrx_word' id='word_1_30' title='bbox 816 761 1437 832; x_wconf 79' lang='lat' dir='ltr'><strong>Actibus-Apostolorum</strong></span> <span class='ocrx_word' id='word_1_31' title='bbox 1463 759 1688 828; x_wconf 77' lang='lat' dir='ltr'><strong>legimus</strong></span> <span class='ocrx_word' id='word_1_32' title='bbox 1717 757 1855 829; x_wconf 81' lang='lat' dir='ltr'><strong>(Act.</strong></span> 
     </span>
    </p>
   </div>
   <div class='ocr_carea' id='block_1_6' title="bbox 266 850 1858 926">
    <p class='ocr_par' dir='ltr' id='par_1_6' title="bbox 266 850 1858 926">
     <span class='ocr_line' id='line_1_6' title="bbox 266 850 1858 926; baseline -0.005 -13"><span class='ocrx_word' id='word_1_33' title='bbox 266 876 357 923; x_wconf 84' lang='lat' dir='ltr'><strong>vn,</strong></span> <span class='ocrx_word' id='word_1_34' title='bbox 389 858 484 923; x_wconf 85' lang='lat'><strong>59,</strong></span> <span class='ocrx_word' id='word_1_35' title='bbox 520 866 569 911; x_wconf 70' lang='grc' dir='ltr'><strong>οι</strong></span> <span class='ocrx_word' id='word_1_36' title='bbox 599 873 693 921; x_wconf 88' lang='lat' dir='ltr'><strong>xx,</strong></span> <span class='ocrx_word' id='word_1_37' title='bbox 724 856 849 926; x_wconf 77' lang='lat'><strong>36);</strong></span> <span class='ocrx_word' id='word_1_38' title='bbox 878 865 933 910; x_wconf 88' lang='lat' dir='ltr'><strong>et</strong></span> <span class='ocrx_word' id='word_1_39' title='bbox 956 854 1221 918; x_wconf 87' lang='lat' dir='ltr'><strong>sedentes,</strong></span> <span class='ocrx_word' id='word_1_40' title='bbox 1255 853 1390 908; x_wconf 85' lang='lat' dir='ltr'><strong>sicut</strong></span> <span class='ocrx_word' id='word_1_41' title='bbox 1419 867 1546 908; x_wconf 89' lang='lat' dir='ltr'><strong>ecce</strong></span> <span class='ocrx_word' id='word_1_42' title='bbox 1573 850 1759 917; x_wconf 90' lang='lat' dir='ltr'><strong>David,</strong></span> <span class='ocrx_word' id='word_1_43' title='bbox 1802 857 1858 905; x_wconf 86' lang='lat' dir='ltr'><strong>et</strong></span> 
     </span>
    </p>
   </div>
   <div class='ocr_carea' id='block_1_7' title="bbox 265 933 1893 1014">
    <p class='ocr_par' dir='ltr' id='par_1_7' title="bbox 265 933 1893 1014">
     <span class='ocr_line' id='line_1_7' title="bbox 265 933 1893 1014; baseline -0.005 -9"><span class='ocrx_word' id='word_1_44' title='bbox 477 947 592 1002; x_wconf 80' lang='lat' dir='ltr'><strong>Nisi</strong></span> <span class='ocrx_word' id='word_1_45' title='bbox 651 956 835 1001; x_wconf 87' lang='lat' dir='ltr'><strong>autem</strong></span> <span class='ocrx_word' id='word_1_46' title='bbox 892 946 1053 1001; x_wconf 88' lang='lat' dir='ltr'><strong>etiam</strong></span> <span class='ocrx_word' id='word_1_47' title='bbox 1097 945 1336 1014; x_wconf 85' lang='lat' dir='ltr'><strong>jacentcs</strong></span> <span class='ocrx_word' id='word_1_48' title='bbox 1384 958 1699 1005; x_wconf 81' lang='lat' dir='ltr'><strong>oraremus,</strong></span> <span class='ocrx_word' id='word_1_49' title='bbox 1752 933 1893 997; x_wconf 41' lang='lat' dir='ltr'><strong>non.</strong></span> 
     </span>
    </p>
   </div>
   <div class='ocr_carea' id='block_1_8' title="bbox 264 1035 1859 1110">
    <p class='ocr_par' dir='ltr' id='par_1_8' title="bbox 264 1035 1859 1110">
     <span class='ocr_line' id='line_1_8' title="bbox 264 1035 1859 1110; baseline -0.006 -14"><span class='ocrx_word' id='word_1_50' title='bbox 264 1043 523 1110; x_wconf 80' lang='lat' dir='ltr'><strong>scriptum</strong></span> <span class='ocrx_word' id='word_1_51' title='bbox 551 1048 705 1095; x_wconf 80' lang='lat' dir='ltr'><strong>esset</strong></span> <span class='ocrx_word' id='word_1_52' title='bbox 733 1039 787 1093; x_wconf 89' lang='lat' dir='ltr'><strong>in</strong></span> <span class='ocrx_word' id='word_1_53' title='bbox 814 1038 1061 1093; x_wconf 84' lang='lat' dir='ltr'><strong>Psalmis.</strong></span> <span class='ocrx_word' id='word_1_54' title='bbox 1095 1036 1300 1091; x_wconf 81' lang='lat' dir='ltr'><strong>Lnoabo</strong></span> <span class='ocrx_word' id='word_1_55' title='bbox 1327 1052 1416 1105; x_wconf 85' lang='lat' dir='ltr'><strong>per</strong></span> <span class='ocrx_word' id='word_1_56' title='bbox 1442 1035 1668 1105; x_wconf 82' lang='lat' dir='ltr'><strong>singulas</strong></span> <span class='ocrx_word' id='word_1_57' title='bbox 1693 1043 1859 1088; x_wconf 86' lang='lat' dir='ltr'><strong>noctes</strong></span> 
     </span>
    </p>
   </div>
   <div class='ocr_carea' id='block_1_9' title="bbox 264 1125 1881 1199">
    <p class='ocr_par' dir='ltr' id='par_1_9' title="bbox 264 1125 1881 1199">
     <span class='ocr_line' id='line_1_9' title="bbox 264 1125 1881 1199; baseline -0.004 -14"><span class='ocrx_word' id='word_1_58' title='bbox 264 1133 465 1185; x_wconf 65' lang='lat' dir='ltr'><strong>lectum</strong></span> <span class='ocrx_word' id='word_1_59' title='bbox 487 1147 697 1196; x_wconf 80' lang='lat' dir='ltr'><strong>meum;</strong></span> <span class='ocrx_word' id='word_1_60' title='bbox 737 1131 790 1184; x_wconf 87' lang='lat' dir='ltr'><strong>in</strong></span> <span class='ocrx_word' id='word_1_61' title='bbox 816 1128 1055 1199; x_wconf 81' lang='lat' dir='ltr'><strong>lacrymis</strong></span> <span class='ocrx_word' id='word_1_62' title='bbox 1085 1128 1208 1182; x_wconf 84' lang='lat' dir='ltr'><strong>meis</strong></span> <span class='ocrx_word' id='word_1_63' title='bbox 1234 1136 1449 1181; x_wconf 76' lang='lat' dir='ltr'><strong>stratum</strong></span> <span class='ocrx_word' id='word_1_64' title='bbox 1478 1141 1644 1179; x_wconf 79' lang='lat' dir='ltr'><strong>meum</strong></span> <span class='ocrx_word' id='word_1_65' title='bbox 1685 1125 1881 1195; x_wconf 65' lang='lat' dir='ltr'><strong>rigaba—</strong></span> 
     </span>
    </p>
   </div>
   <div class='ocr_carea' id='block_1_10' title="bbox 264 1216 1881 1290">
    <p class='ocr_par' dir='ltr' id='par_1_10' title="bbox 264 1216 1881 1290">
     <span class='ocr_line' id='line_1_10' title="bbox 264 1216 1881 1290; baseline -0.001 -15"><span class='ocrx_word' id='word_1_66' title='bbox 264 1221 439 1290; x_wconf 81' lang='lat' dir='ltr'><strong>(Psal.</strong></span> <span class='ocrx_word' id='word_1_67' title='bbox 490 1238 566 1286; x_wconf 85' lang='lat' dir='ltr'><strong>vt,</strong></span> <span class='ocrx_word' id='word_1_68' title='bbox 597 1222 675 1290; x_wconf 83' lang='lat'><strong>7).</strong></span> <span class='ocrx_word' id='word_1_69' title='bbox 715 1220 852 1275; x_wconf 89' lang='lat' dir='ltr'><strong>Cum</strong></span> <span class='ocrx_word' id='word_1_70' title='bbox 883 1220 1023 1274; x_wconf 89' lang='lat' dir='ltr'><strong>enim</strong></span> <span class='ocrx_word' id='word_1_71' title='bbox 1059 1218 1282 1288; x_wconf 85' lang='lat' dir='ltr'><strong>quisque</strong></span> <span class='ocrx_word' id='word_1_72' title='bbox 1318 1217 1612 1271; x_wconf 89' lang='lat' dir='ltr'><strong>orationem</strong></span> <span class='ocrx_word' id='word_1_73' title='bbox 1645 1216 1881 1286; x_wconf 49' lang='lat' dir='ltr'><strong>qumrit,</strong></span> 
     </span>
    </p>
   </div>
   <div class='ocr_carea' id='block_1_11' title="bbox 263 1305 1889 1375">
    <p class='ocr_par' dir='ltr' id='par_1_11' title="bbox 263 1305 1889 1375">
     <span class='ocr_line' id='line_1_11' title="bbox 263 1305 1889 1375; baseline -0.004 -7"><span class='ocrx_word' id='word_1_74' title='bbox 263 1313 493 1368; x_wconf 77' lang='lat' dir='ltr'><strong>collocat</strong></span> <span class='ocrx_word' id='word_1_75' title='bbox 522 1310 784 1374; x_wconf 86' lang='lat' dir='ltr'><strong>membra,</strong></span> <span class='ocrx_word' id='word_1_76' title='bbox 813 1311 951 1365; x_wconf 89' lang='lat' dir='ltr'><strong>sicut</strong></span> <span class='ocrx_word' id='word_1_77' title='bbox 970 1309 1018 1363; x_wconf 91' lang='lat' dir='ltr'><strong>ei</strong></span> <span class='ocrx_word' id='word_1_78' title='bbox 1040 1308 1333 1363; x_wconf 88' lang='lat' dir='ltr'><strong>occurrerit</strong></span> <span class='ocrx_word' id='word_1_79' title='bbox 1350 1305 1743 1362; x_wconf 87' lang='lat' dir='ltr'><strong>accommodata</strong></span> <span class='ocrx_word' id='word_1_80' title='bbox 1763 1320 1889 1375; x_wconf 53' lang='lat' dir='ltr'><strong>pro»</strong></span> 
     </span>
    </p>
   </div>
   <div class='ocr_carea' id='block_1_12' title="bbox 266 1400 1857 1474">
    <p class='ocr_par' dir='ltr' id='par_1_12' title="bbox 266 1400 1857 1474">
     <span class='ocr_line' id='line_1_12' title="bbox 266 1400 1857 1474; baseline -0.004 -14"><span class='ocrx_word' id='word_1_81' title='bbox 266 1414 519 1473; x_wconf 85' lang='lat' dir='ltr'><strong>tempore</strong></span> <span class='ocrx_word' id='word_1_82' title='bbox 583 1403 782 1474; x_wconf 87' lang='lat' dir='ltr'><strong>positio</strong></span> <span class='ocrx_word' id='word_1_83' title='bbox 839 1401 1111 1471; x_wconf 67' lang='lat' dir='ltr'><strong>corporis‘</strong></span> <span class='ocrx_word' id='word_1_84' title='bbox 1142 1400 1207 1455; x_wconf 92' lang='lat' dir='ltr'><strong>ad</strong></span> <span class='ocrx_word' id='word_1_85' title='bbox 1238 1400 1555 1455; x_wconf 87' lang='lat' dir='ltr'><strong>movendum</strong></span> <span class='ocrx_word' id='word_1_86' title='bbox 1600 1400 1857 1454; x_wconf 88' lang='lat' dir='ltr'><strong>animum.</strong></span> 
     </span>
    </p>
   </div>
   <div class='ocr_carea' id='block_1_13' title="bbox 264 1490 1859 1563">
    <p class='ocr_par' dir='ltr' id='par_1_13' title="bbox 264 1490 1859 1563">
     <span class='ocr_line' id='line_1_13' title="bbox 264 1490 1859 1563; baseline -0.003 -15"><span class='ocrx_word' id='word_1_87' title='bbox 264 1494 394 1548; x_wconf 85' lang='lat' dir='ltr'><strong>Cum</strong></span> <span class='ocrx_word' id='word_1_88' title='bbox 438 1502 622 1549; x_wconf 84' lang='lat' dir='ltr'><strong>autem</strong></span> <span class='ocrx_word' id='word_1_89' title='bbox 680 1509 786 1547; x_wconf 90' lang='lat' dir='ltr'><strong>non</strong></span> <span class='ocrx_word' id='word_1_90' title='bbox 841 1493 1133 1563; x_wconf 73' lang='lat' dir='ltr'><strong>qumritur,</strong></span> <span class='ocrx_word' id='word_1_91' title='bbox 1176 1490 1269 1543; x_wconf 89' lang='lat' dir='ltr'><strong>sed</strong></span> <span class='ocrx_word' id='word_1_92' title='bbox 1325 1490 1547 1544; x_wconf 89' lang='lat' dir='ltr'><strong>infertur</strong></span> <span class='ocrx_word' id='word_1_93' title='bbox 1595 1490 1859 1558; x_wconf 75' lang='lat' dir='ltr'><strong>appetitus</strong></span> 
     </span>
    </p>
   </div>
   <div class='ocr_carea' id='block_1_14' title="bbox 267 1579 1861 1652">
    <p class='ocr_par' dir='ltr' id='par_1_14' title="bbox 267 1579 1861 1652">
     <span class='ocr_line' id='line_1_14' title="bbox 267 1579 1861 1652; baseline -0.002 -15"><span class='ocrx_word' id='word_1_94' title='bbox 267 1583 472 1645; x_wconf 81' lang='lat' dir='ltr'><strong>orandi.</strong></span> <span class='ocrx_word' id='word_1_95' title='bbox 499 1584 604 1640; x_wconf 91' lang='lat' dir='ltr'><strong>ltoc</strong></span> <span class='ocrx_word' id='word_1_96' title='bbox 627 1594 732 1648; x_wconf 88' lang='lat' dir='ltr'><strong>est,</strong></span> <span class='ocrx_word' id='word_1_97' title='bbox 749 1599 871 1638; x_wconf 92' lang='lat' dir='ltr'><strong>cum</strong></span> <span class='ocrx_word' id='word_1_98' title='bbox 900 1581 1094 1652; x_wconf 90' lang='lat' dir='ltr'><strong>aliquid</strong></span> <span class='ocrx_word' id='word_1_99' title='bbox 1113 1588 1331 1650; x_wconf 79' lang='lat' dir='ltr'><strong>repente</strong></span> <span class='ocrx_word' id='word_1_100' title='bbox 1358 1581 1503 1635; x_wconf 90' lang='lat' dir='ltr'><strong>venit</strong></span> <span class='ocrx_word' id='word_1_101' title='bbox 1531 1579 1582 1633; x_wconf 73' lang='lat' dir='ltr'><strong>in</strong></span> <span class='ocrx_word' id='word_1_102' title='bbox 1603 1590 1861 1647; x_wconf 88' lang='lat' dir='ltr'><strong>mentem,</strong></span> 
     </span>
    </p>
   </div>
   <div class='ocr_carea' id='block_1_15' title="bbox 275 1670 1859 1744">
    <p class='ocr_par' dir='ltr' id='par_1_15' title="bbox 275 1670 1859 1744">
     <span class='ocr_line' id='line_1_15' title="bbox 275 1670 1859 1744; baseline -0.003 -17"><span class='ocrx_word' id='word_1_103' title='bbox 275 1690 370 1744; x_wconf 77' lang='lat' dir='ltr'><strong>quo</strong></span> <span class='ocrx_word' id='word_1_104' title='bbox 390 1674 727 1744; x_wconf 83' lang='lat' dir='ltr'><strong>supplicandi</strong></span> <span class='ocrx_word' id='word_1_105' title='bbox 748 1671 1259 1728; x_wconf 78' lang='lat' dir='ltr'><strong>moveaturaﬁ‘cctus</strong></span> <span class='ocrx_word' id='word_1_106' title='bbox 1283 1670 1569 1741; x_wconf 88' lang='lat' dir='ltr'><strong>gemitibus</strong></span> <span class='ocrx_word' id='word_1_107' title='bbox 1586 1670 1859 1724; x_wconf 77' lang='lat' dir='ltr'><strong>inenarra-</strong></span> 
     </span>
    </p>
   </div>
   <div class='ocr_carea' id='block_1_16' title="bbox 269 1763 1871 1837">
    <p class='ocr_par' dir='ltr' id='par_1_16' title="bbox 269 1763 1871 1837">
     <span class='ocr_line' id='line_1_16' title="bbox 269 1763 1871 1837; baseline -0.001 -18"><span class='ocrx_word' id='word_1_108' title='bbox 269 1765 480 1830; x_wconf 84' lang='lat' dir='ltr'><strong>bilibus,</strong></span> <span class='ocrx_word' id='word_1_109' title='bbox 509 1781 851 1837; x_wconf 87' lang='lat' dir='ltr'><strong>quocumque</strong></span> <span class='ocrx_word' id='word_1_110' title='bbox 871 1773 1027 1821; x_wconf 81' lang='lat' dir='ltr'><strong>modo</strong></span> <span class='ocrx_word' id='word_1_111' title='bbox 1050 1764 1310 1819; x_wconf 81' lang='lat' dir='ltr'><strong>invenerit</strong></span> <span class='ocrx_word' id='word_1_112' title='bbox 1332 1763 1622 1831; x_wconf 82' lang='lat' dir='ltr'><strong>hominem,</strong></span> <span class='ocrx_word' id='word_1_113' title='bbox 1640 1778 1749 1819; x_wconf 87' lang='lat' dir='ltr'><strong>non</strong></span> <span class='ocrx_word' id='word_1_114' title='bbox 1775 1772 1871 1818; x_wconf 77' lang='lat' dir='ltr'><strong>est</strong></span> 
     </span>
    </p>
   </div>
   <div class='ocr_carea' id='block_1_17' title="bbox 266 1855 1858 1927">
    <p class='ocr_par' dir='ltr' id='par_1_17' title="bbox 266 1855 1858 1927">
     <span class='ocr_line' id='line_1_17' title="bbox 266 1855 1858 1927; baseline -0.001 -17"><span class='ocrx_word' id='word_1_115' title='bbox 266 1860 446 1926; x_wconf 87' lang='lat' dir='ltr'><strong>utique</strong></span> <span class='ocrx_word' id='word_1_116' title='bbox 471 1857 767 1912; x_wconf 77' lang='lat' dir='ltr'><strong>diﬂcrcnda</strong></span> <span class='ocrx_word' id='word_1_117' title='bbox 814 1858 1006 1922; x_wconf 87' lang='lat' dir='ltr'><strong>oratio,</strong></span> <span class='ocrx_word' id='word_1_118' title='bbox 1049 1865 1107 1910; x_wconf 92' lang='lat' dir='ltr'><strong>ut</strong></span> <span class='ocrx_word' id='word_1_119' title='bbox 1142 1870 1441 1927; x_wconf 68' lang='lat' dir='ltr'><strong>qttmramus</strong></span> <span class='ocrx_word' id='word_1_120' title='bbox 1482 1870 1588 1926; x_wconf 89' lang='lat' dir='ltr'><strong>quo</strong></span> <span class='ocrx_word' id='word_1_121' title='bbox 1642 1855 1858 1910; x_wconf 75' lang='lat' dir='ltr'><strong>seceda-</strong></span> 
     </span>
    </p>
   </div>
   <div class='ocr_carea' id='block_1_18' title="bbox 266 1946 1858 2017">
    <p class='ocr_par' dir='ltr' id='par_1_18' title="bbox 266 1946 1858 2017">
     <span class='ocr_line' id='line_1_18' title="bbox 266 1946 1858 2017; baseline 0.001 -15"><span class='ocrx_word' id='word_1_122' title='bbox 266 1964 384 2003; x_wconf 87' lang='lat' dir='ltr'><strong>mus</strong></span> <span class='ocrx_word' id='word_1_123' title='bbox 401 1948 446 2014; x_wconf 79' lang='lat'><strong>’,</strong></span> <span class='ocrx_word' id='word_1_124' title='bbox 480 1960 575 2003; x_wconf 86' lang='lat' dir='ltr'><strong>aut</strong></span> <span class='ocrx_word' id='word_1_125' title='bbox 606 1950 695 2003; x_wconf 80' lang='lat' dir='ltr'><strong>ubi</strong></span> <span class='ocrx_word' id='word_1_126' title='bbox 725 1958 952 2015; x_wconf 90' lang='lat' dir='ltr'><strong>stemus,</strong></span> <span class='ocrx_word' id='word_1_127' title='bbox 972 1957 1080 2005; x_wconf 89' lang='lat' dir='ltr'><strong>.attt</strong></span> <span class='ocrx_word' id='word_1_128' title='bbox 1108 1947 1193 2002; x_wconf 92' lang='lat' dir='ltr'><strong>ubi</strong></span> <span class='ocrx_word' id='word_1_129' title='bbox 1229 1956 1646 2017; x_wconf 82' lang='lat' dir='ltr'><strong>prosternamur.</strong></span> <span class='ocrx_word' id='word_1_130' title='bbox 1680 1946 1858 2017; x_wconf 85' lang='lat' dir='ltr'><strong>Gignit</strong></span> 
     </span>
    </p>
   </div>
   <div class='ocr_carea' id='block_1_19' title="bbox 263 2038 1855 2107">
    <p class='ocr_par' dir='ltr' id='par_1_19' title="bbox 263 2038 1855 2107">
     <span class='ocr_line' id='line_1_19' title="bbox 263 2038 1855 2107; baseline -0.001 -13"><span class='ocrx_word' id='word_1_131' title='bbox 263 2040 412 2094; x_wconf 87' lang='lat' dir='ltr'><strong>enim</strong></span> <span class='ocrx_word' id='word_1_132' title='bbox 439 2039 539 2093; x_wconf 86' lang='lat' dir='ltr'><strong>sibi</strong></span> <span class='ocrx_word' id='word_1_133' title='bbox 567 2040 758 2094; x_wconf 87' lang='lat' dir='ltr'><strong>mentis</strong></span> <span class='ocrx_word' id='word_1_134' title='bbox 788 2039 1015 2094; x_wconf 86' lang='lat' dir='ltr'><strong>intentio</strong></span> <span class='ocrx_word' id='word_1_135' title='bbox 1042 2038 1400 2102; x_wconf 85' lang='lat' dir='ltr'><strong>solitudinem,</strong></span> <span class='ocrx_word' id='word_1_136' title='bbox 1439 2046 1493 2091; x_wconf 92' lang='lat' dir='ltr'><strong>et</strong></span> <span class='ocrx_word' id='word_1_137' title='bbox 1522 2052 1664 2107; x_wconf 68' lang='lat' dir='ltr'><strong>satpe</strong></span> <span class='ocrx_word' id='word_1_138' title='bbox 1697 2038 1855 2092; x_wconf 89' lang='lat' dir='ltr'><strong>etiam</strong></span> 
     </span>
    </p>
   </div>
   <div class='ocr_carea' id='block_1_20' title="bbox 262 2128 1858 2199">
    <p class='ocr_par' dir='ltr' id='par_1_20' title="bbox 262 2128 1858 2199">
     <span class='ocr_line' id='line_1_20' title="bbox 262 2128 1858 2199; baseline -0.001 -16"><span class='ocrx_word' id='word_1_139' title='bbox 262 2129 636 2184; x_wconf 75' lang='lat' dir='ltr'><strong>obliviscitur&#39;</strong></span> <span class='ocrx_word' id='word_1_140' title='bbox 657 2130 739 2184; x_wconf 87' lang='lat' dir='ltr'><strong>vel</strong></span> <span class='ocrx_word' id='word_1_141' title='bbox 760 2130 827 2185; x_wconf 89' lang='lat' dir='ltr'><strong>ad</strong></span> <span class='ocrx_word' id='word_1_142' title='bbox 859 2143 1018 2199; x_wconf 88' lang='lat' dir='ltr'><strong>quam</strong></span> <span class='ocrx_word' id='word_1_143' title='bbox 1043 2129 1161 2184; x_wconf 54' lang='grc' dir='ltr'><strong>ςαξιὶ</strong></span> <span class='ocrx_word' id='word_1_144' title='bbox 1191 2138 1415 2197; x_wconf 86' lang='lat' dir='ltr'><strong>partem,</strong></span> <span class='ocrx_word' id='word_1_145' title='bbox 1441 2128 1525 2182; x_wconf 89' lang='lat' dir='ltr'><strong>vel</strong></span> <span class='ocrx_word' id='word_1_146' title='bbox 1556 2128 1607 2182; x_wconf 91' lang='lat' dir='ltr'><strong>in</strong></span> <span class='ocrx_word' id='word_1_147' title='bbox 1635 2143 1737 2197; x_wconf 88' lang='lat' dir='ltr'><strong>qua</strong></span> <span class='ocrx_word' id='word_1_148' title='bbox 1764 2143 1858 2199; x_wconf 85' lang='lat' dir='ltr'><strong>po-</strong></span> 
     </span>
    </p>
   </div>
   <div class='ocr_carea' id='block_1_21' title="bbox 264 2217 1679 2290">
    <p class='ocr_par' dir='ltr' id='par_1_21' title="bbox 264 2217 1679 2290">
     <span class='ocr_line' id='line_1_21' title="bbox 264 2217 1679 2290; baseline -0.003 -15"><span class='ocrx_word' id='word_1_149' title='bbox 264 2221 470 2276; x_wconf 81' lang='lat' dir='ltr'><strong>sitione</strong></span> <span class='ocrx_word' id='word_1_150' title='bbox 494 2221 727 2290; x_wconf 85' lang='lat' dir='ltr'><strong>corporis</strong></span> <span class='ocrx_word' id='word_1_151' title='bbox 758 2221 997 2276; x_wconf 87' lang='lat' dir='ltr'><strong>membra</strong></span> <span class='ocrx_word' id='word_1_152' title='bbox 1020 2220 1142 2274; x_wconf 92' lang='lat' dir='ltr'><strong>illud</strong></span> <span class='ocrx_word' id='word_1_153' title='bbox 1165 2230 1372 2289; x_wconf 64' lang='lat' dir='ltr'><strong>tempus</strong></span> <span class='ocrx_word' id='word_1_154' title='bbox 1398 2217 1679 2273; x_wconf 87' lang='lat' dir='ltr'><strong>invenerit.</strong></span> 
     </span>
    </p>
   </div>
   <div class='ocr_carea' id='block_1_22' title="bbox 264 2309 1859 2382">
    <p class='ocr_par' dir='ltr' id='par_1_22' title="bbox 264 2309 1859 2382">
     <span class='ocr_line' id='line_1_22' title="bbox 264 2309 1859 2382; baseline -0.001 -16"><span class='ocrx_word' id='word_1_155' title='bbox 264 2309 487 2378; x_wconf 57' lang='lat' dir='ltr'><strong>Q0351.</strong></span> <span class='ocrx_word' id='word_1_156' title='bbox 521 2310 658 2366; x_wconf 76' lang='grc' dir='ltr'><strong>ν.-</strong></span> <span class='ocrx_word' id='word_1_157' title='bbox 678 2309 704 2365; x_wconf 80' lang='grc'><strong><em>1</em></strong></span> <span class='ocrx_word' id='word_1_158' title='bbox 712 2328 747 2366; x_wconf 83' lang='lat' dir='ltr'><strong>tt</strong></span> <span class='ocrx_word' id='word_1_159' title='bbox 776 2312 927 2367; x_wconf 79' lang='lat' dir='ltr'><strong>verba</strong></span> <span class='ocrx_word' id='word_1_160' title='bbox 959 2311 1093 2366; x_wconf 67' lang='lat' dir='ltr'><strong>Elia:</strong></span> <span class='ocrx_word' id='word_1_161' title='bbox 1123 2312 1372 2382; x_wconf 80' lang='lat' dir='ltr'><strong>querentis</strong></span> <span class='ocrx_word' id='word_1_162' title='bbox 1391 2309 1500 2365; x_wconf 81' lang='lat' dir='ltr'><strong>Deo</strong></span> <span class='ocrx_word' id='word_1_163' title='bbox 1515 2310 1578 2363; x_wconf 84' lang='lat' dir='ltr'><strong>de</strong></span> <span class='ocrx_word' id='word_1_164' title='bbox 1592 2318 1749 2364; x_wconf 86' lang='lat' dir='ltr'><strong>marte</strong></span> <span class='ocrx_word' id='word_1_165' title='bbox 1760 2310 1859 2379; x_wconf 75' lang='lat' dir='ltr'><strong>filii</strong></span> 
     </span>
    </p>
   </div>
   <div class='ocr_carea' id='block_1_23' title="bbox 984 2401 1169 2455">
    <p class='ocr_par' dir='ltr' id='par_1_23' title="bbox 984 2401 1169 2455">
     <span class='ocr_line' id='line_1_23' title="bbox 984 2401 1169 2455; baseline -0.005 0"><span class='ocrx_word' id='word_1_166' title='bbox 984 2401 1169 2455; x_wconf 67' lang='lat' dir='ltr'><strong>vidum.</strong></span> 
     </span>
    </p>
   </div>
   <div class='ocr_carea' id='block_1_24' title="bbox 340 2490 1852 2563">
    <p class='ocr_par' dir='ltr' id='par_1_24' title="bbox 340 2490 1852 2563">
     <span class='ocr_line' id='line_1_24' title="bbox 340 2490 1852 2563; baseline 0.002 -18"><span class='ocrx_word' id='word_1_167' title='bbox 340 2492 397 2545; x_wconf 91' lang='lat' dir='ltr'><strong>lu</strong></span> <span class='ocrx_word' id='word_1_168' title='bbox 421 2491 601 2546; x_wconf 80' lang='lat' dir='ltr'><strong>verbis</strong></span> <span class='ocrx_word' id='word_1_169' title='bbox 620 2499 799 2559; x_wconf 82' lang='lat' dir='ltr'><strong>autem</strong></span> <span class='ocrx_word' id='word_1_170' title='bbox 830 2490 971 2546; x_wconf 84' lang='lat' dir='ltr'><strong>beati</strong></span> <span class='ocrx_word' id='word_1_171' title='bbox 999 2491 1149 2559; x_wconf 77' lang='lat' dir='ltr'><strong>Elim,</strong></span> <span class='ocrx_word' id='word_1_172' title='bbox 1190 2492 1380 2563; x_wconf 86' lang='lat' dir='ltr'><strong>quibus</strong></span> <span class='ocrx_word' id='word_1_173' title='bbox 1408 2493 1503 2559; x_wconf 88' lang='lat' dir='ltr'><strong>ait,</strong></span> <span class='ocrx_word' id='word_1_174' title='bbox 1535 2493 1581 2548; x_wconf 89' lang='lat'><em>0</em></span> <span class='ocrx_word' id='word_1_175' title='bbox 1619 2492 1852 2559; x_wconf 83' lang='lat' dir='ltr'><strong>Domine,</strong></span> 
     </span>
    </p>
   </div>
   <div class='ocr_carea' id='block_1_25' title="bbox 272 2583 1853 2658">
    <p class='ocr_par' dir='ltr' id='par_1_25' title="bbox 272 2583 1853 2658">
     <span class='ocr_line' id='line_1_25' title="bbox 272 2583 1853 2658; baseline 0.003 -23"><span class='ocrx_word' id='word_1_176' title='bbox 272 2585 408 2636; x_wconf 74' lang='lat' dir='ltr'><strong>testis</strong></span> <span class='ocrx_word' id='word_1_177' title='bbox 448 2584 607 2652; x_wconf 79' lang='lat' dir='ltr'><strong>hujus</strong></span> <span class='ocrx_word' id='word_1_178' title='bbox 645 2583 982 2650; x_wconf 46' lang='lat' dir='ltr'><strong>viduatum</strong></span> <span class='ocrx_word' id='word_1_179' title='bbox 1018 2600 1118 2652; x_wconf 85' lang='lat' dir='ltr'><strong>qua</strong></span> <span class='ocrx_word' id='word_1_180' title='bbox 1143 2601 1233 2655; x_wconf 86' lang='lat' dir='ltr'><strong>ego</strong></span> <span class='ocrx_word' id='word_1_181' title='bbox 1257 2584 1480 2639; x_wconf 84' lang='lat' dir='ltr'><strong>iultabito</strong></span> <span class='ocrx_word' id='word_1_182' title='bbox 1506 2588 1645 2655; x_wconf 84' lang='lat' dir='ltr'><strong>apud</strong></span> <span class='ocrx_word' id='word_1_183' title='bbox 1667 2588 1853 2658; x_wconf 81' lang='lat' dir='ltr'><strong>ipsam,</strong></span> 
     </span>
    </p>
   </div>
   <div class='ocr_carea' id='block_1_26' title="bbox 270 2673 1852 2745">
    <p class='ocr_par' dir='ltr' id='par_1_26' title="bbox 270 2673 1852 2745">
     <span class='ocr_line' id='line_1_26' title="bbox 270 2673 1852 2745; baseline 0.004 -21"><span class='ocrx_word' id='word_1_184' title='bbox 270 2683 322 2725; x_wconf 81' lang='grc' dir='ltr'><strong>ιι</strong></span> <span class='ocrx_word' id='word_1_185' title='bbox 351 2675 481 2727; x_wconf 83' lang='lat' dir='ltr'><strong>male</strong></span> <span class='ocrx_word' id='word_1_186' title='bbox 505 2673 671 2745; x_wconf 76' lang='lat' dir='ltr'><strong>fecisti</strong></span> <span class='ocrx_word' id='word_1_187' title='bbox 703 2684 756 2727; x_wconf 87' lang='lat' dir='ltr'><strong>ut</strong></span> <span class='ocrx_word' id='word_1_188' title='bbox 782 2673 1033 2728; x_wconf 82' lang='lat' dir='ltr'><strong>occideres</strong></span> <span class='ocrx_word' id='word_1_189' title='bbox 1067 2673 1227 2742; x_wconf 78' lang='lat' dir='ltr'><strong>[ilium</strong></span> <span class='ocrx_word' id='word_1_190' title='bbox 1250 2675 1554 2745; x_wconf 24' lang='lat' dir='ltr'><strong>ejus;,ttiltil</strong></span> <span class='ocrx_word' id='word_1_191' title='bbox 1595 2685 1852 2742; x_wconf 82' lang='lat' dir='ltr'><strong>moveret,</strong></span> 
     </span>
    </p>
   </div>
   <div class='ocr_carea' id='block_1_27' title="bbox 268 2762 1853 2832">
    <p class='ocr_par' dir='ltr' id='par_1_27' title="bbox 268 2762 1853 2832">
     <span class='ocr_line' id='line_1_27' title="bbox 268 2762 1853 2832; baseline 0.003 -16"><span class='ocrx_word' id='word_1_192' title='bbox 268 2762 315 2816; x_wconf 91' lang='lat' dir='ltr'><strong>si</strong></span> <span class='ocrx_word' id='word_1_193' title='bbox 358 2778 483 2816; x_wconf 88' lang='lat' dir='ltr'><strong>vera</strong></span> <span class='ocrx_word' id='word_1_194' title='bbox 513 2763 881 2832; x_wconf 85' lang='lat' dir='ltr'><strong>pronuntiatio</strong></span> <span class='ocrx_word' id='word_1_195' title='bbox 909 2773 1232 2819; x_wconf 86' lang='lat' dir='ltr'><strong>servaretur.</strong></span> <span class='ocrx_word' id='word_1_196' title='bbox 1280 2764 1394 2819; x_wconf 81' lang='lat' dir='ltr'><strong>Vox</strong></span> <span class='ocrx_word' id='word_1_197' title='bbox 1425 2776 1507 2820; x_wconf 89' lang='lat' dir='ltr'><strong>est</strong></span> <span class='ocrx_word' id='word_1_198' title='bbox 1555 2768 1695 2820; x_wconf 86' lang='lat' dir='ltr'><strong>enim</strong></span> <span class='ocrx_word' id='word_1_199' title='bbox 1748 2782 1853 2821; x_wconf 88' lang='lat' dir='ltr'><strong>non</strong></span> 
     </span>
    </p>
   </div>
   <div class='ocr_carea' id='block_1_28' title="bbox 269 2853 1859 2925">
    <p class='ocr_par' dir='ltr' id='par_1_28' title="bbox 269 2853 1859 2925">
     <span class='ocr_line' id='line_1_28' title="bbox 269 2853 1859 2925; baseline 0.003 -18"><span class='ocrx_word' id='word_1_200' title='bbox 269 2854 537 2907; x_wconf 85' lang='lat' dir='ltr'><strong>credentis</strong></span> <span class='ocrx_word' id='word_1_201' title='bbox 568 2853 709 2923; x_wconf 86' lang='lat' dir='ltr'><strong>quod</strong></span> <span class='ocrx_word' id='word_1_202' title='bbox 742 2862 849 2908; x_wconf 89' lang='lat' dir='ltr'><strong>tam</strong></span> <span class='ocrx_word' id='word_1_203' title='bbox 879 2854 1019 2910; x_wconf 89' lang='lat' dir='ltr'><strong>male</strong></span> <span class='ocrx_word' id='word_1_204' title='bbox 1044 2854 1245 2909; x_wconf 86' lang='lat' dir='ltr'><strong>faceret</strong></span> <span class='ocrx_word' id='word_1_205' title='bbox 1274 2855 1414 2910; x_wconf 88' lang='lat' dir='ltr'><strong>Deus</strong></span> <span class='ocrx_word' id='word_1_206' title='bbox 1433 2871 1553 2911; x_wconf 88' lang='lat' dir='ltr'><strong>cum</strong></span> <span class='ocrx_word' id='word_1_207' title='bbox 1584 2874 1644 2911; x_wconf 90' lang='lat' dir='ltr'><strong>ea</strong></span> <span class='ocrx_word' id='word_1_208' title='bbox 1676 2858 1859 2925; x_wconf 73' lang='lat' dir='ltr'><strong>vidua,</strong></span> 
     </span>
    </p>
   </div>
   <div class='ocr_carea' id='block_1_29' title="bbox 266 2944 1852 3016">
    <p class='ocr_par' dir='ltr' id='par_1_29' title="bbox 266 2944 1852 3016">
     <span class='ocr_line' id='line_1_29' title="bbox 266 2944 1852 3016; baseline 0.003 -18"><span class='ocrx_word' id='word_1_209' title='bbox 266 2960 379 3012; x_wconf 69' lang='lat' dir='ltr'><strong>qua!</strong></span> <span class='ocrx_word' id='word_1_210' title='bbox 411 2953 521 2998; x_wconf 84' lang='lat' dir='ltr'><strong>tam</strong></span> <span class='ocrx_word' id='word_1_211' title='bbox 576 2946 664 3012; x_wconf 89' lang='lat' dir='ltr'><strong>pie</strong></span> <span class='ocrx_word' id='word_1_212' title='bbox 710 2944 1028 3014; x_wconf 83' lang='lat' dir='ltr'><strong>Pmphetatn</strong></span> <span class='ocrx_word' id='word_1_213' title='bbox 1086 2955 1414 3015; x_wconf 87' lang='lat' dir='ltr'><strong>susceperat,</strong></span> <span class='ocrx_word' id='word_1_214' title='bbox 1463 2961 1528 3000; x_wconf 91' lang='lat' dir='ltr'><strong>co</strong></span> <span class='ocrx_word' id='word_1_215' title='bbox 1557 2948 1852 3016; x_wconf 75' lang='lat' dir='ltr'><strong>pra-sertitn</strong></span> 
     </span>
    </p>
   </div>
   <div class='ocr_carea' id='block_1_30' title="bbox 267 3035 1852 3106">
    <p class='ocr_par' dir='ltr' id='par_1_30' title="bbox 267 3035 1852 3106">
     <span class='ocr_line' id='line_1_30' title="bbox 267 3035 1852 3106; baseline 0.001 -16"><span class='ocrx_word' id='word_1_216' title='bbox 267 3045 509 3106; x_wconf 84' lang='lat' dir='ltr'><strong>tempore</strong></span> <span class='ocrx_word' id='word_1_217' title='bbox 533 3051 641 3105; x_wconf 89' lang='lat' dir='ltr'><strong>quo</strong></span> <span class='ocrx_word' id='word_1_218' title='bbox 671 3035 742 3090; x_wconf 91' lang='lat' dir='ltr'><strong>ibi</strong></span> <span class='ocrx_word' id='word_1_219' title='bbox 764 3045 899 3101; x_wconf 88' lang='lat' dir='ltr'><strong>erat,</strong></span> <span class='ocrx_word' id='word_1_220' title='bbox 921 3037 1006 3091; x_wconf 91' lang='lat' dir='ltr'><strong>cui</strong></span> <span class='ocrx_word' id='word_1_221' title='bbox 1031 3038 1321 3106; x_wconf 88' lang='lat' dir='ltr'><strong>protulerat</strong></span> <span class='ocrx_word' id='word_1_222' title='bbox 1348 3038 1431 3092; x_wconf 90' lang='lat' dir='ltr'><strong>illa</strong></span> <span class='ocrx_word' id='word_1_223' title='bbox 1462 3047 1628 3091; x_wconf 91' lang='lat' dir='ltr'><strong>totum</strong></span> <span class='ocrx_word' id='word_1_224' title='bbox 1657 3038 1852 3093; x_wconf 84' lang='lat' dir='ltr'><strong>victum</strong></span> 
     </span>
    </p>
   </div>
   <div class='ocr_carea' id='block_1_31' title="bbox 265 3130 1850 3202">
    <p class='ocr_par' dir='ltr' id='par_1_31' title="bbox 265 3130 1850 3202">
     <span class='ocr_line' id='line_1_31' title="bbox 265 3130 1850 3202; baseline 0.003 -22"><span class='ocrx_word' id='word_1_225' title='bbox 265 3143 417 3183; x_wconf 80' lang='lat' dir='ltr'><strong>suum</strong></span> <span class='ocrx_word' id='word_1_226' title='bbox 446 3141 556 3182; x_wconf 82' lang='lat' dir='ltr'><strong>tam</strong></span> <span class='ocrx_word' id='word_1_227' title='bbox 584 3130 834 3200; x_wconf 83' lang='lat' dir='ltr'><strong>exiguum</strong></span> <span class='ocrx_word' id='word_1_228' title='bbox 868 3130 920 3184; x_wconf 81' lang='lat' dir='ltr'><strong>in</strong></span> <span class='ocrx_word' id='word_1_229' title='bbox 952 3138 1059 3184; x_wconf 85' lang='lat' dir='ltr'><strong>tam</strong></span> <span class='ocrx_word' id='word_1_230' title='bbox 1103 3145 1290 3198; x_wconf 80' lang='lat' dir='ltr'><strong>magna</strong></span> <span class='ocrx_word' id='word_1_231' title='bbox 1330 3139 1389 3185; x_wconf 84' lang='lat' dir='ltr'><strong>et</strong></span> <span class='ocrx_word' id='word_1_232' title='bbox 1421 3144 1624 3185; x_wconf 88' lang='lat' dir='ltr'><strong>summa</strong></span> <span class='ocrx_word' id='word_1_233' title='bbox 1655 3132 1850 3202; x_wconf 84' lang='lat' dir='ltr'><strong>inopia.</strong></span> 
     </span>
    </p>
   </div>
   <div class='ocr_carea' id='block_1_32' title="bbox 268 3220 1877 3293">
    <p class='ocr_par' dir='ltr' id='par_1_32' title="bbox 268 3220 1877 3293">
     <span class='ocr_line' id='line_1_32' title="bbox 268 3220 1877 3293; baseline 0 -18"><span class='ocrx_word' id='word_1_234' title='bbox 268 3220 339 3275; x_wconf 82' lang='lat' dir='ltr'><strong>Ita</strong></span> <span class='ocrx_word' id='word_1_235' title='bbox 386 3237 519 3289; x_wconf 79' lang='lat' dir='ltr'><strong>ergo</strong></span> <span class='ocrx_word' id='word_1_236' title='bbox 561 3223 764 3277; x_wconf 86' lang='lat' dir='ltr'><strong>dictum</strong></span> <span class='ocrx_word' id='word_1_237' title='bbox 796 3231 908 3288; x_wconf 86' lang='lat' dir='ltr'><strong>est,</strong></span> <span class='ocrx_word' id='word_1_238' title='bbox 939 3223 1083 3293; x_wconf 79' lang='lat' dir='ltr'><strong>ac-si</strong></span> <span class='ocrx_word' id='word_1_239' title='bbox 1112 3223 1333 3288; x_wconf 84' lang='lat' dir='ltr'><strong>diceret,</strong></span> <span class='ocrx_word' id='word_1_240' title='bbox 1368 3222 1413 3276; x_wconf 84' lang='grc' dir='ltr'><em>ο</em></span> <span class='ocrx_word' id='word_1_241' title='bbox 1434 3221 1672 3289; x_wconf 81' lang='lat' dir='ltr'><strong>Domine,</strong></span> <span class='ocrx_word' id='word_1_242' title='bbox 1718 3226 1877 3279; x_wconf 78' lang='lat' dir='ltr'><strong>testis.</strong></span> 
     </span>
    </p>
   </div>
   <div class='ocr_carea' id='block_1_33' title="bbox 269 3314 1856 3385">
    <p class='ocr_par' dir='ltr' id='par_1_33' title="bbox 269 3314 1856 3385">
     <span class='ocr_line' id='line_1_33' title="bbox 269 3314 1856 3385; baseline 0.003 -19"><span class='ocrx_word' id='word_1_243' title='bbox 269 3314 416 3383; x_wconf 73' lang='lat' dir='ltr'><strong>hujus</strong></span> <span class='ocrx_word' id='word_1_244' title='bbox 440 3314 631 3377; x_wconf 69' lang='lat' dir='ltr'><strong>vidum,</strong></span> <span class='ocrx_word' id='word_1_245' title='bbox 659 3330 776 3368; x_wconf 87' lang='lat' dir='ltr'><strong>cum</strong></span> <span class='ocrx_word' id='word_1_246' title='bbox 798 3330 899 3385; x_wconf 84' lang='lat' dir='ltr'><strong>qua</strong></span> <span class='ocrx_word' id='word_1_247' title='bbox 927 3331 1019 3385; x_wconf 89' lang='lat' dir='ltr'><strong>ego</strong></span> <span class='ocrx_word' id='word_1_248' title='bbox 1058 3315 1283 3369; x_wconf 82' lang='lat' dir='ltr'><strong>ioltabito</strong></span> <span class='ocrx_word' id='word_1_249' title='bbox 1323 3314 1466 3385; x_wconf 80' lang='lat' dir='ltr'><strong>apud</strong></span> <span class='ocrx_word' id='word_1_250' title='bbox 1499 3314 1683 3384; x_wconf 79' lang='lat' dir='ltr'><strong>ipsam,</strong></span> <span class='ocrx_word' id='word_1_251' title='bbox 1728 3323 1856 3371; x_wconf 87' lang='lat' dir='ltr'><strong>tune</strong></span> 
     </span>
    </p>
   </div>
   <div class='ocr_carea' id='block_1_34' title="bbox 270 3406 1856 3487">
    <p class='ocr_par' dir='ltr' id='par_1_34' title="bbox 270 3406 1856 3487">
     <span class='ocr_line' id='line_1_34' title="bbox 270 3406 1856 3487; baseline 0.001 -28"><span class='ocrx_word' id='word_1_252' title='bbox 270 3407 395 3487; x_wconf 60' lang='lat' dir='ltr'><strong>male</strong></span> <span class='ocrx_word' id='word_1_253' title='bbox 418 3407 586 3475; x_wconf 69' lang='lat' dir='ltr'><strong>feciin</strong></span> <span class='ocrx_word' id='word_1_254' title='bbox 612 3416 670 3458; x_wconf 83' lang='lat' dir='ltr'><strong>ut</strong></span> <span class='ocrx_word' id='word_1_255' title='bbox 707 3406 957 3460; x_wconf 78' lang='lat' dir='ltr'><strong>occideres</strong></span> <span class='ocrx_word' id='word_1_256' title='bbox 980 3406 1144 3476; x_wconf 79' lang='lat' dir='ltr'><strong>ﬁlium</strong></span> <span class='ocrx_word' id='word_1_257' title='bbox 1165 3408 1314 3478; x_wconf 81' lang='lat' dir='ltr'><strong>ejus?</strong></span> <span class='ocrx_word' id='word_1_258' title='bbox 1349 3416 1405 3460; x_wconf 92' lang='lat' dir='ltr'><strong>ut</strong></span> <span class='ocrx_word' id='word_1_259' title='bbox 1431 3406 1856 3477; x_wconf 85' lang='lat' dir='ltr'><strong>subintelligatur</strong></span> 
     </span>
    </p>
   </div>
   <div class='ocr_carea' id='block_1_35' title="bbox 269 3497 1854 3566">
    <p class='ocr_par' dir='ltr' id='par_1_35' title="bbox 269 3497 1854 3566">
     <span class='ocr_line' id='line_1_35' title="bbox 269 3497 1854 3566; baseline 0.002 -15"><span class='ocrx_word' id='word_1_260' title='bbox 269 3497 405 3565; x_wconf 80' lang='lat' dir='ltr'><strong>quod</strong></span> <span class='ocrx_word' id='word_1_261' title='bbox 440 3498 626 3566; x_wconf 88' lang='lat' dir='ltr'><strong>utique</strong></span> <span class='ocrx_word' id='word_1_262' title='bbox 656 3497 914 3551; x_wconf 88' lang='lat' dir='ltr'><strong>Dominus</strong></span> <span class='ocrx_word' id='word_1_263' title='bbox 937 3500 1087 3553; x_wconf 84' lang='lat' dir='ltr'><strong>testis</strong></span> <span class='ocrx_word' id='word_1_264' title='bbox 1107 3498 1285 3552; x_wconf 88' lang='lat' dir='ltr'><strong>cordis</strong></span> <span class='ocrx_word' id='word_1_265' title='bbox 1315 3499 1455 3553; x_wconf 90' lang='lat' dir='ltr'><strong>illius</strong></span> <span class='ocrx_word' id='word_1_266' title='bbox 1476 3498 1733 3559; x_wconf 83' lang='lat' dir='ltr'><strong>mulieris.</strong></span> <span class='ocrx_word' id='word_1_267' title='bbox 1765 3500 1854 3554; x_wconf 88' lang='lat' dir='ltr'><strong>ubi</strong></span> 
     </span>
    </p>
   </div>
   <div class='ocr_carea' id='block_1_36' title="bbox 271 3588 1855 3659">
    <p class='ocr_par' dir='ltr' id='par_1_36' title="bbox 271 3588 1855 3659">
     <span class='ocr_line' id='line_1_36' title="bbox 271 3588 1855 3659; baseline 0.003 -18"><span class='ocrx_word' id='word_1_268' title='bbox 271 3588 486 3642; x_wconf 76' lang='lat' dir='ltr'><strong>videbat</strong></span> <span class='ocrx_word' id='word_1_269' title='bbox 507 3595 709 3658; x_wconf 85' lang='lat' dir='ltr'><strong>quanta</strong></span> <span class='ocrx_word' id='word_1_270' title='bbox 735 3597 877 3643; x_wconf 85' lang='lat' dir='ltr'><strong>esset</strong></span> <span class='ocrx_word' id='word_1_271' title='bbox 896 3594 1089 3656; x_wconf 82' lang='lat' dir='ltr'><strong>pietas,</strong></span> <span class='ocrx_word' id='word_1_272' title='bbox 1116 3588 1257 3644; x_wconf 90' lang='lat' dir='ltr'><strong>unde</strong></span> <span class='ocrx_word' id='word_1_273' title='bbox 1271 3590 1430 3645; x_wconf 85' lang='lat' dir='ltr'><strong>etiam</strong></span> <span class='ocrx_word' id='word_1_274' title='bbox 1446 3590 1614 3644; x_wconf 86' lang='lat' dir='ltr'><strong>Eliatn</strong></span> <span class='ocrx_word' id='word_1_275' title='bbox 1646 3589 1761 3659; x_wconf 87' lang='lat' dir='ltr'><strong>ipse</strong></span> <span class='ocrx_word' id='word_1_276' title='bbox 1788 3590 1855 3646; x_wconf 81' lang='lat' dir='ltr'><strong>ad</strong></span> 
     </span>
    </p>
   </div>
   <div class='ocr_carea' id='block_1_37' title="bbox 272 3682 1858 3744">
    <p class='ocr_par' dir='ltr' id='par_1_37' title="bbox 272 3682 1858 3744">
     <span class='ocr_line' id='line_1_37' title="bbox 272 3682 1858 3744; baseline 0.004 -12"><span class='ocrx_word' id='word_1_277' title='bbox 272 3694 383 3733; x_wconf 79' lang='lat' dir='ltr'><strong>eam</strong></span> <span class='ocrx_word' id='word_1_278' title='bbox 406 3682 653 3744; x_wconf 84' lang='lat' dir='ltr'><strong>miserat,</strong></span> <span class='ocrx_word' id='word_1_279' title='bbox 702 3682 1206 3736; x_wconf 60' lang='lat' dir='ltr'><strong>nontmalefaciendi</strong></span> <span class='ocrx_word' id='word_1_280' title='bbox 1235 3697 1393 3736; x_wconf 86' lang='lat' dir='ltr'><strong>causa</strong></span> <span class='ocrx_word' id='word_1_281' title='bbox 1445 3683 1858 3739; x_wconf 83' lang='lat' dir='ltr'><strong>mortiticavcrat</strong></span> 
     </span>
    </p>
   </div>
   <div class='ocr_carea' id='block_1_38' title="bbox 274 3773 1856 3845">
    <p class='ocr_par' dir='ltr' id='par_1_38' title="bbox 274 3773 1856 3845">
     <span class='ocr_line' id='line_1_38' title="bbox 274 3773 1856 3845; baseline 0.002 -19"><span class='ocrx_word' id='word_1_282' title='bbox 274 3774 434 3827; x_wconf 76' lang='lat' dir='ltr'><strong>ﬁlium</strong></span> <span class='ocrx_word' id='word_1_283' title='bbox 462 3774 603 3844; x_wconf 86' lang='lat' dir='ltr'><strong>ejus,</strong></span> <span class='ocrx_word' id='word_1_284' title='bbox 625 3774 722 3831; x_wconf 86' lang='lat' dir='ltr'><strong>sed</strong></span> <span class='ocrx_word' id='word_1_285' title='bbox 740 3773 1023 3829; x_wconf 88' lang='lat' dir='ltr'><strong>exhibendi</strong></span> <span class='ocrx_word' id='word_1_286' title='bbox 1051 3774 1289 3830; x_wconf 84' lang='lat' dir='ltr'><strong>miraculi</strong></span> <span class='ocrx_word' id='word_1_287' title='bbox 1320 3775 1384 3828; x_wconf 90' lang='lat' dir='ltr'><strong>ad</strong></span> <span class='ocrx_word' id='word_1_288' title='bbox 1425 3775 1649 3845; x_wconf 84' lang='lat' dir='ltr'><strong>gloriam</strong></span> <span class='ocrx_word' id='word_1_289' title='bbox 1679 3775 1856 3832; x_wconf 74' lang='lat' dir='ltr'><strong>uomi-</strong></span> 
     </span>
    </p>
   </div>
   <div class='ocr_carea' id='block_1_39' title="bbox 274 3863 1889 3934">
    <p class='ocr_par' dir='ltr' id='par_1_39' title="bbox 274 3863 1889 3934">
     <span class='ocr_line' id='line_1_39' title="bbox 274 3863 1889 3934; baseline 0.003 -18"><span class='ocrx_word' id='word_1_290' title='bbox 274 3865 351 3917; x_wconf 63' lang='grc' dir='ltr'><strong>εἰς</strong></span> <span class='ocrx_word' id='word_1_291' title='bbox 376 3863 484 3929; x_wconf 85' lang='lat' dir='ltr'><strong>sui,</strong></span> <span class='ocrx_word' id='word_1_292' title='bbox 530 3879 642 3934; x_wconf 86' lang='lat' dir='ltr'><strong>quo</strong></span> <span class='ocrx_word' id='word_1_293' title='bbox 687 3873 892 3917; x_wconf 87' lang='lat' dir='ltr'><strong>tantum</strong></span> <span class='ocrx_word' id='word_1_294' title='bbox 924 3864 1282 3934; x_wconf 62' lang='lat' dir='ltr'><strong>Propltetam.‘</strong></span> <span class='ocrx_word' id='word_1_295' title='bbox 1320 3874 1375 3921; x_wconf 89' lang='lat' dir='ltr'><strong>et</strong></span> <span class='ocrx_word' id='word_1_296' title='bbox 1408 3875 1533 3919; x_wconf 89' lang='lat' dir='ltr'><strong>tunc</strong></span> <span class='ocrx_word' id='word_1_297' title='bbox 1560 3866 1889 3921; x_wconf 47' lang='lat' dir='ltr'><strong>viventibus.</strong></span> 
     </span>
    </p>
   </div>
   <div class='ocr_carea' id='block_1_40' title="bbox 275 3954 1855 4022">
    <p class='ocr_par' dir='ltr' id='par_1_40' title="bbox 275 3954 1855 4022">
     <span class='ocr_line' id='line_1_40' title="bbox 275 3954 1855 4022; baseline 0.003 -16"><span class='ocrx_word' id='word_1_298' title='bbox 275 3954 578 4022; x_wconf 74' lang='lat' dir='ltr'><strong>etposteris</strong></span> <span class='ocrx_word' id='word_1_299' title='bbox 602 3954 1001 4009; x_wconf 81' lang='lat' dir='ltr'><strong>commendaret</strong></span> <span class='ocrx_word' id='word_1_300' title='bbox 1041 3955 1374 4011; x_wconf 31' lang='lat' dir='ltr'><strong>:sicutxdicit</strong></span> <span class='ocrx_word' id='word_1_301' title='bbox 1420 3956 1706 4020; x_wconf 80' lang='lat' dir='ltr'><strong>Dominus,</strong></span> <span class='ocrx_word' id='word_1_302' title='bbox 1751 3973 1855 4012; x_wconf 92' lang='lat' dir='ltr'><strong>non</strong></span> 
     </span>
    </p>
   </div>
   <div class='ocr_carea' id='block_1_41' title="bbox 274 4043 1856 4118">
    <p class='ocr_par' dir='ltr' id='par_1_41' title="bbox 274 4043 1856 4118">
     <span class='ocr_line' id='line_1_41' title="bbox 274 4043 1856 4118; baseline 0.004 -21"><span class='ocrx_word' id='word_1_303' title='bbox 274 4043 335 4097; x_wconf 75' lang='lat' dir='ltr'><strong>ad</strong></span> <span class='ocrx_word' id='word_1_304' title='bbox 363 4054 598 4100; x_wconf 87' lang='lat' dir='ltr'><strong>mortem</strong></span> <span class='ocrx_word' id='word_1_305' title='bbox 626 4053 891 4098; x_wconf 89' lang='lat' dir='ltr'><strong>mortuum</strong></span> <span class='ocrx_word' id='word_1_306' title='bbox 924 4044 1086 4100; x_wconf 86' lang='lat' dir='ltr'><strong>fuisse</strong></span> <span class='ocrx_word' id='word_1_307' title='bbox 1113 4045 1390 4112; x_wconf 83' lang='lat' dir='ltr'><strong>Lazarum,</strong></span> <span class='ocrx_word' id='word_1_308' title='bbox 1434 4047 1526 4101; x_wconf 88' lang='lat' dir='ltr'><strong>sed</strong></span> <span class='ocrx_word' id='word_1_309' title='bbox 1543 4058 1631 4101; x_wconf 46' lang='lat' dir='ltr'><strong>&#39;ut&#39;</strong></span> <span class='ocrx_word' id='word_1_310' title='bbox 1651 4049 1856 4118; x_wconf 67' lang='lat' dir='ltr'><strong>gloriﬁ-</strong></span> 
     </span>
    </p>
   </div>
   <div class='ocr_carea' id='block_1_42' title="bbox 273 4135 1857 4207">
    <p class='ocr_par' dir='ltr' id='par_1_42' title="bbox 273 4135 1857 4207">
     <span class='ocr_line' id='line_1_42' title="bbox 273 4135 1857 4207; baseline 0.004 -20"><span class='ocrx_word' id='word_1_311' title='bbox 273 4146 481 4190; x_wconf 83' lang='lat' dir='ltr'><strong>caretur</strong></span> <span class='ocrx_word' id='word_1_312' title='bbox 511 4136 655 4190; x_wconf 81' lang='lat' dir='ltr'><strong>Deus</strong></span> <span class='ocrx_word' id='word_1_313' title='bbox 685 4136 737 4188; x_wconf 94' lang='lat' dir='ltr'><strong>in</strong></span> <span class='ocrx_word' id='word_1_314' title='bbox 764 4135 899 4190; x_wconf 83' lang='lat' dir='ltr'><strong>Filio</strong></span> <span class='ocrx_word' id='word_1_315' title='bbox 928 4151 1024 4189; x_wconf 85' lang='lat' dir='ltr'><strong>suo</strong></span> <span class='ocrx_word' id='word_1_316' title='bbox 1048 4136 1227 4205; x_wconf 83' lang='lat' dir='ltr'><strong>(Joan.</strong></span> <span class='ocrx_word' id='word_1_317' title='bbox 1257 4153 1332 4200; x_wconf 74' lang='lat' dir='ltr'><strong>XI,</strong></span> <span class='ocrx_word' id='word_1_318' title='bbox 1356 4135 1447 4207; x_wconf 75' lang='grc'><strong>4).</strong></span> <span class='ocrx_word' id='word_1_319' title='bbox 1481 4137 1549 4192; x_wconf 85' lang='grc' dir='ltr'><strong>Ει</strong></span> <span class='ocrx_word' id='word_1_320' title='bbox 1577 4138 1698 4193; x_wconf 87' lang='lat' dir='ltr'><strong>ideo</strong></span> <span class='ocrx_word' id='word_1_321' title='bbox 1722 4156 1857 4195; x_wconf 86' lang='lat' dir='ltr'><strong>cou-</strong></span> 
     </span>
    </p>
   </div>
   <div class='ocr_carea' id='block_1_43' title="bbox 274 4227 1859 4296">
    <p class='ocr_par' dir='ltr' id='par_1_43' title="bbox 274 4227 1859 4296">
     <span class='ocr_line' id='line_1_43' title="bbox 274 4227 1859 4296; baseline 0.006 -19"><span class='ocrx_word' id='word_1_322' title='bbox 274 4228 545 4295; x_wconf 79' lang='lat' dir='ltr'><strong>sequentia</strong></span> <span class='ocrx_word' id='word_1_323' title='bbox 577 4227 820 4295; x_wconf 86' lang='lat' dir='ltr'><strong>probanl,</strong></span> <span class='ocrx_word' id='word_1_324' title='bbox 853 4236 906 4281; x_wconf 88' lang='lat' dir='ltr'><strong>et</strong></span> <span class='ocrx_word' id='word_1_325' title='bbox 934 4228 1045 4295; x_wconf 89' lang='lat' dir='ltr'><strong>ipsa</strong></span> <span class='ocrx_word' id='word_1_326' title='bbox 1087 4229 1247 4282; x_wconf 87' lang='lat' dir='ltr'><strong>etiam</strong></span> <span class='ocrx_word' id='word_1_327' title='bbox 1276 4227 1464 4282; x_wconf 84' lang='lat' dir='ltr'><strong>fiducia</strong></span> <span class='ocrx_word' id='word_1_328' title='bbox 1490 4244 1591 4296; x_wconf 88' lang='lat' dir='ltr'><strong>qua</strong></span> <span class='ocrx_word' id='word_1_329' title='bbox 1633 4229 1859 4286; x_wconf 87' lang='lat' dir='ltr'><strong>credidit</strong></span> 
     </span>
    </p>
   </div>
   <div class='ocr_carea' id='block_1_44' title="bbox 276 4317 1858 4395">
    <p class='ocr_par' dir='ltr' id='par_1_44' title="bbox 276 4317 1858 4395">
     <span class='ocr_line' id='line_1_44' title="bbox 276 4317 1858 4395; baseline 0.002 -25"><span class='ocrx_word' id='word_1_330' title='bbox 276 4318 435 4382; x_wconf 68' lang='lat' dir='ltr'><strong>ﬁlias,</strong></span> <span class='ocrx_word' id='word_1_331' title='bbox 463 4334 569 4371; x_wconf 90' lang='lat' dir='ltr'><strong>non</strong></span> <span class='ocrx_word' id='word_1_332' title='bbox 597 4317 784 4372; x_wconf 63' lang='lat' dir='ltr'><strong>addice</strong></span> <span class='ocrx_word' id='word_1_333' title='bbox 812 4317 938 4372; x_wconf 93' lang='lat' dir='ltr'><strong>illud</strong></span> <span class='ocrx_word' id='word_1_334' title='bbox 965 4319 1270 4395; x_wconf 79' lang='lat' dir='ltr'><strong>contigisse,</strong></span> <span class='ocrx_word' id='word_1_335' title='bbox 1292 4327 1347 4372; x_wconf 95' lang='lat' dir='ltr'><strong>ut</strong></span> <span class='ocrx_word' id='word_1_336' title='bbox 1373 4319 1566 4374; x_wconf 90' lang='lat' dir='ltr'><strong>acerbo</strong></span> <span class='ocrx_word' id='word_1_337' title='bbox 1593 4320 1733 4374; x_wconf 88' lang='lat' dir='ltr'><strong>luctu</strong></span> <span class='ocrx_word' id='word_1_338' title='bbox 1761 4319 1858 4373; x_wconf 86' lang='lat' dir='ltr'><strong>lto-</strong></span> 
     </span>
    </p>
   </div>
   <div class='ocr_carea' id='block_1_45' title="bbox 271 4406 1857 4476">
    <p class='ocr_par' dir='ltr' id='par_1_45' title="bbox 271 4406 1857 4476">
     <span class='ocr_line' id='line_1_45' title="bbox 271 4406 1857 4476; baseline 0.001 -15"><span class='ocrx_word' id='word_1_339' title='bbox 271 4408 405 4475; x_wconf 73' lang='lat' dir='ltr'><strong>spita</strong></span> <span class='ocrx_word' id='word_1_340' title='bbox 433 4407 555 4475; x_wconf 82' lang='lat' dir='ltr'><strong>ejus</strong></span> <span class='ocrx_word' id='word_1_341' title='bbox 580 4406 901 4476; x_wconf 78' lang='lat' dir='ltr'><strong>aiﬁigeretur</strong></span> <span class='ocrx_word' id='word_1_342' title='bbox 924 4424 937 4461; x_wconf 88' lang='lat'><strong>:</strong></span> <span class='ocrx_word' id='word_1_343' title='bbox 961 4406 1053 4461; x_wconf 90' lang='lat' dir='ltr'><strong>sed</strong></span> <span class='ocrx_word' id='word_1_344' title='bbox 1083 4408 1257 4476; x_wconf 74' lang='lat' dir='ltr'><strong>[mlius</strong></span> <span class='ocrx_word' id='word_1_345' title='bbox 1279 4406 1344 4461; x_wconf 91' lang='lat' dir='ltr'><strong>ad</strong></span> <span class='ocrx_word' id='word_1_346' title='bbox 1371 4407 1471 4461; x_wconf 88' lang='lat' dir='ltr'><strong>hoc</strong></span> <span class='ocrx_word' id='word_1_347' title='bbox 1493 4406 1684 4461; x_wconf 85' lang='lat' dir='ltr'><strong>factum</strong></span> <span class='ocrx_word' id='word_1_348' title='bbox 1715 4423 1857 4476; x_wconf 84' lang='lat' dir='ltr'><strong>esse,</strong></span> 
     </span>
    </p>
   </div>
   <div class='ocr_carea' id='block_1_46' title="bbox 273 4499 1856 4569">
    <p class='ocr_par' dir='ltr' id='par_1_46' title="bbox 273 4499 1856 4569">
     <span class='ocr_line' id='line_1_46' title="bbox 273 4499 1856 4569; baseline 0.001 -17"><span class='ocrx_word' id='word_1_349' title='bbox 273 4510 327 4552; x_wconf 93' lang='lat' dir='ltr'><strong>ut</strong></span> <span class='ocrx_word' id='word_1_350' title='bbox 354 4501 495 4554; x_wconf 87' lang='lat' dir='ltr'><strong>Deus</strong></span> <span class='ocrx_word' id='word_1_351' title='bbox 526 4500 950 4568; x_wconf 84' lang='lat' dir='ltr'><strong>magniﬁcentius</strong></span> <span class='ocrx_word' id='word_1_352' title='bbox 993 4500 1299 4553; x_wconf 86' lang='lat' dir='ltr'><strong>ostenderet</strong></span> <span class='ocrx_word' id='word_1_353' title='bbox 1329 4499 1500 4552; x_wconf 72' lang='lat' dir='ltr'><strong>vidum</strong></span> <span class='ocrx_word' id='word_1_354' title='bbox 1525 4500 1734 4569; x_wconf 90' lang='lat' dir='ltr'><strong>qualem</strong></span> <span class='ocrx_word' id='word_1_355' title='bbox 1768 4500 1856 4554; x_wconf 86' lang='lat' dir='ltr'><strong>Dei</strong></span> 
     </span>
    </p>
   </div>
   <div class='ocr_carea' id='block_1_47' title="bbox 273 4589 1855 4660">
    <p class='ocr_par' dir='ltr' id='par_1_47' title="bbox 273 4589 1855 4660">
     <span class='ocr_line' id='line_1_47' title="bbox 273 4589 1855 4660; baseline 0.004 -19"><span class='ocrx_word' id='word_1_356' title='bbox 273 4589 529 4642; x_wconf 79' lang='lat' dir='ltr'><strong>(amulum</strong></span> <span class='ocrx_word' id='word_1_357' title='bbox 569 4591 911 4658; x_wconf 86' lang='lat' dir='ltr'><strong>suscepisset.</strong></span> <span class='ocrx_word' id='word_1_358' title='bbox 953 4589 1532 4660; x_wconf 81' lang='lat' dir='ltr'><strong>Sequitur,Scriptura,</strong></span> <span class='ocrx_word' id='word_1_359' title='bbox 1564 4600 1617 4645; x_wconf 86' lang='lat' dir='ltr'><strong>et</strong></span> <span class='ocrx_word' id='word_1_360' title='bbox 1645 4592 1767 4646; x_wconf 90' lang='lat' dir='ltr'><strong>dicit</strong></span> <span class='ocrx_word' id='word_1_361' title='bbox 1796 4594 1855 4647; x_wconf 73' lang='grc' dir='ltr'>ἐ</span> 
     </span>
    </p>
   </div>
   <div class='ocr_carea' id='block_1_48' title="bbox 278 4679 1861 4750">
    <p class='ocr_par' dir='ltr' id='par_1_48' title="bbox 278 4679 1861 4750">
     <span class='ocr_line' id='line_1_48' title="bbox 278 4679 1861 4750; baseline 0.003 -18"><span class='ocrx_word' id='word_1_362' title='bbox 278 4679 340 4732; x_wconf 80' lang='lat' dir='ltr'><strong>Et</strong></span> <span class='ocrx_word' id='word_1_363' title='bbox 367 4681 643 4750; x_wconf 73' lang='lat' dir='ltr'><strong>iusst/ﬂavit</strong></span> <span class='ocrx_word' id='word_1_364' title='bbox 672 4697 826 4750; x_wconf 82' lang='lat' dir='ltr'><strong>puero</strong></span> <span class='ocrx_word' id='word_1_365' title='bbox 851 4692 945 4744; x_wconf 87' lang='lat' dir='ltr'><strong>ter,</strong></span> <span class='ocrx_word' id='word_1_366' title='bbox 974 4692 1021 4735; x_wconf 87' lang='lat' dir='ltr'><strong>et</strong></span> <span class='ocrx_word' id='word_1_367' title='bbox 1045 4682 1289 4734; x_wconf 75' lang='lat' dir='ltr'><strong>invocavit</strong></span> <span class='ocrx_word' id='word_1_368' title='bbox 1315 4679 1605 4745; x_wconf 83' lang='lat' dir='ltr'><strong>Dominum,</strong></span> <span class='ocrx_word' id='word_1_369' title='bbox 1633 4691 1679 4736; x_wconf 86' lang='lat' dir='ltr'><strong>et</strong></span> <span class='ocrx_word' id='word_1_370' title='bbox 1708 4683 1861 4747; x_wconf 74' lang='lat' dir='ltr'><strong>dixit,</strong></span> 
     </span>
    </p>
   </div>
   <div class='ocr_carea' id='block_1_49' title="bbox 278 4770 1861 4845">
    <p class='ocr_par' dir='ltr' id='par_1_49' title="bbox 278 4770 1861 4845">
     <span class='ocr_line' id='line_1_49' title="bbox 278 4770 1861 4845; baseline 0.005 -23"><span class='ocrx_word' id='word_1_371' title='bbox 278 4770 493 4824; x_wconf 77' lang='lat' dir='ltr'><strong>Domine</strong></span> <span class='ocrx_word' id='word_1_372' title='bbox 520 4770 658 4824; x_wconf 84' lang='lat' dir='ltr'><strong>Deus</strong></span> <span class='ocrx_word' id='word_1_373' title='bbox 685 4788 840 4838; x_wconf 87' lang='lat' dir='ltr'><strong>meus,</strong></span> <span class='ocrx_word' id='word_1_374' title='bbox 871 4782 1144 4825; x_wconf 77' lang='lat' dir='ltr'><strong>revertatur</strong></span> <span class='ocrx_word' id='word_1_375' title='bbox 1169 4787 1303 4825; x_wconf 83' lang='lat' dir='ltr'><strong>nunc</strong></span> <span class='ocrx_word' id='word_1_376' title='bbox 1330 4773 1499 4825; x_wconf 82' lang='lat' dir='ltr'><strong>animo</strong></span> <span class='ocrx_word' id='word_1_377' title='bbox 1525 4774 1667 4842; x_wconf 86' lang='lat' dir='ltr'><strong>pueri</strong></span> <span class='ocrx_word' id='word_1_378' title='bbox 1710 4774 1861 4845; x_wconf 83' lang='lat' dir='ltr'><strong>hujus</strong></span> 
     </span>
    </p>
   </div>
   <div class='ocr_carea' id='block_1_50' title="bbox 275 4860 1860 4935">
    <p class='ocr_par' dir='ltr' id='par_1_50' title="bbox 275 4860 1860 4935">
     <span class='ocr_line' id='line_1_50' title="bbox 275 4860 1860 4935; baseline 0.005 -23"><span class='ocrx_word' id='word_1_379' title='bbox 275 4864 325 4915; x_wconf 75' lang='lat' dir='ltr'><strong>in</strong></span> <span class='ocrx_word' id='word_1_380' title='bbox 355 4878 495 4916; x_wconf 71' lang='lat' dir='ltr'><strong>nm.</strong></span> <span class='ocrx_word' id='word_1_381' title='bbox 539 4860 610 4915; x_wconf 85' lang='lat' dir='ltr'><strong>Et</strong></span> <span class='ocrx_word' id='word_1_382' title='bbox 647 4866 836 4931; x_wconf 75' lang='lat' dir='ltr'><strong>factum</strong></span> <span class='ocrx_word' id='word_1_383' title='bbox 872 4872 945 4917; x_wconf 90' lang='lat' dir='ltr'><strong>est</strong></span> <span class='ocrx_word' id='word_1_384' title='bbox 971 4863 1064 4916; x_wconf 79' lang='lat' dir='ltr'><strong>sic.</strong></span> <span class='ocrx_word' id='word_1_385' title='bbox 1099 4862 1376 4930; x_wconf 41' lang='lat' dir='ltr'><strong>lla&#39;c&#39;ergo</strong></span> <span class='ocrx_word' id='word_1_386' title='bbox 1401 4863 1724 4932; x_wconf 85' lang='lat' dir='ltr'><strong>deprecatio,</strong></span> <span class='ocrx_word' id='word_1_387' title='bbox 1757 4882 1860 4935; x_wconf 88' lang='lat' dir='ltr'><strong>qua</strong></span> 
     </span>
    </p>
   </div>
   <div class='ocr_carea' id='block_1_51' title="bbox 278 4951 1861 5025">
    <p class='ocr_par' dir='ltr' id='par_1_51' title="bbox 278 4951 1861 5025">
     <span class='ocr_line' id='line_1_51' title="bbox 278 4951 1861 5025; baseline 0.004 -22"><span class='ocrx_word' id='word_1_388' title='bbox 278 4953 424 5020; x_wconf 79' lang='lat' dir='ltr'><strong>petiit</strong></span> <span class='ocrx_word' id='word_1_389' title='bbox 454 4951 607 5004; x_wconf 82' lang='lat' dir='ltr'><strong>Elias</strong></span> <span class='ocrx_word' id='word_1_390' title='bbox 634 4962 739 5003; x_wconf 90' lang='lat' dir='ltr'><strong>tam</strong></span> <span class='ocrx_word' id='word_1_391' title='bbox 773 4952 1003 5005; x_wconf 89' lang='lat' dir='ltr'><strong>breviter</strong></span> <span class='ocrx_word' id='word_1_392' title='bbox 1027 4961 1083 5006; x_wconf 91' lang='lat' dir='ltr'><strong>et</strong></span> <span class='ocrx_word' id='word_1_393' title='bbox 1124 4961 1228 5005; x_wconf 88' lang='lat' dir='ltr'><strong>tam</strong></span> <span class='ocrx_word' id='word_1_394' title='bbox 1272 4953 1496 5007; x_wconf 85' lang='lat' dir='ltr'><strong>fidenter</strong></span> <span class='ocrx_word' id='word_1_395' title='bbox 1534 4964 1590 5005; x_wconf 89' lang='lat' dir='ltr'><strong>ttt</strong></span> <span class='ocrx_word' id='word_1_396' title='bbox 1618 4964 1861 5025; x_wconf 79' lang='lat' dir='ltr'><strong>resurgat</strong></span> 
     </span>
    </p>
   </div>
   <div class='ocr_carea' id='block_1_52' title="bbox 280 5042 1858 5113">
    <p class='ocr_par' dir='ltr' id='par_1_52' title="bbox 280 5042 1858 5113">
     <span class='ocr_line' id='line_1_52' title="bbox 280 5042 1858 5113; baseline -0.001 -14"><span class='ocrx_word' id='word_1_397' title='bbox 280 5060 425 5109; x_wconf 78' lang='lat' dir='ltr'><strong>puer,</strong></span> <span class='ocrx_word' id='word_1_398' title='bbox 456 5045 593 5098; x_wconf 81' lang='lat' dir='ltr'><strong>satis</strong></span> <span class='ocrx_word' id='word_1_399' title='bbox 620 5043 820 5098; x_wconf 87' lang='lat' dir='ltr'><strong>indicat</strong></span> <span class='ocrx_word' id='word_1_400' title='bbox 855 5042 1191 5113; x_wconf 69' lang='lat' dir='ltr'><strong>quo-affectu</strong></span> <span class='ocrx_word' id='word_1_401' title='bbox 1232 5042 1388 5098; x_wconf 83' lang='lat' dir='ltr'><strong>dicta-</strong></span> <span class='ocrx_word' id='word_1_402' title='bbox 1418 5046 1524 5097; x_wconf 91' lang='lat' dir='ltr'><strong>sint</strong></span> <span class='ocrx_word' id='word_1_403' title='bbox 1563 5044 1858 5113; x_wconf 84' lang='lat' dir='ltr'><strong>superiora.</strong></span> 
     </span>
    </p>
   </div>
   <div class='ocr_carea' id='block_1_53' title="bbox 280 5133 1858 5205">
    <p class='ocr_par' dir='ltr' id='par_1_53' title="bbox 280 5133 1858 5205">
     <span class='ocr_line' id='line_1_53' title="bbox 280 5133 1858 5205; baseline 0.003 -17"><span class='ocrx_word' id='word_1_404' title='bbox 280 5135 341 5188; x_wconf 81' lang='lat' dir='ltr'><strong>Et</strong></span> <span class='ocrx_word' id='word_1_405' title='bbox 366 5138 481 5205; x_wconf 82' lang='lat' dir='ltr'><strong>ipsa</strong></span> <span class='ocrx_word' id='word_1_406' title='bbox 515 5136 708 5189; x_wconf 89' lang='lat' dir='ltr'><strong>mulier</strong></span> <span class='ocrx_word' id='word_1_407' title='bbox 741 5135 975 5189; x_wconf 89' lang='lat' dir='ltr'><strong>ostendit</strong></span> <span class='ocrx_word' id='word_1_408' title='bbox 1017 5133 1082 5188; x_wconf 90' lang='lat' dir='ltr'><strong>ad</strong></span> <span class='ocrx_word' id='word_1_409' title='bbox 1130 5135 1231 5189; x_wconf 84' lang='lat' dir='ltr'><strong>hoc</strong></span> <span class='ocrx_word' id='word_1_410' title='bbox 1275 5137 1646 5189; x_wconf 83' lang='lat' dir='ltr'><strong>tttortiticatutn</strong></span> <span class='ocrx_word' id='word_1_411' title='bbox 1692 5138 1858 5193; x_wconf 82' lang='lat' dir='ltr'><strong>tilium</strong></span> 
     </span>
    </p>
   </div>
   <div class='ocr_carea' id='block_1_54' title="bbox 278 5229 1862 5298">
    <p class='ocr_par' dir='ltr' id='par_1_54' title="bbox 278 5229 1862 5298">
     <span class='ocr_line' id='line_1_54' title="bbox 278 5229 1862 5298; baseline 0 -15"><span class='ocrx_word' id='word_1_412' title='bbox 278 5245 428 5283; x_wconf 87' lang='lat' dir='ltr'><strong>suum</strong></span> <span class='ocrx_word' id='word_1_413' title='bbox 460 5230 646 5291; x_wconf 72' lang='lat' dir='ltr'><strong>fuisse,</strong></span> <span class='ocrx_word' id='word_1_414' title='bbox 679 5229 745 5282; x_wconf 87' lang='lat' dir='ltr'><strong>ad</strong></span> <span class='ocrx_word' id='word_1_415' title='bbox 783 5229 923 5298; x_wconf 88' lang='lat' dir='ltr'><strong>qttod</strong></span> <span class='ocrx_word' id='word_1_416' title='bbox 953 5229 1091 5282; x_wconf 81' lang='lat' dir='ltr'><strong>Elias</strong></span> <span class='ocrx_word' id='word_1_417' title='bbox 1124 5229 1318 5281; x_wconf 86' lang='lat' dir='ltr'><strong>factum</strong></span> <span class='ocrx_word' id='word_1_418' title='bbox 1351 5243 1470 5282; x_wconf 85' lang='lat' dir='ltr'><strong>esse</strong></span> <span class='ocrx_word' id='word_1_419' title='bbox 1509 5243 1862 5298; x_wconf 62' lang='lat' dir='ltr'><strong>pratsumpsc-</strong></span> 
     </span>
    </p>
   </div>
   <div class='ocr_carea' id='block_1_55' title="bbox 338 5336 1237 5400">
    <p class='ocr_par' dir='ltr' id='par_1_55' title="bbox 338 5336 1237 5400">
     <span class='ocr_line' id='line_1_55' title="bbox 338 5336 1237 5400; baseline -0.004 -11"><span class='ocrx_word' id='word_1_420' title='bbox 338 5344 355 5372; x_wconf 75' lang='grc'>⁸</span> <span class='ocrx_word' id='word_1_421' title='bbox 378 5343 453 5389; x_wconf 86' lang='lat' dir='ltr'><strong>Sic</strong></span> <span class='ocrx_word' id='word_1_422' title='bbox 476 5349 581 5388; x_wconf 79' lang='lat' dir='ltr'><strong>uss.</strong></span> <span class='ocrx_word' id='word_1_423' title='bbox 610 5348 665 5389; x_wconf 79' lang='lat' dir='ltr'><strong>At</strong></span> <span class='ocrx_word' id='word_1_424' title='bbox 688 5336 988 5400; x_wconf 81' lang='lat' dir='ltr'><strong>editi..positi</strong></span> <span class='ocrx_word' id='word_1_425' title='bbox 1007 5337 1237 5400; x_wconf 69' lang='lat' dir='ltr'><strong>corporis.</strong></span> 
     </span>
    </p>
   </div>
   <div class='ocr_carea' id='block_1_56' title="bbox 335 5398 1861 5463">
    <p class='ocr_par' dir='ltr' id='par_1_56' title="bbox 335 5398 1861 5463">
     <span class='ocr_line' id='line_1_56' title="bbox 335 5398 1861 5463; baseline 0 -15"><span class='ocrx_word' id='word_1_426' title='bbox 335 5404 355 5433; x_wconf 79' lang='grc'>²</span> <span class='ocrx_word' id='word_1_427' title='bbox 379 5402 518 5459; x_wconf 64' lang='lat' dir='ltr'><strong>editi,</strong></span> <span class='ocrx_word' id='word_1_428' title='bbox 544 5415 640 5463; x_wconf 90' lang='lat' dir='ltr'><strong>quo</strong></span> <span class='ocrx_word' id='word_1_429' title='bbox 660 5398 934 5463; x_wconf 57' lang='lat' dir='ltr'><strong>sederatius.</strong></span> <span class='ocrx_word' id='word_1_430' title='bbox 958 5406 1013 5448; x_wconf 76' lang='lat' dir='ltr'><strong>At</strong></span> <span class='ocrx_word' id='word_1_431' title='bbox 1036 5398 1158 5459; x_wconf 68' lang='lat' dir='ltr'><strong>Mss,</strong></span> <span class='ocrx_word' id='word_1_432' title='bbox 1181 5411 1275 5461; x_wconf 82' lang='lat' dir='ltr'><strong>quo</strong></span> <span class='ocrx_word' id='word_1_433' title='bbox 1293 5398 1588 5448; x_wconf 81' lang='lat' dir='ltr'><strong>secedamus.</strong></span> <span class='ocrx_word' id='word_1_434' title='bbox 1613 5404 1751 5449; x_wconf 82' lang='lat' dir='ltr'><strong>Forte</strong></span> <span class='ocrx_word' id='word_1_435' title='bbox 1773 5399 1861 5448; x_wconf 85' lang='lat' dir='ltr'><strong>ad-</strong></span> 
     </span>
    </p>
   </div>
   <div class='ocr_carea' id='block_1_57' title="bbox 310 5459 1063 5517">
    <p class='ocr_par' dir='ltr' id='par_1_57' title="bbox 310 5459 1063 5517">
     <span class='ocr_line' id='line_1_57' title="bbox 310 5459 1063 5517; baseline -0.005 -6"><span class='ocrx_word' id='word_1_436' title='bbox 310 5463 482 5511; x_wconf 77' lang='lat' dir='ltr'><strong>oudum</strong></span> <span class='ocrx_word' id='word_1_437' title='bbox 506 5459 601 5517; x_wconf 79' lang='lat' dir='ltr'><strong>hic.</strong></span> <span class='ocrx_word' id='word_1_438' title='bbox 624 5468 672 5511; x_wconf 78' lang='lat' dir='ltr'><strong>et</strong></span> <span class='ocrx_word' id='word_1_439' title='bbox 698 5459 781 5509; x_wconf 83' lang='lat' dir='ltr'><strong>ubi</strong></span> <span class='ocrx_word' id='word_1_440' title='bbox 799 5460 1063 5509; x_wconf 78' lang='lat' dir='ltr'><strong>sedeamus.</strong></span> 
     </span>
    </p>
   </div>
   <div class='ocr_carea' id='block_1_58' title="bbox 338 5520 1375 5583">
    <p class='ocr_par' dir='ltr' id='par_1_58' title="bbox 338 5520 1375 5583">
     <span class='ocr_line' id='line_1_58' title="bbox 338 5520 1375 5583; baseline 0 -12"><span class='ocrx_word' id='word_1_441' title='bbox 338 5535 358 5555; x_wconf 78' lang='lat'><strong><em>-</em></strong></span> <span class='ocrx_word' id='word_1_442' title='bbox 378 5524 513 5583; x_wconf 69' lang='lat' dir='ltr'><strong>rditi,</strong></span> <span class='ocrx_word' id='word_1_443' title='bbox 536 5520 835 5573; x_wconf 73' lang='lat' dir='ltr'><strong>obliviscitur</strong></span> <span class='ocrx_word' id='word_1_444' title='bbox 859 5533 926 5568; x_wconf 85' lang='lat' dir='ltr'><strong>se.</strong></span> <span class='ocrx_word' id='word_1_445' title='bbox 956 5524 1115 5583; x_wconf 73' lang='lat' dir='ltr'><strong>Abest,</strong></span> <span class='ocrx_word' id='word_1_446' title='bbox 1139 5534 1207 5581; x_wconf 82' lang='lat' dir='ltr'><strong>se,</strong></span> <span class='ocrx_word' id='word_1_447' title='bbox 1227 5534 1253 5570; x_wconf 91' lang='lat' dir='ltr'><strong>a</strong></span> <span class='ocrx_word' id='word_1_448' title='bbox 1269 5527 1375 5571; x_wconf 76' lang='lat' dir='ltr'><strong>Mss.</strong></span> 
     </span>
    </p>
   </div>
   <div class='ocr_carea' id='block_1_59' title="bbox 335 5580 1155 5648">
    <p class='ocr_par' dir='ltr' id='par_1_59' title="bbox 335 5580 1155 5648">
     <span class='ocr_line' id='line_1_59' title="bbox 335 5580 1155 5648; baseline 0 -19"><span class='ocrx_word' id='word_1_449' title='bbox 335 5587 357 5614; x_wconf 78' lang='grc'><strong>⁸</strong></span> <span class='ocrx_word' id='word_1_450' title='bbox 381 5580 506 5648; x_wconf 58' lang='lat' dir='ltr'><strong>Mss,</strong></span> <span class='ocrx_word' id='word_1_451' title='bbox 530 5599 628 5648; x_wconf 82' lang='lat' dir='ltr'><strong>qua</strong></span> <span class='ocrx_word' id='word_1_452' title='bbox 647 5590 837 5648; x_wconf 71' lang='lat' dir='ltr'><strong>umtum</strong></span> <span class='ocrx_word' id='word_1_453' title='bbox 862 5580 1155 5648; x_wconf 55' lang='lat' dir='ltr'><strong>t&#39;repltctam.</strong></span> 
     </span>
    </p>
   </div>
   <div class='ocr_carea' id='block_1_60' title="bbox 335 5643 1858 5707">
    <p class='ocr_par' dir='ltr' id='par_1_60' title="bbox 335 5643 1858 5707">
     <span class='ocr_line' id='line_1_60' title="bbox 335 5643 1858 5707; baseline 0.002 -16"><span class='ocrx_word' id='word_1_454' title='bbox 335 5643 619 5707; x_wconf 15' lang='lat' dir='ltr'><strong>&#39;rPlurcs&#39;et</strong></span> <span class='ocrx_word' id='word_1_455' title='bbox 656 5643 896 5707; x_wconf 72' lang='lat' dir='ltr'><strong>meliores</strong></span> <span class='ocrx_word' id='word_1_456' title='bbox 915 5648 1040 5691; x_wconf 72' lang='lat' dir='ltr'><strong>Mss..-</strong></span> <span class='ocrx_word' id='word_1_457' title='bbox 1068 5650 1119 5691; x_wconf 74' lang='lat' dir='ltr'><strong>Et</strong></span> <span class='ocrx_word' id='word_1_458' title='bbox 1140 5643 1250 5692; x_wconf 82' lang='lat' dir='ltr'><strong>ideo</strong></span> <span class='ocrx_word' id='word_1_459' title='bbox 1280 5644 1610 5707; x_wconf 66' lang='lat' dir='ltr'><strong>cmucqueutia</strong></span> <span class='ocrx_word' id='word_1_460' title='bbox 1640 5644 1858 5707; x_wconf 81' lang='lat' dir='ltr'><strong>probant.</strong></span> 
     </span>
    </p>
   </div>
   <div class='ocr_carea' id='block_1_61' title="bbox 285 5702 1863 5769">
    <p class='ocr_par' dir='ltr' id='par_1_61' title="bbox 285 5702 1863 5769">
     <span class='ocr_line' id='line_1_61' title="bbox 285 5702 1863 5769; baseline 0.001 -15"><span class='ocrx_word' id='word_1_461' title='bbox 285 5706 461 5768; x_wconf 74' lang='lat' dir='ltr'><strong>Ezipsa</strong></span> <span class='ocrx_word' id='word_1_462' title='bbox 475 5708 615 5769; x_wconf 70' lang='lat' dir='ltr'><strong>enim</strong></span> <span class='ocrx_word' id='word_1_463' title='bbox 641 5702 835 5769; x_wconf 77' lang='lat' dir='ltr'><strong>ﬁducia</strong></span> <span class='ocrx_word' id='word_1_464' title='bbox 873 5715 1065 5769; x_wconf 44' lang='lat' dir='ltr'><strong>(tuae...</strong></span> <span class='ocrx_word' id='word_1_465' title='bbox 1108 5702 1441 5769; x_wconf 65' lang='lat' dir='ltr'><strong>suscepisset,&#39;</strong></span> <span class='ocrx_word' id='word_1_466' title='bbox 1474 5702 1683 5755; x_wconf 70' lang='lat' dir='ltr'><strong>sectatur</strong></span> <span class='ocrx_word' id='word_1_467' title='bbox 1737 5706 1863 5755; x_wconf 71' lang='lat' dir='ltr'><strong>scri-</strong></span> 
     </span>
    </p>
   </div>
   <div class='ocr_carea' id='block_1_62' title="bbox 282 5762 1861 5832">
    <p class='ocr_par' dir='ltr' id='par_1_62' title="bbox 282 5762 1861 5832">
     <span class='ocr_line' id='line_1_62' title="bbox 282 5762 1861 5832; baseline 0 -15"><span class='ocrx_word' id='word_1_468' title='bbox 282 5762 472 5829; x_wconf 62' lang='lat' dir='ltr'><strong>pturire!</strong></span> <span class='ocrx_word' id='word_1_469' title='bbox 509 5762 654 5822; x_wconf 67' lang='grc' dir='ltr'><strong>έξξίιζ</strong></span> <span class='ocrx_word' id='word_1_470' title='bbox 702 5771 848 5815; x_wconf 71' lang='lat' dir='ltr'><strong>Forte</strong></span> <span class='ocrx_word' id='word_1_471' title='bbox 873 5762 1133 5827; x_wconf 83' lang='lat' dir='ltr'><strong>legendum</strong></span> <span class='ocrx_word' id='word_1_472' title='bbox 1159 5780 1170 5815; x_wconf 89' lang='lat'>:</span> <span class='ocrx_word' id='word_1_473' title='bbox 1200 5762 1253 5816; x_wconf 66' lang='lat' dir='ltr'><strong>et</strong></span> <span class='ocrx_word' id='word_1_474' title='bbox 1290 5765 1341 5817; x_wconf 80' lang='lat' dir='ltr'><strong>id</strong></span> <span class='ocrx_word' id='word_1_475' title='bbox 1383 5762 1710 5830; x_wconf 58' lang='lat' dir='ltr'><strong>eousequeutw</strong></span> <span class='ocrx_word' id='word_1_476' title='bbox 1753 5782 1861 5832; x_wconf 85' lang='lat' dir='ltr'><strong>pro-</strong></span> 
     </span>
    </p>
   </div>
   <div class='ocr_carea' id='block_1_63' title="bbox 276 5844 498 5899">
    <p class='ocr_par' dir='ltr' id='par_1_63' title="bbox 276 5844 498 5899">
     <span class='ocr_line' id='line_1_63' title="bbox 276 5844 498 5899; baseline 0.014 -17"><span class='ocrx_word' id='word_1_477' title='bbox 276 5849 382 5899; x_wconf 65' lang='grc' dir='ltr'><strong>ιιι-1.,</strong></span> <span class='ocrx_word' id='word_1_478' title='bbox 406 5844 498 5886; x_wconf 80' lang='lat' dir='ltr'><strong>etc.</strong></span> 
     </span>
    </p>
   </div>
   <div class='ocr_carea' id='block_1_64' title="bbox 1606 364 2216 424">
    <p class='ocr_par' dir='ltr' id='par_1_64' title="bbox 1606 364 2216 424">
     <span class='ocr_line' id='line_1_64' title="bbox 1606 364 2216 424; baseline -0.002 0"><span class='ocrx_word' id='word_1_479' title='bbox 1606 367 1807 424; x_wconf 78' lang='lat' dir='ltr'><strong>LIBER</strong></span> <span class='ocrx_word' id='word_1_480' title='bbox 1842 364 2216 424; x_wconf 78' lang='lat' dir='ltr'><strong>SECUNDUS.</strong></span> 
     </span>
    </p>
   </div>
   <div class='ocr_carea' id='block_1_65' title="bbox 3448 377 3548 433">
    <p class='ocr_par' dir='ltr' id='par_1_65' title="bbox 3448 377 3548 433">
     <span class='ocr_line' id='line_1_65' title="bbox 3448 377 3548 433; baseline 0.02 -2"><span class='ocrx_word' id='word_1_481' title='bbox 3448 377 3548 433; x_wconf 67' lang='grc' dir='ltr'><strong>με</strong></span> 
     </span>
    </p>
   </div>
   <div class='ocr_carea' id='block_1_66' title="bbox 1965 474 3546 559">
    <p class='ocr_par' dir='ltr' id='par_1_66' title="bbox 1965 474 3546 559">
     <span class='ocr_line' id='line_1_66' title="bbox 1965 474 3546 559; baseline 0.004 -19"><span class='ocrx_word' id='word_1_482' title='bbox 1965 496 2067 554; x_wconf 89' lang='lat' dir='ltr'><strong>rat,</strong></span> <span class='ocrx_word' id='word_1_483' title='bbox 2108 502 2230 541; x_wconf 91' lang='lat' dir='ltr'><strong>cum</strong></span> <span class='ocrx_word' id='word_1_484' title='bbox 2259 487 2359 542; x_wconf 26' lang='lat' dir='ltr'><strong>illa.</strong></span> <span class='ocrx_word' id='word_1_485' title='bbox 2381 486 2541 543; x_wconf 84' lang='lat' dir='ltr'><strong>verba</strong></span> <span class='ocrx_word' id='word_1_486' title='bbox 2571 503 2678 544; x_wconf 91' lang='lat' dir='ltr'><strong>non</strong></span> <span class='ocrx_word' id='word_1_487' title='bbox 2713 474 3227 559; x_wconf 69' lang='lat' dir='ltr'><strong>couﬁhnando,.sed</strong></span> <span class='ocrx_word' id='word_1_488' title='bbox 3270 496 3546 550; x_wconf 87' lang='lat' dir='ltr'><strong>renuendo</strong></span> 
     </span>
    </p>
   </div>
   <div class='ocr_carea' id='block_1_67' title="bbox 1962 578 3559 653">
    <p class='ocr_par' dir='ltr' id='par_1_67' title="bbox 1962 578 3559 653">
     <span class='ocr_line' id='line_1_67' title="bbox 1962 578 3559 653; baseline 0 -21"><span class='ocrx_word' id='word_1_489' title='bbox 1962 579 2351 633; x_wconf 86' lang='lat' dir='ltr'><strong>enuntiaverat.</strong></span> <span class='ocrx_word' id='word_1_490' title='bbox 2405 578 2541 634; x_wconf 86' lang='lat' dir='ltr'><strong>Cum</strong></span> <span class='ocrx_word' id='word_1_491' title='bbox 2596 581 2737 635; x_wconf 90' lang='lat' dir='ltr'><strong>enim</strong></span> <span class='ocrx_word' id='word_1_492' title='bbox 2794 580 2971 636; x_wconf 88' lang='lat' dir='ltr'><strong>vivtun</strong></span> <span class='ocrx_word' id='word_1_493' title='bbox 3035 581 3326 653; x_wconf 82' lang='lat' dir='ltr'><strong>recepisset</strong></span> <span class='ocrx_word' id='word_1_494' title='bbox 3381 584 3559 639; x_wconf 33' lang='lat' dir='ltr'><strong>ﬁlium-</strong></span> 
     </span>
    </p>
   </div>
   <div class='ocr_carea' id='block_1_68' title="bbox 1964 666 3547 742">
    <p class='ocr_par' dir='ltr' id='par_1_68' title="bbox 1964 666 3547 742">
     <span class='ocr_line' id='line_1_68' title="bbox 1964 666 3547 742; baseline 0.004 -20"><span class='ocrx_word' id='word_1_495' title='bbox 1964 683 2139 736; x_wconf 87' lang='lat' dir='ltr'><strong>suum,</strong></span> <span class='ocrx_word' id='word_1_496' title='bbox 2164 668 2263 735; x_wconf 85' lang='lat' dir='ltr'><strong>ait,</strong></span> <span class='ocrx_word' id='word_1_497' title='bbox 2291 666 2427 723; x_wconf 84' lang='lat' dir='ltr'><strong>Ecce</strong></span> <span class='ocrx_word' id='word_1_498' title='bbox 2461 672 2668 741; x_wconf 79' lang='lat' dir='ltr'><strong>cognovi</strong></span> <span class='ocrx_word' id='word_1_499' title='bbox 2700 670 2939 742; x_wconf 81' lang='lat' dir='ltr'><strong>quoniam</strong></span> <span class='ocrx_word' id='word_1_500' title='bbox 2966 672 3115 726; x_wconf 81' lang='lat' dir='ltr'><strong>homo</strong></span> <span class='ocrx_word' id='word_1_501' title='bbox 3157 672 3254 727; x_wconf 85' lang='lat' dir='ltr'><strong>Dei</strong></span> <span class='ocrx_word' id='word_1_502' title='bbox 3281 690 3334 728; x_wconf 87' lang='lat' dir='ltr'><strong>es</strong></span> <span class='ocrx_word' id='word_1_503' title='bbox 3374 686 3460 740; x_wconf 85' lang='lat' dir='ltr'><strong>tu,</strong></span> <span class='ocrx_word' id='word_1_504' title='bbox 3501 682 3547 729; x_wconf 84' lang='lat' dir='ltr'><strong>et</strong></span> 
     </span>
    </p>
   </div>
   <div class='ocr_carea' id='block_1_69' title="bbox 1962 761 3538 837">
    <p class='ocr_par' dir='ltr' id='par_1_69' title="bbox 1962 761 3538 837">
     <span class='ocr_line' id='line_1_69' title="bbox 1962 761 3538 837; baseline 0.006 -22"><span class='ocrx_word' id='word_1_505' title='bbox 1962 762 2162 816; x_wconf 71' lang='lat' dir='ltr'><strong>verbum</strong></span> <span class='ocrx_word' id='word_1_506' title='bbox 2180 761 2387 817; x_wconf 68' lang='lat' dir='ltr'><strong>Domini</strong></span> <span class='ocrx_word' id='word_1_507' title='bbox 2405 763 2459 817; x_wconf 86' lang='lat' dir='ltr'><strong>in</strong></span> <span class='ocrx_word' id='word_1_508' title='bbox 2477 780 2564 818; x_wconf 86' lang='lat' dir='ltr'><strong>ore</strong></span> <span class='ocrx_word' id='word_1_509' title='bbox 2582 773 2669 817; x_wconf 76' lang='lat' dir='ltr'><strong>tuo</strong></span> <span class='ocrx_word' id='word_1_510' title='bbox 2692 764 3024 819; x_wconf 80' lang='lat' dir='ltr'><strong>certissimum</strong></span> <span class='ocrx_word' id='word_1_511' title='bbox 3047 765 3147 835; x_wconf 91' lang='lat' dir='ltr'><strong>(Ill</strong></span> <span class='ocrx_word' id='word_1_512' title='bbox 3168 766 3295 837; x_wconf 79' lang='lat' dir='ltr'><strong>Reg.</strong></span> <span class='ocrx_word' id='word_1_513' title='bbox 3315 781 3538 824; x_wconf 79' lang='lat' dir='ltr'><strong>xvn-xx:</strong></span> 
     </span>
    </p>
   </div>
   <div class='ocr_carea' id='block_1_70' title="bbox 1961 853 3549 927">
    <p class='ocr_par' dir='ltr' id='par_1_70' title="bbox 1961 853 3549 927">
     <span class='ocr_line' id='line_1_70' title="bbox 1961 853 3549 927; baseline 0.003 -19"><span class='ocrx_word' id='word_1_514' title='bbox 1961 854 2124 911; x_wconf 72' lang='grc'><strong>21-24</strong></span> <span class='ocrx_word' id='word_1_515' title='bbox 2144 854 2188 925; x_wconf 95' lang='grc'><strong>).</strong></span> <span class='ocrx_word' id='word_1_516' title='bbox 2213 853 2375 910; x_wconf 79' lang='lat' dir='ltr'><strong>Multa</strong></span> <span class='ocrx_word' id='word_1_517' title='bbox 2406 865 2531 911; x_wconf 87' lang='lat' dir='ltr'><strong>sunt</strong></span> <span class='ocrx_word' id='word_1_518' title='bbox 2561 864 2737 911; x_wconf 87' lang='lat' dir='ltr'><strong>autem</strong></span> <span class='ocrx_word' id='word_1_519' title='bbox 2769 856 2821 910; x_wconf 91' lang='lat' dir='ltr'><strong>in</strong></span> <span class='ocrx_word' id='word_1_520' title='bbox 2848 855 3159 927; x_wconf 88' lang='lat' dir='ltr'><strong>Scripturis.</strong></span> <span class='ocrx_word' id='word_1_521' title='bbox 3178 872 3301 927; x_wconf 72' lang='lat' dir='ltr'><strong>qua:</strong></span> <span class='ocrx_word' id='word_1_522' title='bbox 3327 858 3428 913; x_wconf 88' lang='lat' dir='ltr'><strong>ttisi</strong></span> <span class='ocrx_word' id='word_1_523' title='bbox 3456 859 3549 914; x_wconf 91' lang='lat' dir='ltr'><strong>illo</strong></span> 
     </span>
    </p>
   </div>
   <div class='ocr_carea' id='block_1_71' title="bbox 1965 945 3549 1015">
    <p class='ocr_par' dir='ltr' id='par_1_71' title="bbox 1965 945 3549 1015">
     <span class='ocr_line' id='line_1_71' title="bbox 1965 945 3549 1015; baseline 0.002 -15"><span class='ocrx_word' id='word_1_524' title='bbox 1965 945 2125 1002; x_wconf 88' lang='lat' dir='ltr'><strong>modo</strong></span> <span class='ocrx_word' id='word_1_525' title='bbox 2152 946 2586 1015; x_wconf 81' lang='lat' dir='ltr'><strong>pronunticutur,</strong></span> <span class='ocrx_word' id='word_1_526' title='bbox 2616 947 2669 1001; x_wconf 95' lang='lat' dir='ltr'><strong>in</strong></span> <span class='ocrx_word' id='word_1_527' title='bbox 2709 949 3029 1002; x_wconf 78' lang='lat' dir='ltr'><strong>contrariam</strong></span> <span class='ocrx_word' id='word_1_528' title='bbox 3059 948 3378 1004; x_wconf 83' lang='lat' dir='ltr'><strong>sententiam</strong></span> <span class='ocrx_word' id='word_1_529' title='bbox 3413 951 3549 1003; x_wconf 58' lang='lat' dir='ltr'><strong>reci.</strong></span> 
     </span>
    </p>
   </div>
   <div class='ocr_carea' id='block_1_72' title="bbox 1964 1036 3549 1106">
    <p class='ocr_par' dir='ltr' id='par_1_72' title="bbox 1964 1036 3549 1106">
     <span class='ocr_line' id='line_1_72' title="bbox 1964 1036 3549 1106; baseline 0.001 -15"><span class='ocrx_word' id='word_1_530' title='bbox 1964 1036 2135 1092; x_wconf 87' lang='lat' dir='ltr'><strong>dunt:</strong></span> <span class='ocrx_word' id='word_1_531' title='bbox 2162 1038 2317 1093; x_wconf 89' lang='lat' dir='ltr'><strong>sicuti</strong></span> <span class='ocrx_word' id='word_1_532' title='bbox 2351 1047 2452 1103; x_wconf 89' lang='lat' dir='ltr'><strong>est,</strong></span> <span class='ocrx_word' id='word_1_533' title='bbox 2486 1037 2614 1106; x_wconf 83' lang='lat' dir='ltr'><strong>Quis</strong></span> <span class='ocrx_word' id='word_1_534' title='bbox 2639 1038 2894 1093; x_wconf 87' lang='lat' dir='ltr'><strong>accusabit</strong></span> <span class='ocrx_word' id='word_1_535' title='bbox 2930 1038 3169 1095; x_wconf 80' lang='lat' dir='ltr'><strong>adversus</strong></span> <span class='ocrx_word' id='word_1_536' title='bbox 3204 1040 3383 1094; x_wconf 75' lang='lat' dir='ltr'><strong>electos</strong></span> <span class='ocrx_word' id='word_1_537' title='bbox 3421 1038 3513 1093; x_wconf 84' lang='lat' dir='ltr'><strong>Dei</strong></span> <span class='ocrx_word' id='word_1_538' title='bbox 3525 1041 3549 1093; x_wconf 74' lang='lat'><strong><em>?</em></strong></span> 
     </span>
    </p>
   </div>
   <div class='ocr_carea' id='block_1_73' title="bbox 1965 1114 3548 1199">
    <p class='ocr_par' dir='ltr' id='par_1_73' title="bbox 1965 1114 3548 1199">
     <span class='ocr_line' id='line_1_73' title="bbox 1965 1114 3548 1199; baseline 0.001 -18"><span class='ocrx_word' id='word_1_539' title='bbox 1965 1126 2103 1181; x_wconf 87' lang='lat' dir='ltr'><strong>Deus</strong></span> <span class='ocrx_word' id='word_1_540' title='bbox 2118 1129 2502 1199; x_wconf 48' lang='lat' dir='ltr'><strong>qui&#39;jttstiﬁoat</strong></span> <span class='ocrx_word' id='word_1_541' title='bbox 2539 1128 2733 1199; x_wconf 78' lang='lat' dir='ltr'><strong>(Rem.</strong></span> <span class='ocrx_word' id='word_1_542' title='bbox 2773 1144 2888 1193; x_wconf 73' lang='lat' dir='ltr'><strong>Vin,</strong></span> <span class='ocrx_word' id='word_1_543' title='bbox 2926 1129 3057 1198; x_wconf 73' lang='lat'><strong>35),</strong></span> <span class='ocrx_word' id='word_1_544' title='bbox 3103 1130 3148 1183; x_wconf 90' lang='lat' dir='ltr'><strong>si</strong></span> <span class='ocrx_word' id='word_1_545' title='bbox 3175 1114 3323 1199; x_wconf 85' lang='lat' dir='ltr'><strong>quasi</strong></span> <span class='ocrx_word' id='word_1_546' title='bbox 3352 1133 3548 1184; x_wconf 84' lang='lat' dir='ltr'><strong>confir-</strong></span> 
     </span>
    </p>
   </div>
   <div class='ocr_carea' id='block_1_74' title="bbox 1968 1219 3545 1290">
    <p class='ocr_par' dir='ltr' id='par_1_74' title="bbox 1968 1219 3545 1290">
     <span class='ocr_line' id='line_1_74' title="bbox 1968 1219 3545 1290; baseline 0.003 -20"><span class='ocrx_word' id='word_1_547' title='bbox 1968 1233 2123 1273; x_wconf 90' lang='lat' dir='ltr'><strong>mans</strong></span> <span class='ocrx_word' id='word_1_548' title='bbox 2158 1219 2507 1289; x_wconf 88' lang='lat' dir='ltr'><strong>respondeas,</strong></span> <span class='ocrx_word' id='word_1_549' title='bbox 2550 1220 2701 1275; x_wconf 89' lang='lat' dir='ltr'><strong>vides</strong></span> <span class='ocrx_word' id='word_1_550' title='bbox 2728 1230 2927 1290; x_wconf 85' lang='lat' dir='ltr'><strong>quanta</strong></span> <span class='ocrx_word' id='word_1_551' title='bbox 2967 1222 3286 1289; x_wconf 83' lang='lat' dir='ltr'><strong>perversitas</strong></span> <span class='ocrx_word' id='word_1_552' title='bbox 3323 1223 3545 1276; x_wconf 90' lang='lat' dir='ltr'><strong>oriatur.</strong></span> 
     </span>
    </p>
   </div>
   <div class='ocr_carea' id='block_1_75' title="bbox 1967 1309 3544 1381">
    <p class='ocr_par' dir='ltr' id='par_1_75' title="bbox 1967 1309 3544 1381">
     <span class='ocr_line' id='line_1_75' title="bbox 1967 1309 3544 1381; baseline 0.003 -17"><span class='ocrx_word' id='word_1_553' title='bbox 1967 1309 2057 1364; x_wconf 85' lang='lat' dir='ltr'><strong>Sie</strong></span> <span class='ocrx_word' id='word_1_554' title='bbox 2084 1324 2212 1380; x_wconf 90' lang='lat' dir='ltr'><strong>ergo</strong></span> <span class='ocrx_word' id='word_1_555' title='bbox 2241 1311 2690 1381; x_wconf 88' lang='lat' dir='ltr'><strong>pronuntiandum</strong></span> <span class='ocrx_word' id='word_1_556' title='bbox 2716 1320 2818 1377; x_wconf 87' lang='lat' dir='ltr'><strong>est,</strong></span> <span class='ocrx_word' id='word_1_557' title='bbox 2855 1326 2919 1367; x_wconf 91' lang='lat' dir='ltr'><strong>ac</strong></span> <span class='ocrx_word' id='word_1_558' title='bbox 2947 1313 2990 1366; x_wconf 92' lang='lat' dir='ltr'><strong>si</strong></span> <span class='ocrx_word' id='word_1_559' title='bbox 3019 1312 3306 1378; x_wconf 88' lang='lat' dir='ltr'><strong>diceretur,</strong></span> <span class='ocrx_word' id='word_1_560' title='bbox 3336 1314 3544 1369; x_wconf 79' lang='lat' dir='ltr'><strong>Deus~tc</strong></span> 
     </span>
    </p>
   </div>
   <div class='ocr_carea' id='block_1_76' title="bbox 1965 1403 3547 1475">
    <p class='ocr_par' dir='ltr' id='par_1_76' title="bbox 1965 1403 3547 1475">
     <span class='ocr_line' id='line_1_76' title="bbox 1965 1403 3547 1475; baseline 0.003 -19"><span class='ocrx_word' id='word_1_561' title='bbox 1965 1403 2055 1472; x_wconf 86' lang='lat' dir='ltr'><strong>qui</strong></span> <span class='ocrx_word' id='word_1_562' title='bbox 2077 1403 2365 1473; x_wconf 84' lang='lat' dir='ltr'><strong>justiflcat?</strong></span> <span class='ocrx_word' id='word_1_563' title='bbox 2388 1413 2445 1458; x_wconf 93' lang='lat' dir='ltr'><strong>ut</strong></span> <span class='ocrx_word' id='word_1_564' title='bbox 2467 1403 2834 1469; x_wconf 78' lang='lat' dir='ltr'><strong>subaudiatur,</strong></span> <span class='ocrx_word' id='word_1_565' title='bbox 2858 1404 2974 1459; x_wconf 81' lang='lat' dir='ltr'><strong>Non</strong></span> <span class='ocrx_word' id='word_1_566' title='bbox 2997 1404 3196 1475; x_wconf 79' lang='lat' dir='ltr'><strong>utique.</strong></span> <span class='ocrx_word' id='word_1_567' title='bbox 3221 1405 3298 1460; x_wconf 88' lang='lat' dir='ltr'><strong>Ac</strong></span> <span class='ocrx_word' id='word_1_568' title='bbox 3325 1422 3419 1475; x_wconf 89' lang='lat' dir='ltr'><strong>per</strong></span> <span class='ocrx_word' id='word_1_569' title='bbox 3446 1407 3547 1463; x_wconf 88' lang='lat' dir='ltr'><strong>hoc</strong></span> 
     </span>
    </p>
   </div>
   <div class='ocr_carea' id='block_1_77' title="bbox 1964 1494 3547 1566">
    <p class='ocr_par' dir='ltr' id='par_1_77' title="bbox 1964 1494 3547 1566">
     <span class='ocr_line' id='line_1_77' title="bbox 1964 1494 3547 1566; baseline 0.003 -19"><span class='ocrx_word' id='word_1_570' title='bbox 1964 1504 2202 1563; x_wconf 85' lang='lat' dir='ltr'><strong>apertam</strong></span> <span class='ocrx_word' id='word_1_571' title='bbox 2231 1505 2504 1564; x_wconf 86' lang='lat' dir='ltr'><strong>puto-esse</strong></span> <span class='ocrx_word' id='word_1_572' title='bbox 2532 1495 2676 1550; x_wconf 86' lang='lat' dir='ltr'><strong>illam</strong></span> <span class='ocrx_word' id='word_1_573' title='bbox 2710 1494 2838 1550; x_wconf 68' lang='lat' dir='ltr'><strong>Elite</strong></span> <span class='ocrx_word' id='word_1_574' title='bbox 2867 1497 3210 1562; x_wconf 88' lang='lat' dir='ltr'><strong>sententiam,</strong></span> <span class='ocrx_word' id='word_1_575' title='bbox 3230 1511 3399 1566; x_wconf 80' lang='lat' dir='ltr'><strong>quam</strong></span> <span class='ocrx_word' id='word_1_576' title='bbox 3440 1512 3547 1552; x_wconf 83' lang='lat' dir='ltr'><strong>non</strong></span> 
     </span>
    </p>
   </div>
   <div class='ocr_carea' id='block_1_78' title="bbox 1964 1586 3156 1655">
    <p class='ocr_par' dir='ltr' id='par_1_78' title="bbox 1964 1586 3156 1655">
     <span class='ocr_line' id='line_1_78' title="bbox 1964 1586 3156 1655; baseline 0 -14"><span class='ocrx_word' id='word_1_577' title='bbox 1964 1598 2174 1641; x_wconf 81' lang='lat' dir='ltr'><strong>servata</strong></span> <span class='ocrx_word' id='word_1_578' title='bbox 2204 1586 2566 1655; x_wconf 84' lang='lat' dir='ltr'><strong>pronuntiatio</strong></span> <span class='ocrx_word' id='word_1_579' title='bbox 2596 1586 2823 1642; x_wconf 81' lang='lat' dir='ltr'><strong>faciebat</strong></span> <span class='ocrx_word' id='word_1_580' title='bbox 2848 1586 3156 1641; x_wconf 82' lang='lat' dir='ltr'><strong>obscuram.</strong></span> 
     </span>
    </p>
   </div>
   <div class='ocr_carea' id='block_1_79' title="bbox 1962 1698 3553 1770">
    <p class='ocr_par' dir='ltr' id='par_1_79' title="bbox 1962 1698 3553 1770">
     <span class='ocr_line' id='line_1_79' title="bbox 1962 1698 3553 1770; baseline -0.002 -13"><span class='ocrx_word' id='word_1_581' title='bbox 1962 1699 2179 1767; x_wconf 63' lang='lat' dir='ltr'><strong>sts&#39;r.</strong></span> <span class='ocrx_word' id='word_1_582' title='bbox 2206 1698 2291 1755; x_wconf 72' lang='lat' dir='ltr'><strong>Vl.</strong></span> <span class='ocrx_word' id='word_1_583' title='bbox 2312 1729 2386 1741; x_wconf 89' lang='lat'><strong>—</strong></span> <span class='ocrx_word' id='word_1_584' title='bbox 2420 1699 2498 1754; x_wconf 90' lang='lat' dir='ltr'><strong>De</strong></span> <span class='ocrx_word' id='word_1_585' title='bbox 2521 1700 2703 1770; x_wconf 83' lang='lat' dir='ltr'><strong>spiritu</strong></span> <span class='ocrx_word' id='word_1_586' title='bbox 2724 1700 2973 1754; x_wconf 75' lang='lat' dir='ltr'><strong>utendaeii</strong></span> <span class='ocrx_word' id='word_1_587' title='bbox 2998 1700 3155 1755; x_wconf 85' lang='lat' dir='ltr'><strong>misso</strong></span> <span class='ocrx_word' id='word_1_588' title='bbox 3185 1700 3266 1753; x_wconf 82' lang='lat' dir='ltr'><strong>ad.</strong></span> <span class='ocrx_word' id='word_1_589' title='bbox 3289 1699 3553 1769; x_wconf 78' lang='lat' dir='ltr'><strong>decipim-</strong></span> 
     </span>
    </p>
   </div>
   <div class='ocr_carea' id='block_1_80' title="bbox 2544 1789 2893 1846">
    <p class='ocr_par' dir='ltr' id='par_1_80' title="bbox 2544 1789 2893 1846">
     <span class='ocr_line' id='line_1_80' title="bbox 2544 1789 2893 1846; baseline 0 -1"><span class='ocrx_word' id='word_1_590' title='bbox 2544 1789 2893 1846; x_wconf 63' lang='grc' dir='ltr'><strong>άωηπΑεΙιά.-</strong></span> 
     </span>
    </p>
   </div>
   <div class='ocr_carea' id='block_1_81' title="bbox 2036 1902 3547 1975">
    <p class='ocr_par' dir='ltr' id='par_1_81' title="bbox 2036 1902 3547 1975">
     <span class='ocr_line' id='line_1_81' title="bbox 2036 1902 3547 1975; baseline 0 -16"><span class='ocrx_word' id='word_1_591' title='bbox 2036 1903 2113 1959; x_wconf 88' lang='lat' dir='ltr'><strong>De</strong></span> <span class='ocrx_word' id='word_1_592' title='bbox 2138 1903 2326 1975; x_wconf 92' lang='lat' dir='ltr'><strong>spiritu</strong></span> <span class='ocrx_word' id='word_1_593' title='bbox 2355 1918 2485 1959; x_wconf 90' lang='lat' dir='ltr'><strong>vero</strong></span> <span class='ocrx_word' id='word_1_594' title='bbox 2514 1904 2773 1959; x_wconf 80' lang='lat' dir='ltr'><strong>mendacii</strong></span> <span class='ocrx_word' id='word_1_595' title='bbox 2794 1904 2837 1968; x_wconf 77' lang='grc' dir='ltr'><strong>ί,</strong></span> <span class='ocrx_word' id='word_1_596' title='bbox 2882 1917 2976 1971; x_wconf 89' lang='lat' dir='ltr'><strong>per</strong></span> <span class='ocrx_word' id='word_1_597' title='bbox 3000 1918 3159 1972; x_wconf 88' lang='lat' dir='ltr'><strong>quem</strong></span> <span class='ocrx_word' id='word_1_598' title='bbox 3183 1902 3437 1972; x_wconf 84' lang='lat' dir='ltr'><strong>deceptus</strong></span> <span class='ocrx_word' id='word_1_599' title='bbox 3464 1913 3547 1959; x_wconf 82' lang='lat' dir='ltr'><strong>est</strong></span> 
     </span>
    </p>
   </div>
   <div class='ocr_carea' id='block_1_82' title="bbox 1964 1992 3543 2067">
    <p class='ocr_par' dir='ltr' id='par_1_82' title="bbox 1964 1992 3543 2067">
     <span class='ocr_line' id='line_1_82' title="bbox 1964 1992 3543 2067; baseline -0.001 -18"><span class='ocrx_word' id='word_1_600' title='bbox 1964 1995 2147 2050; x_wconf 84' lang='lat' dir='ltr'><strong>Achab</strong></span> <span class='ocrx_word' id='word_1_601' title='bbox 2193 1994 2299 2067; x_wconf 90' lang='lat' dir='ltr'><strong>(Ill</strong></span> <span class='ocrx_word' id='word_1_602' title='bbox 2343 1995 2469 2066; x_wconf 84' lang='lat' dir='ltr'><strong>Reg.</strong></span> <span class='ocrx_word' id='word_1_603' title='bbox 2512 2010 2665 2059; x_wconf 73' lang='grc' dir='ltr'>χιιι,</span> <span class='ocrx_word' id='word_1_604' title='bbox 2704 1992 2949 2063; x_wconf 70' lang='lat'><strong>20-23),</strong></span> <span class='ocrx_word' id='word_1_605' title='bbox 2997 1992 3099 2047; x_wconf 88' lang='lat' dir='ltr'><strong>hoc</strong></span> <span class='ocrx_word' id='word_1_606' title='bbox 3146 1992 3543 2061; x_wconf 76' lang='lat' dir='ltr'><strong>intelligamus,</strong></span> 
     </span>
    </p>
   </div>
   <div class='ocr_carea' id='block_1_83' title="bbox 1962 2083 3542 2156">
    <p class='ocr_par' dir='ltr' id='par_1_83' title="bbox 1962 2083 3542 2156">
     <span class='ocr_line' id='line_1_83' title="bbox 1962 2083 3542 2156; baseline 0.001 -18"><span class='ocrx_word' id='word_1_607' title='bbox 1962 2086 2102 2154; x_wconf 88' lang='lat' dir='ltr'><strong>quod</strong></span> <span class='ocrx_word' id='word_1_608' title='bbox 2133 2085 2244 2156; x_wconf 86' lang='lat' dir='ltr'><strong>jam</strong></span> <span class='ocrx_word' id='word_1_609' title='bbox 2282 2086 2526 2155; x_wconf 83' lang='lat' dir='ltr'><strong>superius</strong></span> <span class='ocrx_word' id='word_1_610' title='bbox 2564 2086 2694 2139; x_wconf 88' lang='lat' dir='ltr'><strong>satis</strong></span> <span class='ocrx_word' id='word_1_611' title='bbox 2731 2094 2912 2156; x_wconf 88' lang='lat' dir='ltr'><strong>aperte</strong></span> <span class='ocrx_word' id='word_1_612' title='bbox 2951 2091 3232 2139; x_wconf 89' lang='lat' dir='ltr'><strong>tractatum</strong></span> <span class='ocrx_word' id='word_1_613' title='bbox 3270 2083 3542 2140; x_wconf 73' lang='lat' dir='ltr'><strong>arbitror:</strong></span> 
     </span>
    </p>
   </div>
   <div class='ocr_carea' id='block_1_84' title="bbox 1965 2174 3543 2246">
    <p class='ocr_par' dir='ltr' id='par_1_84' title="bbox 1965 2174 3543 2246">
     <span class='ocr_line' id='line_1_84' title="bbox 1965 2174 3543 2246; baseline -0.001 -15"><span class='ocrx_word' id='word_1_614' title='bbox 1965 2176 2131 2231; x_wconf 87' lang='lat' dir='ltr'><strong>Deum</strong></span> <span class='ocrx_word' id='word_1_615' title='bbox 2160 2176 2364 2231; x_wconf 87' lang='lat' dir='ltr'><strong>scilicet</strong></span> <span class='ocrx_word' id='word_1_616' title='bbox 2388 2176 2804 2246; x_wconf 86' lang='lat' dir='ltr'><strong>omnipotentem</strong></span> <span class='ocrx_word' id='word_1_617' title='bbox 2840 2183 2895 2230; x_wconf 89' lang='lat' dir='ltr'><strong>et</strong></span> <span class='ocrx_word' id='word_1_618' title='bbox 2914 2174 3115 2244; x_wconf 84' lang='lat' dir='ltr'><strong>justum</strong></span> <span class='ocrx_word' id='word_1_619' title='bbox 3143 2174 3543 2229; x_wconf 88' lang='lat' dir='ltr'><strong>distributorcm</strong></span> 
     </span>
    </p>
   </div>
   <div class='ocr_carea' id='block_1_85' title="bbox 1961 2264 3544 2337">
    <p class='ocr_par' dir='ltr' id='par_1_85' title="bbox 1961 2264 3544 2337">
     <span class='ocr_line' id='line_1_85' title="bbox 1961 2264 3544 2337; baseline -0.001 -16"><span class='ocrx_word' id='word_1_620' title='bbox 1961 2281 2237 2335; x_wconf 74' lang='lat' dir='ltr'><strong>ptenarum</strong></span> <span class='ocrx_word' id='word_1_621' title='bbox 2269 2267 2713 2337; x_wconf 66' lang='lat' dir='ltr'><strong>prtemioruntque</strong></span> <span class='ocrx_word' id='word_1_622' title='bbox 2736 2279 2834 2335; x_wconf 90' lang='lat' dir='ltr'><strong>pro</strong></span> <span class='ocrx_word' id='word_1_623' title='bbox 2859 2264 3083 2327; x_wconf 89' lang='lat' dir='ltr'><strong>meritis,</strong></span> <span class='ocrx_word' id='word_1_624' title='bbox 3114 2281 3218 2319; x_wconf 91' lang='lat' dir='ltr'><strong>non</strong></span> <span class='ocrx_word' id='word_1_625' title='bbox 3245 2264 3417 2319; x_wconf 84' lang='lat' dir='ltr'><strong>solum</strong></span> <span class='ocrx_word' id='word_1_626' title='bbox 3444 2265 3544 2319; x_wconf 77' lang='lat' dir='ltr'><strong>bo-</strong></span> 
     </span>
    </p>
   </div>
   <div class='ocr_carea' id='block_1_86' title="bbox 1963 2354 3543 2426">
    <p class='ocr_par' dir='ltr' id='par_1_86' title="bbox 1963 2354 3543 2426">
     <span class='ocr_line' id='line_1_86' title="bbox 1963 2354 3543 2426; baseline -0.002 -15"><span class='ocrx_word' id='word_1_627' title='bbox 1963 2358 2045 2412; x_wconf 86' lang='lat' dir='ltr'><strong>nis</strong></span> <span class='ocrx_word' id='word_1_628' title='bbox 2065 2366 2119 2413; x_wconf 85' lang='lat' dir='ltr'><strong>et</strong></span> <span class='ocrx_word' id='word_1_629' title='bbox 2138 2357 2337 2412; x_wconf 86' lang='lat' dir='ltr'><strong>sanctis</strong></span> <span class='ocrx_word' id='word_1_630' title='bbox 2357 2356 2613 2411; x_wconf 84' lang='lat' dir='ltr'><strong>ministris</strong></span> <span class='ocrx_word' id='word_1_631' title='bbox 2633 2356 2706 2409; x_wconf 92' lang='lat' dir='ltr'><strong>uti</strong></span> <span class='ocrx_word' id='word_1_632' title='bbox 2728 2355 2792 2410; x_wconf 90' lang='lat' dir='ltr'><strong>ad</strong></span> <span class='ocrx_word' id='word_1_633' title='bbox 2814 2370 2975 2426; x_wconf 87' lang='lat' dir='ltr'><strong>opera</strong></span> <span class='ocrx_word' id='word_1_634' title='bbox 2996 2370 3249 2425; x_wconf 88' lang='lat' dir='ltr'><strong>congrua,</strong></span> <span class='ocrx_word' id='word_1_635' title='bbox 3267 2354 3360 2409; x_wconf 86' lang='lat' dir='ltr'><strong>sed</strong></span> <span class='ocrx_word' id='word_1_636' title='bbox 3381 2355 3543 2409; x_wconf 90' lang='lat' dir='ltr'><strong>etiam</strong></span> 
     </span>
    </p>
   </div>
   <div class='ocr_carea' id='block_1_87' title="bbox 1963 2445 3545 2517">
    <p class='ocr_par' dir='ltr' id='par_1_87' title="bbox 1963 2445 3545 2517">
     <span class='ocr_line' id='line_1_87' title="bbox 1963 2445 3545 2517; baseline -0.001 -16"><span class='ocrx_word' id='word_1_637' title='bbox 1963 2446 2116 2503; x_wconf 76' lang='lat' dir='ltr'><strong>malis</strong></span> <span class='ocrx_word' id='word_1_638' title='bbox 2136 2446 2201 2501; x_wconf 89' lang='lat' dir='ltr'><strong>ad</strong></span> <span class='ocrx_word' id='word_1_639' title='bbox 2225 2446 2595 2517; x_wconf 87' lang='lat' dir='ltr'><strong>opera-digna;</strong></span> <span class='ocrx_word' id='word_1_640' title='bbox 2619 2460 2741 2500; x_wconf 89' lang='lat' dir='ltr'><strong>cum</strong></span> <span class='ocrx_word' id='word_1_641' title='bbox 2785 2445 2858 2499; x_wconf 91' lang='lat' dir='ltr'><strong>illi</strong></span> <span class='ocrx_word' id='word_1_642' title='bbox 2903 2460 2996 2514; x_wconf 87' lang='lat' dir='ltr'><strong>pro</strong></span> <span class='ocrx_word' id='word_1_643' title='bbox 3034 2458 3129 2498; x_wconf 90' lang='lat' dir='ltr'><strong>sua</strong></span> <span class='ocrx_word' id='word_1_644' title='bbox 3172 2459 3419 2514; x_wconf 85' lang='lat' dir='ltr'><strong>perversa</strong></span> <span class='ocrx_word' id='word_1_645' title='bbox 3444 2458 3545 2499; x_wconf 86' lang='lat' dir='ltr'><strong>cu-</strong></span> 
     </span>
    </p>
   </div>
   <div class='ocr_carea' id='block_1_88' title="bbox 1963 2535 3542 2607">
    <p class='ocr_par' dir='ltr' id='par_1_88' title="bbox 1963 2535 3542 2607">
     <span class='ocr_line' id='line_1_88' title="bbox 1963 2535 3542 2607; baseline -0.001 -17"><span class='ocrx_word' id='word_1_646' title='bbox 1963 2537 2182 2607; x_wconf 86' lang='lat' dir='ltr'><strong>piditate</strong></span> <span class='ocrx_word' id='word_1_647' title='bbox 2211 2539 2232 2569; x_wconf 83' lang='grc'>²</span> <span class='ocrx_word' id='word_1_648' title='bbox 2274 2551 2466 2591; x_wconf 88' lang='lat' dir='ltr'><strong>nocere</strong></span> <span class='ocrx_word' id='word_1_649' title='bbox 2508 2543 2793 2606; x_wconf 88' lang='lat' dir='ltr'><strong>appetant,</strong></span> <span class='ocrx_word' id='word_1_650' title='bbox 2835 2535 3081 2589; x_wconf 73' lang='lat' dir='ltr'><strong>sinaotur</strong></span> <span class='ocrx_word' id='word_1_651' title='bbox 3115 2543 3291 2589; x_wconf 88' lang='lat' dir='ltr'><strong>autem</strong></span> <span class='ocrx_word' id='word_1_652' title='bbox 3338 2544 3542 2589; x_wconf 86' lang='lat' dir='ltr'><strong>tantum</strong></span> 
     </span>
    </p>
   </div>
   <div class='ocr_carea' id='block_1_89' title="bbox 1961 2626 3540 2697">
    <p class='ocr_par' dir='ltr' id='par_1_89' title="bbox 1961 2626 3540 2697">
     <span class='ocr_line' id='line_1_89' title="bbox 1961 2626 3540 2697; baseline -0.002 -15"><span class='ocrx_word' id='word_1_653' title='bbox 1961 2635 2213 2697; x_wconf 86' lang='lat' dir='ltr'><strong>quantum</strong></span> <span class='ocrx_word' id='word_1_654' title='bbox 2256 2626 2345 2681; x_wconf 87' lang='lat' dir='ltr'><strong>ille</strong></span> <span class='ocrx_word' id='word_1_655' title='bbox 2372 2626 2575 2697; x_wconf 90' lang='lat' dir='ltr'><strong>judicat</strong></span> <span class='ocrx_word' id='word_1_656' title='bbox 2597 2667 2611 2688; x_wconf 92' lang='lat'><strong>,</strong></span> <span class='ocrx_word' id='word_1_657' title='bbox 2644 2626 2734 2694; x_wconf 86' lang='lat' dir='ltr'><strong>qui</strong></span> <span class='ocrx_word' id='word_1_658' title='bbox 2763 2626 3018 2680; x_wconf 90' lang='lat' dir='ltr'><strong>omnia-in</strong></span> <span class='ocrx_word' id='word_1_659' title='bbox 3046 2640 3292 2680; x_wconf 83' lang='lat' dir='ltr'><strong>mensura</strong></span> <span class='ocrx_word' id='word_1_660' title='bbox 3321 2634 3540 2695; x_wconf 73' lang='lat' dir='ltr'><strong>etpon-</strong></span> 
     </span>
    </p>
   </div>
   <div class='ocr_carea' id='block_1_90' title="bbox 1959 2713 3543 2787">
    <p class='ocr_par' dir='ltr' id='par_1_90' title="bbox 1959 2713 3543 2787">
     <span class='ocr_line' id='line_1_90' title="bbox 1959 2713 3543 2787; baseline -0.001 -17"><span class='ocrx_word' id='word_1_661' title='bbox 1959 2718 2090 2772; x_wconf 86' lang='lat' dir='ltr'><strong>dere</strong></span> <span class='ocrx_word' id='word_1_662' title='bbox 2114 2727 2167 2772; x_wconf 89' lang='lat' dir='ltr'><strong>et</strong></span> <span class='ocrx_word' id='word_1_663' title='bbox 2194 2731 2416 2771; x_wconf 90' lang='lat' dir='ltr'><strong>numero</strong></span> <span class='ocrx_word' id='word_1_664' title='bbox 2443 2715 2676 2785; x_wconf 83' lang='lat' dir='ltr'><strong>disponit</strong></span> <span class='ocrx_word' id='word_1_665' title='bbox 2704 2716 2722 2787; x_wconf 96' lang='lat'><strong>(</strong></span> <span class='ocrx_word' id='word_1_666' title='bbox 2744 2715 2875 2787; x_wconf 87' lang='lat' dir='ltr'><strong>Sap.</strong></span> <span class='ocrx_word' id='word_1_667' title='bbox 2915 2730 2992 2782; x_wconf 87' lang='lat' dir='ltr'><strong>xt,</strong></span> <span class='ocrx_word' id='word_1_668' title='bbox 3016 2714 3080 2769; x_wconf 61' lang='grc' dir='ltr'>ξι</span> <span class='ocrx_word' id='word_1_669' title='bbox 3109 2713 3157 2786; x_wconf 83' lang='lat'><strong>).</strong></span> <span class='ocrx_word' id='word_1_670' title='bbox 3198 2714 3335 2769; x_wconf 81' lang='lat' dir='ltr'><strong>Dixit</strong></span> <span class='ocrx_word' id='word_1_671' title='bbox 3364 2724 3543 2769; x_wconf 88' lang='lat' dir='ltr'><strong>autem</strong></span> 
     </span>
    </p>
   </div>
   <div class='ocr_carea' id='block_1_91' title="bbox 1961 2804 3557 2877">
    <p class='ocr_par' dir='ltr' id='par_1_91' title="bbox 1961 2804 3557 2877">
     <span class='ocr_line' id='line_1_91' title="bbox 1961 2804 3557 2877; baseline -0.001 -17"><span class='ocrx_word' id='word_1_672' title='bbox 1961 2807 2062 2862; x_wconf 84' lang='lat' dir='ltr'><strong>huc</strong></span> <span class='ocrx_word' id='word_1_673' title='bbox 2095 2805 2344 2862; x_wconf 66' lang='lat' dir='ltr'><strong>Ilichmas</strong></span> <span class='ocrx_word' id='word_1_674' title='bbox 2377 2806 2650 2877; x_wconf 86' lang='lat' dir='ltr'><strong>propheta-</strong></span> <span class='ocrx_word' id='word_1_675' title='bbox 2672 2804 2939 2876; x_wconf 86' lang='lat' dir='ltr'><strong>quomodo</strong></span> <span class='ocrx_word' id='word_1_676' title='bbox 2975 2804 3075 2859; x_wconf 89' lang='lat' dir='ltr'><strong>sibi</strong></span> <span class='ocrx_word' id='word_1_677' title='bbox 3127 2804 3286 2859; x_wconf 89' lang='lat' dir='ltr'><strong>fuerit</strong></span> <span class='ocrx_word' id='word_1_678' title='bbox 3313 2804 3557 2859; x_wconf 51' lang='lat' dir='ltr'><strong>demonm</strong></span> 
     </span>
    </p>
   </div>
   <div class='ocr_carea' id='block_1_92' title="bbox 1959 2897 3544 2954">
    <p class='ocr_par' dir='ltr' id='par_1_92' title="bbox 1959 2897 3544 2954">
     <span class='ocr_line' id='line_1_92' title="bbox 1959 2897 3544 2954; baseline -0.001 -1"><span class='ocrx_word' id='word_1_679' title='bbox 1959 2910 2204 2954; x_wconf 87' lang='lat' dir='ltr'><strong>stratum.</strong></span> <span class='ocrx_word' id='word_1_680' title='bbox 2249 2897 2468 2954; x_wconf 88' lang='lat' dir='ltr'><strong>Occulta</strong></span> <span class='ocrx_word' id='word_1_681' title='bbox 2499 2898 2641 2953; x_wconf 86' lang='lat' dir='ltr'><strong>enim</strong></span> <span class='ocrx_word' id='word_1_682' title='bbox 2674 2912 2762 2952; x_wconf 84' lang='lat' dir='ltr'><strong>res</strong></span> <span class='ocrx_word' id='word_1_683' title='bbox 2798 2897 3052 2952; x_wconf 88' lang='lat' dir='ltr'><strong>et-nimis</strong></span> <span class='ocrx_word' id='word_1_684' title='bbox 3095 2906 3299 2952; x_wconf 89' lang='lat' dir='ltr'><strong>secreta</strong></span> <span class='ocrx_word' id='word_1_685' title='bbox 3345 2897 3415 2951; x_wconf 90' lang='lat' dir='ltr'><strong>ita</strong></span> <span class='ocrx_word' id='word_1_686' title='bbox 3443 2898 3544 2951; x_wconf 84' lang='lat' dir='ltr'><strong>dc-</strong></span> 
     </span>
    </p>
   </div>
   <div class='ocr_carea' id='block_1_93' title="bbox 1960 2988 3545 3062">
    <p class='ocr_par' dir='ltr' id='par_1_93' title="bbox 1960 2988 3545 3062">
     <span class='ocr_line' id='line_1_93' title="bbox 1960 2988 3545 3062; baseline -0.003 -15"><span class='ocrx_word' id='word_1_687' title='bbox 1960 3001 2291 3047; x_wconf 83' lang='lat' dir='ltr'><strong>tnonstratur</strong></span> <span class='ocrx_word' id='word_1_688' title='bbox 2310 2991 2604 3062; x_wconf 85' lang='lat' dir='ltr'><strong>pr0pltetis,</strong></span> <span class='ocrx_word' id='word_1_689' title='bbox 2634 2991 2768 3045; x_wconf 85' lang='lat' dir='ltr'><strong>sicut</strong></span> <span class='ocrx_word' id='word_1_690' title='bbox 2798 2999 2973 3061; x_wconf 88' lang='lat' dir='ltr'><strong>potest</strong></span> <span class='ocrx_word' id='word_1_691' title='bbox 2998 3004 3189 3060; x_wconf 87' lang='lat' dir='ltr'><strong>capere</strong></span> <span class='ocrx_word' id='word_1_692' title='bbox 3219 3004 3407 3044; x_wconf 84' lang='lat' dir='ltr'><strong>sensus</strong></span> <span class='ocrx_word' id='word_1_693' title='bbox 3446 2988 3545 3043; x_wconf 86' lang='lat' dir='ltr'><strong>bu-</strong></span> 
     </span>
    </p>
   </div>
   <div class='ocr_carea' id='block_1_94' title="bbox 1962 3080 3544 3151">
    <p class='ocr_par' dir='ltr' id='par_1_94' title="bbox 1962 3080 3544 3151">
     <span class='ocr_line' id='line_1_94' title="bbox 1962 3080 3544 3151; baseline 0 -15"><span class='ocrx_word' id='word_1_694' title='bbox 1962 3099 2173 3147; x_wconf 86' lang='lat' dir='ltr'><strong>tnanus,</strong></span> <span class='ocrx_word' id='word_1_695' title='bbox 2211 3098 2334 3138; x_wconf 89' lang='lat' dir='ltr'><strong>cum</strong></span> <span class='ocrx_word' id='word_1_696' title='bbox 2376 3084 2539 3139; x_wconf 85' lang='lat' dir='ltr'><strong>etiam</strong></span> <span class='ocrx_word' id='word_1_697' title='bbox 2567 3098 2744 3136; x_wconf 82' lang='lat' dir='ltr'><strong>rerum</strong></span> <span class='ocrx_word' id='word_1_698' title='bbox 2776 3080 3091 3151; x_wconf 78' lang='lat' dir='ltr'><strong>imaginibus</strong></span> <span class='ocrx_word' id='word_1_699' title='bbox 3119 3082 3171 3135; x_wconf 92' lang='lat' dir='ltr'><strong>in</strong></span> <span class='ocrx_word' id='word_1_700' title='bbox 3216 3081 3544 3137; x_wconf 85' lang='lat' dir='ltr'><strong>revelatione</strong></span> 
     </span>
    </p>
   </div>
   <div class='ocr_carea' id='block_1_95' title="bbox 1963 3173 3557 3246">
    <p class='ocr_par' dir='ltr' id='par_1_95' title="bbox 1963 3173 3557 3246">
     <span class='ocr_line' id='line_1_95' title="bbox 1963 3173 3557 3246; baseline 0.001 -16"><span class='ocrx_word' id='word_1_701' title='bbox 1963 3188 2210 3246; x_wconf 88' lang='lat' dir='ltr'><strong>tanquam</strong></span> <span class='ocrx_word' id='word_1_702' title='bbox 2242 3176 2418 3231; x_wconf 89' lang='lat' dir='ltr'><strong>verbis</strong></span> <span class='ocrx_word' id='word_1_703' title='bbox 2449 3175 2745 3229; x_wconf 88' lang='lat' dir='ltr'><strong>instruitur.</strong></span> <span class='ocrx_word' id='word_1_704' title='bbox 2774 3173 2904 3228; x_wconf 85' lang='lat' dir='ltr'><strong>Nam</strong></span> <span class='ocrx_word' id='word_1_705' title='bbox 2934 3173 3200 3242; x_wconf 80' lang='lat' dir='ltr'><strong>quomodo</strong></span> <span class='ocrx_word' id='word_1_706' title='bbox 3245 3174 3382 3227; x_wconf 87' lang='lat' dir='ltr'><strong>Deus</strong></span> <span class='ocrx_word' id='word_1_707' title='bbox 3429 3174 3557 3231; x_wconf 69' lang='lat' dir='ltr'><strong>luco.</strong></span> 
     </span>
    </p>
   </div>
   <div class='ocr_carea' id='block_1_96' title="bbox 1960 3266 3542 3337">
    <p class='ocr_par' dir='ltr' id='par_1_96' title="bbox 1960 3266 3542 3337">
     <span class='ocr_line' id='line_1_96' title="bbox 1960 3266 3542 3337; baseline -0.002 -16"><span class='ocrx_word' id='word_1_708' title='bbox 1960 3277 2099 3337; x_wconf 82' lang='lat' dir='ltr'><strong>agat,</strong></span> <span class='ocrx_word' id='word_1_709' title='bbox 2128 3267 2323 3336; x_wconf 89' lang='lat' dir='ltr'><strong>ubique</strong></span> <span class='ocrx_word' id='word_1_710' title='bbox 2350 3276 2491 3320; x_wconf 89' lang='lat' dir='ltr'><strong>totus</strong></span> <span class='ocrx_word' id='word_1_711' title='bbox 2526 3281 2588 3319; x_wconf 92' lang='lat' dir='ltr'><strong>ac</strong></span> <span class='ocrx_word' id='word_1_712' title='bbox 2622 3280 2831 3335; x_wconf 86' lang='lat' dir='ltr'><strong>semper</strong></span> <span class='ocrx_word' id='word_1_713' title='bbox 2869 3280 3138 3335; x_wconf 62' lang='lat' dir='ltr'><strong>praesens;</strong></span> <span class='ocrx_word' id='word_1_714' title='bbox 3181 3275 3231 3319; x_wconf 89' lang='lat' dir='ltr'><strong>et</strong></span> <span class='ocrx_word' id='word_1_715' title='bbox 3274 3266 3542 3334; x_wconf 88' lang='lat' dir='ltr'><strong>quomodo</strong></span> 
     </span>
    </p>
   </div>
   <div class='ocr_carea' id='block_1_97' title="bbox 1960 3357 3543 3428">
    <p class='ocr_par' dir='ltr' id='par_1_97' title="bbox 1960 3357 3543 3428">
     <span class='ocr_line' id='line_1_97' title="bbox 1960 3357 3543 3428; baseline -0.003 -14"><span class='ocrx_word' id='word_1_716' title='bbox 1960 3362 2077 3427; x_wconf 87' lang='lat' dir='ltr'><strong>cjtts</strong></span> <span class='ocrx_word' id='word_1_717' title='bbox 2106 3361 2401 3428; x_wconf 87' lang='lat' dir='ltr'><strong>simplicem</strong></span> <span class='ocrx_word' id='word_1_718' title='bbox 2429 3368 2483 3412; x_wconf 92' lang='lat' dir='ltr'><strong>et</strong></span> <span class='ocrx_word' id='word_1_719' title='bbox 2513 3357 2994 3412; x_wconf 84' lang='lat' dir='ltr'><strong>incommutabilem</strong></span> <span class='ocrx_word' id='word_1_720' title='bbox 3025 3368 3383 3427; x_wconf 76' lang='lat' dir='ltr'><strong>:ctcrnatnque</strong></span> <span class='ocrx_word' id='word_1_721' title='bbox 3404 3358 3543 3411; x_wconf 86' lang='lat' dir='ltr'><strong>veri-</strong></span> 
     </span>
    </p>
   </div>
   <div class='ocr_carea' id='block_1_98' title="bbox 1962 3449 3539 3519">
    <p class='ocr_par' dir='ltr' id='par_1_98' title="bbox 1962 3449 3539 3519">
     <span class='ocr_line' id='line_1_98' title="bbox 1962 3449 3539 3519; baseline -0.002 -14"><span class='ocrx_word' id='word_1_722' title='bbox 1962 3461 2121 3507; x_wconf 86' lang='lat' dir='ltr'><strong>taletn</strong></span> <span class='ocrx_word' id='word_1_723' title='bbox 2166 3451 2447 3505; x_wconf 84' lang='lat' dir='ltr'><strong>consulant</strong></span> <span class='ocrx_word' id='word_1_724' title='bbox 2488 3451 2655 3503; x_wconf 81' lang='lat' dir='ltr'><strong>sancti</strong></span> <span class='ocrx_word' id='word_1_725' title='bbox 2680 3449 2886 3519; x_wconf 79' lang='lat' dir='ltr'><strong>Angeli,</strong></span> <span class='ocrx_word' id='word_1_726' title='bbox 2918 3464 3209 3518; x_wconf 88' lang='lat' dir='ltr'><strong>omnesque</strong></span> <span class='ocrx_word' id='word_1_727' title='bbox 3246 3450 3313 3503; x_wconf 91' lang='lat' dir='ltr'><strong>ab</strong></span> <span class='ocrx_word' id='word_1_728' title='bbox 3351 3449 3539 3504; x_wconf 87' lang='lat' dir='ltr'><strong>eodem</strong></span> 
     </span>
    </p>
   </div>
   <div class='ocr_carea' id='block_1_99' title="bbox 1965 3540 3541 3611">
    <p class='ocr_par' dir='ltr' id='par_1_99' title="bbox 1965 3540 3541 3611">
     <span class='ocr_line' id='line_1_99' title="bbox 1965 3540 3541 3611; baseline -0.002 -13"><span class='ocrx_word' id='word_1_729' title='bbox 1965 3545 2072 3600; x_wconf 88' lang='lat' dir='ltr'><strong>Deo</strong></span> <span class='ocrx_word' id='word_1_730' title='bbox 2119 3544 2282 3599; x_wconf 88' lang='lat' dir='ltr'><strong>creati</strong></span> <span class='ocrx_word' id='word_1_731' title='bbox 2322 3542 2578 3597; x_wconf 88' lang='lat' dir='ltr'><strong>sublimes</strong></span> <span class='ocrx_word' id='word_1_732' title='bbox 2619 3550 2674 3596; x_wconf 88' lang='lat' dir='ltr'><strong>et</strong></span> <span class='ocrx_word' id='word_1_733' title='bbox 2718 3540 3051 3595; x_wconf 84' lang='lat' dir='ltr'><strong>mundissitui</strong></span> <span class='ocrx_word' id='word_1_734' title='bbox 3094 3540 3330 3610; x_wconf 89' lang='lat' dir='ltr'><strong>spiritus,</strong></span> <span class='ocrx_word' id='word_1_735' title='bbox 3381 3550 3541 3611; x_wconf 86' lang='lat' dir='ltr'><strong>atque</strong></span> 
     </span>
    </p>
   </div>
   <div class='ocr_carea' id='block_1_100' title="bbox 1962 3630 3543 3704">
    <p class='ocr_par' dir='ltr' id='par_1_100' title="bbox 1962 3630 3543 3704">
     <span class='ocr_line' id='line_1_100' title="bbox 1962 3630 3543 3704; baseline -0.004 -14"><span class='ocrx_word' id='word_1_736' title='bbox 1962 3634 2015 3690; x_wconf 89' lang='lat' dir='ltr'><strong>id</strong></span> <span class='ocrx_word' id='word_1_737' title='bbox 2058 3633 2213 3704; x_wconf 77' lang='lat' dir='ltr'><strong>quod:</strong></span> <span class='ocrx_word' id='word_1_738' title='bbox 2247 3632 2298 3686; x_wconf 86' lang='lat' dir='ltr'><strong>in</strong></span> <span class='ocrx_word' id='word_1_739' title='bbox 2335 3648 2403 3687; x_wconf 90' lang='lat' dir='ltr'><strong>eo</strong></span> <span class='ocrx_word' id='word_1_740' title='bbox 2450 3632 2773 3701; x_wconf 78' lang='lat' dir='ltr'><strong>sempiterno</strong></span> <span class='ocrx_word' id='word_1_741' title='bbox 2810 3630 3242 3701; x_wconf 86' lang='lat' dir='ltr'><strong>justum.vident,</strong></span> <span class='ocrx_word' id='word_1_742' title='bbox 3282 3647 3376 3701; x_wconf 92' lang='lat' dir='ltr'><strong>pro</strong></span> <span class='ocrx_word' id='word_1_743' title='bbox 3420 3646 3543 3686; x_wconf 85' lang='lat' dir='ltr'><strong>con-</strong></span> 
     </span>
    </p>
   </div>
   <div class='ocr_carea' id='block_1_101' title="bbox 1962 3722 3536 3795">
    <p class='ocr_par' dir='ltr' id='par_1_101' title="bbox 1962 3722 3536 3795">
     <span class='ocr_line' id='line_1_101' title="bbox 1962 3722 3536 3795; baseline -0.002 -15"><span class='ocrx_word' id='word_1_744' title='bbox 1962 3724 2203 3795; x_wconf 89' lang='lat' dir='ltr'><strong>gruentia</strong></span> <span class='ocrx_word' id='word_1_745' title='bbox 2254 3738 2432 3778; x_wconf 89' lang='lat' dir='ltr'><strong>rerum</strong></span> <span class='ocrx_word' id='word_1_746' title='bbox 2482 3722 2790 3777; x_wconf 88' lang='lat' dir='ltr'><strong>inferiorum</strong></span> <span class='ocrx_word' id='word_1_747' title='bbox 2843 3722 3206 3792; x_wconf 87' lang='lat' dir='ltr'><strong>tetnporaliter</strong></span> <span class='ocrx_word' id='word_1_748' title='bbox 3252 3733 3536 3794; x_wconf 87' lang='lat' dir='ltr'><strong>peragant:</strong></span> 
     </span>
    </p>
   </div>
   <div class='ocr_carea' id='block_1_102' title="bbox 1961 3813 3544 3887">
    <p class='ocr_par' dir='ltr' id='par_1_102' title="bbox 1961 3813 3544 3887">
     <span class='ocr_line' id='line_1_102' title="bbox 1961 3813 3544 3887; baseline 0.001 -19"><span class='ocrx_word' id='word_1_749' title='bbox 1961 3813 2232 3887; x_wconf 85' lang='lat' dir='ltr'><strong>quomodo</strong></span> <span class='ocrx_word' id='word_1_750' title='bbox 2257 3814 2422 3870; x_wconf 88' lang='lat' dir='ltr'><strong>etiam</strong></span> <span class='ocrx_word' id='word_1_751' title='bbox 2446 3814 2579 3883; x_wconf 82' lang='lat' dir='ltr'><strong>lapsi</strong></span> <span class='ocrx_word' id='word_1_752' title='bbox 2605 3814 2844 3883; x_wconf 90' lang='lat' dir='ltr'><strong>spiritus,</strong></span> <span class='ocrx_word' id='word_1_753' title='bbox 2866 3813 2954 3884; x_wconf 92' lang='lat' dir='ltr'><strong>qui</strong></span> <span class='ocrx_word' id='word_1_754' title='bbox 2982 3814 3033 3868; x_wconf 95' lang='lat' dir='ltr'><strong>in</strong></span> <span class='ocrx_word' id='word_1_755' title='bbox 3057 3814 3278 3870; x_wconf 88' lang='lat' dir='ltr'><strong>veritate</strong></span> <span class='ocrx_word' id='word_1_756' title='bbox 3304 3830 3408 3869; x_wconf 90' lang='lat' dir='ltr'><strong>nou</strong></span> <span class='ocrx_word' id='word_1_757' title='bbox 3434 3824 3544 3870; x_wconf 88' lang='lat' dir='ltr'><strong>stc-</strong></span> 
     </span>
    </p>
   </div>
   <div class='ocr_carea' id='block_1_103' title="bbox 1964 3906 3542 3979">
    <p class='ocr_par' dir='ltr' id='par_1_103' title="bbox 1964 3906 3542 3979">
     <span class='ocr_line' id='line_1_103' title="bbox 1964 3906 3542 3979; baseline 0 -16"><span class='ocrx_word' id='word_1_758' title='bbox 1964 3914 2163 3975; x_wconf 85' lang='lat' dir='ltr'><strong>terunt,</strong></span> <span class='ocrx_word' id='word_1_759' title='bbox 2184 3916 2399 3978; x_wconf 89' lang='lat' dir='ltr'><strong>propter</strong></span> <span class='ocrx_word' id='word_1_760' title='bbox 2415 3907 2799 3961; x_wconf 89' lang='lat' dir='ltr'><strong>immunditiam</strong></span> <span class='ocrx_word' id='word_1_761' title='bbox 2820 3916 2875 3962; x_wconf 91' lang='lat' dir='ltr'><strong>et</strong></span> <span class='ocrx_word' id='word_1_762' title='bbox 2901 3906 3259 3962; x_wconf 88' lang='lat' dir='ltr'><strong>inﬁrmitatem</strong></span> <span class='ocrx_word' id='word_1_763' title='bbox 3285 3909 3542 3979; x_wconf 82' lang='lat' dir='ltr'><strong>concupi-</strong></span> 
     </span>
    </p>
   </div>
   <div class='ocr_carea' id='block_1_104' title="bbox 1962 3997 3540 4070">
    <p class='ocr_par' dir='ltr' id='par_1_104' title="bbox 1962 3997 3540 4070">
     <span class='ocr_line' id='line_1_104' title="bbox 1962 3997 3540 4070; baseline -0.001 -17"><span class='ocrx_word' id='word_1_764' title='bbox 1962 3997 2376 4053; x_wconf 81' lang='lat' dir='ltr'><strong>seentiarumet</strong></span> <span class='ocrx_word' id='word_1_765' title='bbox 2413 4013 2689 4067; x_wconf 65' lang='lat' dir='ltr'><strong>pinnarum</strong></span> <span class='ocrx_word' id='word_1_766' title='bbox 2728 4013 2942 4053; x_wconf 86' lang='lat' dir='ltr'><strong>suarum</strong></span> <span class='ocrx_word' id='word_1_767' title='bbox 2972 4014 3077 4054; x_wconf 92' lang='lat' dir='ltr'><strong>uon</strong></span> <span class='ocrx_word' id='word_1_768' title='bbox 3120 4000 3358 4055; x_wconf 85' lang='lat' dir='ltr'><strong>valentes</strong></span> <span class='ocrx_word' id='word_1_769' title='bbox 3402 4016 3540 4070; x_wconf 68' lang='lat' dir='ltr'><strong>pra:-</strong></span> 
     </span>
    </p>
   </div>
   <div class='ocr_carea' id='block_1_105' title="bbox 1962 4091 3541 4159">
    <p class='ocr_par' dir='ltr' id='par_1_105' title="bbox 1962 4091 3541 4159">
     <span class='ocr_line' id='line_1_105' title="bbox 1962 4091 3541 4159; baseline -0.001 -11"><span class='ocrx_word' id='word_1_770' title='bbox 1962 4100 2169 4148; x_wconf 83' lang='lat' dir='ltr'><strong>sesttem</strong></span> <span class='ocrx_word' id='word_1_771' title='bbox 2200 4091 2522 4146; x_wconf 90' lang='lat' dir='ltr'><strong>intrinsecus</strong></span> <span class='ocrx_word' id='word_1_772' title='bbox 2549 4092 2788 4146; x_wconf 90' lang='lat' dir='ltr'><strong>contueri</strong></span> <span class='ocrx_word' id='word_1_773' title='bbox 2832 4100 2886 4146; x_wconf 89' lang='lat' dir='ltr'><strong>et</strong></span> <span class='ocrx_word' id='word_1_774' title='bbox 2929 4093 3207 4148; x_wconf 83' lang='lat' dir='ltr'><strong>consulere</strong></span> <span class='ocrx_word' id='word_1_775' title='bbox 3241 4092 3541 4159; x_wconf 86' lang='lat' dir='ltr'><strong>veritatem,</strong></span> 
     </span>
    </p>
   </div>
   <div class='ocr_carea' id='block_1_106' title="bbox 1963 4181 3544 4254">
    <p class='ocr_par' dir='ltr' id='par_1_106' title="bbox 1963 4181 3544 4254">
     <span class='ocr_line' id='line_1_106' title="bbox 1963 4181 3544 4254; baseline 0.001 -17"><span class='ocrx_word' id='word_1_776' title='bbox 1963 4184 2111 4253; x_wconf 87' lang='lat' dir='ltr'><strong>signa</strong></span> <span class='ocrx_word' id='word_1_777' title='bbox 2150 4181 2446 4237; x_wconf 76' lang='lat' dir='ltr'><strong>forinsecus</strong></span> <span class='ocrx_word' id='word_1_778' title='bbox 2483 4197 2580 4253; x_wconf 88' lang='lat' dir='ltr'><strong>per</strong></span> <span class='ocrx_word' id='word_1_779' title='bbox 2622 4191 2923 4237; x_wconf 88' lang='lat' dir='ltr'><strong>creaturam</strong></span> <span class='ocrx_word' id='word_1_780' title='bbox 2965 4193 3274 4253; x_wconf 84' lang='lat' dir='ltr'><strong>exspectent</strong></span> <span class='ocrx_word' id='word_1_781' title='bbox 3300 4226 3313 4250; x_wconf 90' lang='lat'><strong>,</strong></span> <span class='ocrx_word' id='word_1_782' title='bbox 3360 4183 3544 4254; x_wconf 80' lang='lat' dir='ltr'><strong>eisque</strong></span> 
     </span>
    </p>
   </div>
   <div class='ocr_carea' id='block_1_107' title="bbox 1965 4270 3541 4345">
    <p class='ocr_par' dir='ltr' id='par_1_107' title="bbox 1965 4270 3541 4345">
     <span class='ocr_line' id='line_1_107' title="bbox 1965 4270 3541 4345; baseline -0.001 -17"><span class='ocrx_word' id='word_1_783' title='bbox 1965 4282 2279 4328; x_wconf 89' lang='lat' dir='ltr'><strong>moveantur</strong></span> <span class='ocrx_word' id='word_1_784' title='bbox 2318 4270 2434 4327; x_wconf 68' lang='lat' dir='ltr'><strong>Sive</strong></span> <span class='ocrx_word' id='word_1_785' title='bbox 2467 4271 2536 4328; x_wconf 80' lang='lat' dir='ltr'><strong>ad</strong></span> <span class='ocrx_word' id='word_1_786' title='bbox 2573 4271 2872 4345; x_wconf 81' lang='lat' dir='ltr'><strong>faciendum</strong></span> <span class='ocrx_word' id='word_1_787' title='bbox 2900 4273 3125 4342; x_wconf 86' lang='lat' dir='ltr'><strong>aliquid,</strong></span> <span class='ocrx_word' id='word_1_788' title='bbox 3168 4273 3279 4327; x_wconf 91' lang='lat' dir='ltr'><strong>sive</strong></span> <span class='ocrx_word' id='word_1_789' title='bbox 3323 4272 3389 4327; x_wconf 89' lang='lat' dir='ltr'><strong>ad</strong></span> <span class='ocrx_word' id='word_1_790' title='bbox 3436 4290 3541 4328; x_wconf 91' lang='lat' dir='ltr'><strong>non</strong></span> 
     </span>
    </p>
   </div>
   <div class='ocr_carea' id='block_1_108' title="bbox 1964 4360 3541 4434">
    <p class='ocr_par' dir='ltr' id='par_1_108' title="bbox 1964 4360 3541 4434">
     <span class='ocr_line' id='line_1_108' title="bbox 1964 4360 3541 4434; baseline -0.001 -17"><span class='ocrx_word' id='word_1_791' title='bbox 1964 4360 2295 4427; x_wconf 86' lang='lat' dir='ltr'><strong>taciendum;</strong></span> <span class='ocrx_word' id='word_1_792' title='bbox 2341 4376 2514 4432; x_wconf 87' lang='lat' dir='ltr'><strong>quove</strong></span> <span class='ocrx_word' id='word_1_793' title='bbox 2550 4362 2712 4416; x_wconf 88' lang='lat' dir='ltr'><strong>modo</strong></span> <span class='ocrx_word' id='word_1_794' title='bbox 2749 4370 3005 4432; x_wconf 82' lang='lat' dir='ltr'><strong>cogantur</strong></span> <span class='ocrx_word' id='word_1_795' title='bbox 3034 4371 3230 4416; x_wconf 77' lang='lat' dir='ltr'><strong>:etcrna</strong></span> <span class='ocrx_word' id='word_1_796' title='bbox 3274 4364 3407 4434; x_wconf 87' lang='lat' dir='ltr'><strong>lege.</strong></span> <span class='ocrx_word' id='word_1_797' title='bbox 3440 4379 3541 4433; x_wconf 84' lang='lat' dir='ltr'><strong>qua</strong></span> 
     </span>
    </p>
   </div>
   <div class='ocr_carea' id='block_1_109' title="bbox 1965 4453 3545 4523">
    <p class='ocr_par' dir='ltr' id='par_1_109' title="bbox 1965 4453 3545 4523">
     <span class='ocr_line' id='line_1_109' title="bbox 1965 4453 3545 4523; baseline 0.001 -15"><span class='ocrx_word' id='word_1_798' title='bbox 1965 4456 2285 4509; x_wconf 88' lang='lat' dir='ltr'><strong>universitas</strong></span> <span class='ocrx_word' id='word_1_799' title='bbox 2330 4453 2554 4523; x_wconf 90' lang='lat' dir='ltr'><strong>regitur,</strong></span> <span class='ocrx_word' id='word_1_800' title='bbox 2598 4453 2757 4507; x_wconf 91' lang='lat' dir='ltr'><strong>vincti</strong></span> <span class='ocrx_word' id='word_1_801' title='bbox 2798 4462 2958 4523; x_wconf 84' lang='lat' dir='ltr'><strong>atque</strong></span> <span class='ocrx_word' id='word_1_802' title='bbox 3003 4454 3296 4517; x_wconf 85' lang='lat' dir='ltr'><strong>constricti,</strong></span> <span class='ocrx_word' id='word_1_803' title='bbox 3344 4454 3426 4508; x_wconf 89' lang='lat' dir='ltr'><strong>vel</strong></span> <span class='ocrx_word' id='word_1_804' title='bbox 3471 4455 3545 4509; x_wconf 82' lang='lat' dir='ltr'><strong>si-</strong></span> 
     </span>
    </p>
   </div>
   <div class='ocr_carea' id='block_1_110' title="bbox 1968 4544 3546 4616">
    <p class='ocr_par' dir='ltr' id='par_1_110' title="bbox 1968 4544 3546 4616">
     <span class='ocr_line' id='line_1_110' title="bbox 1968 4544 3546 4616; baseline -0.001 -16"><span class='ocrx_word' id='word_1_805' title='bbox 1968 4557 2181 4602; x_wconf 76' lang='lat' dir='ltr'><strong>pontem</strong></span> <span class='ocrx_word' id='word_1_806' title='bbox 2211 4545 2377 4600; x_wconf 87' lang='lat' dir='ltr'><strong>Deum</strong></span> <span class='ocrx_word' id='word_1_807' title='bbox 2408 4544 2628 4616; x_wconf 85' lang='lat' dir='ltr'><strong>operiri,</strong></span> <span class='ocrx_word' id='word_1_808' title='bbox 2656 4544 2740 4599; x_wconf 87' lang='lat' dir='ltr'><strong>vel</strong></span> <span class='ocrx_word' id='word_1_809' title='bbox 2780 4545 2971 4599; x_wconf 85' lang='lat' dir='ltr'><strong>cedere</strong></span> <span class='ocrx_word' id='word_1_810' title='bbox 3010 4544 3251 4615; x_wconf 76' lang='lat' dir='ltr'><strong>iubenti;</strong></span> <span class='ocrx_word' id='word_1_811' title='bbox 3298 4555 3350 4599; x_wconf 92' lang='lat' dir='ltr'><strong>et</strong></span> <span class='ocrx_word' id='word_1_812' title='bbox 3392 4562 3546 4599; x_wconf 87' lang='lat' dir='ltr'><strong>com-</strong></span> 
     </span>
    </p>
   </div>
   <div class='ocr_carea' id='block_1_111' title="bbox 1968 4636 3544 4709">
    <p class='ocr_par' dir='ltr' id='par_1_111' title="bbox 1968 4636 3544 4709">
     <span class='ocr_line' id='line_1_111' title="bbox 1968 4636 3544 4709; baseline 0 -17"><span class='ocrx_word' id='word_1_813' title='bbox 1968 4638 2123 4709; x_wconf 88' lang='lat' dir='ltr'><strong>plecti</strong></span> <span class='ocrx_word' id='word_1_814' title='bbox 2166 4638 2421 4697; x_wconf 88' lang='lat' dir='ltr'><strong>ardnum.</strong></span> <span class='ocrx_word' id='word_1_815' title='bbox 2451 4645 2506 4691; x_wconf 87' lang='lat' dir='ltr'><strong>et</strong></span> <span class='ocrx_word' id='word_1_816' title='bbox 2546 4636 2814 4705; x_wconf 84' lang='lat' dir='ltr'><strong>explicare</strong></span> <span class='ocrx_word' id='word_1_817' title='bbox 2848 4637 3212 4707; x_wconf 89' lang='lat' dir='ltr'><strong>longissimum</strong></span> <span class='ocrx_word' id='word_1_818' title='bbox 3256 4637 3402 4691; x_wconf 78' lang='lat' dir='ltr'><strong>cst&#39;.</strong></span> <span class='ocrx_word' id='word_1_819' title='bbox 3438 4637 3544 4692; x_wconf 81' lang='lat' dir='ltr'><strong>Ve-</strong></span> 
     </span>
    </p>
   </div>
   <div class='ocr_carea' id='block_1_112' title="bbox 1967 4727 3544 4797">
    <p class='ocr_par' dir='ltr' id='par_1_112' title="bbox 1967 4727 3544 4797">
     <span class='ocr_line' id='line_1_112' title="bbox 1967 4727 3544 4797; baseline -0.003 -12"><span class='ocrx_word' id='word_1_820' title='bbox 1967 4745 2090 4785; x_wconf 90' lang='lat' dir='ltr'><strong>reor</strong></span> <span class='ocrx_word' id='word_1_821' title='bbox 2114 4738 2290 4784; x_wconf 86' lang='lat' dir='ltr'><strong>autem</strong></span> <span class='ocrx_word' id='word_1_822' title='bbox 2322 4744 2389 4782; x_wconf 87' lang='lat' dir='ltr'><strong>ne</strong></span> <span class='ocrx_word' id='word_1_823' title='bbox 2415 4728 2512 4782; x_wconf 89' lang='lat' dir='ltr'><strong>ista</strong></span> <span class='ocrx_word' id='word_1_824' title='bbox 2541 4729 2651 4796; x_wconf 87' lang='lat' dir='ltr'><strong>ipsa</strong></span> <span class='ocrx_word' id='word_1_825' title='bbox 2678 4743 2795 4797; x_wconf 81' lang='lat' dir='ltr'><strong>que</strong></span> <span class='ocrx_word' id='word_1_826' title='bbox 2821 4739 2946 4783; x_wconf 90' lang='lat' dir='ltr'><strong>sunt</strong></span> <span class='ocrx_word' id='word_1_827' title='bbox 2971 4744 3000 4781; x_wconf 92' lang='lat' dir='ltr'><strong>a</strong></span> <span class='ocrx_word' id='word_1_828' title='bbox 3027 4744 3113 4783; x_wconf 89' lang='lat' dir='ltr'><strong>me</strong></span> <span class='ocrx_word' id='word_1_829' title='bbox 3140 4727 3303 4794; x_wconf 88' lang='lat' dir='ltr'><strong>dicta,</strong></span> <span class='ocrx_word' id='word_1_830' title='bbox 3344 4737 3399 4784; x_wconf 91' lang='lat' dir='ltr'><strong>et</strong></span> <span class='ocrx_word' id='word_1_831' title='bbox 3440 4745 3544 4782; x_wconf 90' lang='lat' dir='ltr'><strong>tton</strong></span> 
     </span>
    </p>
   </div>
   <div class='ocr_carea' id='block_1_113' title="bbox 1965 4817 3537 4889">
    <p class='ocr_par' dir='ltr' id='par_1_113' title="bbox 1965 4817 3537 4889">
     <span class='ocr_line' id='line_1_113' title="bbox 1965 4817 3537 4889; baseline -0.003 -12"><span class='ocrx_word' id='word_1_832' title='bbox 1965 4819 2321 4877; x_wconf 87' lang='lat' dir='ltr'><strong>satisfecerint</strong></span> <span class='ocrx_word' id='word_1_833' title='bbox 2356 4818 2763 4889; x_wconf 79' lang='lat' dir='ltr'><strong>exspectationi,</strong></span> <span class='ocrx_word' id='word_1_834' title='bbox 2789 4827 2845 4873; x_wconf 87' lang='lat' dir='ltr'><strong>et</strong></span> <span class='ocrx_word' id='word_1_835' title='bbox 2885 4818 3042 4873; x_wconf 74' lang='lat' dir='ltr'><strong>tzedio</strong></span> <span class='ocrx_word' id='word_1_836' title='bbox 3071 4821 3267 4875; x_wconf 84' lang='lat' dir='ltr'><strong>fuerint</strong></span> <span class='ocrx_word' id='word_1_837' title='bbox 3293 4817 3537 4889; x_wconf 90' lang='lat' dir='ltr'><strong>gravitati</strong></span> 
     </span>
    </p>
   </div>
   <div class='ocr_carea' id='block_1_114' title="bbox 1967 4910 3545 4984">
    <p class='ocr_par' dir='ltr' id='par_1_114' title="bbox 1967 4910 3545 4984">
     <span class='ocr_line' id='line_1_114' title="bbox 1967 4910 3545 4984; baseline -0.004 -15"><span class='ocrx_word' id='word_1_838' title='bbox 1967 4925 2107 4979; x_wconf 68' lang='lat' dir='ltr'><strong>tute;</strong></span> <span class='ocrx_word' id='word_1_839' title='bbox 2132 4910 2558 4984; x_wconf 84' lang='lat' dir='ltr'><strong>quandoquidem</strong></span> <span class='ocrx_word' id='word_1_840' title='bbox 2582 4926 2703 4965; x_wconf 90' lang='lat' dir='ltr'><strong>cum</strong></span> <span class='ocrx_word' id='word_1_841' title='bbox 2730 4919 2786 4964; x_wconf 91' lang='lat' dir='ltr'><strong>tu</strong></span> <span class='ocrx_word' id='word_1_842' title='bbox 2809 4926 2877 4965; x_wconf 86' lang='lat' dir='ltr'><strong>ex</strong></span> <span class='ocrx_word' id='word_1_843' title='bbox 2900 4911 3155 4966; x_wconf 87' lang='lat' dir='ltr'><strong>omnibus.</strong></span> <span class='ocrx_word' id='word_1_844' title='bbox 3170 4927 3288 4981; x_wconf 72' lang='lat' dir='ltr'><strong>qua:</strong></span> <span class='ocrx_word' id='word_1_845' title='bbox 3317 4912 3545 4963; x_wconf 86' lang='lat' dir='ltr'><strong>interro-</strong></span> 
     </span>
    </p>
   </div>
   <div class='ocr_carea' id='block_1_115' title="bbox 1964 5000 3536 5076">
    <p class='ocr_par' dir='ltr' id='par_1_115' title="bbox 1964 5000 3536 5076">
     <span class='ocr_line' id='line_1_115' title="bbox 1964 5000 3536 5076; baseline -0.004 -17"><span class='ocrx_word' id='word_1_846' title='bbox 1964 5004 2097 5076; x_wconf 83' lang='lat' dir='ltr'><strong>gasti</strong></span> <span class='ocrx_word' id='word_1_847' title='bbox 2114 5044 2133 5069; x_wconf 91' lang='lat'><strong>,</strong></span> <span class='ocrx_word' id='word_1_848' title='bbox 2158 5018 2331 5058; x_wconf 83' lang='lat' dir='ltr'><strong>unum</strong></span> <span class='ocrx_word' id='word_1_849' title='bbox 2348 5018 2379 5056; x_wconf 89' lang='lat' dir='ltr'><strong>a</strong></span> <span class='ocrx_word' id='word_1_850' title='bbox 2406 5018 2495 5057; x_wconf 89' lang='lat' dir='ltr'><strong>me</strong></span> <span class='ocrx_word' id='word_1_851' title='bbox 2520 5001 2750 5057; x_wconf 90' lang='lat' dir='ltr'><strong>libellum</strong></span> <span class='ocrx_word' id='word_1_852' title='bbox 2777 5001 3101 5058; x_wconf 85' lang='lat' dir='ltr'><strong>mitti.velles</strong></span> <span class='ocrx_word' id='word_1_853' title='bbox 3125 5043 3140 5066; x_wconf 90' lang='lat'><strong>,</strong></span> <span class='ocrx_word' id='word_1_854' title='bbox 3180 5017 3280 5072; x_wconf 85' lang='lat' dir='ltr'><strong>ego</strong></span> <span class='ocrx_word' id='word_1_855' title='bbox 3307 5000 3442 5054; x_wconf 89' lang='lat' dir='ltr'><strong>duos</strong></span> <span class='ocrx_word' id='word_1_856' title='bbox 3477 5001 3536 5054; x_wconf 56' lang='lat' dir='ltr'><strong>li.</strong></span> 
     </span>
    </p>
   </div>
   <div class='ocr_carea' id='block_1_116' title="bbox 1966 5090 3540 5162">
    <p class='ocr_par' dir='ltr' id='par_1_116' title="bbox 1966 5090 3540 5162">
     <span class='ocr_line' id='line_1_116' title="bbox 1966 5090 3540 5162; baseline -0.003 -14"><span class='ocrx_word' id='word_1_857' title='bbox 1966 5095 2092 5150; x_wconf 85' lang='lat' dir='ltr'><strong>bros</strong></span> <span class='ocrx_word' id='word_1_858' title='bbox 2126 5092 2448 5161; x_wconf 86' lang='lat' dir='ltr'><strong>eosdemque</strong></span> <span class='ocrx_word' id='word_1_859' title='bbox 2477 5092 2813 5162; x_wconf 90' lang='lat' dir='ltr'><strong>longissimos</strong></span> <span class='ocrx_word' id='word_1_860' title='bbox 2841 5092 2998 5158; x_wconf 90' lang='lat' dir='ltr'><strong>misi,</strong></span> <span class='ocrx_word' id='word_1_861' title='bbox 3040 5101 3094 5148; x_wconf 88' lang='lat' dir='ltr'><strong>et</strong></span> <span class='ocrx_word' id='word_1_862' title='bbox 3127 5090 3349 5144; x_wconf 78' lang='lat' dir='ltr'><strong>fortasse</strong></span> <span class='ocrx_word' id='word_1_863' title='bbox 3390 5107 3540 5159; x_wconf 75' lang='lat' dir='ltr'><strong>qua:-</strong></span> 
     </span>
    </p>
   </div>
   <div class='ocr_carea' id='block_1_117' title="bbox 1964 5178 3537 5252">
    <p class='ocr_par' dir='ltr' id='par_1_117' title="bbox 1964 5178 3537 5252">
     <span class='ocr_line' id='line_1_117' title="bbox 1964 5178 3537 5252; baseline -0.003 -11"><span class='ocrx_word' id='word_1_864' title='bbox 1964 5183 2226 5241; x_wconf 86' lang='lat' dir='ltr'><strong>stionibus</strong></span> <span class='ocrx_word' id='word_1_865' title='bbox 2258 5182 2359 5236; x_wconf 89' lang='lat' dir='ltr'><strong>tuis</strong></span> <span class='ocrx_word' id='word_1_866' title='bbox 2384 5196 2716 5252; x_wconf 83' lang='lat' dir='ltr'><strong>nequaquam</strong></span> <span class='ocrx_word' id='word_1_867' title='bbox 2764 5180 3042 5251; x_wconf 84' lang='lat' dir='ltr'><strong>diligenter</strong></span> <span class='ocrx_word' id='word_1_868' title='bbox 3068 5178 3420 5249; x_wconf 81' lang='lat' dir='ltr'><strong>expediteque</strong></span> <span class='ocrx_word' id='word_1_869' title='bbox 3451 5198 3537 5236; x_wconf 84' lang='lat' dir='ltr'><strong>re-</strong></span> 
     </span>
    </p>
   </div>
   <div class='ocr_carea' id='block_1_118' title="bbox 2030 5332 3546 5399">
    <p class='ocr_par' dir='ltr' id='par_1_118' title="bbox 2030 5332 3546 5399">
     <span class='ocr_line' id='line_1_118' title="bbox 2030 5332 3546 5399; baseline -0.001 -15"><span class='ocrx_word' id='word_1_870' title='bbox 2030 5338 2059 5370; x_wconf 55' lang='grc' dir='ltr'>ιλ</span> <span class='ocrx_word' id='word_1_871' title='bbox 2076 5336 2204 5399; x_wconf 76' lang='grc' dir='ltr'><strong>Λιιυά</strong></span> <span class='ocrx_word' id='word_1_872' title='bbox 2227 5342 2300 5385; x_wconf 79' lang='lat' dir='ltr'><strong>Er.</strong></span> <span class='ocrx_word' id='word_1_873' title='bbox 2327 5334 2474 5398; x_wconf 74' lang='lat' dir='ltr'><strong>Lugd.</strong></span> <span class='ocrx_word' id='word_1_874' title='bbox 2497 5342 2616 5385; x_wconf 72' lang='lat' dir='ltr'><strong>Ven.</strong></span> <span class='ocrx_word' id='word_1_875' title='bbox 2657 5342 2721 5385; x_wconf 79' lang='lat' dir='ltr'><strong>et</strong></span> <span class='ocrx_word' id='word_1_876' title='bbox 2748 5341 2856 5383; x_wconf 74' lang='lat' dir='ltr'><strong>Im.</strong></span> <span class='ocrx_word' id='word_1_877' title='bbox 2882 5332 3085 5399; x_wconf 70' lang='lat' dir='ltr'><strong>quzcstio</strong></span> <span class='ocrx_word' id='word_1_878' title='bbox 3103 5338 3245 5382; x_wconf 82' lang='lat' dir='ltr'><strong>sexta</strong></span> <span class='ocrx_word' id='word_1_879' title='bbox 3268 5345 3364 5399; x_wconf 81' lang='lat' dir='ltr'><strong>nou</strong></span> <span class='ocrx_word' id='word_1_880' title='bbox 3402 5346 3546 5399; x_wconf 66' lang='lat' dir='ltr'><strong>sepa-</strong></span> 
     </span>
    </p>
   </div>
   <div class='ocr_carea' id='block_1_119' title="bbox 1962 5392 3550 5461">
    <p class='ocr_par' dir='ltr' id='par_1_119' title="bbox 1962 5392 3550 5461">
     <span class='ocr_line' id='line_1_119' title="bbox 1962 5392 3550 5461; baseline -0.003 -13"><span class='ocrx_word' id='word_1_881' title='bbox 1962 5392 2155 5449; x_wconf 69' lang='lat' dir='ltr'><strong>sstim&#39;a</strong></span> <span class='ocrx_word' id='word_1_882' title='bbox 2176 5400 2343 5461; x_wconf 86' lang='lat' dir='ltr'><strong>quinta</strong></span> <span class='ocrx_word' id='word_1_883' title='bbox 2360 5392 2607 5461; x_wconf 62' lang='lat' dir='ltr'><strong>tractatur.</strong></span> <span class='ocrx_word' id='word_1_884' title='bbox 2631 5405 2718 5461; x_wconf 59' lang='lat' dir='ltr'><strong>Ifro</strong></span> <span class='ocrx_word' id='word_1_885' title='bbox 2741 5409 2756 5447; x_wconf 88' lang='lat'><strong>:</strong></span> <span class='ocrx_word' id='word_1_886' title='bbox 2779 5392 3041 5461; x_wconf 68' lang='lat' dir='ltr'><strong>Despitjitu</strong></span> <span class='ocrx_word' id='word_1_887' title='bbox 3064 5406 3176 5444; x_wconf 72' lang='lat' dir='ltr'><strong>vero</strong></span> <span class='ocrx_word' id='word_1_888' title='bbox 3195 5392 3550 5461; x_wconf 53' lang='lat' dir='ltr'><strong>mepdacizfle-</strong></span> 
     </span>
    </p>
   </div>
   <div class='ocr_carea' id='block_1_120' title="bbox 1964 5454 3550 5532">
    <p class='ocr_par' dir='ltr' id='par_1_120' title="bbox 1964 5454 3550 5532">
     <span class='ocr_line' id='line_1_120' title="bbox 1964 5454 3550 5532; baseline -0.003 -23"><span class='ocrx_word' id='word_1_889' title='bbox 1964 5454 2417 5532; x_wconf 67' lang='lat' dir='ltr'><strong>giutrsiuipliciter,</strong></span> <span class='ocrx_word' id='word_1_890' title='bbox 2444 5468 2513 5532; x_wconf 86' lang='lat' dir='ltr'><strong>_l)e</strong></span> <span class='ocrx_word' id='word_1_891' title='bbox 2534 5454 2986 5532; x_wconf 81' lang='lat' dir='ltr'><strong>spiritu</strong></span> <span class='ocrx_word' id='word_1_892' title='bbox 3010 5463 3239 5532; x_wconf 74' lang='lat' dir='ltr'><strong>totusque</strong></span> <span class='ocrx_word' id='word_1_893' title='bbox 3263 5455 3408 5532; x_wconf 70' lang='lat' dir='ltr'><strong>liber,</strong></span> <span class='ocrx_word' id='word_1_894' title='bbox 3431 5472 3550 5506; x_wconf 81' lang='lat' dir='ltr'><strong>cou-</strong></span> 
     </span>
    </p>
   </div>
   <div class='ocr_carea' id='block_1_121' title="bbox 1960 5518 3549 5585">
    <p class='ocr_par' dir='ltr' id='par_1_121' title="bbox 1960 5518 3549 5585">
     <span class='ocr_line' id='line_1_121' title="bbox 1960 5518 3549 5585; baseline 0.001 -16"><span class='ocrx_word' id='word_1_895' title='bbox 1960 5518 2142 5585; x_wconf 64' lang='lat' dir='ltr'><strong>fauctis</strong></span> <span class='ocrx_word' id='word_1_896' title='bbox 2159 5518 2327 5585; x_wconf 77' lang='lat' dir='ltr'><strong>quinta</strong></span> <span class='ocrx_word' id='word_1_897' title='bbox 2350 5518 2588 5585; x_wconf 74' lang='lat' dir='ltr'><strong>sextaque</strong></span> <span class='ocrx_word' id='word_1_898' title='bbox 2611 5518 2975 5581; x_wconf 56' lang='lat' dir='ltr'><strong>questionibus,</strong></span> <span class='ocrx_word' id='word_1_899' title='bbox 2999 5518 3216 5581; x_wconf 80' lang='lat' dir='ltr'><strong>quiaque</strong></span> <span class='ocrx_word' id='word_1_900' title='bbox 3239 5519 3395 5569; x_wconf 88' lang='lat' dir='ltr'><strong>solum</strong></span> <span class='ocrx_word' id='word_1_901' title='bbox 3414 5532 3549 5583; x_wconf 64' lang='lat' dir='ltr'><strong>quaa-</strong></span> 
     </span>
    </p>
   </div>
   <div class='ocr_carea' id='block_1_122' title="bbox 1965 5581 2673 5644">
    <p class='ocr_par' dir='ltr' id='par_1_122' title="bbox 1965 5581 2673 5644">
     <span class='ocr_line' id='line_1_122' title="bbox 1965 5581 2673 5644; baseline -0.006 -12"><span class='ocrx_word' id='word_1_902' title='bbox 1965 5581 2151 5633; x_wconf 79' lang='lat' dir='ltr'><strong>stioues</strong></span> <span class='ocrx_word' id='word_1_903' title='bbox 2170 5581 2552 5644; x_wconf 79' lang='lat' dir='ltr'><strong>comprehendit.</strong></span> <span class='ocrx_word' id='word_1_904' title='bbox 2618 5588 2673 5628; x_wconf 65' lang='lat' dir='ltr'><strong>at.</strong></span> 
     </span>
    </p>
   </div>
   <div class='ocr_carea' id='block_1_123' title="bbox 2031 5642 3070 5701">
    <p class='ocr_par' dir='ltr' id='par_1_123' title="bbox 2031 5642 3070 5701">
     <span class='ocr_line' id='line_1_123' title="bbox 2031 5642 3070 5701; baseline 0 -10"><span class='ocrx_word' id='word_1_905' title='bbox 2031 5646 2050 5675; x_wconf 74' lang='lat'>&#39;</span> <span class='ocrx_word' id='word_1_906' title='bbox 2074 5645 2146 5693; x_wconf 77' lang='lat' dir='ltr'><strong>sic</strong></span> <span class='ocrx_word' id='word_1_907' title='bbox 2169 5642 2354 5691; x_wconf 51' lang='lat' dir='ltr'><strong>tussim</strong></span> <span class='ocrx_word' id='word_1_908' title='bbox 2376 5642 2512 5699; x_wconf 86' lang='lat' dir='ltr'><strong>editi,</strong></span> <span class='ocrx_word' id='word_1_909' title='bbox 2531 5652 2619 5701; x_wconf 83' lang='lat' dir='ltr'><strong>pro</strong></span> <span class='ocrx_word' id='word_1_910' title='bbox 2641 5654 2728 5690; x_wconf 87' lang='lat' dir='ltr'><strong>sua</strong></span> <span class='ocrx_word' id='word_1_911' title='bbox 2750 5648 3070 5701; x_wconf 69' lang='lat' dir='ltr'><strong>perversitate.</strong></span> 
     </span>
    </p>
   </div>
   <div class='ocr_carea' id='block_1_124' title="bbox 2031 5702 3545 5764">
    <p class='ocr_par' dir='ltr' id='par_1_124' title="bbox 2031 5702 3545 5764">
     <span class='ocr_line' id='line_1_124' title="bbox 2031 5702 3545 5764; baseline 0.003 -13"><span class='ocrx_word' id='word_1_912' title='bbox 2031 5706 2052 5737; x_wconf 84' lang='grc'><strong><em>³</em></strong></span> <span class='ocrx_word' id='word_1_913' title='bbox 2077 5712 2139 5753; x_wconf 87' lang='lat' dir='ltr'><strong>Ita</strong></span> <span class='ocrx_word' id='word_1_914' title='bbox 2162 5703 2378 5751; x_wconf 78' lang='lat' dir='ltr'><strong>melioris</strong></span> <span class='ocrx_word' id='word_1_915' title='bbox 2399 5709 2525 5764; x_wconf 77' lang='lat' dir='ltr'><strong>uota:</strong></span> <span class='ocrx_word' id='word_1_916' title='bbox 2547 5708 2653 5753; x_wconf 69' lang='lat' dir='ltr'><strong>Mss.</strong></span> <span class='ocrx_word' id='word_1_917' title='bbox 2678 5702 2794 5751; x_wconf 69' lang='grc' dir='ltr'>ωιιί</span> <span class='ocrx_word' id='word_1_918' title='bbox 2817 5711 3002 5764; x_wconf 81' lang='lat' dir='ltr'><strong>autem,</strong></span> <span class='ocrx_word' id='word_1_919' title='bbox 3026 5703 3097 5753; x_wconf 72' lang='lat' dir='ltr'><strong>vel</strong></span> <span class='ocrx_word' id='word_1_920' title='bbox 3117 5707 3296 5755; x_wconf 67' lang='lat' dir='ltr'><strong>male</strong></span> <span class='ocrx_word' id='word_1_921' title='bbox 3320 5712 3545 5764; x_wconf 11' lang='lat'><strong>00070)):-</strong></span> 
     </span>
    </p>
   </div>
   <div class='ocr_carea' id='block_1_125' title="bbox 1967 5761 3545 5834">
    <p class='ocr_par' dir='ltr' id='par_1_125' title="bbox 1967 5761 3545 5834">
     <span class='ocr_line' id='line_1_125' title="bbox 1967 5761 3545 5834; baseline 0.001 -20"><span class='ocrx_word' id='word_1_922' title='bbox 1967 5778 2093 5833; x_wconf 54' lang='grc' dir='ltr'><strong>γαιίἵ</strong></span> <span class='ocrx_word' id='word_1_923' title='bbox 2114 5764 2186 5834; x_wconf 73' lang='lat' dir='ltr'><strong>vel</strong></span> <span class='ocrx_word' id='word_1_924' title='bbox 2208 5769 2380 5812; x_wconf 57' lang='lat' dir='ltr'><strong>cedere</strong></span> <span class='ocrx_word' id='word_1_925' title='bbox 2393 5761 2638 5822; x_wconf 76' lang='lat' dir='ltr'><strong>jtttteuttet</strong></span> <span class='ocrx_word' id='word_1_926' title='bbox 2658 5762 2953 5828; x_wconf 80' lang='lat' dir='ltr'><strong>rompetlenti</strong></span> <span class='ocrx_word' id='word_1_927' title='bbox 2968 5761 3214 5828; x_wconf 60' lang='lat' dir='ltr'><strong>{arduum</strong></span> <span class='ocrx_word' id='word_1_928' title='bbox 3235 5772 3279 5815; x_wconf 85' lang='lat' dir='ltr'><strong>et</strong></span> <span class='ocrx_word' id='word_1_929' title='bbox 3300 5761 3545 5827; x_wconf 72' lang='lat' dir='ltr'><strong>explicare</strong></span> 
     </span>
    </p>
   </div>
   <div class='ocr_carea' id='block_1_126' title="bbox 1966 5837 2393 5889">
    <p class='ocr_par' dir='ltr' id='par_1_126' title="bbox 1966 5837 2393 5889">
     <span class='ocr_line' id='line_1_126' title="bbox 1966 5837 2393 5889; baseline -0.009 -12"><span class='ocrx_word' id='word_1_930' title='bbox 1966 5838 2288 5889; x_wconf 69' lang='lat' dir='ltr'><strong>umgtsstmum</strong></span> <span class='ocrx_word' id='word_1_931' title='bbox 2308 5837 2393 5873; x_wconf 52' lang='lat' dir='ltr'><strong>est.</strong></span> 
     </span>
    </p>
   </div>
  </div>
