4000 6336
406 396 508 478 H7
1147 418 1237 474 DE
1275 417 1453 474 OCTO
1494 414 1783 474 DULCITII
1822 372 2365 482 QUIESTIONIBUS,
2404 412 2461 468 S.
2500 409 2862 470 AUGUSTINI
3578 406 3682 463 N8

407 532 621 604 spondi.
642 531 994 601 Quamobrem
1014 545 1200 602 preces
1228 540 1343 587 tuas
1366 546 1465 603 pro
1484 529 1674 587 erratis
1694 529 1827 584 meis
1846 528 1989 583 mul-
2096 541 2262 597 opere
2299 533 2442 580 tuam
2484 524 2887 590 brevissimam,
2915 517 3010 578 sed
3037 514 3405 591 gravissimam
3447 515 3625 589 ﬂagito
3660 534 3679 584 ς

411 637 494 681 tas
518 634 573 681 et
600 623 841 679 assiduas
876 630 1004 696 peto
1043 621 1160 679 ﬂeri
1212 640 1227 678 :
1266 621 1582 677 sententiam
1623 634 1750 678 vero
1785 617 1855 675 de
1888 618 1992 675 hoc
2097 626 2152 674 et
2174 617 2298 673 dum
2321 618 2389 672 sit
2415 618 2725 684 verissima,
2752 614 3140 672 severissimam
3172 625 3277 665 non
3307 624 3517 666 recuso.

1556 892 2614 1028 ADMONITIO

1111 1107 1197 1172 m
1236 1106 1538 1172 manu
1575 1107 1685 1169 ne
1724 1104 1931 1170 ocro
1969 1104 2319 1167 manu
2361 1104 2691 1179 quam

1556 892 2614 1028 ADMONITIO

1403 1106 1538 1172 tum
1575 1107 1685 1169 ne
1724 1104 1931 1170 ocro
1969 1104 2319 1167 DULcrrn
2361 1103 2983 1179 cummaximas.

1867 1282 2239 1341 W

506 1421 582 1477 De
609 1420 839 1477 Dulcitio
866 1421 1127 1492 primum,
1167 1422 1258 1494 qui
1295 1410 1605 1494 libri’hujus
1628 1423 1896 1481 scribendi
1922 1433 2290 1494 argumentum
2324 1424 2623 1495 Augustino
2650 1422 2900 1493 prazbuit,
2943 1421 3070 1477 nulli
3100 1420 3402 1477 dubitamus
3427 1421 3553 1493 quin
3593 1422 3685 1480 ille

408 1511 539 1583 ipse
567 1514 637 1567 sit
661 1513 904 1569 tribunus
926 1522 981 1568 et
1010 1514 1249 1569 notarius
1274 1514 1327 1569 in
1359 1514 1495 1571 libro
1516 1516 1554 1571 2
1593 1515 2075 1581 Retractationum,
2113 1530 2231 1585 cap.
2263 1516 2351 1580 59,
2388 1518 2649 1581 laudatus,
2678 1515 2768 1585 qui
2798 1514 3012 1571 circiter
3049 1530 3248 1570 annum
3279 1515 3402 1580 120,
3430 1514 3583 1571 sicuti
3614 1531 3684 1571 ex

422 1604 613 1661 eodem
642 1605 763 1659 loco
792 1605 1123 1676 intelligitur,
1153 1605 1205 1661 in
1231 1605 1419 1661 Africa.
1439 1607 1663 1677 agebat,
1694 1606 1831 1662 datis
1855 1607 1923 1662 ah
1949 1607 2271 1675 imperatore
2301 1607 2535 1662 Honorio
2563 1615 2747 1661 contra
2777 1604 3077 1661 Donatistas
3104 1606 3307 1677 legibus
3331 1607 3693 1676 exsequendis

422 1696 725 1768 praefectus.
753 1698 837 1753 Ad
861 1699 1132 1766 eumdem,
1161 1716 1283 1757 cum
1308 1699 1519 1757 edoceri
1547 1711 1769 1772 cuperet
1794 1701 1923 1772 quid
1951 1701 2218 1756 haereticis
2245 1701 2349 1755 illis
2376 1700 2683 1770 responderi
2714 1708 3016 1769 Oporteret,
3058 1700 3253 1768 scripta
3282 1698 3379 1753 fuit
3404 1698 3688 1770 Augustini

423 1787 652 1856 epistola
675 1787 819 1856 θοι,
845 1788 931 1843 cui
962 1790 1180 1856 titulus,
1217 1808 1238 1843 ι
1265 1791 1491 1845 Domino
1518 1791 1747 1857 eximio,
1783 1802 1837 1847 et
1866 1791 2163 1846 honorabili
2194 1791 2299 1845 lilio
2330 1792 2584 1856 Dulcitio,
2616 1810 2636 1843 ι
2671 1790 2976 1861 praeligitur.
3010 1790 3355 1845 Mercatorem
3384 1806 3574 1860 porro,
3602 1792 3692 1846 cui

423 1895 522 1949 per
544 1879 796 1935 Albinum
826 1880 1082 1936 Romana:
1123 1882 1375 1937 Ecclesiae
1403 1882 1707 1955 acolythum
1748 1897 1815 1939 ex
1848 1881 2023 1937 Africa
2071 1882 2492 1952 proficiscentem
2538 1882 2770 1944 litteras,
2816 1881 2918 1935 hoc
2955 1882 3006 1934 iu
3047 1896 3210 1949 opere
3248 1880 3313 1936 ad
3343 1884 3696 1951 qumstiouem

424 1973 460 2027 5
484 1972 693 2038 citatas,
720 1973 869 2028 misit
894 1974 1240 2045 Augustinus,
1274 1974 1499 2030 Dulcitio
1527 1975 1862 2030 notissimum
1896 1973 2183 2030 credebat:
2217 1974 2560 2030 Laurentium
2592 1988 2749 2037 vero,
2783 1972 2867 2027 cui
2894 1972 3042 2033 urbis
3071 1973 3255 2026 Romae
3286 1973 3587 2043 primicerio
3608 1972 3697 2028 in-

426 2064 677 2120 scribitur
700 2063 910 2121 libellus
934 2064 1107 2120 dictus
1132 2065 1501 2132 Eucliiridion,
1534 2067 1745 2121 Dulcitii
1783 2066 2004 2121 fratrem
2058 2067 2144 2119 hic
2174 2065 2240 2119 ad
2269 2065 2614 2135 quaestionem
2644 2066 2667 2119 l
2705 2063 3038 2133 respondens
3062 2065 3316 2133 appellat.

497 2154 613 2210 Jam
638 2155 708 2211 de
727 2154 1099 2226 subsequentis
1125 2157 1305 2226 operis
1328 2165 1504 2221 aetate,
1534 2156 1584 2211 id
1611 2156 1830 2213 omnino
1856 2164 2096 2223 constat,
2134 2154 2336 2210 editum
2363 2170 2482 2210 esse
2507 2165 2630 2225 post
2654 2154 2851 2209 Christi
2892 2169 3089 2207 annum
3121 2153 3247 2221 419,
3280 2155 3387 2209 imo
3417 2163 3535 2225 post
3561 2153 3701 2232 420;

427 2247 860 2319 quandoquidem
883 2249 1080 2304 citatus
1104 2248 1157 2302 in
1185 2248 1520 2319 lquzestione
1544 2248 1676 2304 liber
1688 2247 2032 2303 Enchiridion
2058 2263 2199 2301 anno
2245 2247 2342 2319 (uti
2368 2264 2465 2302 sun
2490 2248 2679 2303 dicturi
2711 2263 2895 2303 sumus
2922 2251 3081 2317 luco),
3113 2265 3216 2304 non
3245 2250 3390 2319 prius
3414 2248 3509 2302 42!
3537 2246 3705 2316 prod-

430 2337 510 2392 iit.
571 2336 729 2394 Aliud
776 2338 940 2394 etiam
966 2354 1072 2393 non
1099 2337 1276 2393 minus
1301 2339 1487 2408 liquet,
1518 2338 1807 2408 perfectum
1834 2339 2038 2395 scilicet
2065 2336 2229 2393 fuisse
2254 2338 2525 2407 aliquanto
2552 2349 2678 2394 ante
2715 2355 2912 2394 annum
2942 2341 3077 2405 4'50;
3106 2341 3299 2410 quippe
3340 2354 3462 2393 cum
3508 2338 3557 2390 in
3589 2336 3707 2392 Re-

432 2430 805 2484 tractatiouum
836 2429 985 2484 libris
1011 2444 1155 2484 anno
1180 2427 1293 2485 fere
1320 2429 1423 2484 427
1450 2429 1709 2484 absolutis
1730 2437 2094 2484 recenseatur.
2120 2428 2456 2498 Quapropter
2481 2428 2923 2505 haudimmerito
2963 2439 3184 2485 censent
3206 2428 3572 2499 corrigendum
3612 2427 3708 2483 hic

433 2519 485 2574 in
507 2519 727 2575 exordio
748 2520 1113 2590 consignatum
1141 2519 1377 2590 (tametsi
1405 2519 1617 2575 codices
1640 2519 1823 2575 excusi
1847 2529 1903 2575 et
1924 2519 2106 2589 scripti
2135 2519 2377 2574 eamdem
2401 2535 2587 2576 omnes
2616 2519 2866 2593 habeant)
2900 2533 3074 2577 notum
3099 2522 3392 2588 Paschalis,
3414 2521 3564 2590 cujus
3593 2519 3707 2576 Do-

432 2608 684 2663 minicum
714 2622 781 2664 eo
805 2623 947 2663 anno
974 2624 1080 2679 quo
1107 2608 1301 2666 librum
1332 2608 1473 2665 hunc
1498 2609 1836 2665 concinnavit
1859 2610 2205 2679 Augustinus,
2244 2598 2296 2664 in
2328 2612 2539 2665 tertium
2568 2612 2816 2667 calendas
2841 2615 3024 2683 aprilis
3047 2613 3296 2669 incidisse
3326 2613 3519 2668 ferunt.
3547 2612 3602 2667 ld
3627 2613 3710 2666 si-

429 2697 643 2770 quidem
673 2713 767 2769 per
792 2699 1154 2769 episcopatum
1186 2700 1467 2771 Augustini
1508 2716 1613 2755 non
1642 2701 1863 2772 contigit
1889 2716 2146 2771 unquam,
2175 2702 2274 2757 nisi
2301 2704 2455 2757 annis
2482 2705 2587 2761 “9
2610 2713 2665 2760 et
2692 2706 2818 2772 430,
2846 2708 3037 2776 quibus
3066 2707 3203 2761 istud
3225 2707 3538 2777 opusculum
3566 2706 3709 2760 assi-

430 2790 580 2859 gnari
606 2804 712 2844 non
738 2804 895 2859 posse
915 2790 1069 2845 facile
1095 2791 1459 2847 concedimus.
1488 2791 1603 2847 Erit
1623 2791 1782 2862 igitur
1806 2806 1901 2861 pro
1928 2791 1995 2846 lll
2020 2792 2123 2846 cal.
2152 2792 2453 2864 legendum,
2478 2805 2535 2849 ut
2554 2795 2768 2865 quidam
2791 2797 2994 2862 volunt,
3028 2795 3115 2851 VII
3136 2797 3240 2851 cal.
3271 2796 3473 2865 aprilis,
3497 2804 3553 2848 ut
3572 2809 3711 2865 opus

432 2880 499 2935 ad
519 2879 626 2935 422
642 2896 840 2934 annum
870 2880 1162 2948 pertineat;
1193 2890 1285 2936 aut
1322 2891 1471 2938 certe
1495 2882 1859 2952 reponendum
1892 2881 1965 2939 X1
1989 2883 2093 2939 cal.
2124 2885 2328 2955 aprilis,
2359 2901 2465 2957 quo
2505 2886 2591 2943 die
2616 2886 2822 2943 Pascha
2862 2903 3003 2959 anno
3028 2889 3133 2944 ΩΒ
3172 2888 3498 2945 celebratum
3527 2902 3556 2941 a
3586 2888 3714 2958 qui-

432 2972 657 3029 busdam
682 2971 992 3029 Latinorum
1017 2972 1185 3030 fuisse
1207 2973 1399 3029 asserit
1418 2972 1733 3031 Bucherius.

512 3107 597 3167 In
623 3105 855 3170 librum
879 3108 957 3171 de
987 3114 1132 3171 octo
1158 3109 1418 3173 Dulcitii
1450 3110 1949 3189 Questionibus,
1979 3112 2121 3177 vide
2145 3112 2257 3176 lib.
2278 3112 2350 3187 2,
2384 3133 2520 3193 cap.
2555 3114 2660 3188 65,
2693 3116 3273 3189 Retractatlonum,
3310 3122 3459 3176 tom.
3490 3116 3548 3187 1,
3581 3114 3707 3176 col.

433 3212 577 3289 656,
609 3235 649 3277 ιι
681 3213 885 3279 verbis
906 3260 923 3285 .
951 3215 1147 3279 Liber
1171 3234 1368 3297 quem
1395 3216 1753 3296 pernotavi,
1784 3235 1977 3298 usque
2001 3218 2084 3280 ad
2108 3217 2312 3287 verba,
2345 3218 2467 3278 Fili
2493 3218 2751 3280 Dulciti.
2918 3219 3005 3279 Μ.

1110 3432 1470 3441 ._..__.__

450 3423 3669 3481 imm

893 3469 1472 3480 ——o——-—————

964 3471 2056 3729 ξᾟῦἔέίῆ
2065 3471 3287 3732 signa?

1432 3814 2195 3902 HIPPONENSIS
2229 3820 2759 3935 EPISCOPI

1690 4016 1930 4128 DE
2006 4015 2466 4130 θατο

837 4240 1726 4392 DULCITII
1815 4239 3345 4424 QUZESTIONIBUS

1743 4504 2020 4631 imber
2066 4493 2439 4603 unus(a).

1841 4678 2313 4738 “QEO-0

518 4823 824 4879 Primulo.
851 4821 1113 4892 Quantum
1135 4821 1265 4877 mihi
1294 4819 1875 4882 videtur,dilectlssime
1899 4821 1917 4853 ⁸
1949 4820 2024 4876 illi
2139 4830 2294 4885 tertio
2315 4833 2567 4889 calendas
2594 4837 2797 4906 aprilis,
2824 4852 2856 4892 a
2888 4836 3208 4910 Carthagine
3240 4839 3373 4895 mihi
3408 4839 3599 4898 missas
3627 4842 3726 4899 lit-

449 4914 774 4981 bulciti,non
797 4913 998 4968 tardavi
1023 4914 1347 4981 respondere
1370 4910 1871 4981 interrogationibus
1900 4911 2023 4967 tuis.
2137 4932 2278 4979 teras
2308 4934 2409 4981 ιυςη
2429 4927 2729 4984 dilectionis
2754 4931 2955 4999 accepi.
2983 4931 3111 4985 post
3129 4946 3223 4987 eos
3246 4942 3421 4986 autem
3450 4931 3567 4989 dies
3590 4948 3721 4989 ειη.-

449 5010 547 5062 l'ct'
563 5008 764 5063 Pascha
788 5007 982 5078 quippe
1002 5005 1103 5061 hoc
1118 5019 1279 5072 anno,
1307 5017 1415 5075 quo
1435 5002 1774 5059 Dominiws'
1791 5004 1905 5074 eius
1930 5004 2028 5059 Γυίῐ
2144 5026 2260 5081 ctos
2301 5018 2581 5076 confesum
2619 5021 2988 5093 Carthaginem
3031 5038 3147 5078 sum
3188 5024 3458 5095 profectus
3482 5042 3497 5080 :
3537 5027 3592 5082 in
3616 5042 3724 5099 qua

1676 5127 1935 5165 ωκοτησηο
1965 5130 2040 5165 ιη’.
2072 5127 2497 5163 unumunum.

508 5203 623 5250 ttuic
637 5202 703 5251 de
725 5209 833 5253 octo
847 5200 1033 5251 Dulcitii
1050 5196 1719 5261 mulionibusemendando
1741 5194 1863 5261 libro
1880 5196 2078 5261 adhibiti
2099 5206 2212 5247 sunt
2229 5205 2428 5261 veteres
2442 5196 2651 5261 )‘aticaui
2679 5203 2782 5246 tres
2804 5196 2932 5261 libri,
2954 5198 3276 5250 Corbeienses
3294 5200 3407 5261 duo,
3420 5202 3623 5252 totidem
3644 5205 3728 5252 vt-

444 5263 634 5319 t'tot'ini,
656 5264 811 5312 codex
836 5264 1025 5322 Regius,
1049 5257 1352 5321 sorbonicus,
1370 5259 1696 5322 Floriacensis,
1723 5258 2041 5322 Michaelinus,
2062 5267 2113 5308 et
2128 5273 2255 5307 unus
2276 5257 2499 5307 Ecclesiae
2522 5258 2873 5322 lauduneusis;
2900 5259 3138 5310 lectiones
3153 5264 3298 5311 etiam
3319 5257 3562 5313 variantes
3575 5271 3726 5313 Lava-

446 5324 689 5387 triennium
710 5336 772 5372 ex
797 5320 1130 5387 Belgicls'uss.
1152 5320 1387 5387 quatuor;
1412 5334 1469 5387 ac
1489 5320 1685 5372 tandem
1707 5321 1951 5387 editiones
1982 5327 2081 5370 Rat.
2106 5330 2205 5369 Aut.
2240 5327 2312 5369 Er.
2344 5326 2396 5369 et
2434 5327 2564 5381 Lov.,
2588 5321 2637 5369 id
2662 5328 2740 5370 est
2770 5323 3021 5384 Augustini
3057 5323 3123 5371 de
3157 5326 3424 5387 Ratispona,
3445 5327 3639 5375 Joannis
3658 5326 3727 5378 de

448 5384 729 5443 Λαίδι-διώ,
751 5381 987 5437 Desiderli
1007 5381 1201 5445 Et‘asml,
1227 5391 1281 5436 et
1300 5381 1653 5447 Theologorum

528 5465 1039 5547 Comparavimus
1056 5476 1359 5548 praeterea
1386 5484 1483 5527 ea:
1514 5483 1717 5526 omnes
1744 5464 2044 5529 editiones
2072 5465 2254 5527 initio
2291 5467 2456 5527 Retr.
2482 5472 2537 5524 (ιε
2558 5459 2872 5533 Confess.,
2897 5476 2942 5529 ε.
2978 5466 3035 5534 1,
3062 5475 3448 5531 memoratas.
3549 5468 3630 5531 Μ.

514 5590 528 5619 ⁸
560 5586 747 5651 Aliquot
766 5594 894 5645 Ilss.,
914 5587 1205 5651 dulcissime.

416 5694 425 5703 ,
513 5651 535 5680 ί
559 5655 608 5711 tn
631 5648 878 5711 plerisque
900 5658 1029 5706 Mss,
1057 5649 1373 5700 Dominicnm.

513 5710 590 5773 (ο)
610 5710 823 5774 scriptus
843 5711 968 5762 forte
990 5723 1069 5759 au.
1096 5710 1205 5773 422,
1228 5721 1312 5761 aut
1335 5712 1441 5762 423.
