4000 6336
219 366 296 421 119

28 378 37 473 (
219 378 296 421 tt!
1657 378 1810 414 una.

38 484 45 539 ι,
222 480 406 535 civitate
431 476 581 533 nihil
620 494 718 534 me
745 478 952 533 dictare
978 476 1209 546 permislt
1236 475 1664 542 occupationum,
1692 488 1814 541 quae

42 590 51 671 ἦ
227 571 284 626 ibi
314 582 420 622 non
466 576 662 638 potest
689 567 907 632 deesse,
931 566 1095 621 nimia
1124 563 1425 618 multitudo.
1458 563 1563 618 Sed
1612 572 1822 631 postea.

44 650 51 733 3E
236 676 362 733 quam
412 657 546 712 inde
603 673 896 729 regressus
941 672 1091 721 sum,
1148 653 1376 724 peractis
1425 652 1563 723 apud
1615 662 1826 706 nostros

242 748 520 823 quindecim
551 748 779 815 diebus,
812 748 903 819 qui
934 763 1022 802 me
1050 756 1170 817 post
1196 745 1489 799 absentiam
1519 743 1824 798 diuturnam

245 858 407 898 curare
449 840 560 894 alia
590 839 976 909 compulerunt
1016 837 1169 908 (nam
1189 845 1307 906 post
1328 844 1437 890 tres
1466 850 1680 890 menses
1707 833 1830 888 red-

248 936 310 989 ire
353 932 657 1004 permissus
701 928 891 999 sum);
935 928 1233 984 rescribere
1265 926 1363 980 ista
1408 940 1514 979 non
1542 923 1744 990 distuli,
1774 931 1830 978 et

249 1027 328 1080 abs
364 1034 418 1079 te
456 1022 646 1078 missis
678 1020 1084 1093 quaestionibus,
1114 1034 1233 1089 qua:
1274 1035 1304 1072 a
1354 1033 1440 1073 me
1484 1032 1579 1088 per
1619 1016 1829 1071 diversa

248 1115 483 1187 opuscula
542 1130 665 1169 mea
715 1114 827 1183 jam
881 1113 1089 1167 fuerant
1139 1120 1496 1182 pertractata),
1521 1108 1828 1164 eseisdem

246 1206 506 1276 opusculis
536 1204 773 1260 reddere
801 1202 882 1258 vel
924 1202 1248 1257 solutionem
1278 1200 1363 1255 vel
1382 1209 1535 1254 certe
1563 1198 1828 1268 discepta-

247 1299 433 1353 tionem
462 1311 664 1351 meam.
690 1294 930 1361 Denique
954 1291 1079 1347 illud
1111 1289 1504 1355 tantummodo,
1525 1288 1610 1342 ubi
1636 1287 1831 1359 quieris

246 1404 399 1457 quare
428 1386 632 1442 dixerit
661 1384 925 1439 Dominus
954 1381 1202 1436 nimirum
1236 1380 1487 1451 pra-scius
1511 1378 1849 1445 futurorum,

249 1476 382 1547 Elegi
414 1475 585 1530 Dauid
623 1474 903 1529 secundum
940 1489 1026 1526 cor
1071 1488 1237 1525 meum
1270 1468 1369 1541 (Ill
1417 1467 1541 1540 Reg.
1578 1484 1690 1527 vut,
1717 1467 1829 1538 16),

249 1585 359 1623 sum
387 1568 493 1622 ille
531 1567 656 1620 talia
693 1575 747 1619 et
793 1575 937 1618 tanta
964 1561 1309 1625 commiserit,
1339 1560 1425 1613 ubi
1466 1557 1829 1623 tractaverim,

253 1660 599 1731 etquomodo
652 1659 702 1713 id
748 1656 1112 1728 exposuerim,
1146 1671 1249 1707 uou
1304 1651 1443 1722 potui
1496 1652 1832 1720 reperire,et

248 1765 411 1807 utrum
439 1752 514 1805 sit
556 1750 608 1803 in
637 1749 818 1820 aliquo
840 1746 975 1801 libro
1007 1760 1125 1799 meo
1154 1743 1235 1798 vel
1265 1740 1489 1811 epistola
1519 1740 1720 1796 nescio.
1753 1740 1831 1794 Ac

245 1862 330 1915 per
373 1842 479 1897 hoc
508 1839 761 1913 quoniatn
802 1837 932 1891 mihi
961 1836 1027 1890 de
1068 1836 1169 1888 hoc
1212 1832 1433 1888 intulisti
1464 1846 1612 1883 uotae
1642 1829 1829 1898 dispu-

242 1933 457 1988 tationis
487 1928 887 1993 necessitatem,
919 1926 970 1980 in
1000 1926 1103 1980 hae
1127 1940 1244 1978 mea
1278 1922 1626 1991 rescriptioue
1663 1919 1713 1974 id
1745 1919 1841 1973 ul-

240 2027 426 2079 timum
458 2020 578 2083 feci,
610 2020 757 2089 prius
788 2018 972 2071 Voleus
1000 2031 1063 2071 ea
1106 2029 1300 2084 ponere
1325 2030 1445 2084 quae
1489 2011 1744 2066 habebam
1776 2011 1829 2065 in

236 2115 359 2169 aliis
394 2108 918 2167 meisvolnminibus
954 2115 1247 2179 praeparata
1272 2123 1285 2159 :
1316 2113 1373 2159 ut
1402 2119 1498 2159 uec
1526 2104 1702 2157 studio
1726 2111 1830 2159 tum

234 2204 545 2261 sanctitatis
586 2201 889 2267 deessem‘,
939 2199 1079 2271 quod
1132 2198 1261 2253 mihi
1308 2207 1392 2254 est
1439 2197 1827 2266 gratissimum;

239 2312 339 2351 nec
359 2297 469 2349 alio
496 2293 655 2348 modo
674 2292 864 2348 eadem
895 2290 1075 2347 dicere
1104 2304 1347 2359 cogerer,
1370 2288 1511 2358 quod
1541 2288 1669 2341 mihi
1689 2296 1832 2343 esset

240 2384 739 2449 laboriosissimum,
772 2392 943 2437 necte
971 2382 1145 2451 aliquo
1167 2380 1393 2450 amplius
1417 2378 1710 2450 adiuvaret.

245 2479 489 2548 Qozsrto
527 2493 708 2531 ratus.
742 2504 816 2516 —
850 2475 930 2529 An
956 2472 1193 2545 baptizati
1211 2481 1491 2541 peccatores
1513 2471 1695 2525 exituri
1729 2470 1831 2524 sint

313 2573 377 2625 de
398 2572 648 2642 gehenna.
684 2568 852 2623 Locus
882 2565 1112 2636 Apostoli
1136 2566 1351 2636 difﬁcilis
1374 2564 1505 2618 male
1527 2562 1826 2618 intellectus.

310 2663 584 2736 Refutatur
611 2662 795 2732 opinio
827 2658 1221 2715 existimantium
1264 2657 1417 2725 ﬁdem
1456 2656 1566 2711 sine
1595 2654 1829 2724 operibus

311 2756 549 2828 prodesse
572 2754 640 2807 ad
670 2754 905 2808 salutem.
935 2749 1099 2805 Locus
1126 2748 1374 2821 Apostoli,
1401 2747 1650 2819 quomodo
1676 2746 1827 2799 intel-

312 2846 567 2916 ligendus.
590 2843 734 2897 Alius
761 2841 990 2911 Apostoli
1013 2840 1152 2893 locus
1181 2843 1370 2910 frustra
1389 2836 1452 2890 ab
1476 2837 1538 2890 iis
1558 2836 1828 2901 adductus,

308 2938 392 3007 qui
438 2936 594 3006 ﬁdem
632 2934 742 2989 sine
783 2931 1017 3004 aperibus
1055 2931 1251 2984 salvare
1288 2928 1485 2981 docent.
1530 2924 1832 2982 Chanaan

311 3029 438 3097 ﬁdes
461 3028 629 3097 qualis
672 3026 882 3079 laudata
908 3034 1000 3078 est.
1033 3022 1224 3092 Opinio
1259 3018 1614 3093 quorumdam,
1656 3018 1831 3086 ﬁdeles

312 3120 615 3191 baptizatos,
638 3116 959 3183 quantumvis
983 3123 1289 3185 peccatores,
1318 3112 1589 3165 salvandos
1615 3126 1724 3164 esse
1742 3125 1831 3178 per

310 3210 494 3278 ignem.
541 3205 690 3279 Ignis
740 3207 986 3277 cujusque
1036 3220 1163 3272 opus
1209 3201 1426 3273 probans
1467 3201 1522 3256 in
1572 3201 1675 3254 huc.
1704 3201 1835 3255 vita.

312 3300 652 3371 Bargatorius
678 3299 809 3369 ignis
837 3307 952 3369 post
979 3296 1111 3350 hanc
1137 3296 1311 3350 vitam.
1690 3356 1694 3361 μ

315 3395 363 3447 1.
401 3392 585 3447 Prima
636 3391 814 3460 itaque
856 3386 1149 3459 propositio
1180 3395 1267 3439 tua
1310 3393 1413 3450 est,
1452 3401 1473 3435 ι
1519 3382 1706 3439 Utrum
1736 3381 1832 3436 ali-

247 3486 476 3556 quando,
522 3485 612 3554 qui
650 3492 776 3537 sunt
820 3490 941 3549 post
988 3478 1310 3549 Baptismum
1358 3485 1702 3546 peccatores.
1732 3489 1833 3530 es-

253 3590 373 3632 eant
398 3576 471 3631 de
499 3575 767 3645 gehenua.
804 3573 1210 3641 Aliquantorum
1253 3583 1483 3638 mutique
1521 3582 1687 3638 super
1707 3566 1829 3633 hoc,

252 3668 445 3738 inquis,
484 3667 698 3722 diversa
740 3663 1005 3721 sententia
1043 3671 1159 3728 est,
1198 3659 1668 3730 respondentium,
1696 3658 1835 3713 sicut

244 3758 496 3827 pistorum
538 3756 855 3826 praemium,
890 3755 962 3809 ita
1009 3762 1346 3823 peccatorum
1399 3753 1559 3806 tinem
1600 3750 1831 3804 nonlta-

246 3847 365 3907 ὕοι-ε
398 3856 688 3903 lamenta.
722 3848 1045 3901 Asseverare
1088 3840 1536 3909 etenimeupiunt
1581 3848 1686 3895 tam
1712 3854 1833 3908 per»

245 3951 415 4009 petem
454 3938 745 3995 vindictam
799 3951 1052 3999 manere,
1088 3950 1246 4004 quam
1304 3933 1602 4003 praemium.
1630 3930 1833 4000 Quibus

246 4041 428 4086 contra
471 4029 835 4100 prescrihitur
874 4025 1177 4098 evangelica
1232 4025 1318 4080 illa
1377 4022 1685 4089 sententia,
1712 4037 1832 4092 quae

243 4124 334 4189 ait,
375 4121 499 4176 Non
544 4120 667 4176 inde
707 4119 861 4182 esies,
901 4117 1059 4171 donec
1106 4116 1291 4170 reddas
1351 4115 1673 4169 novissimum
1703 4127 1835 4181 qua-

244 4215 471 4266 drantem
513 4209 734 4283 (Matth.
780 4225 831 4276 ν,
868 4207 987 4277 26).
1033 4206 1288 4277 Superest
1327 4219 1456 4276 ergo
1491 4214 1548 4258 ut
1573 4202 1676 4258 hoc
1708 4202 1832 4257 red-

241 4304 349 4359 dito
388 4303 561 4373 possit
601 4302 771 4357 exire.
812 4299 1097 4355 Credimus
1137 4298 1239 4351 hoc
1281 4306 1336 4351 et
1363 4293 1603 4365 Apostoli
1646 4291 1836 4347 defini-

242 4396 382 4450 tione
418 4393 650 4448 dicentis
676 4432 691 4457 ,
731 4390 851 4461 Ipse
883 4398 1051 4443 autem
1075 4388 1245 4443 solum
1266 4387 1381 4449 erit,
1402 4385 1475 4440 sic
1494 4394 1661 4438 tamen
1684 4382 1830 4453 quasi

241 4502 328 4554 per
362 4487 534 4557 ignem
577 4482 628 4555 (l
669 4480 787 4536 Cor.
825 4496 904 4547 ιιι,
938 4480 1051 4549 15).
1094 4478 1198 4534 Sed
1236 4477 1488 4548 quoniam
1534 4474 1662 4530 alibi
1698 4474 1832 4544 legi-

241 4594 391 4644 mus,
460 4575 675 4644 inquis,
710 4572 777 4627 Et
831 4587 932 4625 non
984 4569 1212 4639 cognovit
1251 4584 1383 4631 eam,
1425 4565 1583 4620 donec
1642 4564 1849 4635 peperit

238 4666 453 4733 (lauti.
490 4681 531 4731 ι,
559 4663 681 4734 25),
718 4662 859 4733 quod
900 4660 970 4714 ita
1002 4658 1337 4729 interpretari
1360 4672 1466 4712 non
1509 4669 1826 4726 possumus;

237 4758 437 4817 idcirco
470 4758 541 4813 de
585 4756 689 4811 hoc
724 4754 967 4825 cupimus
1009 4751 1119 4806 ﬁeri
1149 4752 1428 4807 certiores.
1464 4768 1486 4803 ι
1514 4747 1628 4803 Hoc
1667 4761 1837 4818 usque

234 4863 319 4906 est
342 4850 650 4924 propositio
678 4858 788 4903 tua.

303 4942 358 4996 2.
397 4942 504 4996 Cui
546 4937 850 5007 respondeo
887 4952 967 4991 ex.
1000 4936 1137 4992 libro
1174 4949 1335 5000 meo,
1357 4933 1447 5003 qni
1497 4931 1831 4997 inscribitur,

237 5032 303 5087 de
330 5033 468 5088 Fide
509 5042 568 5087 et
593 5029 879 5099 Operibus,
908 5026 998 5082 ubi
1028 5026 1095 5081 de
1121 5027 1223 5081 hac
1260 5042 1317 5080 re
1344 5025 1412 5078 ita
1444 5024 1653 5077 loeutus
1677 5037 1834 5077 sum:

242 5140 265 5173 σ
306 5124 566 5188 Jacobus,
597 5123 835 5190 inquam,
864 5128 971 5173 tam
999 5118 1346 5172 vehementer
1390 5115 1612 5169 infestus
1638 5122 1731 5167 est-
1757 5112 1837 5167 eis

238 5218 325 5283 Qui
346 5215 575 5285 sapiunt
606 5212 763 5266 fidem
792 5211 912 5265 sine
930 5208 1185 5278 operibus
1218 5207 1395 5261 valere
1414 5204 1481 5259 ad
1509 5204 1756 5269 salutem,
1778 5213 1837 5258 ut

238 5307 356 5361 illos
394 5307 564 5361 etiam
603 5302 945 5358 dte-monibus
975 5308 1268 5369 comparet,
1301 5298 1506 5358 dicens.
1535 5294 1615 5349 Tu
1643 5296 1831 5358 credis,

237 5400 478 5467 quoniam
515 5413 648 5451 unus
686 5406 759 5449 est
796 5393 965 5448 Deus:
991 5392 1113 5447 bene
1154 5391 1312 5460 facis;
1355 5399 1401 5443 et
1439 5388 1691 5442 dwmones
1726 5403 1836 5440 cre-

241 5489 382 5550 dant,
410 5499 463 5543 et
508 5486 922 5541 contremiscunt.
973 5482 1111 5550 Quid
1158 5480 1394 5544 brevius,
1426 5479 1626 5543 verius,
1669 5480 1832 5532 vehe-

242 5584 472 5638 mentius
495 5580 600 5636 dici
626 5578 825 5650 potuit,
850 5590 975 5631 cum
995 5582 1050 5631 et
1078 5574 1131 5628 in
1159 5571 1449 5642 Evangelio
1478 5571 1715 5641 legamus
1737 5568 1838 5625 hoc

464 5668 757 5734 damouia,
785 5680 909 5722 cum
937 5663 1209 5720 Christum
1244 5662 1451 5717 Filium.
1478 5661 1569 5715 Dei
1609 5661 1834 5713 confite-

246 5773 440 5831 rentia,
482 5772 536 5820 et
576 5760 649 5819 ab
698 5758 798 5816 illo
835 5756 1238 5827 corriperentnr
1288 5752 1480 5827 (Marc.
1528 5768 1564 5816 ι,
1594 5752 1684 5816 21,
1716 5750 1834 5818 :25).

300 5855 317 5885 ¹
355 5856 584 5917 Potiorcs
609 5858 768 5923 3155.,
801 5855 1037 5907 άεοεευι-

1657 359 1859 414 LlBER
1899 359 2101 418 UNUS.

3414 365 3516 422 Ιὸθ

1932 471 2072 541 quod
2113 471 2164 528 in
2197 472 2337 527 Petri
2364 471 2701 528 confessione
2731 472 3000 530 laudatum
3038 485 3120 531 est
3158 474 3370 551 (Matth.
3399 494 3515 543 ιγι.

1936 563 2023 626 16,
2056 561 2186 633 17)ἳ
2231 562 2366 629 Quid
2406 563 2649 634 proderit,
2686 564 2763 618 ait
2809 563 3061 631 Jacobus,
3103 567 3289 637 fratres
3317 571 3432 633 mei,
3470 572 3515 627 si

1935 653 2086 721 ﬁdem
2110 653 2245 707 dicat
2270 670 2324 708 se
2365 656 2476 725 quis
2502 654 2701 721 habere,
2732 672 2887 727 opera
2932 667 3101 711 autem
3141 675 3243 714 non
3286 660 3464 716 habeat
3485 664 3512 717 Ρ

1936 742 2203 813 Numquid
2228 746 2407 815 poterit
2436 747 2564 815 ﬁdes
2591 747 2789 801 salvere
2825 749 2983 803 eum?
3025 748 3163 805 Dicit
3184 750 3368 821 etiam,
3393 756 3514 821 quia

1935 837 2061 906 ﬁdes
2088 838 2197 891 sine
2223 838 2467 907 operibus.
2483 848 2681 893 mortua
2708 849 2795 894 est
2814 838 3014 912 (Jacobi
3044 858 3102 911 ιι,
3135 844 3229 909 19,
3276 845 3362 908 ll,
3392 846 3510 915 20).

1934 926 2221 998 Quousque
2248 942 2385 998 ergo
2419 928 2692 996 falluntur,
2722 930 2813 999 qui
2845 931 2914 987 de
2941 932 3045 989 fide
3072 946 3281 990 mortua
3307 936 3406 991 sibi
3439 941 3516 992 vi.-

1935 1027 2044 1074 tam
2074 1029 2385 1091 perpetuam
2417 1020 2782 1090 pollicentur?

2007 1112 2079 1165 “5..
2107 1130 2126 1163 ι
2160 1112 2498 1183 Quapropter
2522 1112 2804 1185 diligenter
2832 1124 3046 1187 oportet
3072 1117 3346 1172 attendere
3379 1135 3517 1187 qtto-

1936 1200 2096 1257 modo
2114 1202 2422 1275 accipienda
2443 1203 2513 1259 sit
2535 1205 2760 1273 apostoli
2782 1206 2929 1260 Pauli
2951 1206 3037 1260 illa
3061 1210 3344 1270 sententia,
3363 1210 3519 1279 plano

1936 1292 2004 1347 ad
2050 1293 2453 1363 intelligendum
2498 1294 2761 1362 difﬁcilis,
2811 1296 2898 1351 ubi
2936 1298 3011 1352 ait
3048 1316 3063 1352 :
3105 1296 3517 1354 Fundamentum

1936 1385 2068 1438 enim
2090 1385 2232 1439 aliud
2254 1402 2400 1440 nemo
2427 1395 2587 1457 potest
2617 1403 2820 1459 ponere,
2837 1397 3021 1458 printer
3052 1389 3108 1444 id
3129 1389 3267 1461 quod
3297 1392 3519 1460 positum

1936 1484 2030 1538 est,
2058 1476 2192 1546 quod
2217 1485 2293 1531 est
2321 1476 2548 1532 Christus
2584 1478 2753 1533 Jcsus.
2790 1478 2853 1534 Si
2888 1480 2998 1547 quis
3040 1490 3209 1535 autem
3237 1483 3518 1553 superwdi-

1937 1566 2055 1635 ﬁcat
2079 1583 2233 1635 super
2256 1568 2638 1639 fundamentum
2658 1569 2770 1634 hac,
2791 1587 2992 1635 narunt,
3016 1582 3303 1642 argentum,
3323 1574 3523 1644 lapides

1937 1656 2217 1727 pretiosos,
2239 1659 2400 1730 ligna,
2432 1662 2624 1730 fenum,
2663 1661 2924 1729 stipulam,
2956 1663 3353 1735 uniuscujusque
3389 1682 3519 1735 Opus

1937 1748 2355 1817 manifestabitur.
2383 1749 2505 1804 Dies
2530 1753 2661 1806 enim
2688 1753 2984 1820 declarabit,
3011 1754 3133 1823 quia
3159 1756 3211 1809 in
3236 1758 3351 1827 igne
3373 1773 3513 1812 retre-

1937 1839 2142 1905 labitur,
2168 1850 2214 1894 et
2240 1842 2631 1912 uniuscujusque
2657 1860 2785 1912 opus
2822 1845 2972 1911 quale
3009 1846 3075 1898 sit
3102 1847 3233 1916 ignis
3264 1849 3517 1916 probabit.

1938 1928 2001 1987 Si
2028 1931 2175 2000 cujus
2218 1948 2347 2000 opus
2386 1932 2645 1999 multh,
2676 1933 2811 2004 quod
2849 1936 3294 2006 superadiﬁcauit,
3326 1955 3519 1994 merce-

1936 2019 2052 2073 dem
2090 2020 2326 2091 aecipiet.
2372 2022 2433 2077 Si
2478 2024 2647 2091 cuius.
2668 2032 2839 2077 autem
2880 2041 3007 2093 opus
3044 2027 3243 2094 arserit,
3275 2028 3520 2084 donatum

1937 2112 2156 2183 patietur
2174 2127 2195 2165 :
2226 2112 2337 2182 ipse
2375 2122 2545 2167 autem
2570 2115 2739 2169 salvus
2771 2115 2885 2180 erit,
2924 2116 2998 2170 sic
3040 2125 3207 2171 tamen
3243 2121 3389 2189 quasi
3431 2137 3522 2188 per

1935 2204 2100 2275 ignem
2132 2203 2186 2276 (ι
2212 2205 2329 2259 Cor.
2359 2220 2439 2274 ut,
2488 2204 2703 2278 11-15).
2746 2206 2898 2274 Quod
2946 2208 3160 2278 quidam
3203 2210 3275 2266 ita
3324 2211 3523 2267 intelli-

1935 2292 2166 2364 gendum
2194 2304 2403 2363 putant,
2432 2305 2489 2349 ut
2521 2296 2599 2351 illi
2627 2295 2911 2352 videantur
2932 2298 3196 2361 aedificare
3226 2314 3389 2370 super
3417 2301 3525 2358 ltoe

1937 2382 2367 2452 fundamentum,
2405 2399 2618 2453 aurum,
2659 2397 2960 2457 argentum,
2991 2388 3195 2458 lapides
3233 2392 3521 2460 pretiosos,

1935 2476 2027 2546 qui
2050 2474 2174 2531 fidei
2195 2492 2315 2546 quin
2340 2477 2397 2531 in
2411 2476 2627 2532 Christo
2646 2489 2748 2544 est,
2770 2477 2909 2534 bona
2935 2464 3107 2549 opera
3121 2480 3410 2550 adjiciunt;
3445 2483 3527 2541 illi

1935 2575 2115 2622 autem
2142 2564 2344 2633 fenum,
2363 2568 2523 2638 ligna,
2546 2568 2818 2638 stipulam,
2836 2570 3067 2641 quicum
3089 2570 3331 2627 eamdem
3360 2572 3524 2633 fidem

1938 2656 2191 2723 habeant,
2210 2659 2349 2714 male
2368 2668 2678 2729 operantur.
2708 2659 2857 2716 Unde
2878 2660 3206 2717 arbitrantur
3234 2677 3331 2734 per
3354 2678 3518 2733 quas-

1935 2746 2060 2802 dam
2102 2763 2287 2818 ptenas
2317 2750 2452 2820 ignis
2472 2766 2565 2805 eos
2592 2765 2746 2820 posse
2771 2754 2985 2823 purgari
3008 2752 3076 2808 ad
3095 2753 3320 2809 salutem
3348 2755 3519 2825 perci-

1937 2838 2186 2908 piendam
2217 2841 2409 2895 merito
2436 2840 2784 2897 fundamenti.

2007 2931 2064 2987 ι.
2109 2950 2128 2982 ο
2171 2932 2289 2989 lloc
2305 2932 2350 2987 si
2382 2934 2582 2995 itaest,
2607 2933 2835 2988 fatemur
2876 2934 3006 2989 istos
3050 2934 3299 2989 laudabili
3341 2936 3520 2992 chari-

1938 3030 2047 3078 tate
2068 3023 2279 3088 conari,
2312 3032 2371 3078 ut
2405 3037 2595 3077 omnes
2626 3022 2910 3079 indiscrete
2946 3023 3293 3079 admittantur
3320 3026 3387 3080 ad
3419 3025 3518 3079 Ba-

1937 3116 2214 3185 ptismum,
2262 3131 2370 3170 non
2420 3116 2596 3171 solum
2646 3115 2873 3170 adulteri
2923 3124 2979 3171 et
3028 3115 3302 3183 adulterae,
3332 3127 3520 3173 contra

1936 3208 2254 3271 sententiam
2285 3206 2492 3262 Domini
2520 3206 2682 3262 falsas
2713 3208 2924 3276 nuptias
2963 3206 3390 3279 prmtendentes;
3421 3224 3525 3262 ve-.

1936 3312 2055 3352 rum
2092 3298 2256 3351 etiam
2287 3297 2511 3366 publica:
2551 3296 2861 3352 meretrices
2898 3297 2950 3350 in
2982 3297 3286 3366 turpissima
3317 3296 3521 3367 profes-

1938 3389 2090 3443 sione
2116 3398 2544 3458 perseverantes,
2561 3401 2693 3456 quas
2717 3396 2863 3443 certe
2891 3388 3052 3441 etiam
3082 3388 3225 3443 nuda
3247 3390 3523 3459 negligen-

1939 3477 2143 3531 tissima
2198 3476 2431 3531 Ecclesia
2489 3476 2771 3530 consuevit
2814 3475 3117 3541 admittere,
3163 3476 3264 3530 nisi
3309 3478 3378 3531 ab
3430 3478 3518 3532 illa

1939 3570 2184 3642 primitus
2210 3570 2583 3639 prostitutione
2611 3569 2879 3624 liberatas.
2908 3567 3013 3623 Sed
3057 3568 3156 3623 ista
3196 3568 3401 3623 ratione
3424 3584 3521 3623 cur

1938 3677 2047 3718 non
2070 3661 2381 3716 omnimodo
2407 3661 2777 3724 admittantur,
2806 3661 3023 3714 omnino
3051 3675 3155 3714 non
3183 3661 3359 3716 video.
3390 3661 3520 3728 Quis

1938 3755 2081 3808 enim
2123 3768 2229 3808 non
2274 3753 2422 3807 malit
2446 3768 2538 3808 eas
2583 3753 2756 3822 posito
2805 3750 3173 3815 fundamento,
3206 3752 3331 3807 licet
3357 3752 3519 3822 ligna,

1939 3843 2119 3899 fenum
2145 3851 2200 3898 et
2222 3842 2469 3913 stipulam
2500 3850 2814 3912 congerunt,
2837 3842 3110 3911 aliquanto
3136 3852 3283 3897 certe
3311 3842 3523 3897 diutur-

1939 3937 2092 3992 niora
2140 3936 2262 4006 igne
2309 3935 2544 4005 purgari,
2577 3949 2737 4004 quam
2782 3934 2835 3988 in
2866 3944 3124 3989 aeternum
3173 3934 3386 4004 perire?
3426 3935 3520 3990 sed

1940 4026 2072 4082 falsa
2109 4036 2265 4083 erunt
2312 4028 2421 4093 illa,
2452 4042 2572 4097 qua:
2600 4027 2977 4082 obscuritatem
3020 4026 3523 4097 ambiguitatemque

1939 4132 2046 4172 non
2080 4116 2277 4171 habent
2304 4134 2318 4170 :
2353 4117 2416 4172 Si
2455 4116 2666 4170 habeam
2702 4133 2899 4170 onmem
2928 4116 3102 4186 ﬁdem,
3130 4118 3200 4171 ita
3247 4127 3301 4171 ut
3330 4130 3523 4173 montes

1939 4211 2262 4280 transferam,
2300 4207 2596 4262 charitatem
2636 4218 2802 4261 autem
2846 4224 2945 4260 non
2991 4207 3221 4274 habeam,
3256 4208 3385 4261 nihil
3409 4225 3529 4267 sum,

1940 4296 2063 4369 (Id.
2118 4314 2236 4365 xm,
2284 4298 2378 4368 2);
2425 4307 2509 4364 et,
2562 4298 2699 4366 Quid
2750 4297 3015 4368 proderit,
3063 4298 3249 4367 fratres
3306 4299 3424 4364 mei,
3471 4299 3517 4352 si

1941 4391 2094 4460 ﬁdem
2126 4391 2244 4460 quis
2276 4390 2411 4444 dicat
2447 4406 2502 4444 se
2541 4391 2742 4453 habere,
2765 4406 2920 4461 opera
2955 4399 3127 4444 autem
3161 4407 3262 4444 non
3303 4391 3524 4445 habeat?

1944 4481 2208 4550 Numquid
2259 4482 2441 4550 poterit
2488 4481 2615 4550 ﬁdes
2661 4481 2859 4557 sulcare
2892 4482 3052 4535 eum?
3098 4479 3311 4534 Falsum
3342 4481 3444 4536 erit
3472 4491 3528 4535 et

1942 4572 2104 4627 illud:
2150 4570 2326 4627 Nolite
2365 4587 2570 4635 errare;
2596 4588 2752 4640 neque
2796 4572 3142 4642 fornicatores,
3174 4589 3331 4642 neque
3374 4573 3527 4626 idolis

1940 4664 2226 4728 servientes,
2268 4678 2428 4731 neque
2468 4663 2622 4731 fures,
2667 4678 2825 4732 neque
2872 4663 3035 4729 avari,
3081 4679 3239 4732 neque
3283 4662 3523 4728 adulteri,

1941 4770 2099 4823 neque
2141 4753 2337 4818 molles,
2383 4769 2540 4822 neque
2580 4753 2918 4807 masculorum
2964 4753 3325 4817 concubitores,
3365 4768 3527 4823 neque

1940 4844 2152 4911 ebriosi,
2205 4859 2362 4913 neque
2410 4842 2661 4904 maledici,
2707 4859 2865 4915 neque
2910 4859 3121 4912 rapaces
3174 4860 3381 4914 regnum
3432 4842 3527 4896 Dei

1942 4931 2395 5003 possidebuntUd.
2427 4935 2570 4998 v1.9,
2597 4933 2704 5001 10).
2730 4931 2941 4986 Falsum
2974 4943 3026 4987 ct
3046 4933 3173 4987 illud
3199 4950 3213 4987 :
3246 4931 3523 5001 Manifesta

1939 5032 2057 5079 sunt
2084 5039 2238 5093 Opera
2266 5024 2455 5088 carnis,
2490 5040 2602 5093 qua:
2627 5035 2742 5077 sunt
2772 5024 3149 5095 fornicationes,
3169 5023 3521 5089 immunditia',

1940 5114 2275 5186 impudicitia,
2303 5114 2528 5180 luxuria,
2560 5113 2813 5168 idolorum
2857 5115 3091 5179 servitus,
3132 5112 3387 5181 veneﬁcia,
3418 5113 3525 5166 ini-

1941 5206 2164 5271 micitia,
2200 5207 2555 5271 contentiones,
2596 5205 2962 5269 wmulationes,
3008 5203 3367 5267 animositates,
3418 5205 3522 5260 dis~

1940 5297 2192 5351 sensiones
2215 5336 2230 5359 ,
2258 5295 2470 5350 hereses
2503 5335 2517 5358 ,
2546 5295 2749 5349 incidite
2766 5335 2780 5357 ,
2807 5294 3084 5359 ebrietates,
3116 5294 3523 5361 comessationes,

1943 5398 1990 5444 et
2015 5388 2322 5450 hissimilia,
2349 5402 2464 5459 quia
2493 5387 2713 5457 pra'dico
2740 5386 2894 5443 vobis.
2917 5385 3046 5439 sicut
3072 5395 3118 5438 et
3142 5386 3375 5454 prazdixi,
3399 5404 3525 5456 quo-

1941 5481 2080 5534 niam
2106 5480 2193 5549 qui
2219 5480 2343 5532 talia
2370 5488 2549 5548 agunt,
2571 5492 2780 5548 regnum
2806 5474 2900 5529 Dei
2923 5491 3025 5531 non
3049 5475 3375 5547 possidebunt
3398 5478 3527 5549 (Ga-

1944 5572 2034 5627 lat.
2058 5588 2112 5637 γ,
2136 5570 2346 5643 19-21).
2380 5571 2531 5626 Falsa
2560 5576 2716 5625 erunt
2740 5569 2876 5623 haec.
2898 5566 2955 5622 Si
2982 5569 3125 5624 enim
3159 5570 3524 5624 tantummodo

1941 5663 2163 5719 credant
2194 5672 2249 5718 et
2274 5663 2621 5732 haptizentur,
2653 5661 2894 5730 quamvis
2919 5659 3151 5741 iuimalis
3181 5661 3375 5718 talibus
3406 5676 3537 5728 per-_

1942 5763 2217 5820 sererent,
2235 5753 2366 5810 salvi
2386 5763 2545 5809 erunt
2570 5769 2663 5824 per
2688 5754 2861 5825 ignem
2882 5772 2897 5810 :
2915 5765 3072 5825 atque
3094 5754 3217 5810 ideo
3231 5754 3284 5808 in
3300 5752 3531 5807 Christo

1947 5843 2220 5914 bantiuti.
2243 5841 2412 5907 etiam
2433 5849 2522 5920 qui
2550 5850 2673 5907 talia
2702 5857 2883 5920 agunt,
2913 5864 3130 5920 regnum
3157 5846 3248 5903 Dei
3282 5844 3517 5917 posside-
