4000 6336
456 380 555 465 ιω

453 525 603 580 bunt.
655 520 870 577 Frustra
901 526 1079 574 autem
1108 516 1319 581 dicitur,
1352 515 1418 570 Et
1446 518 1554 570 [nec
1592 515 1790 583 quidem
1836 515 2021 586 fuistis,

451 618 541 671 sed
568 614 724 668 abluti
754 615 870 668 estis
902 612 951 681 (l
980 612 1096 667 Cor.
1124 627 1198 674 vr,
1232 610 1352 681 ff);
1385 608 1595 679 quando
1628 617 1680 663 et
1708 608 1871 662 abluti
1912 607 2027 664 hmc

451 718 592 763 sunt.
635 706 866 762 lnaniter
892 704 1048 758 etiam
1093 701 1220 756 illud
1256 716 1284 754 a
1314 700 1470 755 Petro
1499 698 1695 753 dictum
1740 698 2023 765 videbitur,

453 800 544 857 Sic
580 808 625 853 et
670 814 757 852 vos
802 796 956 851 simili
1007 797 1169 866 forma
1211 792 1470 854 Baptisma
1512 790 1675 844 salvos
1724 790 1882 862 facit;
1925 806 2027 843 non

451 892 619 948 carnis
652 888 898 958 depositio
923 886 1166 951 sordium,
1189 884 1275 938 sed
1302 882 1617 937 conscientia:
1643 881 1786 936 bona?
1807 882 2024 934 interro-

451 987 586 1057 gatio
616 984 668 1054 (l
700 980 842 1038 Petr.
874 998 952 1047 ιιι,
981 979 1114 1050 ‘21);
1158 978 1204 1032 si
1234 976 1445 1046 quidem
1488 986 1542 1029 et
1570 975 1823 1029 habentes
1854 973 2025 1042 pessi-
2067 972 2072 977 ’

450 1093 568 1132 mas
613 1074 963 1131 conscientias
1011 1070 1248 1127 omnium
1306 1066 1620 1135 flagitiorum
1663 1074 1723 1119 et‘
1765 1063 2024 1119 scelerum

390 1202 391 1205 η
451 1171 656 1241 plenas,
686 1181 784 1222 nec
811 1180 990 1221 eorum
1020 1162 1278 1216 malorum
1309 1158 1614 1229 pmuitentia
1666 1163 1914 1218 mutatas,
1949 1162 2027 1207 ta-

450 1276 572 1314 tuen
613 1257 879 1325 Baptisms
928 1254 1101 1307 salvos
1154 1251 1321 1305 facit:
1363 1257 1581 1319 propter
1624 1246 2022 1300 fundamentum

448 1352 591 1405 enim
622 1347 762 1419 quod
804 1347 859 1401 in
900 1345 1086 1400 eodem
1131 1343 1455 1411 Baptismate
1506 1337 1738 1407 ponitur,
1777 1336 1901 1389 licet
1931 1349 2026 1403 per

450 1441 651 1509 ignem,
697 1439 833 1491 salvi
863 1444 1036 1492 erunt.
1065 1433 1201 1488 lllud
1222 1446 1431 1502 quoque
1461 1444 1564 1483 non
1593 1427 1745 1481 video
1781 1441 1878 1480 cur
1916 1425 2023 1476 Do-

450 1533 625 1585 minus
651 1529 863 1591 dixerit,
892 1525 953 1581 Si
978 1527 1051 1580 vis
1094 1525 1259 1578 venire
1284 1522 1350 1575 ad
1391 1521 1564 1583 vitam,
1607 1534 1748 1572 serva
1786 1519 2027 1569 mandata

450 1623 661 1697 (Matth.
695 1638 809 1682 xu.
833 1619 945 1691 t7),
977 1625 1031 1672 et
1054 1613 1487 1671 commemoravit
1525 1626 1585 1663 ea
1616 1624 1731 1679 qua:
1758 1607 1821 1662 ad
1859 1607 2024 1661 bonos

451 1731 628 1771 moros
654 1713 953 1784 pertinent;
993 1710 1039 1764 si
1066 1709 1221 1763 etiam
1257 1706 1338 1759 his
1379 1719 1484 1758 non
1512 1701 1733 1756 servatis
1763 1700 1826 1753 ad
1858 1700 2023 1752 vitam

449 1807 618 1861 veniri
648 1811 821 1875 potest
854 1817 949 1872 per
969 1801 1133 1854 solam
1166 1796 1344 1855 fidem.
1367 1809 1483 1863 quas
1504 1793 1609 1845 sine
1638 1790 1867 1859 operibus
1890 1804 2025 1840 mor-

449 1906 537 1950 tua
574 1904 666 1949 est.
704 1893 836 1948 Illud
868 1888 1060 1945 deinde
1084 1886 1349 1958 quomodo
1389 1898 1570 1937 verum
1611 1881 1735 1941 erit,
1763 1877 1904 1945 quod
1945 1877 2025 1931 eis

449 2001 587 2055 quos
615 1984 679 2038 ad
711 1982 981 2037 sinistram
1029 1978 1295 2047 positurus
1322 1982 1405 2029 est
1430 1972 1569 2026 dicet
1600 1987 1613 2024 :
1645 1968 1723 2022 Ite
1758 1969 1811 2020 in
1858 1967 2023 2035 ignem

446 2088 708 2140 a’ternum,
735 2074 820 2146 qui
848 2080 1054 2141 paratus
1077 2077 1149 2122 est
1176 2065 1376 2120 diabolo
1396 2074 1441 2118 et
1475 2062 1666 2132 angelis
1691 2061 1800 2129 ejus
1818 2059 1844 2111 Ξ)
1882 2057 2025 2125 Quos

450 2184 555 2222 non
597 2169 835 2233 increpat
858 2163 979 2232 quia
1007 2162 1059 2215 in
1089 2175 1209 2214 eum
1242 2174 1346 2211 non
1376 2154 1737 2217 crediderunt,
1779 2148 1873 2203 sed
1901 2147 2023 2217 quia

449 2260 585 2312 bona
636 2271 801 2325 opera
844 2269 951 2309 non
1005 2253 1263 2307 fecerunt.
1316 2247 1447 2302 Nam
1508 2243 1746 2313 profecto
1807 2256 1875 2294 ne
1926 2238 2026 2292 sibi

450 2350 727 2417 quisquam
771 2344 839 2399 de
884 2343 1008 2409 ﬁde,
1052 2355 1171 2410 qum
1214 2340 1330 2392 sine
1379 2335 1630 2405 operibus
1672 2340 1877 2385 mortua
1921 2337 2023 2394 est,

451 2440 612 2491 vitam
656 2435 932 2506 promittat
964 2441 1239 2494 teternam,
1288 2435 1563 2496 propterea
1612 2437 1799 2479 omnes
1840 2427 2027 2490 gentes

452 2535 847 2597 segregaturnm
879 2539 937 2579 se
962 2522 1120 2585 dixit,
1154 2536 1271 2591 qua:
1300 2518 1571 2589 permixto:
1592 2514 1790 2571 eisdem
1815 2512 2028 2584 pascuis

454 2619 758 2681 utebantur,
805 2624 863 2669 ut
910 2624 1162 2685 appareat
1212 2625 1306 2667 eos
1344 2610 1423 2664 illi
1469 2608 1738 2669 dicturos,
1789 2604 2023 2669 Domine,

450 2708 654 2777 quando
683 2717 731 2761 te
765 2706 981 2760 vidimus
1008 2703 1095 2758 illa
1127 2709 1181 2757 et
1222 2701 1310 2755 illa
1342 2700 1648 2769 patientem,
1682 2706 1728 2751 et
1754 2712 1854 2750 non
1880 2695 2027 2749 mini-

450 2798 715 2852 stravimus
734 2796 861 2850 tibi?
888 2795 976 2863 qui
1007 2794 1056 2848 in
1084 2808 1208 2847 eum
1235 2791 1591 2854 crediderant,
1615 2787 1706 2843 sed
1734 2787 1876 2842 bona
1902 2800 2029 2854 ope-

451 2889 559 2944 rari
591 2903 695 2942 non
721 2892 1061 2950 curaverant,
1087 2896 1333 2953 tanquam
1361 2881 1426 2936 de
1456 2883 1567 2950 ipsa
1606 2880 1706 2933 ﬁde
1732 2886 1939 2933 mortua
1961 2875 2029 2930 ad

448 2979 614 3033 vitam
640 2977 1005 3047 perveniretur
1023 2984 1297 3029 teter-nam.
1327 2974 1405 3027 An
1434 2971 1569 3026 forte
1604 2972 1753 3025 ibunt
1779 2969 1831 3023 in
1853 2969 2026 3038 ignem

454 3078 713 3123 aeternum
736 3068 822 3137 qui
850 3081 1009 3136 opera
1034 3063 1415 3119 misericordiae
1436 3078 1540 3117 non
1568 3062 1827 3118 fecerunt.
1847 3068 1901 3114 et
1921 3074 2029 3113 non

452 3161 605 3215 ibunt
633 3157 724 3229 qui
767 3157 936 3211 aliena
980 3162 1293 3226 rapuerunt,
1337 3154 1423 3207 vel
1459 3149 1850 3220 corrumpendo
1890 3150 1941 3202 in
1971 3162 2033 3204 se

453 3252 709 3323 templum
751 3250 844 3305 Dei
888 3250 940 3303 in
984 3263 1043 3304 se
1093 3248 1237 3318 ipsos
1292 3243 1737 3299 immisericordes
1780 3240 2026 3303 fuerunt;

452 3342 603 3412 quasi
637 3356 799 3411 opera
834 3337 1213 3395 misericordia:
1244 3335 1447 3404 prosint
1488 3331 1687 3401 aliquid
1732 3330 1849 3384 sine
1890 3329 2029 3383 dile-

451 3434 650 3499 ctione,
686 3432 895 3487 dicente
940 3429 1216 3498 Apostolo,
1260 3427 1322 3480 Si
1369 3426 1663 3479 distribuam
1708 3423 1878 3476 omnia
1919 3437 2032 3474 mea

452 3527 777 3600 pauperibus,
809 3524 1102 3579 cltaritatem
1144 3530 1312 3574 autem
1340 3536 1440 3572 non
1476 3518 1705 3580 habeam,
1738 3516 1866 3569 nihil
1906 3515 2037 3568 mihi

454 3619 656 3689 prodest
681 3616 735 3686 (1
764 3614 881 3671 Cor.
915 3630 1033 3677 xm,
1068 3612 1157 3680 3);
1192 3621 1282 3664 aut
1326 3609 1507 3677 diligat
1534 3609 1811 3677 quisquam
1855 3604 2032 3673 proxi-

456 3724 600 3763 mum
628 3707 765 3760 sicut
794 3719 852 3758 se
896 3704 1090 3771 ipsum,
1121 3702 1209 3769 qui
1243 3715 1347 3753 non
1373 3697 1543 3765 diligit
1586 3712 1644 3750 se
1671 3694 1881 3756 ipsum?
1930 3694 2031 3760 Qui

455 3799 597 3854 enim
626 3795 789 3865 diligit
826 3793 1159 3862 iniquitatem,
1188 3789 1293 3842 odit
1330 3787 1550 3839 animam
1589 3801 1731 3839 suam
1762 3782 1935 3853 (Psal.
1970 3798 2028 3846 x,

455 3890 532 3959 6).
564 3886 745 3955 Neque
784 3883 913 3937 illud
954 3882 1059 3936 dici
1103 3880 1191 3935 hic
1231 3878 1445 3949 poterit,
1478 3878 1533 3930 in
1560 3891 1665 3945 quo
1708 3874 1945 3928 nonnulli
1972 3889 2031 3927 se

454 3982 603 4050 ipsos
624 3975 883 4031 seducunt
909 3972 1166 4035 dicentes,
1193 3970 1367 4038 ignem
1393 3977 1647 4021 mternum
1678 3965 1898 4028 dictum,
1924 3979 2029 4016 non

454 4070 624 4139 ipsam
648 4079 860 4135 penam
887 4071 1174 4117 aeternam:
1200 4074 1294 4128 per
1321 4059 1498 4127 ignem
1519 4056 1731 4125 quippe,
1755 4054 1843 4123 qui
1871 4065 2029 4107 teter-

454 4173 558 4215 nus
595 4158 717 4219 erit,
750 4155 1066 4209 transituros
1094 4152 1419 4205 arbitrantur
1448 4161 1561 4211 eos,
1594 4146 1783 4215 quibus
1815 4152 2034 4214 propter

454 4250 615 4304 fidem
659 4256 923 4300 mortuam
970 4257 1063 4312 per
1090 4244 1265 4312 ignem
1314 4239 1622 4308 promittunt
1668 4237 1924 4301 salutem;
1977 4244 2033 4288 ut

453 4340 706 4395 videlicet
731 4336 867 4407 ignis
903 4344 1135 4389 aeternus
1181 4334 1268 4397 sit,
1300 4330 1598 4385 combustio
1645 4341 1773 4382 vero
1820 4342 2028 4390 eorum,

454 4433 558 4487 hoc
587 4439 671 4486 est
698 4429 935 4499 operatio
975 4427 1130 4495 ignis,
1159 4439 1262 4477 non
1292 4422 1363 4476 sit
1404 4422 1456 4475 in
1501 4422 1580 4475 eis
1627 4431 1824 4474 aeterna
1861 4436 1876 4473 :
1910 4432 2029 4471 cum

456 4530 513 4576 et
542 4521 643 4575 hoc
669 4519 976 4589 praevidens
1016 4515 1289 4575 Dominus,
1318 4522 1568 4581 tanquam
1612 4510 1887 4573 Dominus,
1911 4522 2033 4561 sen-

454 4611 680 4666 tentiam
724 4624 874 4664 suam
914 4607 987 4661 ita
1030 4602 1371 4665 concluserit,
1414 4603 1619 4667 dicens,
1660 4601 1749 4657 Sic
1789 4601 1928 4654 ibunt
1955 4601 2034 4654 illi

455 4703 513 4756 in
539 4698 927 4754 combustionem
947 4704 1204 4759 wternam,
1226 4694 1354 4765 justi
1375 4701 1541 4745 autem
1560 4693 1612 4745 in
1628 4692 1778 4745 vitam
1795 4700 2033 4744 cateruam

459 4790 673 4854 (Matth.
694 4804 819 4853 xxv,
846 4789 904 4841 ιι
926 4828 938 4848 ,
965 4786 1053 4849 ob,
1074 4783 1186 4855 46).
1212 4784 1326 4838 Erit
1348 4792 1688 4853 ergoaeterna
1713 4782 2030 4846 combustio,

460 4858 599 4938 Sicut
626 4881 794 4952 ignis;
835 4887 888 4933 et
916 4892 1009 4931 eos
1037 4877 1087 4930 in
1120 4878 1259 4931 illam
1288 4878 1455 4930 ituros
1484 4876 1689 4929 Veritas
1713 4874 1866 4936 dixit,
1902 4890 2034 4944 quo-

458 4990 575 5027 tum
606 4987 712 5027 non
743 4970 896 5024 fidem
918 5009 933 5034 ,
966 4969 1058 5022 sed
1085 4968 1219 5021 bona
1264 4983 1422 5034 opera
1463 4966 1695 5021 defuisse
1723 4965 2029 5019 declaravit.

529 5063 583 5118 5.
614 5080 633 5114 ι
670 5062 725 5117 Si
753 5076 879 5130 ergo
900 5058 1013 5113 haec
1038 5059 1210 5111 omnia
1231 5099 1246 5123 ,
1288 5067 1343 5113 et
1361 5067 1554 5113 cmtera
1581 5073 1699 5126 qua:
1725 5058 2033 5112 innumera-

462 5152 583 5205 bilia
613 5166 709 5220 per
731 5165 918 5205 omnes
940 5149 1239 5218 Scripturas
1266 5150 1381 5203 sine
1405 5148 1747 5217 ambiguitate
1772 5147 1910 5201 dicta
1940 5162 2055 5201 re-

458 5243 621 5312 periri
649 5252 886 5311 possunt,
919 5241 1049 5296 falsa
1080 5250 1268 5306 erunt;
1296 5242 1486 5309 poterit
1516 5254 1671 5294 verus
1698 5254 1817 5294 esse
1847 5239 1933 5294 ille
1954 5239 2035 5292 in-

462 5332 707 5385 tellectus
734 5332 802 5385 de
828 5333 1002 5399 lignis,
1025 5332 1145 5387 feuo
1174 5342 1228 5385 et
1254 5331 1465 5400 stipula,
1484 5328 1626 5399 quod
1648 5329 1702 5383 hi
1732 5330 2036 5385 salvierunt

462 5438 556 5492 per
583 5423 781 5491 ignem.
809 5424 897 5492 qui
927 5424 1092 5477 solam
1125 5424 1175 5477 in
1204 5420 1418 5476 Christo
1446 5422 1602 5475 fidem
1633 5429 1875 5475 tenentes
1901 5421 2036 5476 bona

461 5529 621 5584 opera
646 5514 1008 5582 neglexerunt.
1035 5513 1089 5569 Si
1112 5520 1286 5567 autem
1305 5512 1401 5567 ista
1429 5520 1481 5566 et
1499 5526 1645 5575 vera,
1664 5519 1717 5565 et
1732 5510 1872 5565 clara
1890 5520 2032 5575 sunt;

465 5605 649 5674 procul
679 5604 841 5658 dubio
869 5606 918 5659 in
949 5606 1035 5659 illa
1063 5604 1301 5675 Apostoli
1327 5603 1588 5658 sententia
1609 5601 1745 5656 alius
1765 5602 2039 5671 requiren-

462 5699 564 5752 dus
589 5704 670 5750 est
698 5696 995 5750 intellectus
1013 5735 1029 5762 ,
1059 5703 1215 5763 atque
1254 5694 1306 5751 in
1339 5694 1419 5750 his
1445 5692 1746 5767 deputanda
1773 5699 1859 5746 est
1877 5733 1891 5755 ,
1917 5706 2037 5761 qua:

466 5787 654 5842 Petrus
680 5786 806 5841 dicit
828 5800 946 5841 esse
972 5785 1023 5840 in
1050 5786 1263 5855 scriptis
1288 5786 1403 5855 ejus
1427 5785 1668 5858 quaedam
1695 5782 1926 5839 difﬁcilia
1958 5784 2039 5838 in-

468 5877 703 5947 tellectu,
726 5892 840 5950 qua:
868 5891 972 5933 non
999 5875 1195 5933 debent
1224 5876 1464 5931 homines
1489 5883 1793 5945 pervertere
1821 5875 1884 5930 ad
1916 5889 2037 5944 pro-

1197 401 1285 457 DE
1322 400 1498 458 OCTO
1538 398 1829 457 DULCITII
1868 398 2413 470 QUIESTIONIBUS,
2454 405 2511 460 S.
2554 406 2923 465 AUGUSTI.“

3599 412 3704 471 £52

2136 517 2308 586 prium
2335 534 2486 573 suum
2510 519 2776 577 interitum
2805 522 2870 594 (ll
2902 520 3039 578 Petr.
3070 539 3146 589 ιιι,
3172 523 3281 599 16),
3305 535 3360 580 ιιι
3383 534 3567 583 contra
3586 531 3703 583 cvi-

2133 606 2440 664 dentissima
2461 612 2756 667 testimonia
2782 616 3169 684 Scripturarum
3192 632 3407 671 securos
3428 618 3616 673 faciant
3635 621 3703 675 de

2135 699 2468 768 percipienda
2498 704 2666 758 salute
2708 707 3055 774 nequissimos
3074 747 3088 770 ,
3122 708 3368 777 nequitias
3397 723 3505 763 sua:
3535 712 3703 779 perti—

2133 790 2410 845 nacissime
2437 792 2786 863 coliterentes,
2806 811 2905 851 nec
2929 797 3260 852 emendando
3285 807 3375 853 aut
3397 801 3706 869 pmnitendo

2133 888 2380 935 mutatos.

2203 972 2253 1025 6.
2280 991 2297 1023 ι
2329 973 2423 1028 Hie
2451 988 2479 1027 a
2513 990 2597 1031 me
2624 975 2845 1032 fortasse
2861 988 3143 1047 quaeratur,
3165 979 3231 1035 de
3262 980 3370 1049 ipsa
3401 980 3545 1036 Pauli
3576 997 3709 1052 apo-

2132 1063 2250 1115 stoli
2282 1066 2541 1119 sententia
2563 1067 2688 1136 quid
2718 1083 2816 1136 ego
2843 1070 3161 1133 sentiam,et
3186 1085 3414 1139 quonam
3445 1072 3602 1127 modo
3624 1074 3676 1127 in

2133 1155 2466 1222 telligendam
2511 1167 2708 1226 putem.
2741 1158 2965 1223 Fateor,
2987 1156 3121 1214 hinc
3165 1161 3377 1215 mallem
3406 1162 3589 1216 audire
3618 1162 3703 1216 in-

2134 1244 2510 1312 telligentiores
2535 1258 2691 1316 atque
2719 1248 3001 1312 doctiores,
3035 1249 3123 1318 qui
3164 1244 3381 1304 sic'eam
3413 1261 3708 1320 exponant,

2133 1340 2188 1385 ut
2217 1332 2303 1386 illa
2329 1337 2504 1388 omnia
2532 1351 2653 1390 vera
2676 1345 2730 1391 et
2752 1337 3059 1392 inconcussa
3089 1350 3450 1408 permaneant,
3476 1357 3592 1411 qua:
3612 1356 3709 1396 su-

2131 1433 2224 1491 pra
2254 1429 2660 1482 commcmoravi
2682 1470 2698 1494 ,
2726 1438 2781 1483 et
2816 1444 3161 1501 qumcumque
3186 1432 3287 1486 alia
3320 1449 3423 1486 non
3463 1448 3706 1488 commeo

2131 1516 2363 1578 morari,
2394 1518 2584 1586 quibus
2626 1521 2961 1587 apertissime
2986 1521 3257 1591 Scriptura
3285 1531 3542 1592 testatur,
3570 1524 3707 1580 nihil

2131 1604 2382 1671 prodesse
2412 1606 2566 1661 fidetn
2587 1650 2602 1674 ,
2636 1610 2735 1663 nisi
2766 1624 2882 1663 eam
2918 1627 3074 1680 quam
3102 1612 3345 1667 definivit
3374 1614 3659 1684 Apostolus
3685 1657 3705 1682 ,

2130 1692 2180 1747 id
2211 1703 2323 1759 est,
2355 1712 2467 1765 qua:
2507 1714 2595 1768 per
2633 1699 2945 1754 dilectionem
2985 1714 3223 1773 aperatur
3261 1704 3454 1777 (Galat.
3486 1722 3554 1772 v,
3601 1708 3657 1775 6)
3686 1724 3707 1773 ;

2130 1786 2245 1841 sine
2274 1789 2523 1856 operibus
2557 1802 2731 1846 autem
2774 1794 2977 1849 salvare
3004 1810 3110 1850 non
3136 1812 3291 1866 posse
3311 1838 3325 1860 ,
3360 1814 3530 1867 neque
3558 1814 3701 1868 pra:-

2131 1884 2211 1928 ter
2241 1877 2444 1946 ignem,
2472 1896 2642 1949 neque
2669 1898 2762 1950 per
2787 1883 2960 1952 ignem
2994 1903 3007 1937 :
3038 1885 3156 1954 quia
3185 1887 3229 1939 si
3272 1901 3366 1956 per
3394 1887 3564 1957 ignem
3590 1888 3706 1943 sal-

2128 1977 2250 2031 vat,
2294 1967 2405 2036 ipsa
2438 1970 2615 2037 utique
2657 1974 2847 2026 salvat.
2878 1976 3132 2031 Absolute
3174 1985 3348 2032 autem
3394 1977 3589 2033 dictum
3619 1988 3709 2034 est

2129 2066 2182 2110 et
2206 2067 2385 2127 aperte
2405 2101 2418 2124 ,
2453 2059 2588 2127 Quid
2612 2063 2844 2133 prodest,
2870 2067 2919 2118 si
2939 2067 3069 2119 dicat
3097 2067 3208 2137 quis
3235 2085 3287 2121 se
3310 2069 3460 2136 ﬁdem
3483 2070 3665 2125 habere
3683 2112 3703 2136 ,

2130 2163 2283 2216 opera
2306 2160 2471 2202 autem
2494 2168 2595 2205 non
2616 2153 2839 2207 habeat?
2866 2153 3128 2227 Numquid
3150 2159 3335 2227 poterit
3358 2160 3482 2226 ﬁdes
3507 2161 3712 2216 salvere

2130 2252 2242 2289 eum
2261 2238 2289 2290 ?
2316 2239 2492 2292 Dicam
2524 2248 2699 2296 tamen
2721 2283 2735 2305 ,
2768 2258 2923 2312 quam
2955 2245 3263 2301 brevissime
3290 2259 3477 2317 potero
3496 2292 3510 2314 ,
3540 2252 3706 2306 etiam

2132 2325 2245 2393 ipse
2283 2327 2407 2396 quid
2436 2331 2659 2383 sentiam
2688 2330 2754 2385 de
2781 2333 2866 2385 illa
2898 2336 3157 2389 sententia
3195 2335 3341 2391 Pauli
3368 2340 3588 2405 apostoli
3632 2340 3711 2394 ad

2132 2415 2530 2486 intelligendum
2546 2419 2777 2486 difficili;
2799 2423 3086 2478 dummodo
3116 2425 3262 2491 illud,
3283 2428 3425 2496 quod
3448 2428 3509 2481 ad
3529 2445 3709 2484 meam

2132 2508 2514 2576 professionem
2558 2514 2775 2579 attinet,
2824 2518 3089 2586 praecipue
3132 2527 3406 2587 teneatur,
3454 2522 3591 2592 quod
3635 2523 3711 2578 de

2134 2600 2231 2655 hac
2274 2618 2358 2657 me
2395 2605 2553 2659 malle
2595 2605 2703 2660 dixi
2745 2608 2927 2662 audire
2968 2611 3233 2666 meliores.
3282 2613 3711 2670 Fundamentum

2130 2691 2375 2757 Christus
2403 2705 2484 2749 est
2513 2697 2565 2751 in
2592 2708 2854 2753 structura
2880 2701 3153 2756 architecti
3185 2705 3467 2773 sapientis;
3490 2705 3590 2761 hoc
3612 2723 3711 2761 cx-

2132 2785 2392 2852 positione
2420 2803 2520 2840 nou
2552 2788 2749 2859 indiget
2780 2808 2793 2844 :
2825 2800 3007 2860 aperte
3029 2794 3169 2848 enim
3200 2794 3396 2851 dictum
3418 2807 3499 2851 est
3518 2840 3531 2861 ,
3560 2798 3711 2852 Fun-

2132 2875 2421 2930 damentum
2445 2880 2578 2933 enim
2602 2882 2747 2935 aliud
2760 2900 2903 2937 nemo
2921 2894 3081 2952 potest
3106 2903 3289 2955 ponere
3305 2898 3483 2959 praeter
3506 2889 3558 2942 id
3572 2890 3720 2960 quod

2133 2967 2350 3035 positum
2392 2978 2463 3022 est
2481 3010 2494 3030 ,
2527 2971 2660 3039 quod
2687 2981 2759 3024 est
2789 2971 3017 3027 Christus
3045 2974 3216 3033 Iesus.
3247 2977 3301 3032 Si
3345 2988 3528 3032 autem
3550 2979 3713 3033 Chri-

2134 3064 2281 3121 stus,
2330 3059 2510 3126 procul
2550 3059 2711 3113 dubio
2756 3061 2884 3115 ﬁdes
2927 3061 3121 3118 Christi
3155 3081 3168 3117 :
3203 3081 3297 3134 per
3327 3067 3480 3121 fidem
3510 3070 3718 3138 quippe

2135 3145 2337 3201 habitat
2362 3148 2604 3203 Christus
2636 3152 2684 3202 in
2715 3153 2961 3206 cordibus
2987 3157 3182 3211 nostris
3203 3198 3216 3221 ,
3247 3158 3379 3211 sicut
3407 3158 3543 3212 idem
3574 3173 3712 3227 apo~

2132 3236 2299 3289 stolus
2339 3236 2467 3291 dicit
2508 3237 2719 3308 (Ep/tes.
2763 3256 2848 3306 ιιι,
2888 3240 2993 3311 f7).
3027 3243 3193 3297 Porro
3225 3246 3268 3298 si
3312 3245 3443 3300 fides
3473 3246 3711 3310 Christi,

2135 3322 2222 3375 illa
2250 3324 2428 3394 utique
2449 3342 2605 3395 quam
2635 3328 2872 3383 deﬁnivit
2897 3332 3201 3401 Apostolus,
3231 3350 3347 3402 gate
3368 3352 3456 3401 per
3483 3334 3716 3389 dilectio-

2134 3429 2247 3465 nem
2274 3427 2529 3483 operatur.
2558 3416 2673 3470 Non
2703 3419 2843 3472 enim
2872 3420 2999 3475 fides
3029 3422 3119 3475 illa
3138 3423 3437 3477 daemonum
3457 3466 3472 3489 ,
3503 3440 3622 3479 cum
3654 3435 3717 3480 et

2136 3505 2234 3573 ipsi
2278 3507 2497 3561 credant
2524 3519 2577 3563 et
2615 3512 3059 3579 contremiscam,
3094 3523 3144 3567 et
3173 3514 3362 3569 Filium
3404 3518 3494 3570 Dei
3536 3517 3715 3571 conﬁ-

2139 3607 2346 3652 teantur
2368 3598 2547 3654 Jesum
2570 3642 2586 3664 ,
2617 3610 2793 3670 potest
2816 3604 2981 3673 accipi
3013 3605 3063 3659 in
3105 3605 3468 3663 fundamento.
3497 3608 3668 3675 Quare
3690 3650 3717 3674 ,

2136 3687 2235 3738 nisi
2260 3687 2379 3756 quia
2411 3704 2514 3741 non
2544 3698 2625 3743 est
2653 3690 2782 3745 ﬁdes
2809 3708 2928 3761 qua:
2958 3709 3050 3763 per
3072 3695 3407 3750 dilectionem
3438 3707 3714 3768 operatur,

2135 3779 2229 3833 sed
2262 3796 2379 3846 qua!
2404 3781 2716 3849 exprimitur
2747 3799 2840 3849 per
2870 3784 3149 3839 timorem?
3168 3787 3325 3841 Fides
3356 3788 3530 3857 itaque
3556 3788 3723 3843 Chri-

2135 3872 2237 3933 sti,
2270 3870 2399 3924 fides
2428 3874 2607 3941 gratia:
2633 3873 2967 3937 christianze,
3004 3876 3053 3929 id
3081 3888 3194 3941 est,
3224 3893 3286 3931 ea
3316 3877 3448 3933 ﬁdes
3474 3894 3591 3949 quas
3616 3895 3723 3948 per

2135 3961 2475 4017 dilectionem
2516 3977 2796 4034 operatur,
2830 3970 2997 4035 posita
3042 3969 3093 4023 in
3122 3969 3497 4037 fundamento,
3535 3972 3720 4027 nemi-

2138 4069 2255 4107 nem
2282 4056 2457 4124 perire
2480 4057 2751 4123 permittit.
2781 4056 2883 4111 Sed
2906 4059 3031 4127 quid
3053 4060 3119 4114 sit
3141 4061 3402 4115 :ediﬁcnre
3427 4077 3588 4132 super
3608 4063 3723 4118 hoc

2136 4142 2532 4198 fundamentum
2555 4188 2568 4207 ,
2601 4161 2788 4200 aurum
2810 4189 2823 4210 ,
2856 4159 3130 4221 argentum
3152 4191 3166 4213 ,
3199 4151 3399 4220 lapides
3428 4152 3715 4220 pretiosos,

2136 4245 2191 4289 et
2228 4237 2363 4307 ligna
2383 4279 2397 4303 ,
2430 4236 2640 4303 fenum,
2672 4240 2919 4309 stipulam
2943 4283 2957 4306 ,
2988 4242 3035 4295 si
3059 4241 3301 4296 subtilius
3328 4242 3590 4297 disserere
3615 4258 3719 4298 co-

2138 4342 2254 4389 ner,
2284 4342 2470 4381 vereor
2498 4345 2564 4381 ne
2588 4328 2654 4382 ad
2682 4329 3075 4400 intelligendum
3103 4330 3368 4387 difficilior
3386 4335 3453 4387 sit
3481 4334 3592 4403 ipsa
3613 4349 3718 4388 ex-

2139 4418 2329 4485 positio
2362 4436 2377 4471 :
2408 4419 2578 4473 enitar
2621 4429 2830 4485 tamen,
2881 4431 3134 4492 quantum
3166 4424 3420 4479 Dominus
3459 4426 3673 4494 adjuvat
3694 4466 3716 4488 ,

2137 4519 2191 4562 et
2216 4511 2462 4574 breviter,
2482 4520 2535 4565 et
2560 4523 2811 4581 quantum
2832 4526 3037 4582 potero,
3055 4516 3283 4572 dilucide
3305 4518 3556 4587 expedire
3570 4519 3721 4589 quod

2138 4603 2328 4656 sentio.
2360 4602 2495 4657 Ecce
2526 4603 2612 4657 ille
2652 4605 2741 4674 qui
2770 4608 3007 4674 quaesivit
3038 4623 3067 4661 a
3097 4610 3352 4679 magistro
3381 4611 3520 4666 bono
3540 4653 3554 4677 ,
3585 4612 3721 4682 quid

2138 4692 2260 4747 boni
2290 4695 2514 4761 faceret,
2544 4704 2600 4749 ut
2627 4696 2844 4752 haberet
2888 4700 3050 4755 vitam
3076 4712 3360 4766 aeternam;
3393 4715 3443 4759 et
3471 4704 3715 4769 audivit,

2138 4783 2182 4836 si
2213 4783 2276 4837 ad
2319 4786 2481 4838 vitam
2525 4788 2706 4842 venire
2736 4790 2929 4856 vellet,
2972 4794 3227 4847 servanda
3268 4793 3367 4848 sibi
3396 4811 3513 4849 esse
3558 4811 3719 4848 man-

2137 4874 2259 4927 data
2293 4892 2305 4927 :
2338 4887 2537 4929 etcum
2565 4889 2824 4944 qmereret
2844 4896 2961 4949 qum
2987 4883 3228 4936 mandata
3250 4925 3264 4949 ,
3295 4884 3489 4938 dictum
3519 4895 3598 4939 est
3621 4886 3671 4939 ei
3694 4927 3715 4953 ,

2143 4961 2262 5020 Non
2290 4967 2514 5030 occides,
2565 4966 2685 5022 Non
2726 4971 3080 5039 ntere/laberis,
3114 4972 3235 5029 Non
3278 4979 3468 5046 furtum
3518 4976 3672 5044 facies
3695 5021 3714 5041 ,

2142 5055 2263 5109 Non
2302 5058 2487 5125 falsum
2528 5061 2863 5113 testimonium
2904 5061 3073 5127 dices,
3108 5064 3313 5119 Honora
3350 5077 3543 5136 putrem
3574 5076 3719 5119 tuum

2138 5156 2188 5202 et
2207 5157 2415 5201 matrem
2451 5158 2627 5213 tuam;
2652 5161 2732 5217 et,
2761 5149 2955 5222 Diliges
2996 5157 3276 5225 proximum
3306 5165 3445 5208 tuum
3475 5167 3720 5226 tanquam

2141 5246 2187 5289 te
2219 5238 2403 5304 ipsum.
2447 5238 2572 5294 llxec
2602 5240 2797 5295 faciens
2828 5242 2877 5295 in
2908 5244 3009 5298 fide
3033 5243 3258 5308 Christi,
3289 5255 3495 5299 teneret
3535 5251 3721 5314 procul

2141 5327 2301 5381 dubio
2326 5327 2480 5383 fidem
2501 5345 2619 5399 quae
2648 5346 2742 5402 per
2768 5331 3105 5387 dilectionem
3132 5344 3399 5404 operatur.
3428 5336 3607 5404 Neque
3632 5337 3721 5390 di-

2142 5418 2328 5487 ligeret
2352 5421 2648 5488 proximum
2679 5434 2923 5493 tanquam
2956 5440 3013 5478 se
3041 5426 3209 5493 ipsum
3229 5467 3246 5492 ,
3270 5427 3369 5484 nisi
3401 5438 3609 5497 recepta
3639 5428 3725 5483 di-

2142 5511 2372 5567 lectione
2404 5513 2536 5577 Dei,
2567 5514 2682 5570 sine
2708 5532 2808 5584 qua
2846 5532 2950 5570 non
2978 5517 3221 5587 diligeret
3249 5534 3306 5572 se
3332 5521 3522 5588 ipsum.
3553 5520 3725 5574 Porro

2143 5603 2186 5656 si
2214 5600 2412 5658 faceret
2434 5606 2592 5659 etiam
2620 5608 2759 5677 quod
2791 5608 3043 5662 Dominus
3064 5611 3263 5665 addidit
3283 5654 3296 5674 ,
3322 5610 3505 5666 dicens
3524 5652 3538 5675 ,
3564 5611 3626 5667 Si
3648 5616 3725 5666 vis

2144 5694 2391 5764 perfectus
2435 5712 2572 5762 esse,
2615 5698 2772 5763 vade,
2818 5700 2972 5753 vende
3010 5701 3176 5754 omnia
3212 5717 3325 5771 gate
3352 5702 3536 5767 habes,
3576 5713 3625 5758 et
3654 5704 3726 5757 da

2144 5782 2447 5854 pauperibus
2467 5829 2479 5847 ,
2513 5796 2556 5838 rt
2598 5788 2799 5841 habebis
2824 5790 3106 5842 thesaurum
3132 5792 3182 5844 in
3208 5793 3368 5854 ratio;
3397 5804 3443 5845 et
3468 5794 3578 5846 veni
3594 5835 3609 5856 ,
3642 5809 3726 5846 se-

2148 5892 2297 5942 quere
2332 5894 2410 5929 me
2437 5876 2644 5941 (Matth.
2684 5894 2766 5932 xix
2789 5920 2804 5945 ,
2842 5878 3059 5950 lli-2t);
3094 5872 3377 5937 mdificarct
3403 5898 3563 5954 super
3591 5881 3722 5937 illud
