4000 6336
224 379 313 438 153

224 499 623 559 fundamentum
642 547 659 572 ,
688 521 888 562 aurum
911 549 926 573 ,
955 515 1227 580 argentum
1248 547 1265 573 ,
1292 503 1495 575 lapides
1516 505 1778 574 pretiosos
1802 521 1823 557 τη

227 605 318 645 non
343 592 488 646 enim
536 596 853 665 cogitaret,
883 598 984 653 nisi
1023 596 1289 668 quomodo
1318 595 1551 664 placeret
1578 594 1722 656 Deo;
1767 603 1820 649 et

232 682 332 736 haec
352 684 725 752 cogitationes
773 698 935 755 sunt,
966 698 1219 759 quantum
1262 685 1544 750 existimo,
1587 699 1772 739 aurum
1799 725 1814 751 ,

231 783 515 841 argentum,
536 774 759 846 lapides
786 779 1027 848 pretiosi.
1054 777 1219 831 Porro
1244 777 1289 829 si
1315 777 1453 830 circa
1470 775 1678 830 divitias
1694 789 1818 829 suas

232 863 416 917 carnali
433 866 678 933 quodam
710 878 986 923 teneretur
1009 867 1221 931 aﬂ’ectu,
1238 867 1477 937 quamvis
1497 882 1558 921 ex
1588 868 1665 922 eis
1683 867 1819 921 mul-

234 965 301 1008 tas
324 955 708 1027 eleemosynas
735 959 970 1025 faceret,
998 974 1099 1014 nec
1121 958 1187 1013 ad
1210 973 1301 1013 eas
1331 957 1597 1026 augendas
1620 956 1816 1010 fraudis

230 1046 411 1115 aliquid
454 1049 777 1118 rapinasque
814 1052 1124 1111 moliretur,
1155 1058 1245 1103 aut
1288 1063 1469 1103 earmn
1500 1047 1815 1102 minuenda-

229 1152 333 1191 rnm
361 1137 447 1191 vel
477 1140 907 1195 amittendarum
937 1151 1077 1195 metu
1106 1141 1157 1193 in
1200 1138 1411 1209 aliquod
1438 1138 1640 1194 facinus
1664 1137 1815 1209 flagi-

229 1227 417 1281 tiumve
450 1228 737 1284 laberetur
766 1230 1025 1300 (alioquin
1050 1229 1158 1298 jam
1187 1244 1245 1284 se
1272 1230 1372 1283 isto
1396 1227 1556 1282 modo
1576 1229 1644 1283 ab
1674 1228 1813 1283 illius

228 1320 551 1375 fundamenti
578 1322 876 1378 stabilitate
901 1322 1289 1390 subtraheret),
1318 1320 1412 1377 sed
1441 1330 1655 1390 propter
1690 1335 1813 1374 car-

226 1413 389 1467 nalem
410 1455 425 1477 ,
456 1423 517 1467 ut
546 1414 697 1479 dixi,
742 1430 902 1485 quem
935 1416 986 1469 in
1026 1415 1104 1470 eis
1133 1414 1354 1469 haberet
1383 1413 1630 1469 affectum
1652 1455 1667 1479 ,
1707 1427 1813 1480 quo

225 1505 408 1558 talibus
452 1506 616 1561 bonis
641 1506 761 1561 sine
789 1506 973 1561 dolore
996 1521 1177 1560 carere
1200 1520 1305 1559 non
1328 1514 1542 1573 posset;
1579 1503 1811 1559 aediﬁca-

225 1606 305 1650 ret
323 1611 487 1664 super
515 1595 925 1651 fundamentum
953 1595 1080 1651 illud
1110 1595 1271 1667 ligna,
1300 1594 1497 1659 fenum,
1524 1593 1768 1663 stipulam
1792 1610 1807 1646 :

226 1686 453 1740 maxime
492 1686 540 1739 si
569 1694 626 1741 et
655 1701 877 1740 uxorem
908 1686 986 1740 sic
1023 1686 1274 1748 haberet,
1312 1693 1372 1739 ut
1410 1684 1568 1739 etiam
1598 1690 1812 1752 propter

226 1776 385 1843 ipsam
421 1776 690 1845 cogitaret
715 1791 776 1830 ea
807 1791 925 1846 quae
951 1784 1073 1831 sunt
1097 1775 1312 1842 mundi,
1340 1772 1606 1845 quomodo
1633 1773 1809 1841 place-

221 1875 297 1920 ret
319 1867 502 1921 uxori.
538 1866 665 1921 lla-c
703 1867 863 1936 igitur
894 1867 1143 1936 quoniam
1170 1865 1359 1920 affectu
1390 1864 1581 1919 dilecta
1609 1862 1807 1918 carnali

219 1972 319 2012 non
347 1959 471 2013 sine
497 1958 689 2014 dolore
711 1959 1026 2014 amittuntur
1044 2001 1059 2024 ,
1092 1967 1370 2029 propterea
1395 1956 1482 2027 qui
1514 1972 1574 2010 ea
1602 1956 1681 2011 sic
1708 1956 1806 2010 ha-

216 2048 381 2113 bent,
424 2059 484 2102 ut
512 2048 746 2104 habeant
774 2050 827 2103 in
859 2048 1203 2104 fundamento
1230 2047 1383 2102 ﬁdem
1405 2089 1419 2112 ,
1459 2063 1576 2116 qua:
1603 2062 1697 2115 per
1723 2046 1807 2100 di-

214 2138 514 2194 lectionem
538 2148 806 2208 eperatur,
833 2154 934 2194 nec
960 2139 1081 2193 huic
1106 2139 1204 2193 ista
1233 2138 1339 2193 ulla
1372 2138 1573 2192 ratione
1600 2137 1682 2191 vel
1710 2150 1807 2189 cu-

218 2231 451 2303 piditate
490 2242 826 2303 praeponam,
859 2233 913 2287 in
941 2247 1123 2286 eorum
1164 2231 1447 2285 amissione
1475 2231 1610 2298 passi
1639 2228 1805 2283 detri-

217 2336 462 2381 mentum
481 2369 497 2393 ,
529 2342 626 2397 per
646 2326 825 2396 ignem
860 2324 1141 2395 quemdam
1166 2323 1368 2378 doloris
1396 2321 1708 2392 perveniunt
1739 2320 1805 2374 ad

216 2416 461 2469 salutem.
488 2417 533 2469 Δ
556 2429 665 2485 quo
685 2414 872 2469 dolore
884 2422 1043 2482 atque
1061 2412 1382 2467 detrimento
1403 2420 1550 2465 tanto
1568 2419 1647 2465 est
1664 2411 1809 2479 quis-

217 2522 325 2574 que
349 2505 609 2568 securior,
642 2514 845 2575 quanto
869 2518 934 2558 ea
967 2504 1049 2559 vel
1080 2504 1256 2558 minus
1282 2503 1557 2566 amaverit,
1576 2501 1660 2554 vel
1691 2508 1811 2555 tan-

216 2612 375 2666 quam
402 2611 509 2651 non
540 2595 748 2649 habens
777 2594 1037 2649 habuerit.
1068 2593 1167 2660 Qui
1191 2607 1321 2648 vero
1361 2599 1578 2661 propter
1603 2589 1692 2644 illa
1720 2590 1803 2643 vel

221 2687 447 2742 tenenda
489 2691 581 2742 vel
620 2685 965 2756 adipiscenda
985 2727 1000 2749 ,
1029 2683 1367 2739 homicidium
1392 2724 1406 2746 ,
1448 2682 1761 2738 adulterium
1784 2724 1801 2748 ,

220 2777 623 2832 fornicationem
645 2816 662 2841 ,
693 2776 1041 2831 idololatriam
1063 2817 1079 2841 ,
1110 2784 1165 2829 et
1184 2773 1375 2828 similia
1401 2788 1625 2844 qumque
1652 2787 1803 2826 com-

219 2868 457 2933 miserit,
493 2883 602 2921 non
632 2877 851 2938 propter
875 2865 1271 2921 fundamentum
1295 2879 1390 2935 per
1416 2865 1589 2934 ignem
1628 2863 1803 2917 salva-

218 2957 369 3025 bitur,
387 2958 485 3014 sed
499 2959 703 3015 amisso
718 2957 1081 3023 fundamento,
1100 2966 1298 3011 :eterno
1315 2956 1434 3025 igne
1452 2954 1799 3025 torquebitur.

280 3052 333 3106 7.
362 3070 382 3103 ι
420 3050 790 3117 Quamobrem
829 3057 885 3104 et
911 3049 1037 3103 illud
1062 3047 1204 3119 quod
1232 3047 1445 3112 dicunt,
1476 3047 1633 3100 veluti
1672 3061 1800 3116 pro-

218 3142 337 3198 bare
364 3142 652 3211 cupientes
693 3148 947 3209 quantum
977 3139 1147 3193 valeat
1188 3138 1297 3193 sola
1329 3136 1492 3199 fides,
1526 3136 1612 3190 ubi
1656 3137 1802 3203 Apo-

217 3232 380 3286 stolus
406 3231 564 3296 dicit,
591 3230 745 3295 Quod
767 3230 811 3285 si
837 3229 1057 3297 inﬁdelis
1081 3226 1309 3292 discedit,
1332 3227 1583 3287 discedat;
1604 3242 1703 3279 non
1728 3234 1803 3278 est

218 3325 339 3376 atus
365 3323 607 3377 servituti
644 3321 896 3391 subjectus
932 3323 1093 3388 frater
1117 3317 1193 3372 vel
1220 3332 1364 3371 soror
1393 3316 1447 3369 in
1490 3314 1784 3384 huiusmodi

218 3413 255 3481 (Ι
276 3413 390 3469 Cor.
420 3428 495 3467 vtt
518 3455 533 3473 .
564 3412 696 3481 15);
723 3410 777 3465 id
807 3418 908 3473 est,
930 3417 986 3462 ut
1013 3418 1232 3478 propter
1259 3406 1412 3461 ﬁdem
1427 3405 1620 3460 Christi
1638 3404 1798 3459 etiam

218 3505 321 3573 ipsa
350 3519 490 3558 uxor
513 3501 753 3573 legitima
781 3500 1035 3555 societate
1056 3498 1355 3566 conjuncta,
1383 3497 1499 3550 sine
1520 3495 1620 3549 ulla
1643 3494 1797 3565 culpa

218 3594 548 3664 relinquatur
566 3634 583 3658 ,
611 3591 656 3645 si
678 3605 799 3646 cum
821 3591 939 3642 viro
961 3588 1250 3642 christiano
1269 3628 1284 3649 ,
1319 3595 1534 3657 pr0pter
1554 3585 1655 3639 hoc
1674 3585 1796 3654 quia

217 3685 534 3739 christianos
575 3690 693 3748 est,
742 3694 1055 3749 permanere
1082 3678 1313 3733 noluerit
1343 3695 1357 3731 :
1386 3694 1491 3731 non
1520 3676 1799 3731 attendunt

216 3790 278 3826 eo
300 3774 462 3828 modo
486 3774 637 3828 illam
665 3771 966 3826 rectissime
1003 3768 1229 3833 dimitti,
1273 3768 1317 3821 si
1342 3768 1455 3821 viro
1491 3783 1589 3823 suo
1614 3766 1793 3831 dicat,

216 3862 325 3916 Non
349 3878 448 3918 ero
486 3877 629 3916 uxor
652 3869 742 3915 tua
761 3901 777 3925 ,
802 3860 904 3913 nisi
932 3858 1061 3912 mihi
1085 3859 1167 3912 vel
1193 3857 1260 3912 de
1284 3857 1559 3911 latrocinio
1581 3857 1797 3911 divitias

215 3970 507 4025 congeras,
541 3961 639 4007 aut
666 3953 765 4006 nisi
809 3952 963 4005 solita
991 3951 1286 4017 lenocinia,
1329 3950 1521 4018 quibus
1559 3959 1794 4003 nostram

216 4044 429 4098 domm
460 4042 832 4112 transigebas,
861 4040 1018 4095 etiam
1048 4039 1369 4094 christianos
1391 4053 1676 4102 exerceas;
1707 4048 1797 4093 aut

213 4136 257 4188 si
292 4134 419 4205 quid
448 4132 602 4188 aliud
634 4132 716 4186 vel
746 4131 1100 4185 facinorosum
1138 4129 1219 4183 vel
1251 4128 1569 4198 ﬂagitiosum
1607 4129 1657 4181 in
1682 4127 1799 4183 viro

215 4234 457 4285 noverat,
485 4239 597 4293 quo
623 4221 885 4276 delectata
909 4220 988 4274 vel
1018 4219 1288 4274 libidinem
1311 4218 1578 4287 explebat,
1610 4217 1689 4271 vel
1722 4217 1798 4271 fa-

213 4317 366 4370 cilem
398 4317 603 4370 victum
642 4312 901 4379 habebat,
933 4311 1016 4367 vel
1042 4311 1200 4365 etiam
1238 4310 1513 4365 incedebat
1541 4309 1793 4364 ornatior.

214 4405 362 4460 'l'uuc
388 4406 538 4460 enim
564 4405 653 4458 ille
678 4404 760 4457 cui
784 4402 885 4457 hoc
899 4416 1034 4456 uxor
1055 4401 1201 4462 dicit,
1220 4402 1265 4455 si
1289 4401 1547 4456 veraciter
1564 4401 1667 4470 egit
1685 4415 1800 4469 pcn-

216 4500 492 4551 nitentiam
537 4495 608 4557 ab
647 4494 896 4562 operibus
926 4492 1182 4555 mortuis,
1214 4491 1426 4561 quando
1463 4491 1688 4545 accessit
1728 4490 1795 4543 ad

218 4587 551 4656 Baptismum
575 4627 592 4651 ,
623 4584 884 4654 habetque
912 4584 963 4637 in
994 4582 1337 4636 fundamento
1362 4580 1518 4635 fidem
1557 4596 1674 4651 quae
1703 4596 1800 4649 per

216 4679 561 4731 dilectionem
606 4682 887 4743 cperatur,
934 4672 1118 4741 procul
1162 4670 1326 4725 dubio
1372 4671 1491 4740 plus
1538 4670 1800 4725 tenebitur

214 4782 393 4822 amore
432 4766 634 4820 divina:
656 4764 836 4833 gratia:
857 4804 872 4825 ,
902 4776 1059 4831 quam
1085 4762 1259 4815 carnis
1284 4761 1486 4815 uxoria:
1504 4801 1520 4827 ,
1549 4768 1601 4814 et
1626 4774 1798 4814 mem-

214 4861 363 4915 brum
389 4858 539 4930 quod
567 4872 688 4910 eum
713 4854 1054 4918 scandalizat,
1087 4853 1292 4908 fortiter
1316 4860 1570 4921 amputat.
1598 4851 1797 4919 Quem-

214 4966 441 5021 cumque
462 4958 646 5004 autem
664 4949 715 5001 in
742 4947 841 5001 hac
854 4946 1207 5014 diremptione
1230 4944 1471 4999 dolorem
1492 4943 1670 4998 cordis
1685 4959 1801 5013 pro-

218 5053 331 5110 pter
371 5040 654 5095 carnalem
684 5038 927 5092 affectum
953 5036 1192 5106 conjugis
1229 5034 1542 5098 sustinebit,
1575 5033 1678 5090 hoc
1716 5046 1801 5089 est

217 5134 597 5187 detrimentum
625 5127 765 5199 quod
806 5128 1066 5197 patietur,
1103 5127 1186 5179 hic
1220 5135 1305 5181 est
1344 5125 1477 5196 ignis
1507 5141 1600 5195 per
1640 5140 1798 5195 quem

220 5226 336 5281 leno
359 5225 592 5280 ardente
620 5223 734 5292 ipse
772 5220 1075 5275 salvabitur.
1103 5218 1161 5275 Si
1181 5228 1355 5274 autem
1390 5219 1500 5289 jam
1528 5219 1606 5273 sic
1630 5218 1798 5275 habe-

222 5316 302 5369 hat
340 5329 570 5369 uxorem
598 5322 852 5381 tanquam
876 5326 980 5364 non
1024 5310 1224 5366 habens
1244 5351 1259 5376 ,
1288 5326 1391 5364 non
1426 5318 1643 5381 propter
1665 5324 1798 5365 con-

221 5406 640 5476 cupiscentiam,
687 5402 782 5457 sed
811 5412 1027 5472 propter
1069 5402 1521 5466 misericordiam,
1563 5418 1631 5458 ne
1658 5402 1799 5459 forte

222 5512 329 5551 eam
354 5497 561 5552 salvam
592 5495 816 5560 faceret,
837 5491 1065 5547 reddens
1085 5495 1260 5562 potius
1284 5507 1440 5561 quam
1469 5492 1686 5564 exigens
1704 5492 1803 5549 dc-

226 5586 377 5644 hitum
407 5585 731 5659 conjugale;
755 5582 993 5654 profecto
1022 5598 1119 5639 nec
1143 5583 1797 5651 dolebitcarnaliter,cum

226 5683 393 5739 abillo
434 5684 544 5739 tale
577 5677 917 5736 connubium
957 5676 1286 5746 separabitur
1317 5693 1331 5730 :
1363 5692 1534 5746 neque
1574 5677 1714 5733 enim
1744 5677 1798 5733 in

225 5789 279 5829 ea
307 5776 611 5849 cogitabat,
667 5768 777 5823 nisi
813 5783 929 5838 qua:
954 5776 1076 5824 sunt
1101 5767 1231 5831 Dei,
1276 5767 1543 5837 quomodo
1570 5769 1799 5839 placeret

208 5867 300 5925 Deo
321 5870 368 5942 (l
382 5869 507 5926 Cor.
534 5878 649 5928 vn,
666 5856 884 5929 29-34).
904 5861 978 5913 Ac
1001 5872 1096 5929 per
1116 5856 1217 5913 hoc
1243 5872 1296 5913 tn
1321 5867 1572 5928 quantum
1590 5874 1798 5932 aurum,

1653 384 1851 442 LIBER
1892 382 2089 440 UNUS.

3410 403 3511 459 154

1928 508 2203 568 argentum
2220 539 2235 564 ,
2263 507 2313 555 et
2342 499 2544 572 lapides
2570 502 2832 573 pretiosos
2861 504 2968 561 illis
2989 508 3397 578 cogitationibus
3419 529 3512 570 sa—

1929 592 2339 662 pmcdiﬁcabat,
2360 594 2411 647 in
2440 605 2641 650 tantum
2668 594 3046 653 detrimentum
3069 601 3271 658 nullum
3303 615 3510 674 patere-

1929 694 2031 747 tur,
2050 687 2102 739 in
2121 693 2323 740 tantum
2340 685 2456 755 ejus
2475 696 2760 755 structura,
2778 704 2896 759 quae
2916 706 3019 746 non
3038 702 3154 747 erat
3171 693 3344 763 fenea,
3364 699 3512 755 nullo

1925 776 2171 831 incendio
2198 787 2546 833 cremaretur.

1994 866 2046 920 8.
2094 883 2113 917 ι
2147 865 2272 920 Sive
2314 882 2441 936 ergo
2481 868 2532 921 in
2575 866 2675 923 hac
2720 878 2922 925 tantum
2965 872 3073 927 vita
3116 874 3215 928 ista
3259 876 3504 934 homines

1925 955 2212 1022 patiuntur,
2242 956 2355 1009 sive
2381 957 2538 1010 etiam
2572 966 2690 1026 post
2717 957 2853 1014 hanc
2890 960 3050 1014 vitam
3094 963 3217 1016 talia
3261 965 3505 1034 quredam

1917 1046 2113 1113 judicia
2131 1047 2543 1116 subsequuntur,
2564 1064 2669 1102 non
2692 1049 2964 1117 abhorret,
2982 1064 3236 1121 quantum
3255 1056 3506 1120 arbitror,

1920 1150 1951 1188 a
1981 1137 2185 1190 ratione
2212 1138 2450 1192 veritatis
2477 1138 2576 1192 iste
2606 1139 2907 1194 intellectus
2948 1140 3171 1210 hujusce
3204 1147 3504 1203 sententiae.

1923 1227 2296 1284 Verumtamen
2323 1230 2482 1284 etiam
2512 1231 2555 1285 si
2580 1242 2661 1285 est
2680 1232 2833 1296 alius,
2858 1234 2946 1302 qui
2970 1236 3095 1288 mihi
3117 1250 3224 1289 nou
3242 1240 3500 1307 occurrit,

1919 1320 2095 1389 potius
2119 1322 2431 1391 eligendus;
2462 1323 2619 1376 istum
2647 1323 2896 1392 quamdiu
2926 1332 3187 1392 tenemus,
3217 1341 3322 1380 non
3348 1329 3498 1398 cogi-

1918 1430 2037 1466 mur
2058 1413 2237 1468 dicere
2268 1414 2476 1482 injustis
2495 1456 2509 1480 ,
2538 1429 2641 1468 non
2663 1414 2908 1477 subditis,
2943 1417 3203 1481 scelestis,
3233 1420 3499 1473 contami-
3558 1420 3562 1433 '

1917 1506 2073 1567 natis,
2099 1505 2394 1573 parricidis,
2413 1506 2723 1571 matricidis,
2747 1507 3039 1571 homicidis,
3068 1510 3497 1577 fornicatorihus,

1915 1594 2276 1648 masculorum
2300 1595 2762 1661 concubitoribus,
2794 1597 3085 1664 plagiariis,
3118 1599 3496 1663 mendacibus,

1917 1686 2141 1752 pcrjuris
2160 1726 2174 1749 ,
2206 1695 2258 1739 et
2284 1686 2328 1739 si
2358 1685 2483 1754 quid
2510 1686 2652 1740 aliud
2682 1702 2824 1739 same
2864 1687 3123 1743 doctrinas
3160 1688 3493 1754 adversatur,

1912 1789 2030 1842 quae
2049 1783 2132 1829 est
2146 1773 2435 1829 secundum
2456 1776 2791 1845 Evangelium
2815 1776 2996 1845 glori-e
3022 1778 3158 1832 beati
3178 1779 3269 1833 Dei
3293 1779 3334 1849 (Ι
3360 1778 3493 1834 Tim.

1914 1885 1958 1931 t,
1984 1868 2139 1939 9-H)
2161 1887 2173 1922 :
2197 1868 2253 1924 Si
2281 1870 2645 1923 tantummodo
2664 1872 2714 1923 in
2748 1869 3013 1923 Christum
3040 1870 3269 1924 credatis
3287 1910 3303 1935 ,
3332 1877 3388 1925 et
3409 1885 3496 1924 sa-

1911 1966 2239 2012 cramentum
2286 1957 2540 2024 Baptismi
2587 1958 2703 2025 ejus
2746 1958 3038 2028 accipiatis,
3080 1960 3290 2014 etiamsi
3327 1961 3490 2014 vitam

1911 2048 2064 2103 istam
2093 2050 2377 2119 pessimam
2405 2064 2511 2103 non
2544 2049 2895 2115 mutaveritis,
2925 2050 3054 2103 salvi
3084 2051 3256 2105 eritis.

1981 2143 2036 2198 9.
2079 2162 2099 2194 ι
2127 2142 2283 2198 Unde
2305 2158 2404 2198 nec
2425 2144 2510 2197 illa
2542 2144 2693 2199 nobis
2717 2145 2906 2198 mulier
2932 2144 3224 2198 Chanamea
3252 2143 3493 2211 praescri-

1911 2231 2019 2298 bit,
2045 2233 2167 2302 quia
2206 2233 2463 2288 Dominus
2490 2235 2538 2287 ei
2567 2233 2709 2302 quod
2756 2234 2968 2303 petebat
3009 2234 3189 2299 dedit,
3218 2248 3339 2288 cum
3365 2242 3495 2289 ante

1908 2323 2150 2389 dixisset,
2183 2322 2305 2377 Non
2323 2335 2396 2377 est
2421 2323 2606 2377 bonum
2631 2324 2804 2378 tollere
2830 2340 3009 2395 partem
3033 2324 3272 2393 ﬁliorum,
3299 2334 3345 2378 et
3370 2325 3490 2377 mit-

1909 2425 2010 2469 tere
2033 2416 2268 2479 canibus;
2288 2416 2410 2485 quia
2437 2416 2527 2470 ille
2554 2416 2731 2471 cordis
2756 2417 3024 2485 inspector
3048 2425 3300 2469 mutatam
3327 2414 3484 2479 vidit,

1907 2505 2120 2575 quando
2149 2506 2401 2560 laudavit.
2428 2506 2494 2560 Et
2521 2505 2639 2560 ideo
2660 2521 2766 2561 non
2796 2506 2871 2559 ait
2889 2546 2904 2568 ,
2923 2506 2968 2560 0
2996 2505 3163 2571 canis,
3193 2520 3382 2575 magna
3404 2514 3489 2561 est

1910 2597 2041 2651 ﬁdes
2066 2598 2188 2651 tua!
2211 2597 2304 2652 sed
2326 2639 2340 2661 ,
2373 2596 2418 2651 0
2438 2598 2634 2662 mulier,
2660 2613 2844 2669 magna
2870 2607 2942 2651 est
2969 2597 3095 2666 fides
3136 2605 3222 2649 tua
3260 2596 3484 2665 (Matth.

1906 2703 1998 2754 xv,
2024 2687 2115 2754 ‘26,
2140 2688 2270 2758 28)!
2300 2688 2516 2744 Mutavit
2538 2689 2852 2745 vocabulum
2873 2730 2889 2755 ,
2918 2688 3042 2759 quia
3068 2697 3325 2742 mutatum
3351 2689 3484 2743 vidit

1904 2777 2176 2843 affectum,
2208 2787 2366 2849 atque
2406 2780 2549 2834 illam
2573 2780 2965 2849 correptionem
3001 2779 3068 2834 ad
3105 2779 3331 2834 fructum
3358 2793 3484 2849 per.

1905 2867 2115 2921 venisse
2143 2868 2409 2937 cognovit.
2433 2867 2591 2922 Miror
2616 2878 2792 2924 autem
2822 2868 2867 2922 si
2894 2866 3130 2923 laudaret
3155 2868 3207 2922 in
3231 2882 3293 2922 ea
3322 2867 3481 2922 ﬁdem

1904 2961 2019 3013 sine
2043 2960 2324 3028 operibus,
2349 2960 2398 3013 id
2424 2969 2536 3023 est,
2565 2959 2722 3014 ﬁdem
2760 2974 2866 3014 non
2902 2960 3059 3015 talem
3093 2974 3211 3030 qute
3234 2959 3344 3030 jam
3387 2974 3484 3029 per

1904 3048 2246 3103 dilectionem
2292 3059 2471 3118 posset
2501 3050 2731 3119 cperari,
2761 3049 2918 3105 ﬁdem
2946 3057 3230 3115 mortuam,
3263 3058 3315 3103 et
3342 3050 3483 3119 quod

1902 3137 2134 3193 Jacobus
2156 3137 2335 3193 dicere
2363 3139 2582 3194 minime
2605 3139 2884 3207 dubitavit,
2914 3140 3071 3195 fidem
3102 3155 3206 3195 non
3223 3139 3481 3194 Christia-

1901 3244 2112 3293 norum,
2135 3229 2227 3283 sed
2248 3229 2568 3283 dmmonum.
2592 3230 2868 3285 Postremo
2887 3230 2931 3283 si
2957 3230 3108 3283 istam
3126 3229 3477 3283 Chananaram

1902 3319 2090 3374 nolunt
2133 3320 2432 3389 intelligere
2476 3329 2710 3376 mutasse
2756 3319 2991 3390 perditos
3034 3335 3241 3385 mores,
3268 3319 3483 3388 quando

1901 3425 2018 3464 eam
2043 3409 2284 3464 Christus
2307 3410 2697 3464 contemnendo
2721 3419 2776 3464 et
2800 3409 3135 3476 corripiendo
3165 3410 3435 3479 redarguit
3459 3428 3474 3465 :

1900 3513 2260 3569 quoscumque
2293 3498 2590 3552 invenerint
2634 3498 2997 3552 tantummodo
3037 3497 3276 3561 credere,
3316 3499 3478 3553 vitam

1898 3604 2028 3642 vero
2048 3588 2540 3658 inquinatissimam,
2559 3603 2660 3643 nec
2685 3588 2872 3643 saltem
2890 3588 3171 3650 occultare,
3198 3586 3291 3642 sed
3316 3587 3477 3642 etiam

1899 3677 2064 3733 libere
2085 3677 2321 3746 profiteri
2335 3718 2349 3741 ,
2377 3692 2441 3732 ac
2467 3677 2609 3733 nolle
2632 3686 2865 3742 mutare;
2891 3685 3085 3732 sanent
3102 3676 3238 3731 ﬁlios
3259 3692 3469 3743 comm,

1898 3768 1942 3820 si
1974 3776 2215 3835 possunt,
2249 3767 2386 3821 sicut
2419 3775 2600 3821 sanata
2626 3777 2707 3821 est
2733 3766 2837 3820 filia
2867 3765 3179 3820 Chanantete
3207 3766 3476 3830 mulieris;

1900 3871 2003 3910 non
2026 3866 2200 3910 tamen
2224 3871 2320 3910 eos
2342 3856 2534 3911 faciant
2561 3856 2796 3911 membra
2822 3856 3054 3921 Christi,
3078 3872 3198 3911 cum
3228 3857 3325 3925 ipsi
3352 3872 3476 3911 esse

1901 3964 2004 4001 non
2019 3947 2265 4001 desinant
2281 3948 2515 4001 membra
2531 3949 2854 4002 meretricis»
2881 3947 2985 4016 (De
3005 3948 3107 4016 ﬁde
3136 3958 3181 4001 et
3210 3947 3475 4018 Operibus,

1898 4055 2014 4108 cap.
2051 4037 2262 4108 “16).

1970 4128 2059 4183 10.
2105 4129 2234 4183 Item
2261 4130 2312 4183 in
2342 4143 2406 4183 eo
2434 4129 2569 4185 libro
2594 4130 2676 4182 cui
2706 4129 2885 4182 titulus
2913 4137 2997 4183 est
3016 4169 3030 4190 .
3061 4127 3128 4182 de
3153 4127 3283 4182 Fide
3302 4170 3317 4192 ,
3346 4125 3476 4198 Spe,

1899 4229 1947 4274 et
1977 4218 2282 4284 Cltaritate,
2311 4234 2470 4288 quem
2513 4220 2699 4287 scripsi
2744 4218 2809 4272 ad
2853 4220 3015 4272 ﬁlium
3053 4234 3229 4273 mcmn
3259 4217 3476 4272 fratrem

1901 4317 2045 4361 tuum
2086 4308 2465 4373 Laurentium,
2494 4308 2591 4363 ista
2630 4308 2697 4363 de
2730 4308 2826 4362 hac
2869 4325 2928 4364 re
2966 4308 3126 4362 verba
3155 4323 3271 4362 mea
3308 4316 3472 4361 sunt:

1906 4419 1923 4452 ι
1952 4400 2281 4464 Creduntur,
2323 4403 2568 4470 inquam,
2615 4415 2644 4453 a
2683 4400 2995 4468 quibusdam
3024 4438 3039 4463 ,
3075 4400 3234 4453 etiam
3281 4398 3331 4452 hi
3385 4398 3477 4466 qui

1901 4510 2092 4547 nomen
2124 4492 2321 4547 Christi
2353 4508 2457 4547 non
2483 4492 2805 4561 relinquunt,
2836 4499 2888 4546 et
2916 4491 3032 4559 ejus
3057 4490 3268 4544 lavacro
3297 4488 3347 4542 iu
3378 4489 3479 4544 Εε-
3530 4530 3559 4561 ,.

1899 4582 2059 4638 clesia
2091 4582 2444 4650 baptizantur,
2473 4595 2571 4636 nec
2595 4580 2663 4635 ab
2696 4595 2757 4635 ea
2801 4579 2912 4635 ullo
2942 4579 3228 4635 schismate
3254 4578 3335 4633 vel
3364 4578 3477 4634 ha:-

1899 4673 2006 4727 resi
2046 4671 2426 4741 praeciduutur,
2458 4671 2510 4724 in
2549 4670 2890 4741 quantislibet
2929 4671 3222 4725 sceleribus
3263 4670 3475 4737 vivant,

1899 4781 2017 4837 qute
2036 4779 2133 4819 nec
2151 4764 2353 4819 diluant
2371 4763 2692 4833 paenitendo,
2713 4778 2809 4818 nec
2819 4762 3173 4833 eleemosynis
3193 4762 3474 4828 redimaut,

1900 4856 1993 4911 sed
2010 4856 2061 4910 in
2076 4855 2156 4909 eis
2172 4855 2415 4924 usquead
2438 4854 2593 4923 hujus
2608 4855 2726 4907 vitae
2743 4853 2982 4909 ultimum
3003 4853 3142 4909 diem
3167 4853 3475 4922 pertinacis-

1899 4946 2033 5000 sime
2068 4954 2438 5014 perseverent,
2472 4944 2602 4999 salvi
2641 4944 2800 4998 futuri
2834 4960 2927 5012 per
2969 4945 3171 5014 ignem;
3216 4944 3339 4996 licet
3379 4957 3476 5009 pro

1900 5036 2262 5107 magnitudine
2287 5035 2580 5091 facinorum
2609 5035 3030 5106 flagitiorumque
3058 5037 3306 5089 diuturno
3326 5072 3340 5094 ,
3365 5048 3469 5086 non

1902 5136 2076 5183 tamen
2114 5134 2315 5183 aeterno
2355 5128 2476 5198 igne
2509 5127 2697 5197 puniti.
2727 5125 2835 5182 Sed
2875 5127 2963 5197 qui
3008 5126 3108 5179 hoc
3133 5122 3386 5188 credunt,
3422 5134 3478 5177 et

1901 5225 2079 5273 tamen
2114 5217 2367 5273 catholici
2395 5226 2556 5285 sunt,
2584 5217 2813 5274 humana
2840 5217 3066 5288 quadam
3103 5214 3473 5270 benevolentia

1899 5308 2030 5363 mihi
2052 5306 2160 5362 falli
2185 5308 2615 5364 videntur:nam
2640 5308 2911 5377 Scriptura
2951 5306 3125 5361 divina
3167 5304 3311 5359 aliud
3336 5320 3473 5360 con-

1901 5401 2040 5456 sulta
2064 5400 2368 5470 respondet.
2389 5400 2605 5456 Librum
2628 5409 2803 5455 autem
2831 5398 2896 5452 de
2917 5396 3016 5452 hac
3040 5398 3331 5465 quaestione
3350 5413 3480 5452 con-

1902 5494 2123 5563 scripsi,
2160 5492 2313 5562 cujus
2342 5493 2524 5547 titulus
2547 5501 2662 5556 est,
2693 5491 2760 5544 de
2795 5488 2923 5544 Fide
2959 5497 3015 5543 et
3049 5488 3344 5557 Operibus;
3385 5488 3472 5542 ubi

1903 5583 2195 5640 secundum
2221 5582 2520 5651 Stripturas
2538 5590 2769 5643 sanctas,
2788 5587 3043 5649 quantum
3068 5578 3176 5633 Deo
3195 5579 3478 5649 adjuvanle

1904 5676 2086 5746 potui,
2129 5658 2490 5729 demonstravi
2514 5686 2631 5725 eam
2664 5670 2818 5725 ﬁdem
2858 5670 3033 5726 salvos
3070 5668 3279 5733 facere,
3322 5684 3475 5738 quam

1905 5766 2033 5821 satis
2076 5763 2347 5817 evidenter
2391 5763 2652 5832 expressit
2683 5762 2874 5817 Paulus
2909 5758 3214 5831 apostolus,
3247 5759 3430 5812 dicens
3464 5775 3478 5810 :

1905 5858 1971 5913 In
1995 5857 2193 5915 Clm'sto
2223 5855 2354 5910 enim
2378 5853 2503 5912 λεια
2528 5870 2682 5928 neque
2701 5855 3010 5910 circumcisio
3035 5853 3301 5925 quidquam
3328 5849 3480 5919 calet,
