4000 6336
437 372 539 429 155

434 499 591 554 neque
614 479 938 553 prcputiant,
967 477 1061 535 sed
1087 475 1213 546 ﬁdes
1237 490 1351 546 ante
1374 491 1465 545 per
1490 474 1808 529 dilectionem
1830 489 2015 543 opaco

433 585 515 629 tur
545 571 739 645 (Colat.
763 585 819 635 v,
835 570 916 640 6).
938 568 995 626 Si
1021 577 1200 624 autem
1221 567 1381 635 male,
1396 565 2017 639 etanta-aquatum

434 665 617 738 procul
644 662 839 728 dubio,
866 660 1162 719 someh-
1182 660 1484 731 apsstolum
1510 657 1765 715 Jacobum
1780 697 1797 721 ,
1820 666 2022 711 mortua

424 768 508 813 at
530 758 589 810 in
612 756 904 824 acetiam.
926 753 1027 822 Qui
1058 768 1241 808 rursus
1271 753 1345 806 ait
1368 770 1380 805 :
1407 751 1467 806 Si
1495 750 1649 820 ﬁdem
1671 749 1808 805 dicat
1826 767 1880 805 se
1911 749 2023 819 quis

437 848 642 916 habere,
664 864 821 917 opera
846 855 1014 901 autem
1038 862 1138 901 non
1171 844 1384 910 habeat,
1420 843 1664 910 numquid
1691 842 1872 914 poterit
1894 841 2022 910 fides

435 942 633 998 sulcare
665 938 823 996 um?
850 939 1015 993 Porro
1043 947 1225 993 autem
1259 936 1309 989 si
1347 936 1508 989 homo
1530 945 1707 989 autem
1732 932 2023 988 sceleratus

437 1040 660 1102 propter
686 1028 844 1085 fidem
872 1030 1041 1084 solam
1071 1042 1165 1098 per
1193 1028 1369 1095 ignem
1409 1026 1720 1090 sabvabitur,
1758 1033 1813 1080 et
1839 1024 1916 1078 sic
1940 1032 2024 1078 est

437 1121 789 1192 accipendum
819 1120 961 1191 quod
985 1120 1058 1174 ait
1081 1120 1268 1175 beatus
1290 1119 1505 1185 Paulus,
1527 1117 1649 1189 Ipse
1665 1128 1836 1173 autem
1855 1117 2024 1172 solm

438 1218 556 1283 erit,
578 1216 653 1271 sic
671 1225 836 1269 tamen
849 1214 999 1287 quasi
1013 1229 1101 1281 per
1118 1212 1304 1284 ignem,
1325 1212 1661 1281 poteritergo
1683 1210 1890 1265 salvere
1909 1208 2025 1263 sine

439 1309 694 1381 cperibus
721 1307 852 1362 fides
872 1347 888 1372 ,
914 1314 971 1362 et
1012 1304 1205 1360 falsum
1230 1304 1335 1360 erit
1357 1302 1499 1375 quod
1526 1302 1662 1358 dixit
1688 1301 1803 1372 ejus
1829 1315 2027 1371 coapo-

438 1377 607 1463 stolus
643 1396 873 1453 Jacobus
903 1414 917 1450 ε
947 1396 1137 1451 falsum
1170 1396 1273 1450 erit
1309 1402 1365 1450 et
1393 1394 1521 1448 nam
1559 1392 1700 1462 quod
1728 1392 1873 1447 idem
1911 1377 2039 1462 ipse.

439 1488 656 1554 Paulus,
686 1486 880 1551 Nolite,
911 1486 1100 1556 inquit,
1131 1501 1335 1549 errare;
1366 1501 1522 1556 neque
1548 1484 1907 1555 fornicatores,
1938 1498 2027 1549 ne-

442 1596 540 1647 que
565 1579 716 1633 idolis
741 1579 1029 1644 seruientes,
1064 1593 1221 1645 neque
1244 1577 1481 1641 adulteri,
1514 1592 1670 1645 neque
1697 1574 1871 1630 molles
1889 1617 1903 1638 ,
1932 1591 2024 1628 ne-

440 1686 538 1740 que
557 1673 898 1725 masculorum
922 1668 1285 1730 concubitores,
1317 1683 1474 1739 neque
1499 1668 1658 1739 fures,
1685 1682 1841 1736 neque
1863 1666 2024 1728 avari,

441 1780 599 1833 neque
617 1762 874 1828 maledici,
901 1779 1059 1831 neque
1078 1760 1277 1825 ebriosi,
1301 1776 1458 1831 neque
1476 1776 1683 1830 rapaces
1701 1775 1911 1830 regnum
1933 1756 2028 1810 Dei

441 1855 783 1925 possidebunt.
817 1853 873 1910 Si
903 1854 1045 1907 enim
1075 1853 1239 1907 etiam
1269 1851 1321 1906 in
1351 1852 1466 1906 istis
1491 1859 1895 1921 perseverantes
1922 1849 2029 1903 cri-

441 1944 711 2008 minibus,
753 1952 930 1998 tamen
978 1952 1200 2012 propter
1240 1942 1399 1997 fidem
1437 1942 1637 1998 Christi
1679 1941 1811 1996 salvi
1837 1926 2025 2006 erunt,

440 2035 713 2107 quomodo
742 2036 793 2089 in
822 2049 987 2104 regno
1012 2034 1106 2089 Dei
1133 2048 1243 2088 non
1268 2033 1465 2089 erunt?

518 2126 606 2180 ll.
640 2144 659 2177 ι
693 2123 802 2181 Sed
839 2125 963 2195 quia
1005 2124 1121 2180 hmo
1162 2123 1455 2192 apostolica
1500 2119 1930 2178 manifestissima
1974 2128 2030 2174 et

442 2216 776 2284 apertissima
811 2213 1113 2269 testimonia
1145 2213 1277 2268 falsa
1315 2228 1435 2269 esse
1465 2229 1570 2266 non
1609 2221 1860 2281 possunt;
1901 2210 2029 2265 illud

442 2304 586 2374 quod
614 2304 841 2360 obscure
863 2305 1062 2360 dictum
1106 2314 1223 2368 est,
1252 2304 1322 2359 de
1365 2304 1448 2357 his
1485 2302 2032 2373 qui~.suprr:edificaut

442 2409 606 2464 super
631 2394 1061 2459 fundamentum,
1091 2394 1235 2465 quod
1264 2402 1356 2471 est.
1380 2393 1645 2459 Christus,
1664 2409 1783 2473 non
1811 2408 2026 2458 aurum,

442 2492 757 2555 argentum,
783 2485 988 2555 lapides
1014 2486 1313 2556 pretiosos,
1360 2484 1453 2540 sed
1480 2485 1618 2555 ligna
1638 2524 1654 2548 ,
1687 2482 1866 2539 fenum
1889 2525 1904 2550 ,
1934 2484 2030 2537 sti-

442 2576 623 2644 pulam
652 2575 741 2647 (de
768 2574 853 2631 bis
878 2576 1021 2631 enim
1069 2576 1267 2630 dictum
1294 2584 1378 2631 est
1410 2574 1552 2645 quod
1578 2590 1673 2644 per
1696 2573 1870 2644 ignem
1896 2573 2029 2629 salvi

442 2674 632 2731 erunt,
683 2666 937 2736 quoniam
981 2665 1309 2729 fundamenti
1358 2665 1551 2720 merito
1591 2680 1695 2719 non
1731 2665 2027 2737 peribunt),

443 2758 524 2813 sic
544 2758 969 2829 intelligendum,
995 2766 1079 2814 est
1098 2768 1158 2814 ut
1178 2757 1262 2813 his
1284 2756 1581 2813 manifestis
1601 2772 1711 2812 non
1730 2758 2031 2813 inveniatur

445 2863 568 2903 esse
611 2850 960 2904 contrarium.
1006 2848 1169 2920 Ligna
1195 2849 1392 2919 quippe
1422 2856 1475 2902 et
1519 2846 1697 2903 fenum
1745 2856 1800 2902 et
1837 2847 2031 2918 stipula

444 2954 551 2993 non
575 2938 806 3000 absurde
829 2940 995 3009 accipi
1020 2948 1241 3009 possunt
1264 2954 1440 2994 rerum
1464 2937 1819 3002 saecularium,
1844 2953 2030 3006 quam-

444 3031 528 3085 vis
571 3030 712 3085 licite
742 3045 1115 3087 concessurum
1140 3071 1156 3096 ,
1203 3029 1336 3086 tales
1379 3029 1726 3099 cupiditates,
1777 3037 1833 3084 ut
1860 3031 2031 3085 amitti

444 3125 563 3179 sine
588 3124 749 3178 animi
774 3124 960 3179 dolore
986 3140 1090 3178 non
1120 3123 1344 3192 possint.
1373 3122 1506 3177 Cum
1535 3130 1712 3176 autem
1752 3120 1853 3177 iste
1875 3120 2034 3177 dolor

448 3215 575 3281 urit,
602 3215 647 3269 si
677 3214 919 3269 Christus
947 3214 999 3269 in
1025 3213 1187 3269 corde
1216 3212 1539 3269 fundamenti
1568 3210 1730 3267 habet
1755 3212 1948 3275 locum,
1980 3210 2032 3266 id

446 3314 561 3368 est,
590 3315 646 3359 ut
684 3306 734 3359 ei
772 3305 903 3360 nihil
940 3313 1314 3375 anteponatur,
1348 3313 1404 3358 et
1440 3302 1592 3356 malit
1621 3301 1782 3356 homo
1818 3302 1908 3372 qui
1941 3301 2031 3355 tali

448 3397 639 3452 dolore
674 3397 865 3464 uritur,
904 3397 1067 3452 rebus
1103 3411 1236 3467 quas
1266 3395 1334 3450 ita
1376 3394 1581 3465 diligit,
1625 3408 1842 3457 carere,
1872 3409 2031 3463 quam

445 3486 697 3551 Christo;
732 3502 827 3557 per
847 3487 1021 3557 ignem
1044 3486 1103 3541 fit
1122 3486 1319 3541 salvus.
1342 3482 1399 3540 Si
1417 3494 1595 3539 autem
1619 3499 1706 3539 res
1726 3483 2032 3552 hujusmodi

450 3577 779 3646 temporales
803 3592 865 3631 ac
885 3577 1168 3632 smeulares
1191 3584 1431 3645 tempore
1457 3575 1764 3631 tentatiunis
1788 3574 2035 3629 maluerit

450 3676 634 3722 tenere
656 3682 815 3737 quam
841 3666 1115 3722 Christum
1137 3705 1153 3731 ,
1190 3681 1312 3720 eum
1342 3665 1395 3719 in
1425 3665 1769 3721 fundamento
1795 3681 1900 3720 non
1932 3665 2033 3720 ha-

448 3756 594 3822 buit;
625 3758 747 3826 quia
795 3756 911 3811 haec
947 3757 1126 3825 priore
1164 3756 1281 3811 loco
1327 3754 1531 3823 habuit,
1563 3771 1684 3809 cum
1715 3757 1768 3811 in
1805 3756 2034 3811 aedificio

450 3860 559 3900 non
588 3846 658 3900 sit
682 3845 879 3915 aliquid
909 3847 1052 3916 prius
1079 3844 1444 3902 fundamento.
1476 3845 1614 3917 Ignis
1640 3846 1804 3909 enim,
1832 3845 1901 3902 de
1926 3862 2033 3917 quo

450 3953 518 3993 eo
541 3938 658 3992 loco
679 3938 885 3992 locutus
908 3947 989 3992 est
1014 3937 1284 4006 apostolus
1310 3937 1524 3999 Paulus,
1554 3936 1674 3992 talis
1698 3936 1857 3991 debet
1877 3937 2035 3992 intel-

448 4028 564 4099 ligi,
588 4039 644 4082 ut
672 4028 831 4082 ambo
861 4043 956 4098 per
978 4042 1098 4081 eum
1125 4036 1432 4093 transeant;
1462 4026 1513 4082 id
1546 4035 1646 4091 est,
1675 4035 1731 4081 et
1752 4027 1839 4097 qui
1869 4028 2037 4095 sedi/i-

450 4126 534 4170 cat
561 4133 715 4186 super
742 4116 836 4171 hoc
864 4116 1267 4186 fundamentum,
1291 4132 1489 4179 aurum,
1521 4125 1807 4187 argentum,
1837 4116 2034 4186 lapides

452 4213 718 4282 pretiosos,
741 4220 796 4267 et
814 4212 903 4280 qui
923 4211 1140 4279 aediﬁcat
1162 4211 1378 4281 lignum,
1402 4212 1596 4280 fenum,
1617 4212 1876 4279 stipulam.
1899 4210 2034 4265 Cum

450 4303 594 4358 enim
650 4301 753 4358 hoc
804 4302 1061 4368 dixisset,
1114 4301 1395 4371 adjunxit:
1450 4300 1853 4373 Uniuscujstsque
1901 4316 2030 4369 opus

450 4395 601 4464 quale
636 4395 734 4459 sit,
774 4393 904 4464 ignis
947 4392 1191 4464 probabit.
1234 4392 1296 4448 Si
1324 4393 1469 4464 cujus
1507 4409 1636 4463 opus
1666 4391 2033 4462 permanserit,

450 4484 589 4555 quod
613 4485 1061 4556 superwdi/icavit,
1092 4484 1368 4538 mercedem
1394 4485 1627 4555 accipiet.
1669 4484 1731 4541 Si
1761 4485 1913 4555 cujus
1942 4500 2036 4537 au-

454 4586 551 4630 tem
577 4592 704 4643 Opus
727 4585 957 4630 exustum
983 4576 1154 4647 fuerit,
1188 4575 1427 4629 damnum
1456 4576 1673 4646 patietur
1691 4590 1711 4629 :
1737 4576 1844 4645 ipse
1865 4583 2037 4629 autem

452 4669 621 4723 salvus
641 4670 755 4733 erit,
784 4669 855 4721 sic
892 4677 1057 4722 tamen
1082 4669 1228 4737 quasi
1254 4684 1342 4732 per
1360 4668 1548 4737 ignem.
1581 4667 1693 4721 Non
1722 4682 1849 4738 ergo
1880 4667 2038 4722 unius

454 4776 662 4825 eorum,
689 4758 783 4813 sed
817 4760 1089 4827 utriusque
1115 4773 1250 4827 opus
1272 4759 1405 4827 ignis
1435 4758 1701 4828 probabit.

530 4850 616 4905 12.
655 4868 676 4901 ι
707 4850 799 4904 Est
839 4849 1050 4919 quidam
1092 4849 1226 4919 ignis
1273 4851 1493 4903 Ieutatio
1538 4847 1929 4912 tribulationis,
1969 4857 2040 4905 de

453 4956 563 5012 quo
587 4950 771 5011 aperte
795 4941 900 4994 alio
939 4941 1057 4994 loco
1081 4940 1338 5010 scriptum
1366 4949 1448 4993 est
1474 4956 1489 4993 :
1532 4938 1663 4991 Vasa
1687 4939 1832 5009 figuli
1862 4939 2038 5007 probat

459 5040 671 5105 fornax,
709 5043 755 5087 et
784 5033 1009 5087 homines
1033 5033 1202 5102 justos
1237 5032 1447 5086 tentatio
1484 5030 1823 5084 tribulationis
1852 5029 2037 5100 (Eccli.

457 5140 621 5191 xxvu,
646 5125 725 5192 6).
752 5124 853 5179 Iste
875 5124 1012 5193 ignis
1032 5125 1083 5177 in
1107 5122 1207 5177 hac
1228 5122 1438 5176 interim
1461 5123 1566 5177 vita
1590 5121 1714 5176 facit
1733 5122 1872 5192 quod
1899 5124 2043 5191 Apo-

456 5214 626 5267 stolus
649 5214 817 5277 dixit,
852 5214 897 5267 si
932 5211 1137 5266 accidat
1165 5210 1372 5265 duobus
1400 5210 1643 5265 ﬁdelibus
1663 5252 1679 5275 ,
1725 5213 1811 5265 uni
1837 5211 2043 5266 scilicet

456 5306 712 5374 cogitanti
751 5320 870 5375 qua:
908 5304 1001 5359 Dei
1029 5311 1187 5369 sunt,
1229 5302 1497 5373 quomodo
1534 5303 1738 5372 placeat
1779 5303 1909 5369 Deo,
1941 5304 2044 5357 hoc

459 5407 573 5462 est,
602 5396 883 5451 tedillcanti
908 5412 1067 5466 super
1095 5395 1363 5451 Christum
1390 5394 1796 5451 fundamentum
1828 5411 2038 5458 aurum,

461 5494 740 5557 argentum
761 5527 776 5552 ,
826 5485 1028 5555 lapides
1059 5486 1349 5556 pretiosos;
1388 5485 1539 5541 alteri
1568 5495 1745 5540 autem
1789 5488 2042 5553 cogitanti

463 5595 527 5635 ea
556 5592 674 5649 qua:
699 5577 877 5631 mundi
903 5583 1060 5643 sunt,
1092 5576 1358 5647 quomodo
1395 5578 1599 5649 placeat
1625 5577 1811 5643 uxori,
1842 5578 1895 5630 id
1927 5588 2044 5643 est,

465 5669 745 5727 aedificanti
788 5683 946 5738 super
986 5667 1126 5723 idem
1170 5668 1568 5725 fundamentum
1610 5670 1782 5740 ligna,
1828 5669 2042 5734 fenum,

467 5762 713 5834 stipulam
736 5778 747 5814 :
780 5759 921 5816 illius
946 5760 1088 5815 enim
1118 5773 1254 5829 opus
1275 5776 1379 5815 non
1408 5761 1674 5825 exuritur,
1702 5760 1825 5831 quia
1853 5776 1958 5813 non
1984 5777 2047 5814 ea

470 5855 671 5923 dilexit,
700 5867 924 5925 quorum
960 5851 1250 5907 amissi-nc
1279 5852 1574 5921 crucietur;
1605 5852 1843 5909 exuritur
1867 5861 2044 5907 autent

1230 361 1316 417 DE
1350 358 1533 416 ‘OCTO
1572 355 1867 414 DULCITII
1908 354 2449 425 QUESTIONIBUS,
2476 356 2539 411 8.
2577 355 2947 414 AUGUSTINI

3603 363 3719 423 156

2130 485 2269 540 quas
2288 468 2465 541 hujus,
2483 471 2732 542 quoniam
2751 474 2863 528 sine
2881 474 3066 530 dolore
3080 489 3184 529 non
3201 482 3425 545 pereunt
3443 492 3563 549 qua:
3584 494 3718 535 cum

2127 576 2312 617 amore
2328 576 2569 632 possessa
2583 573 2723 619 sunt.
2743 563 2849 620 Sed
2869 567 3118 636 quoniam
3134 565 3387 621 alterutra
3402 569 3712 627 conditione

2130 655 2435 726 proposita,
2488 655 2566 710 eis
2605 656 2779 726 potius
2822 672 3006 714 carere
3050 658 3235 713 mallet
3274 674 3433 729 quam
3473 658 3711 727 Christo,

2130 762 2230 811 nec
2255 748 2445 801 timore
2468 747 2748 811 amittendi
2776 749 2898 802 talia
2924 748 3125 804 deserit
3152 747 3443 816 Christum,
3466 751 3711 821 quamvis

2128 837 2309 894 doleat
2333 837 2460 892 dum
2480 838 2702 903 amittit;
2727 839 2895 893 salvus
2915 849 2985 893 est
3010 838 3242 908 quidem,
3269 841 3342 894 sic
3370 851 3537 894 tamen
3565 842 3714 912 quasi

2133 946 2222 999 per
2240 929 2408 1001 ignem
2428 944 2449 984 :
2471 930 2594 1001 quia
2617 931 2721 985 urit
2738 946 2858 984 eum
2882 946 3058 986 rerum
3080 931 3254 995 dolor,
3276 947 3409 1001 quas
3428 930 3723 998 dilexerat,

2130 1022 2446 1076 amissarum
2465 1038 2491 1089 ;
2524 1023 2618 1077 sed
2655 1039 2777 1078 non,
2797 1024 3058 1078 subvertit
3089 1040 3261 1095 neque
3293 1026 3558 1079 consumit
3578 1024 3719 1081 .fun-

2132 1112 2368 1167 dementi
2396 1114 2682 1170 stabilitate
2705 1123 2865 1186 atque
2890 1116 3284 1185 incorruptione
3313 1118 3597 1173 munitum.

2205 1204 2294 1259 l3.
2366 1202 2495 1261 Tale
2554 1206 2755 1276 aliquid
2815 1206 2977 1261 etiam
3004 1216 3125 1276 post
3150 1206 3286 1264 banc
3316 1210 3474 1263 vitam
3502 1208 3614 1265 ﬁeri
3634 1209 3726 1265 in-

2130 1294 2388 1349 credibile
2413 1304 2664 1361 nonest,
2693 1302 2759 1351 et
2779 1305 2954 1351 utrum
2985 1296 3058 1350 ita
3083 1296 3190 1363 sit,
3220 1298 3385 1368 quaeri
3413 1306 3587 1367 potest
3615 1316 3630 1355 :
3663 1307 3729 1355 et

2130 1396 2225 1443 aut
2260 1388 2483 1443 inveniri
2509 1429 2524 1453 ,
2549 1396 2644 1442 aut
2666 1388 2830 1445 latere
2848 1426 2866 1457 ,
2894 1390 3177 1445 nonnullos
3204 1392 3397 1447 ﬁdeles
3418 1408 3512 1462 per
3538 1393 3743 1463 ignem»

2132 1479 2417 1549 quemdam
2458 1481 2821 1551 purgatorium
2841 1522 2860 1550 ,
2895 1492 3093 1553 quanto
3119 1485 3288 1552 magis
3314 1486 3553 1540 minusve
3578 1485 3751 1541 bona.

2132 1570 2408 1640 pereuntia
2436 1569 2774 1638 dilexerunt,
2801 1579 2951 1628 tanto
2980 1572 3183 1629 tardius
3204 1574 3463 1644 citiusque
3484 1575 3677 1631 salvari
3705 1591 3743 1642 ;,

2134 1675 2239 1715 non
2263 1668 2439 1715 tamen
2472 1662 2604 1716 tales
2627 1702 2644 1728 ,
2671 1662 2737 1717 de
2760 1664 3006 1734 qualibus
3025 1664 3225 1720 dictum
3245 1676 3328 1720 est
3346 1666 3485 1735 quod
3511 1683 3743 1738 regnum.

2134 1747 2232 1804 Dei
2274 1766 2374 1803 non
2397 1751 2754 1820 possidebunt,
2791 1753 2893 1808 nisi
2936 1755 3314 1829 convenienter
3344 1757 3749 1827 pmnitentibus

2134 1840 2319 1896 eadem
2346 1842 2567 1896 crimina
2593 1842 2948 1898 remittantur.
2979 1844 3371 1900 Convenientcr
3388 1857 3563 1901 autem
3588 1847 3739 1914 dixi,

2136 1940 2195 1989 ut
2233 1931 2442 1986 steriles
2483 1933 2534 1986 in
2578 1933 2938 2005 eleemosynis
2975 1951 3082 1991 non
3121 1938 3260 2002 sint,
3298 1938 3490 2008 quibus
3520 1948 3729 1994 tantum

2136 2025 2323 2081 tribuit
2363 2024 2633 2096 Scriptura
2678 2027 2855 2083 divina
2875 2069 2890 2092 ,
2922 2037 2980 2083 ut
3006 2044 3187 2083 earum
3218 2031 3582 2086 tantummodo
3612 2031 3731 2087 fru-

2136 2130 2285 2173 ctum
2325 2134 2385 2175 se
2430 2119 2810 2188 imputaturmn
2851 2122 3172 2190 pramuutiet
3198 2121 3455 2177 Dominus
3478 2123 3683 2178 dextris
3708 2165 3733 2189 ,

2136 2218 2197 2263 et'
2233 2224 2418 2265 earum
2461 2210 2826 2265 tantummodo
2854 2212 3185 2266 sterilitatem
3216 2212 3483 2280 sinistris;
3513 2212 3749 2283 quando

2136 2299 2222 2356 his
2240 2300 2479 2356 dicturus
2501 2310 2604 2367 est,
2642 2300 2835 2368 Venite,
2859 2301 3103 2356 benedicti
3129 2300 3304 2356 Patris
3338 2305 3455 2367 mei,
3486 2305 3733 2375 percipite

2136 2410 2349 2465 regnum
2384 2409 2405 2447 :
2439 2393 2544 2448 illis
2572 2402 2770 2460 autem,
2797 2392 2879 2447 Ite
2898 2395 2953 2447 in
2978 2394 3147 2464 ignem
3172 2404 3418 2449 internum
3440 2393 3539 2468 (De
3567 2394 3730 2460 Fide,

2138 2483 2247 2553 Spe
2264 2493 2312 2538 et
2337 2483 2627 2551 Charitate,
2659 2500 2774 2554 cap.
2808 2484 3018 2555 67-69).
3055 2502 3075 2538 ι
3108 2484 3237 2540 llaec
3263 2484 3330 2540 de
3358 2484 3564 2540 duobus
3589 2500 3741 2554 opt»

2137 2574 2301 2629 sculis
2328 2575 2462 2629 meis
2485 2574 2615 2628 satis
2636 2583 2766 2643 puto
2784 2575 3063 2645 quaestioni
3090 2583 3196 2629 tum
3222 2575 3383 2631 fuisse
3407 2590 3681 2646 responsa.

2213 2664 2298 2718 14.
2330 2664 2404 2718 De
2431 2664 2517 2718 illa
2544 2678 2673 2718 vero
2697 2665 2962 2719 sententia
2992 2664 3199 2719 Domini
3218 2703 3235 2731 ,
3266 2664 3387 2719 Non
3409 2665 3542 2719 aries
3570 2665 3695 2718 inde
3709 2704 3739 2730 ,.

2138 2751 2297 2806 donec
2353 2752 2539 2806 reddas
2594 2753 2917 2807 novissimum
2966 2753 3348 2825 quadrantem;
3401 2754 3734 2819 respondere

2138 2843 2265 2898 mihi
2315 2857 2533 2898 necesse
2569 2858 2675 2897 non
2707 2842 2806 2898 fuit
2826 2883 2842 2909 ,
2873 2844 3122 2914 quoniam
3154 2855 3208 2899 tu
3236 2845 3350 2913 ipse
3377 2845 3731 2914 quatstionem

2138 2935 2300 3001 simili
2342 2950 2407 2989 ex
2448 2935 2735 3006 Evangelia
2774 2935 3042 2992 locutione
3074 2936 3093 2968 ί
3121 2936 3325 2991 solvisti
3354 2937 3440 2991 ubi
3469 2936 3731 3006 scriptum

2137 3036 2220 3082 est
2241 3068 2258 3093 ,
2280 3026 2417 3105 lNon
2446 3028 2675 3097 cognovit
2699 3044 2842 3095 eam,
2870 3027 3030 3083 donec
3054 3030 3265 3100 peperit.
3298 3030 3438 3083 Sane
3466 3042 3646 3085 utnon
3672 3040 3743 3085 te~

2138 3119 2308 3175 celem
2351 3119 2418 3175 de
2456 3119 2557 3175 hac
2596 3136 2657 3176 re
2690 3121 3064 3192 cogitationem
3092 3137 3263 3178 meam
3283 3164 3300 3190 ,
3325 3124 3512 3179 vellem
3537 3124 3583 3178 si
3611 3125 3755 3179 fieri:

2138 3220 2322 3281 posset
2364 3228 2381 3276 ;
2422 3210 2530 3265 imo
2569 3226 2699 3267 vero
2726 3212 2884 3278 volo,
2912 3212 2957 3268 si
2985 3212 3100 3268 ﬁeri
3128 3222 3338 3282 potest,
3368 3214 3421 3268 in
3454 3215 3550 3268 hac
3574 3230 3733 3285 qua:-

2138 3302 2314 3357 stione
2358 3303 2585 3358 veritate
2626 3304 2889 3374 superari.
2939 3303 3071 3359 Illud
3115 3304 3258 3361 enim
3301 3304 3443 3376 quod
3489 3306 3685 3361 dicitur
3708 3348 3755 3372 ν,

2139 3394 2459 3464 quandoque
2480 3435 2497 3461 ,
2536 3395 2640 3450 etsi
2686 3405 2804 3465 post
2834 3396 3118 3465 plurimum
3146 3398 3402 3467 temporis
3427 3399 3448 3429 ¹
3472 3438 3488 3465 ,
3514 3413 3605 3453 eos
3633 3400 3750 3469 quia

2142 3483 2196 3538 in
2232 3482 2493 3539 catholica
2520 3485 2900 3539 communione
2927 3486 3230 3541 moriuntur
3250 3488 3535 3558 ,quamvis
3560 3503 3765 3556 usque:

2141 3574 2194 3630 in
2239 3575 2414 3630 linem.
2436 3576 2559 3631 vita:
2597 3576 2755 3646 hujus
2792 3576 3205 3648 ﬂagitiosissimo
3233 3589 3289 3634 et
3314 3579 3739 3636 sceleratissime

2139 3667 2406 3733 vixerint,
2448 3668 2516 3722 de
2559 3669 2730 3737 pinnis
2770 3667 3048 3724 ultricibus
3099 3670 3372 3735 exituros,
3417 3669 3739 3725 familiarius

2140 3771 2319 3812 meum
2362 3757 2530 3828 tangit
2566 3758 2813 3813 allectum
2833 3799 2849 3822 ,
2889 3774 3049 3828 quem
3080 3759 3340 3816 habemus
3367 3775 3489 3830 erga
3517 3774 3610 3814 eos
3633 3763 3741 3829 qui

2141 3846 2418 3901 nobiscum
2461 3848 2707 3918 corporis
2747 3857 2802 3903 et
2843 3849 3115 3919 sanguinis
3152 3849 3348 3905 Christi
3386 3850 3745 3906 Sacramenta

2140 3936 2572 4001 communicant;
2609 3938 2851 4007 quamvis
2875 3952 3060 3993 eorum
3086 3954 3264 3994 mores
3292 3940 3528 4009 perditos
3551 3939 3742 3995 oderi-

2141 4043 2262 4082 mus
2283 4068 2300 4095 ,
2328 4042 2464 4098 quos
2487 4027 2767 4098 disciplina
2787 4028 3150 4085 ecclesiastica
3171 4030 3457 4085 emendare
3479 4046 3583 4086 non
3611 4046 3744 4099 pos-

2132 4132 2329 4174 .sumus
2350 4158 2365 4183 ,
2394 4127 2533 4174 auta
2554 4133 2739 4175 mensa
2764 4118 3029 4173 dominica
3057 4134 3305 4188 separare
3334 4138 3347 4174 :
3375 4121 3471 4176 sed
3497 4137 3557 4176 ea
3585 4122 3755 4175 veri-

2142 4216 2250 4263 tate
2272 4208 2293 4239 ³
2334 4208 2477 4263 vinci
2516 4209 2637 4263 volo
2652 4250 2669 4274 ,
2701 4225 2818 4279 qua;
2839 4210 3005 4263 sacris
3024 4208 3237 4264 Litteris
3256 4212 3604 4279 apertissimis
3624 4226 3745 4266 non

2143 4300 2359 4354 resistit.
2400 4299 2517 4354 Non
2559 4299 2700 4354 enim
2739 4316 2858 4369 qua:
2894 4301 3130 4367 resistit,
3158 4300 3379 4357 dicenda
3405 4310 3488 4356 est
3515 4302 3617 4355 ulla
3647 4316 3751 4356 ra-

2143 4390 2289 4445 tione
2321 4389 2551 4454 veritas,
2585 4390 2670 4445 vel
2700 4389 2952 4460 putanda.
2985 4389 3091 4445 Sed
3119 4390 3328 4445 interim
3354 4390 3529 4445 donec
3549 4389 3750 4446 audia-

2140 4494 2262 4534 mus
2287 4480 2394 4535 tale
2418 4479 2621 4550 aliquid
2650 4490 2740 4536 aut
2767 4482 3038 4551 legamus,
3067 4483 3431 4537 auscultemus
3459 4483 3507 4537 ei
3536 4482 3626 4553 qui
3653 4482 3758 4538 di-

2142 4571 2254 4635 cit,
2300 4569 2475 4626 Nolite
2517 4588 2729 4637 errare;
2772 4589 2931 4641 neque
2969 4574 3335 4645 fornicatores,
3372 4564 3541 4644 neque
3583 4572 3757 4630 idolis

2143 4660 2408 4715 seruientes
2427 4702 2443 4728 ,
2487 4670 2619 4727 ete.,
2640 4678 2849 4733 regnum
2879 4661 2971 4717 Dei
2999 4662 3343 4733 possidebunt.
3374 4662 3506 4729 Quia
3534 4663 3579 4716 si
3609 4662 3754 4723 talia

2143 4760 2267 4807 sunt
2285 4794 2298 4815 ,
2330 4768 2450 4821 qum
2474 4762 2658 4809 contra
2686 4755 2934 4810 dicuntur
2952 4795 2967 4819 ,
2995 4763 3055 4809 ut
3075 4754 3265 4809 horum
3291 4756 3573 4811 verborum
3599 4770 3754 4826 apo-

2144 4844 2457 4898 stolicnrum
2504 4844 2981 4900 manifestationem
3034 4847 3085 4901 in
3128 4846 3261 4900 alios
3305 4861 3498 4901 sensus
3538 4846 3755 4903 ducere

2147 4945 2445 5003 nequeant,
2478 4936 2717 5006 profecto
2739 4937 2997 4991 adversus
3027 4952 3091 4990 ea
3121 4953 3219 4991 nos
3245 4938 3527 5001 inStruxit,
3558 4946 3612 4992 et
3640 4954 3756 5007 pa-

2153 5035 2300 5080 ratos
2341 5039 2463 5081 esse
2500 5027 2666 5082 voluit
2706 5028 2843 5083 idem
2869 5029 3141 5097 apostolus
3165 5029 3351 5084 dicens
3383 5048 3397 5085 :
3429 5028 3543 5083 Hoc
3569 5036 3756 5085 autem

2145 5118 2322 5172 scitote
2361 5118 2698 5190 intelligentes
2730 5160 2747 5187 ,
2791 5121 3030 5191 quoniam
3074 5124 3238 5177 omnis
3277 5118 3557 5194 fornicator
3583 5163 3598 5188 ,
3649 5135 3755 5179 aut

2146 5208 2438 5263 immundus
2458 5249 2473 5273 ,
2502 5223 2594 5264 aut
2618 5228 2801 5265 auarus
2817 5252 2832 5276 ,
2856 5212 2989 5281 quod
3009 5223 3080 5266 est
3107 5213 3361 5266 idolorum
3380 5215 3612 5278 servitus,
3635 5231 3757 5271 non

2150 5299 2296 5353 habet
2321 5299 2660 5355 [nereditatem
2684 5302 2737 5353 in
2761 5318 2914 5371 regno
2936 5303 3120 5356 Christi
3144 5314 3190 5356 et
3220 5302 3313 5356 Dei
3333 5345 3350 5368 ,
3381 5318 3526 5357 nemo
3551 5319 3635 5357 vos
3658 5320 3758 5358 se-

2150 5390 2299 5444 ducat
2332 5392 2562 5446 inanibus
2596 5394 2754 5447 verbis
2780 5393 2994 5464 (Ep/tes.
3023 5410 3085 5460 v,
3111 5394 3146 5449 5
3167 5436 3181 5460 ,
3213 5395 3293 5466 6).
3325 5394 3459 5451 Cum
3486 5410 3614 5467 ergo
3641 5410 3758 5452 au-

2150 5482 2408 5538 dierimus
2427 5482 2681 5553 quosdam
2711 5483 3083 5552 fornicatores,
3106 5495 3161 5540 et
3188 5486 3515 5555 immundos,
3537 5497 3588 5541 et
3607 5502 3754 5543 ava-

2151 5614 2332 5727 ai;
2367 5615 2595 5665 meliores
2632 5623 2739 5666 Itss.
2764 5624 2821 5668 At
2860 5617 2995 5679 editi;
3039 5616 3245 5670 similem
3284 5632 3351 5672 ex
3390 5620 3633 5687 Evangelii
3667 5622 3756 5676 le-

2218 5690 2395 5803 mini.
2422 5744 2467 5789 et
2491 5736 2533 5789 si
2555 5735 2751 5803 plurimi
2773 5739 3014 5802 temporis.
3039 5742 3357 5794 Fmendantur
3381 5758 3443 5794 ex
3461 5752 3568 5795 Mss.

2219 5801 2238 5831 ³
2260 5803 2331 5869 sic.
2369 5809 2471 5871 Mss.
2521 5801 2636 5871 ttiliti
2662 5801 2914 5871 _autem,a
2948 5802 3138 5871 ueritate
3168 5805 3294 5855 vinci
3321 5819 3340 5856 .'
3364 5816 3415 5859 et
3456 5810 3573 5858 iu'ra
3614 5805 3747 5870 loco,

2157 5864 2470 5926 apattts'jtni.‘
2488 5904 2501 5927 ,
2530 5866 2791 5923 lwelmit,
2815 5864 3132 5924 apertissime.
