4000 6336
2340 309 2410 329 ,ιφ

219 393 308 447 15⁸1
1657 392 1777 447 LlBl

1899 391 2089 449 usus
2258 368 2261 371 ’
3408 410 3511 469 .5,

219 522 296 562 ros
325 519 419 576 per
445 504 635 577 ignem
659 505 899 574 salvari,
929 516 988 563 ut
1011 507 1237 563 habeant
1264 506 1626 561 hereditatem
1650 506 1703 559 in
1724 519 1812 561 re-
1922 507 2064 587 uiaiu
2100 508 2328 579 quodam
2377 512 2505 567 viue‘
2539 529 2736 585 genere
2765 517 3055 588 acquiritur
3077 562 3092 586 ,
3135 521 3260 577 dum
3303 523 3356 578 in
3396 524 3499 580 hoc

216 614 310 671 gos
344 597 555 654 Christi
595 606 656 655 et
676 599 813 666 Dei,
838 615 947 655 non
973 599 1415 656 obsurchCamus
1439 607 1623 653 contra
1653 598 1811 652 istum
1920 612 2146 667 corpore
2176 600 2369 655 vivitur
2392 641 2408 668 ,
2453 610 2510 656 ut
2543 604 2740 676 aliquid
2768 606 3020 676 adjuveut
3049 610 3148 664 ista
3175 610 3452 669 defunctos
3487 632 3502 667 :

219 690 591 745 reclamante!!!
626 696 689 744 et
718 689 1029 755 ﬂuentum
1063 688 1238 743 Omnis
1262 689 1539 757 fornicator
1558 729 1574 753 ,
1604 698 1689 741 aut
1710 687 1812 739 im-
1918 704 1983 744 ac
2008 705 2104 759 per
2144 690 2243 747 hoc
2285 694 2574 749 secundum
2605 712 2664 751 ea
2696 714 2815 767 qua:
2844 714 2937 768 per
2962 715 3158 770 corpus
3183 716 3498 773 gesserunt,

217 780 444 845 nenda,
467 792 771 834 autcum-us
790 797 893 834 non
913 779 1648 849 hMWiﬂfth
1664 776 1814 832 Chri-
1918 779 1996 834 eis
2025 796 2143 851 quae
2186 791 2306 851 post
2341 798 2535 855 corpus
2565 787 2813 858 religiose
2844 804 2940 859 pro
2969 791 3073 846 illis
3096 791 3234 849 facta
3270 793 3499 858 fuerint.

214 876 274 928 sti
295 883 339 928 et
357 872 452 926 Dei
475 888 496 937 ;
516 882 575 927 et
595 888 671 929 ne
690 874 1096 944 acquiescamus
1112 873 1216 927 illis
1236 872 1412 927 verbis
1432 871 1450 903 ι
1471 881 1656 926 contra
1674 884 1811 925 eou-
1910 870 2253 941 adium.
2293 873 2432 930 Sunt
2462 878 2609 933 enim
2646 894 2786 949 quos
2820 881 3043 937 uncino
3068 883 3205 939 liii
3240 885 3503 956 ἢκ.

214 965 356 1020 tinuo
378 962 790 1032 subjicientem,
827 962 992 1017 Nemo
1009 979 1094 1017 vos
1116 963 1320 1017 seducet
1341 963 1573 1016 inanibus
1601 961 1781 1015 verbis.
1914 962 2049 1030 ista;
2082 965 2195 1021 sive
2220 984 2316 1037 pro
2344 970 2421 1025 eis
2464 969 2591 1025 ﬁant
2612 1014 2624 1036 ,
2671 988 2896 1043 quorum
2927 985 3034 1030 tam
3064 978 3201 1032 mala
3228 990 3354 1035 sunt
3384 995 3499 1035 me-

213 1055 423 1124 Qum.
465 1054 533 1110 ll.
571 1083 649 1095 —
686 1057 769 1109 An
793 1055 1002 1109 mortuis
1033 1054 1189 1123 prosit
1223 1053 1444 1120 oblatio,
1475 1067 1590 1124 qua:
1616 1054 1675 1122 fit
1712 1068 1807 1123 pro
1911 1054 2012 1108 rita
2035 1095 2051 1121 ,
2100 1067 2160 1111 ut
2187 1072 2357 1130 neque
2389 1062 2580 1116 talibus
2616 1062 2759 1133 digni
2786 1066 2893 1119 sint
2918 1067 3195 1137 adjuvari;
3244 1071 3357 1127 sive
3396 1086 3497 1141 pro

460 1147 771 1200 Animarum:
806 1154 924 1200 ante
945 1146 1353 1200 resurrectionem
1396 1145 1730 1216 receptacula.
1908 1145 1988 1200 eis
2016 1162 2240 1217 quorum
2272 1160 2378 1205 tam
2410 1151 2569 1218 bona,
2604 1164 2659 1208 ut
2690 1148 2882 1211 talibus
2912 1173 3015 1212 non
3045 1159 3315 1231 indigeant
3337 1162 3495 1231 adju-

280 1244 335 1297 l.
384 1240 642 1297 Secunda
703 1248 794 1294 tua
846 1240 1069 1309 quastio
1118 1248 1231 1303 est,
1278 1255 1298 1290 ι
1345 1234 1535 1295 Utrum
1602 1236 1803 1292 oblatio
1907 1238 2122 1313 mentis.
2153 1238 2362 1296 Genere
2402 1242 2562 1312 igitur
2589 1245 2709 1299 vitm
2749 1246 2890 1316 quod
2929 1249 3095 1319 gessit
3131 1252 3357 1322 quisque
3396 1266 3497 1322 per

208 1348 323 1405 quae
363 1330 429 1387 ﬁt
490 1347 595 1403 pro
664 1330 1061 1402 quiescentibus
1084 1370 1100 1397 ,
1157 1329 1355 1401 aliquid
1418 1345 1605 1385 eorum
1666 1345 1799 1384 con-
1904 1341 2120 1399 corpus,
2151 1329 2382 1387 efﬁcitur
2409 1344 2466 1388 ut
2493 1337 2696 1406 prosint
2720 1338 2802 1393 vel
2833 1354 2938 1395 non
2969 1342 3192 1411 prosint,
3220 1357 3494 1413 quascum-

209 1425 337 1479 ferat
377 1422 698 1487 animabus;
732 1437 855 1476 cum
884 1421 1158 1476 evidenter
1195 1420 1391 1475 nostris
1419 1429 1509 1474 aut
1552 1419 1799 1476 subleve—
1902 1436 2006 1491 que
2042 1438 2139 1493 pro
2164 1424 2255 1479 illo
2281 1425 2368 1496 pie
2398 1424 2566 1493 ﬁunt,
2611 1444 2731 1484 cum
2772 1431 3048 1502 reliquerit
3091 1448 3303 1504 corpus.
3351 1433 3485 1489 Nam

209 1530 324 1569 mur
363 1515 619 1580 actibus,
665 1520 759 1567 aut
801 1527 1082 1583 gravemur
1124 1529 1137 1564 :
1180 1512 1226 1565 si
1265 1511 1478 1581 quidem
1516 1511 1754 1581 legamus
1777 1551 1793 1576 ,
1902 1513 2173 1580 meritum,
2204 1532 2299 1587 per
2323 1519 2464 1589 quod
2496 1520 2596 1575 ista
2631 1524 2837 1592 prosint
2860 1566 2875 1590 ,
2905 1525 2949 1578 si
2978 1524 3178 1579 nullum
3204 1542 3487 1595 compara-

206 1605 344 1676 quod
383 1605 439 1659 in
470 1604 691 1660 inferno
736 1617 897 1658 nemo
931 1603 1043 1673 jam
1078 1605 1246 1673 possit
1272 1601 1500 1656 Domino
1526 1600 1791 1656 conﬁteri.

205 1696 287 1753 Ad
309 1696 452 1766 quod
480 1696 638 1750 multi
667 1694 850 1749 dicunt
882 1692 1024 1764 quod
1049 1695 1094 1747 si
1121 1693 1317 1760 aliquis
1342 1691 1582 1747 beneﬁcii
1609 1692 1662 1746 in
1691 1692 1792 1747 hoc

202 1791 388 1846 locus’
432 1789 605 1859 possit
641 1802 762 1843 esse
801 1797 920 1857 post
949 1797 1209 1851 mortem,
1251 1794 1450 1855 quanto
1489 1784 1657 1855 magis
1691 1784 1792 1839 sibi

197 1882 370 1936 anima
402 1882 575 1936 ferret
605 1879 718 1950 ipsa
751 1878 1114 1949 refrigerium,
1146 1894 1239 1932 sua
1273 1893 1366 1949 per
1393 1893 1454 1932 se
1484 1877 1592 1932 illic
1619 1877 1790 1931 conﬁ-

198 1971 355 2027 tendo
394 1980 656 2041 peccata,
687 1984 847 2041 quam
891 1970 947 2024 in
990 1985 1174 2025 eorum
1218 1968 1547 2040 refrigerium
1578 1968 1646 2022 ab
1673 1967 1788 2022 aliis

193 2063 393 2117 oblatio
426 2062 788 2131 procuratur?
822 2079 844 2113 s

252 2152 317 2206 2.
352 2152 480 2207 Dixi
517 2152 708 2223 aliquid
746 2151 816 2207 de
843 2152 942 2205 hac
977 2166 1039 2206 re
1077 2152 1126 2205 iu
1164 2166 1230 2205 eo
1264 2150 1401 2205 libro
1428 2166 1585 2221 quem
1617 2165 1788 2220 nuper

189 2245 249 2299 ad
281 2257 544 2300 sanctum
584 2244 861 2298 Paulinum
903 2243 1162 2298 Nolanum
1205 2244 1511 2313 episcopum
1554 2242 1782 2313 scripsi,

189 2352 307 2390 cum
338 2350 430 2390 me
451 2334 812 2390 consuluisset
839 2342 1016 2389 utrum
1046 2334 1313 2403 sepultura
1341 2348 1460 2403 qua:
1488 2331 1547 2387 fit
1583 2334 1634 2387 in
1667 2347 1781 2387 me-

188 2428 374 2481 moriis
404 2436 744 2497 martyrum,
774 2427 947 2497 prosit
984 2424 1182 2496 aliquid
1225 2425 1497 2495 spiritibus
1544 2435 1783 2479 mortuo-

188 2538 332 2577 rum.
360 2522 488 2578 lnde
514 2532 599 2578 est
636 2521 775 2588 hoc,
818 2521 959 2592 quod
992 2519 1076 2575 his
1117 2521 1183 2576 ad
1227 2529 1279 2575 te
1320 2521 1511 2575 litteris
1551 2519 1731 2574 insero
1763 2536 1777 2573 :

193 2634 212 2666 ι
249 2615 371 2682 Diu,
404 2615 649 2686 inquam,
678 2613 958 2669 Sanctitati
982 2622 1106 2678 tum,
1136 2612 1451 2682 coepiscopo
1480 2610 1781 2665 venerande

188 2708 407 2763 Pauline
426 2748 443 2772 ,
472 2707 861 2778 rescriptorum
886 2703 1095 2759 debitor
1118 2703 1223 2769 fui,
1254 2718 1319 2757 ex
1354 2717 1459 2772 quo
1489 2701 1618 2755 mibi
1646 2701 1781 2755 scri-

190 2799 332 2869 psisti
362 2813 463 2867 per
492 2796 744 2852 homines
765 2796 887 2851 lilia:
915 2807 1111 2850 nostra:
1139 2792 1551 2864 religiosissime
1579 2790 1775 2859 Florae,

188 2906 430 2962 quarens
472 2905 503 2944 a
552 2905 641 2944 me
684 2897 861 2944 utrum
903 2888 1073 2960 prosit
1122 2886 1313 2957 cuique
1356 2894 1473 2957 post
1513 2894 1773 2950 mortem,

189 2982 320 3052 quod
344 2997 553 3053 corpus
582 2981 701 3050 ejus
734 2979 874 3051 apud
906 2979 1074 3034 sancti
1101 2978 1323 3047 alicujus
1350 2977 1663 3031 memoriam
1690 2989 1778 3031 se-

189 3074 393 3143 pelitur.
447 3071 568 3128 Hoc
596 3072 737 3127 enim
768 3072 865 3127 abs
906 3079 958 3125 te
999 3067 1154 3125 vidua
1194 3077 1485 3124 memorata
1516 3069 1774 3138 petierat,

190 3178 276 3232 pro
300 3163 563 3218 defuncto
594 3161 647 3216 in
680 3161 758 3216 eis
784 3160 1023 3231 partibus
1052 3159 1159 3214 ﬁlio
1185 3174 1281 3213 suo
1300 3200 1315 3227 ,
1348 3167 1402 3214 et
1427 3158 1778 3228 rescripseras

188 3256 470 3310 consolans
493 3268 645 3321 eam,
685 3253 843 3324 idque
867 3252 1025 3307 etiam
1051 3252 1299 3307 nuntians
1327 3251 1394 3307 de
1418 3251 1679 3306 cadavere
1709 3250 1775 3304 ﬁ-

191 3349 313 3401 delis
326 3347 551 3417 juvenis
575 3343 819 3418 Cynegii,
841 3345 982 3416 quod
1006 3355 1248 3400 materno
1272 3353 1327 3400 et
1354 3344 1442 3415 pio
1467 3344 1657 3399 aﬁ‘ectu
1684 3342 1777 3399 de-

190 3441 434 3496 sideravit
458 3481 474 3505 ,
517 3454 644 3495 esse
672 3438 993 3508 completum
1016 3478 1033 3505 ,
1078 3447 1137 3493 ut
1173 3438 1376 3492 scilicet
1404 3437 1455 3491 in
1484 3435 1774 3490 beatissimi

191 3532 374 3587 Felicis
410 3528 747 3586 confessoris
772 3528 988 3584 basilica
1022 3536 1327 3599 poneretur.
1356 3527 1468 3595 Qua
1496 3526 1775 3580 occasione

190 3626 374 3677 iactum
405 3631 493 3677 est
531 3627 594 3675 ut
621 3635 716 3690 per
744 3620 962 3674 eosdem
1002 3619 1297 3689 perlatores
1335 3618 1625 3672 litterarum
1658 3625 1775 3669 tua-

192 3732 299 3767 mm
326 3714 495 3767 etiam
517 3712 651 3766 mihi
674 3711 958 3777 scriberes,
981 3710 1229 3781 ingerens
1254 3705 1618 3779 hujuscemodi
1639 3721 1777 3777 qna:—

192 3805 407 3859 stionem
434 3821 452 3869 ;
478 3812 643 3873 atque
671 3809 733 3856 ut
759 3799 1138 3871 responderem
1167 3800 1293 3871 quid
1321 3798 1449 3853 mihi
1472 3797 1664 3853 exinde
1692 3798 1774 3852 vi-

189 3896 397 3949 deretur
422 3907 751 3964 exposcens,
780 3906 879 3946 nec
906 3898 1086 3945 tacens
1114 3890 1227 3960 ipse
1253 3889 1378 3960 quid
1403 3889 1625 3945 sentias.
1643 3888 1773 3943 Nam

188 3984 314 4038 dicis
340 3983 516 4038 videri
545 3981 641 4037 tibi
669 3996 775 4035 non
801 3995 921 4035 esse
945 3979 1129 4034 inanes
1164 3988 1339 4034 motus
1362 3980 1659 4033 animorum
1690 3995 1777 4034 re-

187 4075 496 4146 ligiosorum
544 4082 707 4144 atque
744 4071 978 4125 ﬁdelium
1018 4084 1115 4140 pro
1157 4070 1272 4125 suis
1309 4069 1408 4124 ista
1450 4070 1770 4127 curantium.

187 4167 444 4238 Adjungis
474 4165 641 4219 etiam
661 4204 678 4229 ,
705 4176 895 4217 vacare
924 4176 1029 4216 non
1055 4175 1213 4232 posse
1237 4160 1377 4233 quod
1407 4161 1651 4216 universa
1679 4174 1775 4231 pro

188 4258 450 4314 defunctis
482 4254 725 4311 Ecclesia
764 4252 1063 4323 supplicem
1106 4252 1423 4307 consuevit:
1455 4259 1514 4306 ut
1558 4251 1683 4306 hinc
1721 4259 1776 4306 et

186 4350 308 4405 illud
331 4347 536 4419 conjici
567 4346 758 4417 possit,
786 4344 986 4399 homini
1016 4343 1270 4414 prodesse
1298 4352 1417 4413 post
1442 4350 1693 4410 mortem,
1721 4342 1767 4397 si

187 4444 282 4499 ﬁde
302 4455 537 4497 suorum
570 4435 838 4492 humando
874 4435 988 4507 ejus
1013 4436 1223 4506 corpori
1267 4435 1388 4490 talis
1427 4435 1774 4506 provideatur

187 4537 365 4600 locus,
409 4533 470 4587 in
512 4545 623 4601 quo
651 4538 905 4599 appareat
940 4526 1218 4597 opitulatio
1264 4526 1425 4581 etiam
1469 4527 1570 4582 isto
1613 4527 1774 4583 modo

186 4628 397 4697 quasita
430 4633 765 4679 sanctorum.

248 4720 303 4777 3.
336 4739 355 4771 ι
396 4715 513 4773 Sed
538 4731 663 4770 cum
691 4713 804 4769 hac
829 4711 904 4768 ita
927 4713 1053 4780 sint,
1082 4713 1348 4784 quomodo
1375 4713 1498 4769 huic
1536 4714 1773 4784 opinioni

187 4811 513 4865 cultrarium
545 4823 652 4861 non
691 4806 780 4870 sit,
809 4804 950 4876 quod
974 4805 1048 4859 ait
1072 4804 1357 4875 Apostolus
1380 4846 1397 4871 ,
1433 4803 1616 4858 Omnes
1641 4804 1787 4859 enim

189 4905 461 4956 whims
508 4908 629 4952 ante
657 4897 875 4951 tribunal
914 4894 1135 4964 Christi,
1167 4905 1222 4950 ut
1264 4900 1397 4964 [erat
1435 4898 1774 4967 unusquisque

190 4997 463 5047 mundum
500 5007 563 5045 ea
593 5005 705 5061 qua:
728 5006 816 5061 per
843 5005 1023 5058 corpus
1057 4989 1245 5058 gessit,
1287 4990 1388 5041 sive
1416 4987 1641 5054 bonum,
1673 4990 1775 5044 sive

193 5088 368 5138 malum
404 5083 473 5154 (ll
502 5079 625 5136 Cor.
653 5096 684 5132 v
704 5122 721 5147 ,
752 5078 840 5149 i0)
865 5120 881 5147 ,
913 5095 1017 5133 non
1049 5088 1100 5133 te
1126 5079 1255 5133 satis
1278 5079 1458 5134 videre
1483 5080 1772 5149 signiﬁcas.

194 5178 303 5231 nec
327 5180 536 5248 quippe
563 5174 855 5245 apostolica
884 5172 1146 5226 sententia
1175 5180 1299 5226 ante
1329 5181 1554 5226 mortem
1581 5160 1771 5226 admo-

198 5283 273 5325 aet
297 5271 416 5324 ﬁeri
443 5266 590 5339 quod
620 5266 788 5337 possit
810 5263 1063 5334 prodesse
1086 5273 1203 5335 post
1229 5276 1485 5331 mortem;
1514 5278 1619 5319 non
1644 5274 1770 5321 tunc

197 5362 393 5431 quando
435 5360 549 5431 jam
595 5354 963 5427 recipiendum
989 5364 1073 5409 est
1112 5354 1253 5425 quod
1292 5355 1513 5425 quisque
1551 5357 1776 5426 gesserit

200 5465 305 5508 ante
331 5459 585 5508 mortem.
614 5448 827 5504 Verum
859 5444 974 5500 haec
1010 5445 1079 5500 ita
1108 5444 1330 5501 solvitur
1352 5446 1605 5517 qumstio,
1632 5462 1770 5519 quo-

255 5656 272 5687 ι
291 5654 422 5714 σιω,
436 5655 891 5716 uacant-erm!
904 5640 1628 5716 ἐιιέωηετιξίε-ἒοηοίηηίεεξάυο
1648 5652 1773 5716 ass--

630 5707 759 5789 aliis
999 5704 1097 5765 vel,
1113 5712 1166 5754 ut
1184 5707 1387 5754 aliicum
1413 5707 1625 5757 editione
1650 5704 1768 5768 Rat.,

208 5766 1138 5899 ".mj”2ui‘$tmm
1170 5826 1217 5876 in
1258 5824 1342 5877 Iwc
1374 5826 1489 5879 loro.

1902 1614 2010 1660 tum
2040 1617 2122 1663 est
2150 1609 2202 1662 in
2233 1609 2331 1665 hac
2352 1611 2479 1676 vita,
2504 1612 2696 1668 frustra
2719 1617 2973 1684 qumritur
2998 1627 3116 1687 post
3137 1620 3275 1673 hanc
3299 1621 3484 1673 vitam.

1899 1698 1972 1753 Ita
2005 1699 2147 1756 ﬁtut
2175 1718 2350 1772 neque
2387 1704 2617 1760 inaniter
2658 1706 2895 1763 Ecclesia
2918 1751 2933 1776 ,
2982 1710 3065 1764 vel
3104 1725 3321 1765 suorum
3352 1725 3483 1766 cura

1896 1803 1995 1858 pro
2024 1790 2323 1861 defunctis,
2352 1795 2492 1865 quod
2525 1798 2753 1866 potuerit
2794 1799 3064 1868 religionis
3095 1800 3398 1872 impendat,
3429 1811 3486 1857 et

1897 1889 2072 1935 tamen
2099 1881 2236 1937 ferat
2266 1886 2626 1955 unusquisque
2647 1887 2938 1942 secundum
2963 1904 3023 1943 ea
3052 1906 3169 1960 qua:
3194 1892 3364 1961 gessit
3387 1907 3484 1962 per

1892 1985 2107 2040 corpus,
2135 1972 2247 2028 sive
2275 1973 2471 2029 bonum
2495 2016 2511 2035 .
2544 1976 2657 2031 sive
2682 1977 2878 2031 malmn
2904 2019 2919 2043 ,
2951 1978 3208 2034 reddente
3254 1980 3482 2036 Domino

1893 2063 2175 2133 unicuique
2201 2065 2492 2121 secundum
2537 2083 2699 2137 opera
2738 2069 2872 2138 ejus.
2919 2070 2987 2126 Ut
3022 2071 3164 2126 enim
3205 2070 3308 2127 hoc
3334 2073 3478 2144 quod

1891 2152 2235 2222 impenditur,
2270 2158 2437 2225 possit
2461 2158 2510 2211 ei
2542 2160 2794 2226 prodesse
2818 2169 2936 2229 post
2955 2174 3170 2230 corpus,
3203 2161 3256 2215 in
3280 2177 3342 2217 ea
3369 2164 3478 2218 vita

1887 2254 1967 2297 est
1986 2247 2319 2316 acquisitum,
2336 2263 2492 2319 quam
2520 2251 2687 2320 gessit
2707 2250 2763 2304 in
2788 2265 3013 2322 corpore
3036 2268 3055 2304 ι
3094 2250 3196 2324 (De
3219 2251 3355 2309 Cura
3383 2270 3479 2326 pro

1890 2334 2047 2389 Mart.
2078 2354 2207 2407 ger.,
2240 2355 2355 2409 cap.
2384 2336 2460 2411 1).

1957 2429 2010 2482 4.
2047 2429 2162 2483 Dixi
2188 2430 2349 2485 etiam
2379 2431 2486 2485 tale
2510 2431 2711 2503 aliquid
2738 2431 2805 2486 ad
2832 2431 3177 2487 Laurentium
3194 2475 3209 2500 ,
3235 2433 3376 2504 quod
3401 2434 3475 2489 ita
3498 2454 3509 2459 ί

1885 2532 1945 2573 se
1974 2518 2131 2574 habet
2158 2535 2173 2572 :
2212 2536 2231 2571 ι
2266 2519 2499 2590 Tempus
2525 2531 2724 2587 autem,
2766 2521 3007 2593 inquam,
3040 2523 3181 2593 quod
3208 2524 3346 2579 inter
3372 2524 3475 2578 ho-

1886 2609 2045 2663 minis
2074 2618 2300 2665 mortem
2334 2619 2389 2665 et
2430 2612 2668 2665 ultimam
2709 2612 3157 2668 resurrectionem
3186 2615 3473 2684 interposi-

1885 2709 1994 2753 tum
2026 2709 2107 2754 est
2128 2742 2143 2766 ,
2190 2700 2396 2756 animas
2423 2701 2619 2757 abditis
2657 2704 3009 2773 receptaculis
3038 2705 3303 2770 continet,
3333 2705 3474 2761 sicut

1884 2808 2213 2864 unaquteque
2240 2794 2397 2865 digna
2422 2805 2503 2849 est
2533 2796 2613 2850 vel
2644 2797 2828 2866 requie
2868 2797 2951 2850 vel
2981 2812 3217 2852 aerumna
3237 2839 3252 2863 ,
3281 2813 3378 2869 pro
3404 2813 3473 2854 eo

1882 2885 2022 2954 quod
2048 2886 2233 2940 sortita
2259 2894 2343 2942 est
2363 2886 2414 2940 in
2446 2902 2609 2942 carne
2635 2887 2760 2942 dum
2797 2888 3020 2944 viveret.
3062 2887 3245 2960 Neque
3274 2904 3474 2961 negan-

1882 2976 2008 3029 dum
2052 2987 2133 3031 est
2161 2975 2531 3032 defunctorum
2561 2978 2766 3034 animas
2807 2980 3003 3050 pietate
3036 2994 3253 3036 suorum
3282 2984 3471 3039 viven-

1885 3069 2013 3121 tium
2042 3068 2286 3136 relevari,
2314 3082 2435 3124 cum
2466 3082 2563 3139 pro
2590 3068 2698 3123 illis
2719 3070 3035 3126 sacrilicium
3057 3072 3362 3129 Mediatoris
3386 3073 3473 3129 of-

1881 3159 2069 3226 fertur,
2102 3160 2185 3215 vel
2212 3160 2567 3233 eleemosyme
2594 3160 2646 3215 in
2678 3159 2914 3216 Ecclesia
2945 3163 3097 3217 ﬁunt.
3120 3163 3225 3220 Sed
3251 3166 3330 3219 eis
3355 3163 3471 3221 haec

1881 3259 2143 3320 prosunt,
2175 3253 2266 3320 qui
2298 3266 2419 3305 cum
2461 3251 2733 3315 viverent,
2766 3260 2824 3306 ut
2847 3252 2963 3307 haec
2992 3253 3092 3308 sibi
3128 3263 3309 3325 postea
3344 3268 3471 3325 pos-

1882 3352 2002 3397 sent
2028 3343 2302 3412 prodesse,
2345 3353 2675 3399 meruerunt.
2706 3343 2804 3399 Est
2840 3347 2982 3400 enim
3010 3346 3224 3416 quidam
3254 3347 3467 3403 vivendi

1882 3435 2091 3500 modus,
2119 3450 2219 3489 nec
2243 3443 2350 3488 tam
2381 3435 2572 3502 bonus,
2602 3445 2659 3490 ut
2678 3451 2783 3490 non
2806 3437 3041 3506 requirat
3066 3420 3303 3508 ista'post
3323 3454 3468 3494 mor-

1882 3534 2020 3590 tem;
2051 3539 2149 3580 nec
2178 3533 2284 3580 tam
2315 3525 2510 3593 malus,
2542 3535 2598 3580 ut
2624 3526 2675 3581 ei
2701 3541 2806 3581 non
2829 3526 3032 3597 prosint
3052 3527 3149 3582 ista
3176 3537 3295 3599 post
3319 3544 3470 3585 mor-

1881 3628 1987 3673 tem
2018 3636 2030 3672 :
2062 3626 2145 3673 est
2172 3633 2299 3673 vero
2328 3616 2449 3673 talis
2479 3618 2531 3671 in
2562 3617 2724 3685 bono,
2756 3625 2814 3672 ut
2842 3617 2926 3673 his
2951 3634 3055 3673 non
3088 3620 3353 3690 requirat;
3383 3627 3467 3676 est

1880 3717 1935 3764 et
1960 3723 2146 3764 rursus
2181 3706 2303 3762 talis
2333 3707 2385 3763 in
2419 3708 2589 3775 malo,
2631 3714 2690 3762 ut
2724 3722 2822 3763 nec
2848 3705 2932 3761 bis
2955 3707 3160 3774 valeat,
3196 3724 3317 3763 cum
3353 3708 3472 3766 lucc

1882 3802 1988 3856 vita
2017 3799 2305 3867 transierit,
2338 3799 2598 3870 adjuvari.
2634 3798 2892 3867 Quocirca
2924 3798 3012 3856 hic
3035 3813 3196 3857 omne
3220 3800 3467 3858 meritum

1881 3904 2241 3966 comparatur,
2261 3910 2366 3965 quo
2390 3902 2508 3964 post
2532 3893 2667 3948 hanc
2685 3893 2845 3947 vitam
2872 3894 3038 3964 possit
3064 3894 3288 3949 relevari
3315 3896 3467 3965 quis-

1883 3988 2059 4057 piam,
2108 3987 2191 4043 vel
2227 3987 2456 4059 gravari.
2490 3985 2657 4041 Nemo
2682 4002 2741 4041 se
2764 3996 2941 4041 autem
2968 3995 3180 4057 speret,
3210 3988 3350 4058 quod
3380 3987 3468 4043 hic

1883 4079 2151 4151 neglexit,
2181 4094 2302 4134 cum
2333 4077 2559 4146 obierit,
2600 4077 2739 4150 apud
2780 4078 2945 4133 Deum
2986 4080 3304 4150 promereri.
3348 4078 3467 4135 Non

1882 4174 2045 4244 igitur
2070 4173 2169 4226 ista
2200 4186 2321 4241 qum
2353 4185 2450 4242 pro
2478 4170 2743 4226 defunctis
2763 4170 3199 4227 commendandis
3222 4171 3472 4243 frequen-

1885 4275 1961 4321 tat
2000 4264 2258 4328 Ecclesia,
2288 4262 2362 4318 illi
2388 4263 2696 4334 apostolicae
2733 4273 2857 4319 sunt
2895 4264 3115 4320 adversa
3151 4266 3468 4334 sententiae,

1881 4372 1985 4428 qua
2013 4355 2213 4411 dictum
2252 4362 2366 4420 est,
2398 4353 2584 4408 Omnes
2622 4355 2755 4408 enim
2783 4354 3058 4408 astabimus
3098 4365 3216 4409 ante
3249 4356 3472 4411 tribunal

1884 4446 2090 4511 Christi,
2122 4456 2175 4499 ut
2204 4449 2333 4518 [erat
2356 4444 2695 4516 unusquisque
2722 4445 2996 4499 secundum
3022 4462 3082 4500 ea
3111 4462 3223 4517 quae
3250 4464 3340 4519 per
3360 4464 3474 4502 cor-

1884 4554 1977 4608 pus
2007 4537 2198 4608 gessit,
2242 4537 2344 4590 sive
2366 4532 2551 4589 bonum
2582 4536 2684 4590 sive
2713 4536 2942 4601 malum;
2990 4536 3114 4607 quia
3159 4539 3317 4593 etiam
3370 4540 3473 4595 hoc

1790 4642 1791 4645 ‘
1883 4631 2128 4685 meritum
2157 4627 2255 4683 sibi
2280 4629 2503 4699 quisque
2529 4643 2651 4682 cum
2675 4628 2726 4681 in
2754 4643 2982 4698 corpore
3009 4629 3215 4684 viveret
3245 4646 3467 4703 compa-

1884 4721 2043 4785 ravit,
2066 4730 2126 4776 ut
2155 4721 2201 4776 ei
2234 4730 2447 4791 possent
2473 4719 2571 4774 ista
2600 4720 2874 4791 prodesse.
2900 4719 3014 4775 Non
3051 4721 3193 4775 enim
3222 4714 3471 4776 omnibus

1886 4825 2138 4886 prosunt;
2168 4823 2223 4868 et
2248 4828 2413 4883 quare
2440 4828 2545 4867 non
2571 4812 2818 4867 onmibus
2848 4822 3094 4884 prosunt,
3123 4815 3222 4868 nisi
3254 4824 3471 4885 propter

1884 4905 2235 4962 diﬁerentiam
2277 4905 2399 4957 vita:
2436 4920 2593 4975 quam
2636 4904 2860 4974 quisque
2903 4905 3066 4975 gessit
3107 4904 3157 4958 in
3205 4907 3469 4974 corpore?

1884 4997 2017 5053 Cum
2045 5011 2171 5066 ergo
2199 4993 2480 5060 sacrilicia,
2511 4994 2622 5048 sive
2645 4994 2848 5057 altaris,
2872 4995 2985 5050 sive
3009 5009 3468 5064 quarumcumque

1884 5086 2342 5158 eleemosynarum
2383 5100 2479 5155 pro
2509 5083 2785 5153 baptizatis
2809 5084 3071 5139 defunctis
3104 5083 3353 5137 omnibus
3386 5083 3469 5137 of-

1884 5178 2130 5234 feruntur
2153 5217 2168 5244 ,
2209 5191 2307 5246 pro
2344 5175 2497 5231 valde
2538 5175 2692 5230 bouis
2717 5178 3003 5247 gratiarum
3033 5173 3269 5228 actiones
3307 5183 3466 5241 sunt;

1885 5286 1986 5343 pro
2024 5286 2129 5324 non
2163 5267 2317 5323 valde
2358 5266 2515 5322 malis
2554 5267 2956 5337 prapitiationes
2987 5272 3142 5328 sunt;
3190 5279 3288 5335 pro
3312 5265 3468 5322 valde

1887 5362 2064 5429 malis,
2089 5360 2297 5416 etiamsi
2329 5358 2469 5414 nulla
2490 5368 2614 5414 sunt
2635 5358 2939 5426 adjumenta
2962 5366 3314 5419 mortuorum,
3340 5372 3470 5428 qua-

1886 5455 2194 5523 lescumque
2213 5451 2454 5506 vivorum
2479 5448 2869 5505 consolationes
2894 5456 3035 5500 sunt.
3066 5445 3267 5515 Quibus
3290 5459 3467 5505 autem

1886 5553 2142 5618 prosunt,
2172 5552 2263 5597 aut
2290 5543 2358 5597 ad
2388 5542 2490 5596 hoc
2522 5548 2746 5613 prosunt
2772 5581 2787 5606 ,
2817 5551 2873 5594 ut
2907 5541 2976 5595 sit
3003 5540 3155 5611 plena
3184 5543 3431 5597 remissio
3450 5585 3466 5609 ,

1884 5642 2135 5693 autccrte
2164 5643 2219 5688 ut
2248 5633 2574 5688 tolerabilior
2602 5631 2816 5701 ﬁatipsa
2834 5632 3103 5687 damnatio
3127 5652 3147 5687 ι
3181 5630 3423 5705 (Enchir.
3446 5673 3464 5699 ,

1884 5744 2039 5795 capp.
2074 5724 2199 5788 109,
2234 5724 2382 5793 “0).

1960 5825 2179 5893 QUI”.
2225 5813 2309 5871 Ill.
2338 5842 2404 5889 s—
2439 5815 2484 5870 i.
2516 5812 2692 5891 Ulrttm
2745 5818 2805 5891 in;
2848 5817 3059 5871 udi-enni
3110 5813 3314 5868 Dommi
3349 5829 3463 5864 mos
