4000 6336
524 360 625 427 159

539 495 761 561 futurum
779 486 842 541 sit
852 483 1126 555 judicium,
1151 498 1277 536 anve
1304 478 1380 533 illi
1409 475 1638 530 morituri
1658 474 1777 537 sint,
1800 469 1886 540 qui
1910 481 2112 536 rapien-

525 589 608 630 tur
633 578 686 629 in
713 574 922 629 nubibus
949 572 1144 627 obviam
1169 568 1406 625 Domino.
1435 568 1731 638 Symbolum
1755 570 1929 640 regula
1958 569 2111 638 ﬁdei-

593 669 643 723 1.
658 666 834 721 Tertia
857 676 943 718 tua
964 663 1186 733 quaastio
1209 671 1307 726 est,
1338 679 1358 712 ι
1395 661 1579 716 Utrum
1599 660 1778 715 statim
1797 660 1851 714 in
1869 659 2112 723 adventuT

540 755 1078 813 Dominicredendum
1105 755 1173 809 sit
1186 752 1416 807 futurum
1433 750 1838 820 essejudicium,
1851 750 2117 819 anspatio.

526 847 840 917 interposito
864 845 1138 914 temporis.
1179 843 1234 899 In
1261 843 1411 912 cujus
1431 842 1620 897 diebus
1650 841 1911 897 adventus
1932 882 1949 905 ,
1971 856 2107 911 quo-

526 940 668 994 niam
692 935 1155 1007 legimus,inquis,
1182 932 1324 1004 quod
1344 933 1433 1003 qui
1455 933 1804 1002 superabunt,
1833 932 2113 1000 rapientur

525 1030 577 1083 in
601 1029 827 1083 nubibus
849 1026 1057 1080 obviam
1084 1025 1295 1079 Christo
1323 1025 1375 1078 in
1402 1039 1551 1087 acra,
1577 1033 1631 1078 et
1653 1024 1731 1078 sic
1755 1038 1968 1093 semper
1988 1037 2121 1076 cum.

527 1119 758 1173 Domino
782 1117 941 1171 futuri
963 1125 1120 1179 sunt;
1151 1129 1309 1169 nosse
1331 1114 1599 1180 desidero,
1622 1123 1799 1169 utrum
1822 1113 2106 1183 mosjudi-

525 1215 668 1268 cium
715 1214 997 1266 comitetur
1033 1210 1348 1273 adventum;
1376 1216 1429 1264 et
1457 1209 1489 1261 ii
1517 1208 1607 1279 qui
1633 1208 1903 1277 rapientur
1930 1207 1981 1261 in
2005 1223 2106 1260 ιιιιι-

528 1305 640 1366 bes,
666 1318 733 1356 an
755 1302 1029 1356 solvantur
1053 1301 1101 1353 in
1125 1309 1351 1353 mortem
1380 1316 1392 1354 :
1417 1298 1519 1353 nisi
1539 1301 1674 1352 l'orte
1694 1297 1760 1352 ad
1782 1298 1949 1353 vicem
1972 1312 2119 1351 mur.

523 1395 593 1449 tis
616 1396 783 1464 ipsam
811 1392 1231 1447 immutationem
1255 1391 1541 1445 debeamus
1567 1390 1830 1458 accipere.
1868 1380 1907 1441 ί

594 1488 651 1541 ‘2.
683 1487 816 1541 Huic
844 1486 1238 1556 interrogationi
1279 1493 1412 1549 tum,
1456 1498 1559 1552 qua
1603 1482 1797 1552 (pueris
1839 1492 2011 1535 utrum
2053 1480 2121 1535 iit

524 1576 758 1631 adventu
789 1576 997 1630 Domini
1025 1590 1145 1628 mox
1173 1572 1495 1630 credendum
1528 1572 1595 1625 sit
1622 1572 1998 1626 futurtuncssc
2017 1571 2104 1639 jn-

526 1669 753 1735 d_icium,
781 1678 907 1738 puto
932 1665 1073 1737 quod
1104 1666 1332 1719 sufﬁciat
1354 1664 1483 1719 lides
1509 1661 1745 1734 Symboli
1767 1703 1794 1727 ν
1813 1678 1912 1730 qua
1937 1662 2119 1714 conti-

526 1770 704 1815 temur
740 1759 1008 1815 Christum
1036 1772 1066 1809 a
1095 1757 1268 1810 Patris
1303 1756 1520 1809 dextera
1549 1769 1668 1809 esse
1708 1763 1991 1807 venturum
2040 1752 2120 1804 ad.

524 1854 753 1909 vivos-et
793 1859 1031 1904 mortuos
1053 1848 1390 1918 judicandos.
1438 1848 1569 1903 Cum
1618 1862 1745 1915 ergo
1789 1846 1900 1913 ipsa
1946 1844 2015 1897 sit
2058 1842 2121 1896 ei

523 1958 683 1998 causa
720 1942 999 2005 veniendi,
1028 1940 1154 2009 quid
1180 1939 1323 1993 aliud
1351 1947 1567 1993 acturus
1596 1946 1679 1991 est
1708 1953 1825 1989 mox
1859 1946 1915 1989 ut
1944 1950 2107 1990 vene-

523 2035 614 2099 rit,
656 2034 757 2087 nisi
785 2041 1000 2103 propter
1028 2032 1168 2101 quod
1200 2030 1414 2086 veniet?
1447 2030 1519 2083 De
1553 2030 1655 2083 illis
1681 2039 1858 2082 autem
1897 2027 1985 2097 qui
2025 2043 2107 2079 ra.

524 2127 735 2196 pientes
759 2126 809 2178 in
841 2124 1069 2178 nubibus
1093 2164 1108 2188 ,
1143 2124 1192 2176 in
1223 2121 1451 2192 quadam
1483 2121 1701 2190 cpistola
1732 2136 1887 2189 quam
1919 2119 2107 2186 scripsi

525 2218 593 2272 ad
621 2218 790 2271 lilium
817 2230 991 2269 meum
1020 2215 1234 2267 tunuine
1272 2214 1616 2267 Mercatorem
1648 2213 1662 2242 ¹
1687 2253 1701 2274 ,
1734 2212 1917 2281 procul
1946 2209 2109 2263 dubio

527 2308 863 2362 notissimmn
887 2306 1055 2369 vobis,
1082 2320 1201 2358 cum
1226 2319 1308 2357 me
1329 2302 1683 2357 consuluisset
1704 2302 1771 2355 de
1790 2300 2106 2364 quibusdam

524 2398 905 2468 questionibus
935 2397 1352 2466 Pelagianorum,
1385 2395 1694 2465 qui-negant
1721 2402 1946 2447 mortem
1979 2404 2108 2460 pee-

524 2499 645 2546 cato
694 2505 813 2553 esse
861 2489 1209 2552 retributam,
1264 2496 1528 2556 quatenus
1573 2483 1952 2555 disputavcrim
1982 2526 2011 2548 ,-
2053 2481 2106 2537 in

526 2582 751 2637 subditis
780 2581 900 2652 lege
927 2598 940 2634 :
978 2598 997 2632 ι
1035 2579 1109 2632 Illi
1134 2589 1313 2633 autem
1335 2619 1348 2639 ,
1378 2578 1625 2644 inquam,
1656 2576 1722 2629 de
1757 2575 1950 2645 quibus
1974 2572 2110 2626 dixit

525 2672 815 2743 Apostolus
833 2713 847 2735 ,
874 2686 994 2725 cum
1025 2670 1329 2738 loqueretur
1358 2666 1425 2721 de
1450 2665 1839 2720 resurrectione
1866 2673 2105 2718 mortuo-

528 2780 679 2831 rum,
704 2763 773 2816 Et
798 2778 891 2816 nos
909 2762 1120 2815 viventes
1148 2761 1233 2829 qui
1261 2758 1440 2828 reliqui
1465 2775 1660 2822 sumus,
1684 2757 1836 2810 simul
1863 2773 1977 2810 cum
2003 2755 2123 2810 illis.

526 2857 779 2926 rapiemur
797 2856 848 2907 in
878 2852 1089 2906 nubibus
1110 2851 1303 2904 obviam
1326 2850 1524 2905 Christo
1555 2850 1605 2902 in
1632 2866 1789 2914 aera;
1818 2859 1863 2902 et
1891 2849 1958 2902 ita
1977 2865 2108 2917 sem-

528 2964 618 3018 per
642 2963 757 3002 eum
779 2945 997 2998 Domino
1022 2944 1244 3007 erimus;
1268 2942 1492 2997 all'ernnt
1516 2942 1727 3011 quidem
1749 2942 2111 3012 aliquidqnm-

528 3038 738 3100 stionis,
776 3037 870 3091 sed
908 3051 1001 3105 per
1030 3038 1259 3103 seripsos
1282 3036 1332 3095 ’,
1369 3050 1472 3086 non
1507 3046 1723 3103 propter
1764 3034 1893 3088 istos
1926 3051 1940 3088 :
1984 3051 2119 3089 nam

527 3139 584 3184 et
611 3129 655 3184 si
681 3143 783 3182 non
809 3136 934 3182 sunt
956 3127 1114 3183 etiam
1144 3127 1240 3196 ipsi
1265 3126 1541 3192 morituri,
1559 3124 1683 3195 quid
1708 3127 1835 3180 istos
1860 3126 2109 3195 adiuvent

528 3221 747 3276 omnino
774 3236 880 3274 non
902 3219 1074 3282 video,
1100 3234 1221 3272 cum
1250 3218 1368 3272 talia
1398 3217 1467 3271 de
1488 3217 1570 3271 bis
1591 3217 1693 3270 dici
1726 3217 1951 3285 possint,
1979 3233 2109 3286 qua.

530 3312 599 3364 lia
625 3310 693 3365 de
716 3311 818 3364 illis
842 3310 983 3364 dicta
1010 3317 1135 3363 sunt
1173 3308 1379 3362 duobus
1400 3350 1414 3372 ,
1449 3307 1633 3362 Enoch
1669 3308 1869 3361 scilicet
1892 3318 1948 3362 et
1976 3308 2106 3361 lilia.

527 3402 632 3456 Sed
658 3417 872 3459 revera.
904 3410 1159 3470 quantum
1187 3400 1251 3452 ad
1287 3399 1445 3453 verba
1488 3398 1628 3452 beati
1669 3399 1906 3467 Apostoli
1948 3400 2110 3468 perti-

528 3504 643 3561 net,
685 3493 894 3547 videtur
932 3508 1176 3547 asserere
1213 3492 1468 3562 quosdam
1504 3492 1555 3545 in
1589 3493 1691 3545 line
1726 3493 1904 3546 sa-culi
1945 3492 2108 3545 adve-

529 3586 707 3639 niente
738 3584 994 3645 Domino,
1033 3599 1153 3637 cum
1187 3581 1357 3634 futura
1398 3590 1480 3635 est
1506 3582 1827 3636 resurrectio
1874 3590 2113 3634 mortuo-

528 3690 669 3737 rum,
699 3689 802 3727 non
831 3689 951 3728 esse
974 3675 1279 3735 morituros,
1304 3672 1396 3726 sed
1429 3672 1578 3726 vivos
1597 3682 1858 3741 repertos,
1893 3673 1943 3725 in
1967 3673 2125 3726 illam

529 3763 1003 3824 immortalitatem,
1032 3778 1153 3832 quas
1176 3763 1375 3815 sanctis
1403 3762 1563 3815 etiam
1593 3763 1801 3816 emteris
1826 3762 1999 3823 datur,
2025 3778 2110 3815 re-

529 3863 689 3921 pente
718 3854 999 3906 mutandos
1023 3893 1040 3917 ,
1070 3862 1125 3906 et
1151 3852 1310 3906 simul
1334 3868 1447 3904 cum
1476 3851 1579 3906 illis
1624 3853 1893 3922 rapiendos
1912 3894 1930 3917 ,
1974 3853 2115 3908 sicut

530 3946 680 4007 dicit,
708 3947 760 3999 in
788 3946 999 3999 nubibus
1029 3959 1047 3997 :
1076 3960 1174 3999 nec
1213 3944 1409 4014 aliquid
1437 3944 1581 3999 aliud
1611 3945 1739 3999 mihi
1780 3947 1949 3999 visum
1989 3955 2071 4001 est
2094 3987 2111 4012 ,

529 4038 737 4107 quoties
763 4037 829 4091 de
852 4036 933 4090 his
955 4035 1134 4090 verbis
1162 4036 1303 4088 volui
1326 4036 1579 4106 cogitare.

601 4129 655 4183 5.
700 4147 718 4179 ι
756 4128 859 4182 Sed
887 4127 1077 4182 vellem
1107 4127 1229 4181 hinc
1268 4128 1442 4195 potius
1470 4127 1657 4181 audire
1693 4127 1997 4193 doctiores;
2045 4146 2112 4185 ne

531 4218 637 4274 illis
690 4218 848 4275 etiam
888 4218 977 4287 qui
1027 4225 1212 4286 putant
1264 4218 1470 4287 aliquos
1510 4229 1680 4272 morte
1743 4235 1846 4272 non
1914 4235 2114 4288 prazce-

532 4307 694 4361 dente
719 4308 1013 4362 vivilicatos
1037 4350 1052 4375 ,
1099 4307 1165 4361 ad
1204 4307 1365 4361 vitam
1408 4316 1714 4377 perpetuam
1755 4312 2110 4377 transituros,

435 4404 443 4411 ’
531 4398 713 4453 dicere
744 4399 1039 4453 inveniatur
1067 4399 1350 4468 Apostolus
1383 4416 1397 4454 :
1430 4399 1614 4463 Stulte,
1641 4411 1694 4453 tn
1713 4402 1847 4471 quod
1869 4402 2110 4470 seminus,

530 4505 633 4542 non
659 4490 969 4558 viviﬁcatur,
999 4491 1097 4543 nisi
1134 4492 1376 4543 moriatur
1405 4490 1443 4543 ³.
1471 4490 1601 4544 Nam
1640 4501 1694 4545 et
1733 4493 1857 4546 illud
1884 4494 2027 4563 quod
2058 4496 2118 4548 in

529 4580 798 4651 plerisque
823 4582 1093 4636 codicibus
1124 4583 1334 4653 legitur,
1368 4584 1553 4638 Omnes
1581 4602 1898 4656 resurgemus
1930 4589 1969 4660 (Ι
1992 4588 2111 4643 Cor.

532 4692 623 4743 xv,
647 4676 737 4743 36,
768 4675 882 4744 5|),
908 4676 1046 4732 unde
1078 4678 1189 4731 tieri
1217 4679 1427 4746 poterit.
1454 4680 1551 4733 nisi
1575 4696 1761 4735 onmes
1783 4683 2112 4737 moriantur?

533 4768 878 4821 Resurreetio
903 4767 1120 4837 quippe,
1148 4768 1246 4822 nisi
1278 4785 1424 4823 mors
1456 4771 1809 4838 pra-cesserit,
1840 4774 1979 4826 nulla
2007 4783 2109 4828 est.

534 4859 599 4914 Ει
616 4858 760 4928 quod
791 4860 1027 4913 nonnulli
1066 4858 1276 4913 codices
1304 4860 1519 4919 habent.
1551 4859 1736 4914 Omnes
1766 4862 2072 4917 dormiemus
2093 4904 2108 4929 ,

532 4950 699 5003 multo
729 4948 937 5006 facilius
966 4960 1021 5004 et
1049 4952 1287 5020 apertius
1316 4950 1364 5003 id
1391 4952 1531 5019 cogit
1560 4951 1814 5020 intelligi;
1840 4964 1891 5005 et
1918 4955 1961 5006 si
1986 4954 2111 5022 quid

532 5039 674 5093 aliud
704 5040 805 5094 tale
833 5041 885 5094 in
913 5044 1112 5094 sanctis
1139 5040 1354 5094 Litteris
1383 5041 1679 5103 invenitur,
1720 5042 1786 5095 ad
1815 5044 1864 5095 id
1906 5044 2114 5099 videtur

530 5128 824 5197 impellere,
850 5140 910 5185 ut
930 5132 1105 5185 nullus
1130 5131 1403 5185 hominum
1429 5130 1765 5186 existimetur
1795 5135 2111 5190 immortali-

530 5228 714 5285 tatem,
766 5221 865 5275 uisi
914 5236 1061 5276 mors
1115 5223 1466 5290 pnecesserit,
1516 5222 1826 5291 adepturus.
1881 5226 2110 5283 Proinde

530 5310 620 5363 llbl
647 5309 778 5364 dixit
807 5311 1124 5381 Apostolus,
1161 5313 1225 5366 Et
1264 5329 1354 5366 nos
1380 5315 1597 5367 viventes
1620 5316 1708 5385 qui
1734 5318 1913 5387 reliqui
1938 5336 2111 5375 sumus

530 5398 583 5449 in
626 5398 891 5455 adventum
931 5400 1177 5471 Domini,
1217 5419 1319 5457 non
1354 5404 1714 5474 prteveniemus
1748 5422 1831 5461 eos
1867 5410 1954 5479 qui
1997 5423 2113 5468 ante

598 5519 617 5591 ξ
638 5518 860 5591 βᾶὶιὶἳοαᾴ
882 5517 1036 5584 ﬁlium
1237 5529 1563 5591 Mereatomn,
1583 5537 1690 5587 qua
1711 5526 1880 5591 omni:
1896 5544 1914 5580 :
1946 5535 2121 5585 Procul

533 5579 676 5654 άηίῖίρ
696 5579 991 5653 ποτέ-θεῖ’,ὴυζιι
1012 5584 1159 5654 vobis.
1176 5587 1470 5654 sinceriores
1484 5579 1720 5654 suut'stss.
1740 5579 1964 5654 plerique
1982 5579 2116 5646 mea;

534 5644 712 5716 verbis,
740 5654 847 5716 qua:
862 5644 1047 5716 inript,
1072 5648 1246 5716 merito
1270 5657 1518 5716 carentes;
1543 5650 1722 5716 quippe
1740 5644 1861 5716 'eum
1885 5644 2117 5716 'epistoltc

532 5704 623 5752 hoc
646 5704 749 5753 loco
768 5703 970 5755 laudatai
993 5707 1178 5757 initium
1200 5712 1278 5766 sit,
1310 5728 1329 5753 ιι
1350 5703 1537 5759 Littera:
1560 5703 1832 5763 i)ileetiouis
1854 5703 1967 5765 tuae.
1990 5703 2016 5762 ᾖ

598 5767 617 5838 ξ
641 5766 837 5838 sic
865 5774 915 5836 ᾼι
942 5769 1298 5838 odituyropter
1315 5784 1364 5821 se
1388 5771 1531 5838 ipsos,

533 5828 778 5947 μέιξίιζιὶ,
804 5828 937 5938 prius
977 5828 1225 5882 moriatur.
1256 5828 1416 5896 Abest,
1452 5834 1605 5897 prius,
1641 5849 1668 5886 a
1691 5843 1795 5889 Mss.
1826 5845 1874 5890 et
1906 5851 1934 5889 a
1958 5853 2118 5903 graeco

572 5903 584 5920 ·
698 5920 709 5936 ς
734 5906 866 5940 roso
888 5907 919 5942 ι.

572 5903 672 5939 ειιιι
698 5903 744 5939 Μ
763 5903 919 5942 υδιυιι.

1278 359 1365 415 ne
1403 344 1580 415 ocr'o
1620 359 1911 414 υιτιυιιιι
1950 355 2505 429 QUzESTlONlBL'S,
2539 362 2595 416 s.
2642 364 3007 421 AUGUSTI.“

3685 370 3790 424 ιιι)

2219 485 2548 538 dormierunt.
2582 484 2609 536 1
2613 499 2702 554 pse
2728 484 2859 537 enim
2895 482 3140 538 Dominus
3162 486 3214 538 in
3229 484 3380 554 jussu
3401 495 3449 538 et
3479 486 3532 538 in
3555 499 3675 539 voce
3707 504 3797 541 ar-

2218 575 2447 645 changeli
2468 616 2493 641 ν
2513 584 2561 630 et
2586 575 2637 628 in
2664 575 2789 629 tuba
2816 574 2909 629 Dei
2930 575 3198 630 descendet
3228 575 3291 629 de
3330 576 3488 641 mlo;
3532 588 3576 629 et
3604 579 3797 631 mortui

2217 665 2271 718 in
2293 664 2491 720 Christo
2518 676 2773 736 resurgent
2813 667 2975 734 primo
3007 668 3020 697 ¹
3051 667 3280 721 ενάεὶηάε
3302 682 3393 729 nos
3425 668 3639 721 viventes
3663 709 3679 733 ,
3706 669 3801 736 qui

2216 756 2396 826 reliqui
2432 772 2623 818 sumus.
2668 758 2821 811 simul
2865 775 2980 811 cum
3022 758 3123 812 illis
3168 759 3435 827 rapiemur.
3472 761 3531 811 in
3574 761 3797 815 nubibus

2217 846 2410 901 obviam
2435 845 2635 900 Christo
2659 847 2712 901 in
2736 858 2961 912 aera;.et
2986 849 3058 900 ita
3083 864 3279 917 semper
3300 864 3414 901 cum
3442 847 3664 914 Domino
3684 850 3807 911 erit

2215 955 2324 991 mus
2353 937 2398 1008 (l
2431 938 2604 993 Thess.
2647 955 2718 1006 Iv,
2748 940 2968 1009 14-16);
3001 939 3190 994 vellem
3215 980 3229 1003 ,
3258 941 3395 995 sicut
3421 941 3530 995 disi
3555 984 3569 1005 ,
3600 942 3670 996 de
3707 942 3797 998 his

2215 1029 2390 1082 verbis
2409 1029 2593 1082 audire
2621 1029 2888 1083 doctiores
2919 1046 2935 1083 :
2963 1038 3018 1083 et
3043 1030 3086 1082 si
3113 1030 3240 1083 mihi
3268 1032 3537 1099 potuerint
3569 1032 3682 1086 haec
3720 1034 3793 1086 ita

2213 1120 2405 1187 exponi
2430 1161 2445 1186 ,
2473 1130 2531 1173 ut
2561 1120 2720 1174 ineis
2749 1121 2918 1189 possit
2956 1120 3170 1190 intelligi
3200 1135 3388 1176 omnes
3429 1122 3671 1176 homines
3695 1124 3791 1192 qui

2213 1209 2415 1273 vivunt.
2446 1210 2530 1265 vel
2578 1220 2698 1278 post
2743 1226 2847 1265 nos
2890 1211 3078 1265 victuri
3127 1221 3272 1274 sunt.
3314 1228 3433 1268 esse
3474 1216 3794 1279 morituros,

2211 1301 2598 1371 corrigerem.’
2651 1300 2798 1370 quod
2869 1301 2993 1357 hinc
3053 1302 3338 1371 aliquando
3400 1305 3554 1369 aliter
3622 1305 3794 1359 sensi.

2212 1389 2393 1460 Neque
2431 1392 2574 1446 enim
2621 1390 2882 1446 debemus
2927 1406 3047 1447 esse
3088 1392 3343 1447 indociles
3390 1393 3636 1449 ductores
3679 1413 3695 1448 :
3738 1406 3819 1451 eti

2212 1492 2358 1536 certe
2396 1483 2587 1536 melius
2626 1484 2786 1537 homo
2821 1484 3105 1553 corrigitur
3142 1499 3336 1553 pravus
3362 1484 3401 1547 ³,
3435 1500 3592 1555 quam
3643 1486 3795 1539 fran-

2212 1574 2353 1642 gitur
2416 1573 2625 1638 durus;
2690 1588 2811 1628 cum
2856 1574 2920 1627 iis
2956 1590 3075 1643 qua:
3129 1574 3560 1641 scribimus,.ita
3610 1587 3823 1632 nostra-

2213 1665 2296 1718 vel
2345 1664 2569 1720 aliorum
2625 1674 2939 1721 exerceatur
2967 1673 3021 1720 et
3062 1664 3337 1721 erudiatur
3378 1666 3687 1731 inﬁrmitas,
3740 1677 3803 1722 ut

2216 1764 2390 1809 tamen
2447 1754 2499 1808 in
2550 1755 2630 1809 eis
2672 1755 2816 1810 nulla
2860 1755 3004 1810 velut
3039 1757 3295 1811 canonica
3322 1757 3671 1813 constituatur
3698 1772 3800 1813 au-

2214 1848 2461 1902 cloritas.

2283 1940 2337 1991 4.
2376 1955 2394 1988 ι
2426 1937 2480 1991 Si
2523 1947 2705 1991 autem
2743 1937 2796 1991 in
2839 1937 2923 1992 his
2959 1938 3135 1994 verbis
3166 1940 3404 2009 Apostoli
3447 1940 3625 1995 nullus
3660 1940 3802 1995 alius

2213 2043 2401 2085 sensus
2424 2030 2617 2098 poterit
2656 2030 2909 2099 reperiri,
2953 2041 3008 2086 et
3041 2034 3141 2087 hoc
3172 2049 3291 2087 eum
3324 2034 3540 2104 intelligi
3566 2035 3804 2090 voluisse

2213 2122 2496 2188 claruerit,
2523 2122 2666 2191 quod
2705 2122 2953 2177 videntur.
2986 2125 3097 2193 ipsa
3125 2128 3284 2181 verba
3311 2127 3542 2182 clamare
3562 2144 3597 2193 ;-
3616 2128 3667 2182 id
3691 2139 3801 2195 est,

2214 2210 2355 2279 quod
2387 2210 2544 2265 futuri
2569 2212 2676 2266 sint
2700 2212 2753 2266 in
2785 2214 2889 2267 line
2914 2215 3095 2268 saeculi
3121 2225 3185 2269 et,
3198 2216 3427 2271 adventu
3449 2217 3678 2283 Domini,
3705 2220 3825 2289 qui,

2216 2317 2320 2354 non
2348 2301 2714 2370 exspolientur
2733 2304 3093 2371 corpore,sed
3115 2305 3560 2374 superinduantur
3579 2308 3804 2361 immor-

2217 2392 2436 2457 talitate,
2469 2401 2526 2446 ut
2549 2394 2897 2449 absorbeatur
2920 2396 3144 2451 mortale
3179 2412 3210 2451 a
3238 2399 3341 2451 vita
3371 2398 3438 2469 (ll
3464 2399 3580 2453 Cor.
3611 2416 3665 2465 v,
3697 2401 3759 2471 4)
3786 2417 3801 2454 :

2217 2482 2343 2537 huic
2364 2485 2643 2539 sententia:
2669 2485 2852 2553 procul
2882 2484 3043 2540 dubio
3068 2489 3349 2544 conveniet
3376 2490 3515 2559 quod
3542 2490 3592 2543 in
3617 2492 3803 2560 regula

2217 2574 2340 2629 lidei
2387 2577 2737 2642 conlitemur,
2777 2587 3058 2632 venturum
3090 2579 3408 2644 Dominum,
3443 2581 3804 2649 iudicaturum

2216 2664 2364 2719 vivos
2394 2674 2447 2718 et
2473 2677 2751 2731 mortuos;
2782 2675 2841 2721 ut
2870 2683 2975 2721 non
3018 2669 3104 2725 hic
3145 2670 3501 2740 intelligamus
3539 2673 3685 2726 vivos
3708 2673 3804 2741 ju-

2215 2764 2348 2817 stos,
2378 2765 2618 2811 mortuos
2643 2765 2822 2812 autem
2853 2758 3109 2827 injustos,
3136 2762 3375 2829 quamvis
3396 2763 3664 2830 judicandi
3693 2765 3807 2818 sint

2212 2847 2340 2917 justi
2367 2854 2422 2901 et
2450 2846 2667 2917 iniusti;
2700 2847 2795 2902 sed
2825 2849 2973 2903 vivos
2998 2864 3133 2918 quos
3159 2850 3391 2904 nondum
3419 2853 3631 2918 exiissc,
3658 2870 3805 2909 mor-

2219 2950 2338 2994 tuos
2362 2951 2538 2993 autem
2567 2954 2702 3009 quos
2723 2940 2832 3008 jam
2857 2941 3051 2996 esiisse
3077 2941 3145 2997 de
3167 2943 3509 3012 corporibus,
3541 2946 3805 3002 adventus

2216 3030 2334 3099 ejus
2363 3029 2614 3084 inveniet.
2646 3030 2776 3097 Quae
2812 3031 2854 3084 si
2899 3032 2967 3085 ita
3004 3047 3122 3088 esse
3160 3036 3485 3101 constiterit,
3523 3034 3611 3089 illa
3640 3038 3827 3092 verba,

2218 3107 2528 3174 excutienda
2556 3128 2746 3185 erunt,
2783 3121 3050 3190 quomodo
3080 3122 3157 3177 sic
3182 3124 3530 3193 accipiamus,
3566 3124 3641 3178 Tu
3668 3128 3819 3196 quod

2217 3212 2469 3277 seminus,
2498 3228 2598 3265 non
2629 3212 2907 3281 viviﬁcatur
2926 3256 2939 3275 ,
2970 3216 3068 3268 nisi
3096 3216 3373 3279 moriatur;
3402 3226 3476 3279 et,
3512 3218 3694 3272 Omnes
3722 3236 3808 3274 re-

2218 3320 2498 3373 surgemus,
2523 3305 2657 3372 sive,
2686 3304 2873 3359 Omnes
2895 3308 3216 3369 dormiemus,
3248 3317 3304 3361 ut
3328 3325 3431 3363 non
3456 3311 3807 3365 adversentur

2221 3394 2343 3447 huic
2369 3397 2665 3460 sententiae,
2690 3412 2789 3465 qua
2817 3398 3029 3466 quidam
3056 3399 3344 3454 creduntur
3367 3403 3521 3455 etiam
3548 3418 3667 3456 cum
3692 3405 3809 3459 suis

2220 3489 2533 3555 corporibus
2563 3488 2615 3541 in
2646 3496 2904 3541 mlernum
2937 3506 3038 3542 non
3068 3500 3275 3559 gustata
3309 3502 3483 3548 morte
3508 3494 3715 3548 vieturi.

2294 3578 2346 3631 5.
2384 3596 2401 3627 ‹
2431 3578 2535 3632 Sed
2565 3579 2864 3633 utrumlibet
2896 3579 3082 3633 horum
3110 3582 3348 3636 veracior
3375 3584 3823 3653 etperspicacior.

2223 3669 2522 3724 intellectus
2572 3670 2872 3724 inveniatur
2898 3669 2940 3736 ⁸,
2983 3671 3107 3740 quid
3149 3672 3214 3726 ad
3258 3687 3472 3727 causam
3526 3676 3813 3743 pertinebit

2225 3760 2483 3827 istorum,
2513 3761 2627 3815 sive
2668 3777 2857 3816 omnes
2898 3761 3075 3815 debita
3113 3772 3285 3817 morte
3326 3764 3647 3833 plectantur,
3692 3766 3813 3822 sive

2222 3850 2487 3920 aliquibus
2527 3851 2596 3905 ab
2636 3851 2735 3906 hac
2759 3852 2780 3882 '
2808 3852 3109 3906 conditione
3150 3863 3425 3921 parcatur;
3465 3870 3584 3910 cum
3627 3865 3811 3911 tamen

2223 3951 2434 3998 constet
2463 3958 2568 3996 non
2593 3944 2764 3997 solum
2797 3954 3020 3999 mortem
3051 3943 3263 4007 animze,
3291 3958 3475 3998 verum
3502 3946 3660 3998 etiam
3686 3960 3817 4001 cor-

2225 4034 2370 4103 poris
2393 4041 2695 4088 secuturam
2727 4050 2831 4087 nou
2863 4034 3043 4098 fuisse,
3072 4034 3117 4089 si
3149 4044 3420 4103 peccatum
3450 4051 3554 4090 non
3581 4051 3817 4104 praeces-

2225 4128 2416 4189 sisset;
2448 4133 2502 4180 et
2527 4126 2708 4196 gratia:
2737 4126 3059 4180 mirabiliore
3084 4127 3277 4182 virtute
3295 4126 3467 4197 justos
3491 4143 3521 4182 a
3546 4139 3712 4183 morte
3738 4131 3815 4185 ad

2225 4229 2479 4273 aeternam
2524 4216 2904 4271 beatitudinem
2946 4216 3294 4280 reviviscere,
3333 4233 3490 4286 quam
3531 4218 3582 4272 in
3623 4220 3819 4275 mortis

2226 4310 2608 4380 experientiam
2641 4326 2744 4363 non
2773 4309 2991 4364 venire?
3020 4309 3142 4363 Hme
3172 4320 3385 4381 propter
3412 4312 3528 4365 illos
3546 4353 3567 4377 ,
3592 4312 3661 4366 de
3684 4314 3821 4383 qui-

2229 4404 2325 4458 bus
2354 4402 2483 4456 mihi
2508 4401 2786 4470 scripsisti,
2821 4404 2949 4458 satis
2978 4402 3117 4458 dicta
3143 4404 3281 4466 sint;
3310 4407 3550 4474 quamvis
3578 4422 3671 4462 eos
3693 4407 3818 4476 jam

2226 4508 2335 4548 non
2363 4493 2660 4548 existimem
2689 4492 2888 4558 dicere,
2917 4493 3075 4547 etiam
3106 4494 3161 4549 si.
3182 4508 3285 4549 nea
3316 4506 3588 4565 peccasset
3614 4498 3817 4566 Adam,

2226 4584 2386 4637 fuisse
2411 4584 2494 4637 vel
2517 4598 2741 4654 corpore
2767 4586 3098 4639 moriturum.

2299 4676 2351 4729 6.
2390 4693 2408 4725 ι
2435 4673 2700 4730 Cancrum
2738 4675 2877 4744 quod
2916 4677 3105 4733 attinet
3141 4678 3206 4734 ad
3244 4679 3595 4748 quaestionem
3628 4694 3822 4735 resur-

2229 4764 2480 4821 rectionis
2500 4806 2514 4829 ,
2546 4775 2761 4835 pr0pter
2791 4767 2909 4822 illos
2937 4768 3028 4836 qui
3056 4769 3345 4823 creduntur
3372 4785 3474 4823 non
3505 4784 3623 4825 esse
3648 4773 3824 4827 mori-

2182 4880 2189 4887 ι
2232 4868 2334 4912 ιιιιι
2354 4899 2367 4921 ,
2395 4856 2490 4911 sed
2518 4872 2583 4911 ex
2617 4857 2715 4911 hac
2746 4858 3063 4912 mortalitate
3100 4858 3177 4911 ad.
3208 4859 3653 4915 immortalitatem
3693 4860 3820 4918 sine

2231 4958 2401 5002 morte
2444 4946 2616 5002 media
2666 4946 2970 5012 transituri,
3008 4947 3279 5018 inquisitio
3317 4950 3617 5019 diligentior
3652 4950 3811 5005 adhi-

2233 5038 2402 5093 benda
2437 5048 2550 5102 est;
2584 5046 2639 5092 et
2675 5038 2720 5092 si
2757 5037 2889 5106 quid
2926 5038 3047 5092 hinc
3088 5039 3385 5093 absolutum
3427 5055 3490 5094 ac
3534 5040 3819 5095 deﬁnitum

2232 5128 2586 5198 disputatione
2612 5128 2910 5183 rationabili
2937 5138 3095 5199 atque
3122 5131 3349 5199 perlecta
3375 5132 3457 5185 vel
3486 5131 3696 5195 audisti,
3725 5134 3821 5187 vel

2234 5219 2403 5288 legisti
2425 5260 2451 5286 ,η
2472 5220 2553 5273 vel
2581 5219 2741 5274 etiam
2785 5219 2898 5287 ipse
2932 5219 3103 5273 adhuc
3144 5220 3327 5274 audire
3370 5230 3460 5274 aut
3504 5222 3681 5290 legere
3723 5235 3820 5277 aut

2233 5311 2534 5381 excogitare
2563 5311 2828 5381 potueris,
2859 5321 2979 5379 peto
3009 5311 3135 5365 mihi
3172 5312 3382 5368 mittere
3423 5328 3524 5367 non
3551 5329 3820 5384 graveris.

2237 5400 2351 5472 Ego
2379 5401 2519 5456 enim
2539 5441 2555 5467 ,
2586 5399 2727 5472 quod
2752 5399 3108 5455 conﬁtendum
3138 5410 3222 5457 est
3246 5400 3500 5457 Charitati
3532 5412 3665 5471 tuae,
3699 5403 3822 5485 plus

2300 5635 2316 5666 ⁸
2343 5633 2476 5689 Editi,
2682 5633 2886 5695 senss,
2910 5625 3096 5695 primo;
3115 5625 3437 5695 justagraren
3456 5621 3649 5690 prolati.

2300 5698 2320 5727 ⁸
2344 5696 2416 5743 sic
2438 5681 2542 5741 ais's.
2563 5699 2617 5740 Αι
2641 5691 2773 5744 editi.
2801 5681 3042 5752 corrigere
3066 5681 3190 5749 quod
3213 5681 3324 5733 hinc
3340 5681 3617 5746 aliquando.

2303 5757 2323 5789 ³
2350 5756 2531 5803 ΑΙὶιιιιυι
2554 5762 2676 5809 Mss,
2697 5764 2887 5814 porrus.

2302 5820 2324 5849 ⁵
2348 5815 2561 5865 Νυιιιιιιιὶἱ
2587 5812 2711 5878 ussl,
2730 5812 2951 5860 inveniat.
3292 5877 3299 5878 ί
3448 5865 3459 5878 ⁸

2308 5882 2328 5913 ⁸
2351 5881 2432 5928 llic
2454 5878 2569 5927 editi
2590 5876 2789 5935 addunt,
2820 5878 3067 5936 exceptis;
3090 5884 3215 5935 quoe
3238 5882 3265 5917 a
3288 5877 3392 5918 Mss.
3420 5873 3574 5919 abest.
