4000 6336
216 344 302 401 Ιϐί

156 466 177 515 ἱ
215 473 327 514 amo
342 457 549 514 discere
567 474 739 530 quam
758 460 963 518 docere
982 481 995 517 :
1013 475 1135 517 nam
1159 461 1260 517 hoc
1278 460 1628 517 admonemur
1646 464 1803 518 etiam

215 556 413 611 dicente
440 553 695 622 apostolo
724 552 935 610 Iacobo
953 596 968 619 ,
996 554 1079 610 Sit
1106 564 1273 609 autent
1300 556 1461 609 cumis
1490 555 1632 609 hom:
1668 557 1810 609 velox

212 651 275 702 ad
312 648 629 701 audiendum
652 689 668 710 ,
718 648 903 702 tardus
949 657 1115 702 autem
1159 648 1229 699 ad
1274 647 1577 715 loquendum
1609 647 1808 720 (Jacobi

207 757 256 805 ι,
286 740 399 807 l9).
429 738 499 794 Ut
526 753 657 806 ergo
682 739 962 794 discamus
982 782 997 806 ,
1022 740 1243 794 invitare
1270 754 1365 793 nos
1392 739 1552 795 debet
1576 741 1807 796 suavitas

212 830 478 894 veritatis;
509 838 570 885 ut
595 840 781 885 autem
812 830 1121 895 doceamus.
1152 846 1341 901 cogere
1368 834 1659 887 necessitas
1682 832 1809 887 cha-

214 923 385 979 ritatis
413 940 427 976 :
455 922 549 977 ubi
576 923 757 992 potius
784 922 1072 993 optandum
1102 932 1185 977 est
1208 925 1222 954 ³
1256 932 1311 977 ιιι
1334 931 1566 978 transeat
1589 923 1686 978 ista
1715 941 1808 979 ne—

208 1014 433 1069 cessitas
459 1028 566 1082 qua
600 1014 877 1068 hominem
906 1014 1064 1069 docet
1089 1013 1289 1083 aliquid
1320 1013 1513 1080 homo,
1552 1024 1607 1069 et
1639 1016 1805 1070 simus

206 1118 394 1159 orunes
421 1102 686 1158 docibiles
712 1104 807 1158 Dei
828 1106 884 1168 ’τ
912 1103 1152 1174 quamvis
1176 1113 1230 1159 et
1254 1103 1355 1158 hoc
1382 1105 1567 1171 simus,
1596 1120 1714 1160 cum
1741 1122 1803 1161 ea

204 1211 320 1267 quae
362 1195 435 1251 ad
477 1211 667 1250 veram
710 1197 961 1265 pietatem
1000 1196 1269 1266 pertinent
1308 1195 1596 1261 discimus,
1644 1197 1802 1252 etiam

204 1288 419 1359 quando
460 1289 553 1343 illa
611 1288 809 1342 docere
853 1287 1061 1341 videtur
1102 1286 1283 1340 homo.
1329 1286 1463 1355 Quia
1514 1303 1673 1357 neque
1717 1287 1805 1357 qui

200 1383 399 1452 plantat
428 1388 504 1435 est
554 1380 768 1451 aliquid,
819 1396 979 1449 neque
1025 1379 1111 1449 qui
1152 1379 1336 1449 rigat;
1387 1379 1476 1433 sed
1512 1380 1599 1449 qui
1639 1380 1803 1434 incre-

203 1484 427 1527 mentum
465 1473 562 1525 dat
604 1472 743 1526 Deus
772 1472 813 1542 (Ι
842 1471 961 1525 Cor.
993 1486 1078 1535 Ill,
1108 1472 1185 1541 7).
1222 1470 1352 1524 Cum
1383 1471 1560 1541 itaque
1588 1472 1631 1524 si
1665 1471 1802 1525 Deus

204 1567 602 1620 incrementum
634 1580 738 1617 non
776 1564 962 1626 daret,
999 1563 1128 1618 nihil
1165 1573 1349 1619 essent
1378 1564 1615 1634 Apostoli
1646 1565 1800 1634 plan-

196 1664 404 1710 utores
429 1664 489 1709 et
513 1656 809 1726 rigatores;
837 1665 1035 1725 quanto
1061 1654 1229 1726 magis
1246 1656 1453 1725 egovel
1479 1664 1555 1719 tu,
1579 1657 1659 1710 vel
1685 1657 1801 1727 qui-

193 1746 328 1800 libet
354 1746 524 1815 hujus
552 1746 809 1815 temporis
836 1744 1079 1800 homines
1099 1787 1113 1809 ,
1137 1746 1350 1815 quando
1377 1746 1531 1801 nobis
1556 1747 1800 1803 videmur

192 1851 315 1890 esse
338 1835 600 1889 doctores
628 1853 648 1887 ι
683 1834 872 1905 (Epist.
904 1836 1025 1899 195,
1054 1852 1168 1905 cap.
1194 1835 1248 1900 4,
1278 1853 1332 1889 n.
1362 1835 1559 1905 943)?

230 1926 456 1994 ρυω.
490 1926 582 1981 l~V.
611 1956 681 1967 —
708 1926 973 1992 Quomodo
1004 1928 1260 1996 justorum
1303 1926 1424 1995 ﬁliis
1467 1928 1518 1980 in
1547 1926 1760 1981 Psalmo

848 2017 1173 2073 benedieitur.

258 2109 563 2176 1.0mm:
590 2119 675 2161 tua
700 2110 942 2179 ‘quarstio
968 2118 1082 2175 est,
1119 2128 1138 2160 ι
1167 2109 1342 2177 Quare
1375 2108 1568 2164 dixerit
1605 2109 1790 2175 David,

198 2198 398 2254 Potens
452 2201 509 2253 in
561 2211 689 2253 terra
738 2202 832 2254 erit
866 2217 1034 2255 semen
1084 2202 1220 2273 ejus,
1266 2203 1520 2272 generatio
1545 2212 1795 2256 rectorum

200 2292 523 2346 benedicatur
574 2292 742 2362 (Psal.
799 2308 918 2358 exn,
946 2293 1039 2362 2);
1089 2309 1210 2348 cum
1257 2296 1486 2348 sciamus
1526 2295 1792 2363 justorum

198 2383 331 2435 ﬁlios
358 2392 417 2437 et
457 2382 625 2437 fuisse
666 2392 720 2437 ct
766 2397 889 2437 esse
943 2382 1270 2448 maledictos,
1321 2393 1375 2438 et
1397 2383 1713 2454 injustorum
1741 2396 1795 2441 et

196 2473 359 2528 fuisse
382 2483 439 2527 et
460 2487 587 2528 esse
612 2474 943 2529 benedictos.
971 2494 991 2527 ι

264 2563 319 2616 2.
355 2564 489 2618 Huic
518 2566 805 2634 qumstioni
834 2565 902 2619 de
928 2565 1121 2620 Psalmi
1152 2566 1318 2634 ipsius
1340 2568 1673 2637 expositione
1701 2584 1790 2624 re-

188 2654 453 2722 spondeo,
480 2670 647 2723 quem
674 2670 794 2708 cum
826 2654 876 2708 in
907 2657 1099 2724 popqu
1124 2665 1402 2711 tractarem
1429 2657 1539 2712 dixi
1564 2675 1627 2711 τι(
1653 2656 1789 2712 Bea-

190 2756 269 2798 tu
292 2747 439 2799 enim
471 2745 551 2799 uir
573 2747 663 2815 qui
681 2748 817 2799 timet
842 2744 1145 2810 Dominum,
1172 2747 1223 2800 in
1250 2747 1500 2801 mandatis
1525 2749 1634 2819 ejus
1659 2748 1791 2802 volet

389 2836 601 2890 Viderit
628 2837 802 2899 Deus,
832 2837 920 2905 qui
951 2839 1096 2890 solus
1123 2848 1175 2892 et
1200 2838 1464 2893 veraciter
1488 2849 1544 2895 et
1579 2841 1788 2894 miseri-

190 2925 423 2980 corditer
459 2925 691 2995 iudicat,
724 2935 980 2995 quantum
1014 2929 1112 2981 iste
1152 2929 1392 2996 proliciat
1435 2930 1486 2983 in
1526 2930 1787 2986 mandatis

186 3015 317 3084 eius.
345 3015 622 3083 Quoniam
657 3016 867 3069 tentatio
902 3026 974 3070 est
1010 3018 1109 3069 rita
1141 3017 1363 3071 humana
1394 3036 1547 3089 super
1576 3029 1783 3087 terram,

193 3106 316 3160 sicut
338 3115 570 3161 sanctus
584 3105 696 3161 Job
716 3106 846 3160 dicit
866 3104 985 3176 (Joh
1005 3123 1099 3169 vn,
1124 3107 1200 3176 l).
1227 3107 1292 3161 Et
1318 3109 1506 3162 iterum
1531 3111 1784 3180 scriptum

190 3206 262 3251 est
286 3216 302 3252 :
331 3198 600 3262 Quoniam
628 3213 815 3266 corpus
839 3196 975 3266 quod
1003 3198 1347 3268 corrumpitur
1366 3241 1380 3260 ,
1409 3210 1647 3269 aggrarat
1673 3201 1784 3253 ani-

187 3304 345 3353 m,
372 3298 424 3342 et
460 3288 710 3357 deprimit
736 3298 935 3342 terrena
958 3288 1256 3342 inltabitatio
1280 3306 1479 3343 sensum
1515 3293 1673 3345 multa
1700 3308 1788 3345 co-

184 3381 420 3450 gitantem
449 3382 611 3449 (ϐαρ.
641 3397 717 3444 ιι,
755 3380 860 3452 l5).
889 3381 990 3449 Qui
1017 3391 1194 3436 autem
1224 3381 1422 3451 judicat
1450 3399 1566 3447 nos,
1602 3385 1784 3439 Domi-

187 3486 279 3527 nus
303 3482 389 3527 est
421 3491 437 3527 :
466 3486 574 3527 nec
608 3480 738 3527 ante
775 3482 987 3542 tempus
1019 3471 1259 3541 judicare
1286 3472 1570 3539 debemus,
1612 3474 1784 3529 donec

185 3566 351 3620 veniat
380 3565 690 3631 Dominus,
717 3574 772 3619 et
798 3565 1063 3619 illuminet
1083 3564 1388 3619 abscondita
1416 3566 1780 3632 tenebrarum,

185 3666 236 3710 et
260 3658 633 3713 mnifestahit
659 3658 1009 3727 cogitationes
1042 3656 1253 3721 cordis;
1290 3664 1347 3711 et
1375 3666 1501 3710 tunc
1536 3657 1651 3713 laus
1679 3658 1783 3713 erit

184 3750 464 3818 unicuique
503 3765 537 3803 a
584 3750 696 3803 Deo
741 3749 792 3820 (Ι
823 3748 941 3803 Cor.
962 3764 1023 3803 ιν
1044 3788 1059 3811 ,
1085 3749 1154 3811 ι,
1187 3749 1266 3819 5).
1300 3748 1505 3804 Viderit
1536 3764 1664 3819 ergo
1693 3750 1780 3806 ille

184 3849 437 3907 quantum
482 3842 717 3910 quisque
755 3838 996 3908 proﬁciat
1035 3840 1086 3892 in
1122 3837 1385 3893 mandatis
1412 3840 1569 3907 ejus:
1600 3849 1779 3895 tamen

182 3933 315 3987 volet
342 3933 511 3987 nimis
550 3932 642 4002 qui
687 3946 869 3999 pacem
910 3931 1050 3986 illius
1080 3930 1521 3987 eozedilicatiouis
1558 3931 1776 3987 adama-

177 4028 339 4091 verit;
367 4042 474 4081 nec
498 4028 615 4095 jam
644 4026 935 4095 desperare
962 4024 1140 4088 debet,
1167 4024 1416 4093 quoniam
1446 4024 1499 4077 in
1528 4025 1778 4079 mandatis

178 4120 279 4186 ejus
302 4120 441 4172 solet
469 4118 661 4182 nimis,
691 4125 748 4171 et
775 4131 873 4186 pax
906 4118 959 4170 in
990 4124 1130 4170 terra
1158 4115 1463 4171 hominibus
1494 4114 1649 4170 bona:
1678 4131 1773 4171 ve-

176 4210 389 4266 luutatis
422 4209 584 4281 (Luc.
611 4225 682 4276 ιι,
710 4209 818 4281 li).

238 4304 292 4357 5.
329 4323 351 4355 ι
388 4300 779 4366 lnde,‘B0tens
818 4302 872 4354 in
914 4310 1049 4355 terra
1083 4301 1177 4354 erit
1217 4316 1385 4355 semen
1422 4302 1550 4373 ejus.
1577 4301 1772 4358 Semen

172 4394 357 4450 futura
408 4394 647 4461 messis,
690 4408 851 4463 opera
898 4409 1018 4449 esse
1061 4394 1440 4450 misericordiae
1484 4397 1771 4465 Apostolus

171 4489 317 4541 testis
345 4495 469 4553 est,
496 4486 593 4555 qui
629 4485 790 4550 dicit,
819 4484 1018 4540 Bonum
1046 4496 1214 4539 autem
1251 4485 1490 4556 facientes
1516 4503 1616 4540 non
1644 4488 1773 4556 tle/i-

170 4580 355 4633 cimus
371 4596 396 4644 ;
429 4586 660 4645 tempore
677 4577 812 4630 enim
832 4577 1038 4647 proprio
1058 4586 1297 4630 metemus
1317 4576 1337 4607 ³
1361 4576 1555 4648 (Colat.
1580 4594 1651 4643 νι,
1673 4578 1766 4651 9):

170 4680 219 4722 et
242 4670 475 4734 iterum,
510 4667 624 4721 Hoc
647 4678 834 4734 autem,
865 4669 1053 4738 inquit,
1075 4676 1163 4739 qut
1186 4684 1335 4739 parce
1358 4670 1588 4734 seminat,
1619 4686 1770 4740 parte

169 4770 378 4815 autem
407 4760 478 4830 (ll
500 4759 627 4815 Cor.
650 4775 724 4825 ιιι,
750 4760 828 4828 li).
856 4760 991 4827 Quid
1013 4770 1213 4827 autem,
1242 4758 1451 4824 fratres,
1476 4767 1764 4831 potentius,

168 4867 317 4920 quam
349 4862 411 4907 ut
445 4866 678 4922 regnum
708 4852 988 4913 celerum.
1018 4866 1122 4906 non
1149 4852 1320 4907 solum
1347 4852 1600 4908 Zachams
1624 4865 1769 4910 emat

166 4944 383 4998 dimidio
424 4959 615 4997 rerum
656 4957 869 4997 suarum
902 4941 1055 5013 (Luc.
1085 4959 1204 5007 tux,
1240 4945 1326 5013 8),
1371 4944 1465 4998 sed
1512 4954 1566 4998 et
1607 4946 1763 5001 vidua

169 5036 367 5093 bubus
411 5036 640 5091 minutis
679 5034 872 5108 (Marc.
906 5051 1027 5101 -ιιι,
1064 5035 1156 5106 42)
1180 5077 1193 5100 ,
1226 5046 1281 5090 et
1321 5038 1648 5092 tantumdem
1691 5038 1761 5093 ibi

166 5136 382 5196 uterque
410 5125 729 5196 possideat?
753 5125 879 5195 quid
908 5127 1193 5195 potentius,
1227 5142 1386 5196 quam
1417 5136 1471 5182 ut
1501 5129 1645 5184 idem
1670 5144 1761 5185 reo

165 5232 312 5283 suum
344 5227 406 5273 et
431 5217 699 5273 thesauris
723 5215 907 5282 diviti,
932 5226 986 5271 et
1009 5217 1176 5272 calice
1203 5233 1353 5288 aqua:
1393 5218 1596 5288 frigidae
1629 5234 1760 5289 pau-

164 5308 270 5375 peri
296 5308 519 5363 valeat?
544 5306 683 5361 Sunt
705 5316 886 5362 autem
915 5307 1003 5377 qui
1040 5308 1138 5363 ista
1168 5308 1361 5364 faciant
1389 5311 1516 5365 dum
1545 5319 1757 5369 terrena

163 5400 510 5469 conquirunt,
545 5408 637 5455 aut
671 5399 762 5456 hic
793 5398 1096 5455 mercedem
1131 5410 1406 5470 sperantes
1445 5418 1473 5454 a
1508 5404 1753 5474 Domino,

163 5501 245 5545 aut
286 5488 598 5547 hominibus
638 5493 854 5563 placere
882 5492 1154 5562 cupientes
1186 5512 1199 5549 :
1226 5495 1349 5560 sed,
1386 5494 1650 5552 Geueratio
1674 5514 1756 5553 re-

216 5645 236 5677 ¹
260 5647 334 5695 Sic
352 5653 461 5697 lss.
486 5648 603 5699 Editi
628 5653 827 5705 alitem,
850 5647 1085 5698 orandum
1108 5653 1194 5699 est.

216 5707 784 5768 'Iss..daeibilrspeo.

214 5769 239 5801 ³
257 5772 367 5822 ΕΜ
383 5774 723 5828 renitentibus
746 5778 863 5821 Mss.
889 5768 1082 5832 addunt,
1104 5784 1195 5825 non
1217 5771 1505 5837 deﬁcientes.

1652 345 1849 401 LIBER
1893 346 2086 405 UNUS.

3397 376 3503 435 469

1906 473 2113 518 elerum
2132 464 2476 537 benedieetur;
2502 473 2552 527 id
2574 484 2675 542 est,
2698 492 2857 547 opma
2878 494 3064 538 eorum
3084 500 3308 555 quorum
3326 490 3501 549 bonus

1919 552 2061 608 Deus
2087 553 2276 625 Israel,
2306 562 2393 630 qui
2420 575 2568 617 recto
2592 577 2716 622 sunt
2735 570 2931 637 corde;
2962 552 3167 631 rectum
3193 592 3370 636 autem
3405 599 3501 640 cor

1914 653 2024 709 est,
2056 662 2158 701 non
2189 652 2438 707 resistere
2466 657 2599 723 patri
2627 662 2930 717 emendanti
2951 706 2966 730 ,
3008 673 3062 720 ct
3098 670 3316 725 credere
3345 675 3500 742 polli-

1914 735 2052 789 centi
2091 754 2103 788 :
2141 753 2245 793 non
2290 756 2474 797 eormn
2523 748 2716 814 quibus
2765 765 3166 811 rommovcntur
3203 735 3399 830 pedes,
3444 774 3500 821 et

1912 827 2254 885 eﬂ‘unduntur
2277 849 2492 903 gressus
2517 848 2674 906 atque
2700 843 2965 911 labuntur,
2991 848 3127 903 sicut
3154 851 3205 904 in
3231 853 3335 907 alio
3360 827 3501 923 psal-

1912 933 2000 974 mo
2024 923 2252 991 canitur,
2278 927 2401 981 dum
2433 931 2605 985 zelaut
2636 934 2685 987 in
2715 940 3078 1004 peccatoribus
3100 958 3287 1013 pacem
3314 961 3499 1015 pecca-

1902 1018 2086 1066 torum
2116 1014 2376 1083 videntes,
2409 1030 2461 1073 et
2490 1032 2672 1090 putant
2700 1027 2872 1094 perire
2900 1044 3060 1099 Opera
3091 1049 3207 1100 sua,
3237 1014 3357 1106 quia
3390 1054 3497 1095 non

1909 1101 1988 1155 eis
2017 1118 2224 1159 merces
2263 1108 2502 1163 redditur
2538 1115 2767 1180 peritura
2808 1116 2973 1187 (Psal.
3002 1137 3177 1187 Lxxu,
3210 1101 3386 1196 ιέιι).
3427 1130 3500 1184 At

1910 1192 2008 1248 iste
2036 1196 2119 1249 vir
2143 1199 2229 1267 qui
2261 1200 2408 1255 timet
2436 1203 2713 1260 Dominum
2735 1251 2748 1270 ,
2776 1218 2830 1263 ct
2868 1212 2918 1264 in
2958 1216 3214 1283 templum
3254 1192 3494 1275 sanctum

1910 1283 2001 1343 Dei
2028 1291 2377 1347 conversione
2404 1296 2532 1349 recti
2564 1298 2739 1351 cordis
2764 1310 2992 1369 aptatur,
3021 1320 3120 1359 nec
3147 1307 3369 1375 gloriam
3400 1310 3498 1364 ho-

1908 1375 2109 1431 minum
2136 1384 2321 1449 qtnrrit
2344 1425 2359 1450 ,
2399 1400 2498 1440 nec
2526 1397 2765 1445 terrenas
2801 1392 3011 1449 divitias
3039 1400 3400 1468 concupiscit;
3440 1412 3498 1457 et

1908 1474 2081 1522 tamen
2104 1511 2117 1533 ,
2148 1470 2323 1527 Gloria
2356 1486 2405 1529 et
2442 1477 2631 1534 diritia:
2666 1482 2717 1535 in
2757 1483 2904 1538 domo
2947 1488 3074 1557 ejus.
3120 1491 3318 1546 Domus
3349 1495 3493 1549 enim

1904 1558 2020 1649 ejus
2047 1575 2143 1614 cor
2173 1562 2288 1631 ejus
2314 1576 2430 1632 est;
2466 1570 2592 1636 ubi,
2629 1572 2736 1624 Deo
2763 1574 3008 1631 laudante
3027 1619 3042 1643 ,
3074 1581 3376 1649 opulentius
3402 1585 3494 1639 ha-

1903 1647 2036 1703 bitat
2058 1666 2179 1706 cum
2206 1669 2300 1724 spe
2327 1658 2447 1711 vita:
2472 1670 2709 1729 teterua‘,
2741 1682 2920 1735 quam,
2948 1647 3249 1727 hominibus
3273 1676 3489 1731 adulatio

1892 1741 2073 1806 'tihus,
2109 1745 2161 1798 in
2192 1753 2528 1806 marmomtis
2557 1756 2917 1830 laqueatisque
2955 1765 3109 1817 tectis
3147 1781 3267 1820 eum
3302 1770 3493 1825 timore

1903 1834 2090 1887 mortis
2115 1845 2348 1892 aeternae.
2378 1842 2543 1910 Ilnjus
2580 1847 2720 1901 enim
2747 1849 2950 1916 justitia
2978 1863 3145 1907 manet
3171 1857 3222 1908 in
3248 1860 3491 1912 uetulum

1898 1926 2073 1979 sa'culi
2102 1942 2121 1979 :
2149 1928 2259 1996 ipsa
2302 1932 2417 2001 ejus
2460 1936 2658 2003 gloria,
2706 1940 2832 2007 ipsm
2870 1942 3089 1998 divitias.
3133 1946 3274 2002 Illius
3311 1961 3488 2005 autem

1890 2030 2131 2086 «purpura
2158 2030 2213 2075 et
2243 2021 2428 2094 hysms
2454 2038 2506 2079 et
2531 2029 2703 2097 epulae
2732 2033 3044 2100 splendidze,
3069 2048 3120 2090 et
3146 2053 3265 2092 cum
3294 2053 3490 2109 prresto

1899 2120 2057 2178 sunt,
2091 2122 2402 2179 transeunt;
2446 2130 2499 2174 et
2541 2135 2661 2175 cum
2705 2125 2770 2178 ad
2820 2126 2976 2181 linem
3023 2132 3296 2199 venerint,
3338 2150 3490 2204 aqua:

1888 2212 2098 2271 guttam
2144 2221 2208 2260 ex
2253 2208 2418 2277 digito
2449 2213 2681 2268 stillante
2709 2217 3018 2275 desiderans
3040 2263 3055 2286 ,
3087 2223 3281 2280 ardens
3313 2223 3488 2296 lingua

1898 2294 2145 2351 clamabit
2174 2317 2192 2349 ι
2227 2299 2380 2367 (Luc.
2408 2318 2499 2357 χιιι
2520 2346 2536 2369 ,
2568 2306 2776 2378 l9-2-l).
2800 2308 2946 2380 [llaec
2974 2321 3096 2366 sunt
3119 2329 3239 2383 qua:
3268 2317 3319 2369 in
3346 2294 3490 2373 dicto

1886 2387 2104 2453 psalmo
2143 2394 2454 2459 exposuisse
2498 2412 2583 2451 me
2624 2401 2841 2454 memini
2875 2402 3086 2473 (Enarr.
3128 2408 3180 2460 iu
3222 2408 3365 2463 Psal.
3406 2427 3483 2478 ιιι,

1892 2492 1984 2567 rm.
2012 2476 2067 2542 2,
2096 2478 2183 2548 5),
2211 2488 2266 2535 et
2289 2482 2354 2535 ad
2380 2487 2687 2553 quaestionis
2716 2498 2819 2544 tum
2844 2503 3032 2561 quarto
3058 2496 3175 2551 loco
3202 2476 3485 2567 preposita:

1895 2566 2213 2623 solutionem
2241 2573 2371 2626 satis
2408 2590 2528 2631 esse
2563 2594 2704 2633 nunc
2731 2583 2976 2637 existimo
3001 2584 3061 2657 ³).
3086 2587 3283 2655 Quinto
3304 2566 3480 2646 autem

1895 2654 2013 2709 loco
2054 2658 2104 2711 id
2145 2664 2499 2731 proposuisti,
2547 2670 2687 2724 unde
2724 2682 2843 2739 post
2871 2654 3049 2729 omnia
3093 2677 3481 2748 disputaturum

1890 2763 1980 2804 me
2006 2765 2125 2808 cSSe
2154 2756 2371 2823 promisi
2402 2759 2501 2829 (ιι).

1884 2840 2111 2908 ‘Quazs'r.
2159 2843 2244 2899 Vl.
2280 2877 2351 2887 —
2392 2848 2572 2904 Utrum
2614 2852 2827 2910 Samuel
2868 2873 2958 2926 per
2997 2862 3342 2929 pgtloonissam
3370 2880 3486 2920 vere

1962 2935 2114 3002 fuerit
2135 2936 2198 2988 de
2214 2937 2414 3007 inferno
2453 2953 2703 2997 euocatus.
2727 2946 2985 3002 Samuelis
3008 2955 3138 3019 forte
3158 2953 3479 3021 phantasma,

1963 3027 2309 3095 nou'spiritus
2337 3034 2596 3102 apparuit.
2623 3033 2890 3091 Dteutoncs
2918 3044 3167 3109 quomodo
3196 3046 3365 3100 norint
3395 3052 3483 3119 [u-

1962 3125 2095 3170 tura.

1962 3210 2015 3264 1.
2046 3209 2204 3265 Sexta
2246 3221 2332 3267 tua
2371 3219 2662 3286 propositio
2695 3230 2773 3276 est
2796 3265 2809 3286 ,
2845 3242 2864 3273 ι
2894 3224 3083 3279 Utrum
3119 3226 3267 3295 juxta
3310 3230 3480 3286 histo-

1889 3299 2023 3353 riam
2049 3301 2168 3356 libri
2193 3305 2493 3373 llegnorum
2521 3310 2828 3380 pythonissa
2853 3314 3023 3382 ipsum
3051 3320 3363 3389 prophetam
3384 3322 3481 3379 Sa-

1887 3392 2117 3445 muelem
2142 3392 2209 3447 de
2230 3394 2433 3449 inferno
2458 3403 2758 3454 evocaverit
2796 3422 2814 3453 ι
2845 3404 2885 3472 (1
2918 3404 3041 3475 (leg.
3069 3424 3262 3474 xxvm,
3294 3413 3476 3483 7-19).

1957 3482 2011 3535 2.
2043 3482 2153 3537 lloc
2181 3500 2210 3537 ιι
2237 3501 2325 3539 me
2363 3486 2532 3543 beata:
2572 3493 2846 3547 memoriae
2874 3496 3245 3565 Simpliciauus
3274 3502 3477 3558 Medio-

1882 3574 2123 3631 lanensis
2162 3580 2446 3649 episcopus
2485 3583 2769 3651 aliquando
2810 3588 3070 3657 qumsivit.
3103 3592 3239 3659 Quid
3270 3610 3398 3667 ergo
3426 3598 3474 3652 ei

1885 3668 2340 3737 responderim’,
2371 3672 2640 3728 subditum
2686 3677 2841 3747 lege:
2877 3697 2895 3731 ι
2941 3680 3068 3735 Item
3115 3686 3340 3753 qumris,
3392 3688 3476 3742 in-

1883 3773 2076 3827 quam,
2106 3769 2281 3815 utrum
2320 3764 2539 3832 spiritus
2578 3766 2881 3824 immundus
2915 3774 3004 3842 qui
3040 3788 3155 3830 erat
3193 3778 3244 3831 in
3283 3780 3476 3851 pytho-

1883 3851 2057 3916 nissa,
2090 3854 2323 3921 potuerit
2346 3870 2506 3926 agere
2537 3868 2595 3912 ut
2621 3859 2835 3916 Samuel
2869 3878 2897 3916 a
2927 3864 3088 3921 Saﬁle
3123 3868 3394 3925 videretur
3421 3884 3476 3927 et

1882 3942 2189 4012 loqueretur
2226 3962 2348 4001 cum
2387 3963 2473 4003 eo.
2516 3949 2622 4005 Sed
2662 3954 2826 4007 nmlto
2856 3957 3077 4026 majoris
3112 3961 3350 4018 miraculi
3391 3975 3471 4019 est

1881 4034 2021 4103 quod
2070 4036 2182 4106 ipse
2225 4046 2437 4094 satanas
2492 4042 2741 4113 princeps
2787 4049 3025 4102 omnium
3078 4051 3470 4112 immundumm

1878 4126 2160 4195 Spirituum
2194 4132 2362 4199 potuit
2395 4133 2537 4203 loqui
2558 4151 2678 4191 eum
2708 4138 2834 4201 Deo.
2863 4150 2917 4195 et
2948 4151 3131 4211 petere
3159 4151 3469 4206 tentandum

1878 4214 1981 4272 Job
2004 4218 2355 4288 justissimum
2384 4227 2553 4280 virum
2585 4228 2704 4297 (Job
2732 4246 2768 4296 ι,
2801 4230 2886 4303 ll)
2916 4251 2930 4286 :
2954 4236 3043 4304 qui
3072 4238 3231 4292 etiam
3262 4250 3471 4296 tentan-

1877 4307 1977 4362 dos
2004 4311 2288 4378 Apostolos
2320 4316 2463 4381 petiit
2493 4315 2642 4387 (Luc.
2675 4336 2809 4386 χχιι,
2839 4324 2953 4394 51).
2992 4328 3096 4381 Aut
3137 4330 3182 4382 si
3224 4330 3325 4386 hoc
3364 4350 3467 4390 non

1877 4398 1999 4492 ideo
2020 4401 2188 4457 habet
2216 4403 2486 4461 difﬁcilem
2512 4413 2887 4480 quarstioncm,
2918 4420 3037 4487 quia
3069 4435 3163 4488 per
3187 4436 3344 4492 quam
3376 4436 3469 4479 vo-

1876 4490 2033 4546 luerit
2058 4502 2354 4551 creaturam
2374 4539 2389 4562 ,
2415 4500 2499 4552 cui
2531 4502 2754 4558 voluerit
2780 4516 3062 4576 creatum,
3092 4490 3290 4581 ubique
3324 4532 3464 4584 pne-

1874 4596 2001 4637 sens
2032 4585 2226 4639 veritas
2258 4587 2509 4658 loquitur,
2542 4608 2640 4646 nec
2667 4606 2943 4665 propterea
2979 4604 3151 4671 tuagni
3178 4606 3462 4662 meriti'est

1873 4673 1958 4726 cui
1988 4673 2222 4744 loquitur
2245 4678 2382 4733 Deus
2414 4698 2426 4734 :
2460 4681 2680 4739 interest
2708 4688 2849 4741 enim
2879 4691 3005 4758 quid
3034 4693 3312 4763 loquatur;
3340 4702 3462 4769 quia

1872 4775 1925 4820 et
1956 4768 2243 4838 imperator
2275 4787 2395 4826 cum
2437 4776 2619 4830 multis
2660 4779 3030 4839 innocentibus
3060 4801 3164 4841 non
3209 4790 3457 4860 loquitur,

1871 4859 2061 4927 quibus
2087 4861 2548 4930 providentissime
2577 4872 2807 4924 consulit
2841 4872 2905 4925 ad
2945 4874 3208 4941 Salutem;
3248 4888 3302 4932 et
3338 4894 3459 4934 cum

1870 4954 2048 5007 multis
2089 4956 2405 5011 nocentibus
2445 4959 2708 5030 loquitur,
2749 4980 2883 5033 quos
2920 4966 3070 5034 jubet
3115 4969 3336 5025 interﬁci
3368 4988 3381 5023 :
3414 4973 3459 5027 si

1862 5059 1996 5112 ergo
2024 5046 2144 5099 hinc
2171 5057 2450 5117 propterea
2473 5052 2617 5105 nulla
2643 5056 2868 5123 quastio
2898 5068 3011 5122 est;
3042 5059 3191 5111 nulla
3212 5060 3283 5113 sit
3306 5077 3458 5130 qutu-

1867 5135 1973 5188 stio
2000 5138 2269 5205 quomodo
2307 5139 2469 5194 etiam
2519 5140 2821 5199 immundus
2863 5148 3079 5217 spiritus
3116 5162 3237 5202 eum
3278 5153 3454 5208 auinla

1864 5227 2033 5280 sancti
2059 5227 2157 5281 viri
2186 5228 2326 5296 loqui
2352 5233 2600 5298 potuerit.
2633 5233 2890 5289 Omuihus
2916 5238 3057 5291 enim
3085 5240 3284 5294 sanctis
3316 5243 3457 5300 Deus

1863 5328 2074 5371 creator
2101 5326 2157 5372 et
2183 5321 2542 5377 sanetiticator
2568 5325 2723 5396 longe
2759 5328 2936 5395 utique
2972 5329 3143 5397 major
3167 5342 3268 5387 est.
3300 5335 3453 5403 Quod

1863 5409 1907 5462 si
1935 5408 2037 5465 hoc
2066 5422 2280 5479 movet,
2307 5416 2448 5484 qnud
2478 5418 2683 5471 licuerit
2712 5419 2943 5487 maligno
2971 5422 3177 5490 spiritui
3218 5430 3453 5486 excitare

1860 5502 2091 5556 animam
2119 5504 2281 5573 justi,
2312 5516 2364 5561 et
2397 5517 2642 5578 tanquam
2674 5509 2741 5565 de
2769 5510 2962 5567 abditis
2995 5526 3325 5574 mortuorum
3358 5538 3449 5579 re.

1924 5656 1941 5736 ς
1964 5663 2078 5736 Quae
2095 5657 2787 5736 ausu‘lisﬂhic,d‘istinguuutur,
2812 5662 2991 5715 absunt
3028 5680 3058 5717 a
3099 5671 3316 5736 quinque

1921 5718 1942 5781 ξ
1964 5719 2466 5781 Mss.,re.scripserim.

1892 5779 1994 5843 ’(α)
2028 5780 2144 5829 \‘idc
2167 5779 2486 5842 quastiooem
2519 5791 2551 5833 ν
2578 5784 2715 5849 infra,
2739 5785 2833 5838 eoi.
2858 5787 2969 5854 168,
2986 5797 3253 5844 tractatam.
3304 5800 3363 5843 ﬂ.
3410 5808 3429 5829 η’
