4000 6336
561 448 855 520 ceptaculis
879 459 1135 513 evocare;
1176 459 1352 499 nonne
1376 442 1543 512 magis
1569 442 1870 496 mirandum
1896 450 1976 494 est
2003 438 2145 510 quod

565 549 778 595 satanas
799 539 969 608 ipsum
994 536 1271 591 Dominmn
1295 534 1585 602 assumpsit
1606 542 1660 589 et
1685 532 1963 587 constituit
1987 547 2149 600 super

561 632 782 702 pinnam
812 630 992 699 templi
1036 628 1245 700 (Matth.
1274 643 1356 689 tv,
1392 626 1489 695 5)?
1523 624 1772 692 Quolibet
1807 625 1948 680 enim
1992 623 2150 677 modo

564 721 782 784 fecerit,
825 722 913 775 ille
938 720 1095 776 etiam
1124 719 1311 773 modus
1340 733 1446 788 quo
1473 717 1706 775 Samueli
1739 716 1933 771 factum
1968 724 2052 771 est
2093 724 2150 768 ιιι

570 815 890 869 excitaretur
909 854 923 877 ,
953 812 1197 867 similiter
1226 811 1373 864 latet.
1403 810 1511 863 Nisi
1541 808 1675 863 forte
1699 808 1819 877 quis
1847 807 2047 862 dixerit
2074 805 2151 860 fa-

567 905 809 959 ciliorem
835 903 1049 958 diabolo
1076 902 1238 956 fuisse
1264 901 1530 956 licentiam
1557 899 1620 953 ad
1653 898 1931 953 Dominum
1967 898 2148 950 vivum

567 995 710 1050 unde
744 994 909 1048 voluit
949 990 1360 1054 assumendum,
1400 1000 1454 1044 et
1493 989 1579 1044 ubi
1619 988 1786 1042 voluit
1819 986 2148 1042 constituen-

556 1087 695 1142 dum
714 1127 731 1152 ,
763 1100 919 1155 quam
948 1083 1013 1137 ad
1040 1082 1301 1138 Samuelis
1328 1080 1556 1136 defuncti
1590 1079 1829 1147 Spiritum
1860 1094 1888 1129 a
1924 1076 2037 1131 suis
2061 1091 2149 1129 sc-

566 1176 723 1232 dibus
745 1174 1104 1231 excitandum.
1128 1172 1281 1240 Quod
1305 1172 1349 1226 si
1376 1171 1501 1226 illud
1527 1173 1579 1225 in
1606 1170 1888 1240 Evangelio
1911 1183 2006 1223 nos
2029 1168 2151 1222 ideo

567 1282 675 1323 non
715 1266 1015 1337 perturbat,
1048 1266 1165 1334 quia
1211 1265 1465 1319 Dominus
1506 1263 1673 1316 voluit
1714 1270 1873 1331 atque
1913 1261 2153 1332 permisit

567 1360 710 1413 nulla
737 1357 1089 1414 diminutione
1114 1373 1224 1412 sua:
1249 1356 1524 1426 potestatis
1546 1363 1603 1410 et
1620 1353 1909 1409 divinitatis
1929 1352 1980 1407 id
2004 1352 2149 1416 ﬁeri;

566 1449 707 1504 sicut
733 1449 803 1504 ab
828 1449 957 1520 ipsis
983 1448 1204 1514 .luda‘is,
1230 1462 1531 1519 quanquam
1561 1445 1827 1517 perversis
1860 1453 2020 1515 atque
2052 1444 2152 1498 im-

568 1543 782 1600 mundis
809 1552 865 1599 et
892 1542 1027 1598 facta
1053 1542 1248 1598 diaboli
1287 1541 1635 1604 facientibus,
1663 1547 1718 1595 et
1756 1537 1926 1593 teneri
1965 1552 2055 1602 se,
2098 1547 2154 1591 et

567 1636 781 1702 vinciri,
802 1644 859 1692 et
879 1635 1047 1702 illudi,
1069 1645 1122 1690 et
1142 1633 1378 1705 cruciﬁgi
1399 1642 1557 1703 atque
1580 1630 1803 1686 interﬁci
1830 1643 2017 1699 passus
2035 1635 2148 1682 est:

570 1742 679 1782 non
722 1737 805 1781 est
845 1725 1133 1785 absurdum
1177 1724 1399 1781 credere
1438 1739 1505 1779 ex
1542 1722 1716 1791 aliqua
1758 1719 2153 1790 dispensatione

567 1817 763 1873 divina:
802 1816 1089 1871 voluntatis
1127 1814 1446 1882 permissum
1481 1812 1673 1876 fuisse,
1717 1822 1775 1866 ιιι
1812 1825 1916 1865 ιιοιι
1959 1810 2155 1865 invitus

568 1924 670 1967 nec
693 1907 1003 1964 dominante
1027 1918 1186 1977 atque
1213 1906 1528 1975 subjugante
1554 1904 1755 1973 magica
1780 1904 2035 1973 potentia,
2058 1899 2153 1955 sed

567 2000 754 2055 volens
789 2008 950 2069 atque
975 1998 1352 2068 obtemperans
1379 1995 1601 2051 occultae
1626 1991 2009 2063 dispensationi
2035 1990 2149 2056 Dei,

567 2109 689 2165 qua:
714 2102 767 2149 et
793 2092 1156 2162 pytbouissam
1188 2091 1329 2144 illam
1352 2098 1408 2145 et
1429 2088 1643 2144 Saftiem
1670 2084 1899 2150 latebat,
1922 2099 2153 2139 consen-

570 2184 695 2239 tiret
722 2184 938 2253 spiritus
978 2183 1256 2251 Proplietze
1299 2180 1465 2235 sancti
1508 2194 1569 2234 se
1605 2176 1813 2232 ostendi
1850 2174 2154 2244 aspectibus

568 2273 746 2345 regis,
772 2273 949 2327 divina
990 2288 1112 2327 eum
1156 2271 1415 2326 sententia
1456 2282 1825 2339 percussurus.
1865 2266 1972 2321 Cur
2009 2266 2151 2321 enim

567 2364 745 2419 anima
774 2364 897 2418 boni
925 2362 1157 2417 hominis
1176 2404 1192 2425 ,
1220 2376 1249 2415 a
1276 2361 1430 2416 malis
1457 2360 1591 2415 vivis
1615 2368 1832 2415 evocata
1860 2357 1905 2413 si
1925 2357 2148 2421 venerit,

566 2456 815 2513 amittere
843 2454 1082 2509 videatur
1111 2453 1417 2523 dignitatem
1447 2466 1634 2515 suam;
1665 2464 1785 2504 cum
1821 2458 1876 2502 et
1904 2448 2007 2501 vivi
2036 2447 2149 2516 ple-

567 2562 792 2617 rumque
828 2545 952 2601 boni
990 2546 1159 2598 vocati
1186 2543 1252 2597 ad
1279 2543 1445 2597 malos
1471 2541 1718 2603 veniant,
1748 2546 1805 2594 et
1842 2547 2000 2607 agant
2027 2551 2150 2592 cum

565 2641 648 2697 eis
688 2639 828 2712 quod
867 2638 1102 2694 ofﬁcium
1145 2636 1377 2706 postulat
1413 2635 1709 2704 :equitatis,
1751 2642 1960 2687 servato
1993 2639 2151 2700 atque

567 2735 885 2788 inconcusso
911 2732 1105 2787 decore
1129 2730 1336 2784 virtutis
1357 2744 1500 2793 sum,
1540 2737 1594 2781 et
1628 2728 1837 2782 illorum
1871 2725 2014 2779 vitiis
2048 2738 2148 2795 pro

565 2839 743 2881 rerum
771 2822 1110 2892 praesentium
1147 2821 1227 2875 vel
1268 2836 1364 2875 usu
1399 2819 1483 2874 vel
1517 2818 1831 2873 necessitate
1871 2817 2151 2872 tractatis?

636 2917 689 2972 5.
726 2934 745 2966 ι
774 2914 1085 2983 Quanquam
1116 2913 1166 2969 in
1204 2912 1303 2967 hoc
1341 2910 1479 2966 facto
1509 2918 1684 2979 potest
1712 2924 1832 2964 esse
1860 2909 1995 2965 alius
2019 2908 2148 2962 faci-

566 3007 669 3062 liul'
695 3006 871 3063 exitus
898 3014 951 3061 et
978 3003 1272 3075 expeditior
1298 3002 1601 3057 intellectus
1618 3041 1634 3067 ,
1665 3009 1724 3055 ut
1751 3015 1856 3054 non
1887 3014 2013 3053 vere
2039 2998 2151 3067 spi-

563 3100 723 3154 ritum
745 3097 1010 3154 Sanmelis
1033 3098 1319 3151 excitatum
1347 3110 1376 3148 a
1403 3093 1584 3163 requie
1609 3107 1703 3147 sua
1726 3091 2026 3155 credamus,
2053 3090 2147 3145 sed

562 3188 778 3260 aliquod
808 3188 1139 3259 phantasma,
1161 3198 1215 3242 et
1243 3184 1604 3255 imaginariam
1631 3184 1929 3238 illusionem
1948 3181 2147 3237 diaboli

561 3280 1046 3343 machinationibus
1089 3278 1314 3341 factam,
1355 3286 1513 3346 quam
1558 3284 1833 3345 propterea
1874 3272 2146 3343 Scriptura

561 3370 781 3435 nomine
806 3368 1068 3425 Samuelis
1107 3366 1365 3437 appellat,
1396 3365 1519 3436 quia
1548 3367 1724 3420 solent
1762 3364 2017 3435 imagines
2055 3379 2145 3418 re-

559 3480 679 3529 rum
722 3478 904 3520 earum
948 3462 1251 3518 nominibus
1292 3458 1581 3529 appellari,
1621 3472 1844 3528 quarum
1888 3456 2146 3527 imagines

558 3564 706 3613 sunt.
735 3556 883 3611 Sicut
908 3555 1086 3609 omnia
1114 3569 1235 3623 qua:
1274 3553 1561 3622 pinguntur
1587 3559 1746 3621 atque
1786 3550 2054 3619 ﬁnguntur
2078 3564 2145 3605 ex

557 3649 734 3718 aliqua
762 3647 985 3702 materie
1012 3644 1213 3700 metalli
1239 3652 1331 3699 aut
1355 3643 1504 3713 ligni,
1527 3642 1613 3696 vel
1634 3642 1889 3711 cujusque
1910 3642 1986 3696 rei
2007 3651 2145 3711 aptm

557 3738 628 3793 ad
651 3752 813 3809 opera
844 3734 1146 3805 Imjusmodi
1163 3776 1178 3797 ,
1206 3750 1430 3804 qumque
1456 3734 1614 3787 etiam
1644 3733 1889 3788 videntur
1918 3735 1968 3788 in
1994 3748 2141 3788 som-

558 3829 677 3893 nis,
716 3836 771 3883 et
806 3842 995 3883 omnes
1030 3826 1143 3883 fere
1181 3825 1471 3894 imagines,
1503 3840 1684 3879 earum
1712 3840 1892 3880 rerum
1918 3840 2140 3894 quarum

558 3921 816 3992 imagines
845 3930 970 3976 sunt
989 3960 1006 3986 ,
1034 3918 1291 3988 appellari
1336 3916 1639 3973 nominibus
1675 3916 1871 3973 solent.
1901 3916 2032 3985 Quis
2059 3927 2144 3972 est

557 4012 700 4071 enim
730 4011 819 4083 qui
847 4010 1116 4067 hominem
1156 4009 1353 4079 picmm
1381 4006 1588 4063 dubitet
1614 4021 1805 4062 vocare
1835 4006 2142 4063 hominem?

556 4103 995 4175 Quandoquidem
1036 4111 1093 4157 et
1131 4099 1461 4170 singulorum
1506 4112 1837 4168 quorumque
1878 4098 2139 4169 picturam

556 4212 680 4253 cum
705 4195 993 4265 aspicimus
1011 4235 1026 4261 ,
1057 4191 1272 4263 propria
1300 4204 1511 4261 quoque
1536 4189 1749 4244 nomina
1776 4188 2141 4245 incunctanter

554 4287 871 4343 adhibemus
901 4301 916 4339 :
947 4285 1094 4341 velut
1123 4297 1247 4339 cum
1287 4283 1555 4337 intuentes
1590 4280 1819 4335 tabulam
1848 4287 1941 4336 aut
1967 4280 2141 4350 parie-

556 4388 696 4441 tem,
744 4376 1009 4442 dicimus,
1039 4374 1132 4429 Ille
1171 4373 1357 4428 Cicero
1397 4380 1516 4436 est,
1564 4371 1650 4425 ille
1688 4368 2002 4437 Sallustius,
2050 4370 2140 4427 ille

555 4468 811 4532 Achilles,
842 4466 929 4523 ille
961 4465 1174 4531 llector,
1204 4463 1307 4519 hoc
1335 4462 1535 4517 ﬂumen
1560 4461 1775 4526 Simois,
1816 4460 1904 4515 illa
1935 4460 2136 4527 Roma;

553 4578 674 4619 cum
704 4560 845 4615 aliud
876 4560 1002 4614 nihil
1028 4560 1136 4613 sint
1155 4573 1315 4627 quam
1347 4556 1499 4626 pictae
1526 4555 1802 4625 imagines.
1830 4553 1982 4610 Unde
2003 4552 2140 4609 Che-

554 4653 726 4709 rubim
755 4666 880 4707 cum
918 4651 1025 4705 sint
1060 4649 1307 4705 etalt-stes
1344 4634 1666 4717 pnIeStates,
1700 4644 1820 4700 ﬁcta
1860 4654 2035 4700 tamen
2070 4660 2136 4701 ex

554 4746 807 4813 metallo,
838 4743 979 4814 quod
1021 4742 1299 4812 imperavit
1340 4740 1509 4807 Deus,
1540 4755 1701 4809 super
1731 4754 1910 4794 aream
1946 4738 2137 4793 Testa~

553 4838 742 4903 tuenti,
766 4851 970 4906 magna:
995 4835 1071 4890 rei
1095 4831 1452 4903 signiticandtc
1472 4832 1662 4901 gratia,
1691 4845 1795 4885 non
1816 4830 1955 4883 aliud
1975 4844 2135 4897 quam

549 4930 840 4987 Cherubim
862 4928 947 4983 illa
966 4941 1174 4996 quoque
1198 4924 1447 4994 ﬁgmenta
1466 4923 1763 4977 vocitantur
1787 4919 1981 4990 (Exod.
2006 4934 2131 4981 xxv,

553 5022 668 5087 i8).
700 5020 830 5077 Item
859 5017 1100 5089 quisquis
1142 5015 1285 5070 videt
1325 5013 1626 5078 somnium,
1672 5027 1776 5065 nun
1818 5010 1972 5075 dicit,
2017 5009 2132 5064 Vidi

552 5113 839 5183 imaginem
872 5107 1150 5180 Augustini
1185 5116 1277 5161 aut
1312 5105 1672 5175 Simpliciani;
1714 5103 1841 5169 sed,
1876 5102 1991 5156 Vidi
2021 5104 2134 5156 Au-

549 5204 818 5274 gustinum
842 5208 935 5257 aut
950 5198 1350 5271 Simplicianutn
1376 5214 1390 5249 :
1415 5213 1536 5251 cum
1556 5210 1622 5250 eo
1643 5205 1881 5264 tempore
1900 5208 2006 5263 quo
2028 5195 2133 5250 tale

548 5293 744 5363 aliquid
792 5292 955 5357 vidit,
997 5306 1098 5348 nos
1143 5292 1545 5362 ignoraremus;
1578 5301 1745 5357 usque
1779 5286 1914 5341 adeo
1956 5285 2131 5340 mani-

549 5384 741 5440 festum
768 5393 884 5449 est,
912 5398 1017 5438 non
1044 5384 1187 5453 ipsos
1214 5381 1456 5436 homines
1475 5421 1491 5445 ,
1520 5380 1613 5435 sed
1654 5380 1907 5449 imagines
1943 5394 2130 5434 eorum

547 5474 740 5536 videri.
766 5474 833 5528 Et
857 5473 1066 5529 Pharao
1094 5475 1268 5543 spicas
1296 5488 1353 5527 se
1386 5471 1521 5527 dixit
1544 5470 1741 5524 vidisse
1766 5472 1819 5524 in
1848 5471 2050 5525 somnis
2078 5479 2131 5525 et

548 5566 713 5621 boves
761 5562 911 5636 (Gen.
950 5580 1071 5628 xu,
1116 5561 1335 5636 17-24),
1384 5578 1491 5618 non
1532 5563 1793 5631 spicarum
1838 5571 1930 5616 aut
1969 5562 2128 5617 boum

548 5660 825 5730 imagines.
855 5656 911 5711 Si
938 5657 1098 5726 igitur
1124 5656 1322 5725 liquido
1359 5665 1567 5711 constat
1608 5655 1909 5710 nominibus
1943 5669 2126 5710 earum

547 5766 725 5815 rerum
758 5764 983 5824 quarum
1021 5748 1277 5820 imagines
1312 5759 1468 5818 sunt,
1494 5743 1705 5805 easdem
1744 5749 1999 5819 imagines
2027 5765 2126 5820 ap-

1331 327 1419 384 DE
1456 326 1634 384 OCTO
1674 323 1962 381 DELCITII
1998 320 2536 391 ρυτεςιιοκωυε.
2567 327 2623 383 S.
2673 328 3042 390 AUGUSTI?“

3727 338 3837 394 104

2255 437 2474 506 pellari;
2519 459 2622 499 non
2653 448 2843 501 mirum
2873 459 2957 502 est
2980 448 3120 518 quod
3151 449 3421 519 Scriptura
3455 452 3583 508 dicit
3613 451 3841 512 Samue-

2254 531 2357 586 letn
2388 533 2591 599 visum,
2637 538 2844 593 etiamsi
2889 541 3024 595 forte
3061 542 3233 610 imago
3270 542 3531 598 Samuelis
3567 549 3839 615 apparuit,

2253 625 2680 683 machinamento
2722 631 2837 697 ejus
2872 633 2962 701 qui
3003 633 3338 704 transﬁgurat
3380 652 3440 691 se
3480 638 3625 693 velut
3666 655 3841 709 ange-

2254 718 2363 772 lum
2395 720 2553 784 lucis,
2587 730 2641 775 et
2668 724 2938 779 ministros
2966 740 3095 782 suos
3132 727 3279 782 velut
3312 729 3583 785 ministros
3614 730 3842 800 jnstitiar

2255 811 2321 879 (ιι
2349 810 2467 866 ϐω.
2496 828 2569 874 χι,
2604 814 2687 876 tt,
2720 815 2826 884 ιδ).

2323 901 2378 956 ὁ.
2411 920 2430 953 ι
2462 901 2708 958 .lamvero
2736 905 2780 959 si
2814 904 2938 960 illud
2969 916 3165 971 movet,
3195 909 3465 978 quomodo
3510 920 3564 965 et
3591 928 3622 967 ιι
3676 914 3840 967 mali-

2251 1006 2359 1062 gno
2395 993 2582 1062 spiritu
2611 992 2755 1050 Sauli
2787 1012 2907 1050 vera
2954 998 3202 1066 praedicta
3227 1009 3388 1065 sunt;
3426 1009 3599 1071 potest
3624 1012 3678 1058 et
3707 1004 3842 1058 illud

2255 1082 2445 1135 mirum
2463 1082 2649 1146 videri,
2702 1086 2970 1155 quomodo
3019 1087 3290 1144 daemones
3332 1093 3647 1159 agnoverint
3669 1094 3842 1149 Chri-

2254 1180 2393 1225 stum
2425 1176 2445 1244 (
2474 1172 2658 1227 Matth.
2699 1191 2810 1238 vni,
2836 1175 2906 1231 29
2940 1178 2979 1245 ),
3004 1193 3164 1248 quem
3207 1179 3375 1235 Judaei
3421 1198 3528 1237 non
3567 1198 3841 1255 agnosce-

2253 1259 2399 1315 bant.
2427 1262 2557 1317 Cum
2576 1263 2719 1318 enim
2743 1266 2852 1319 vult
2880 1266 3020 1320 Deus
3038 1267 3195 1323 etiam
3210 1284 3305 1338 per
3323 1270 3533 1327 iniimus
3563 1272 3844 1330 infernos-

2254 1368 2357 1423 que
2377 1354 2594 1423 spiritus
2612 1357 2840 1426 aliquem
2858 1374 2981 1412 vera
2999 1375 3342 1431 cognoscere,
3365 1367 3677 1434 temporalia
3694 1367 3846 1423 dun-

2255 1454 2398 1501 taxat
2425 1457 2585 1517 atque
2608 1449 2673 1502 ad
2719 1450 2870 1505 istam
2898 1453 3270 1509 mortalitatem
3313 1454 3653 1525 pertinentia,
3679 1458 3845 1516 facile

2255 1547 2357 1605 est,
2385 1549 2439 1594 et
2476 1554 2582 1594 non
2633 1541 3008 1612 incongruum,
3042 1554 3100 1598 ut
3126 1546 3464 1616 omnipotens
3488 1556 3544 1603 et
3566 1549 3742 1618 justus
3768 1552 3844 1607 ad

2256 1645 2440 1686 eorum
2488 1648 2722 1701 poenam,
2760 1636 2953 1705 quibus
2988 1636 3085 1692 ista
3129 1638 3506 1707 praedicuntur,
3538 1651 3597 1697 ut
3633 1643 3843 1699 malum

2256 1724 2396 1793 quod
2448 1724 2529 1778 eis
2573 1726 2867 1795 impendet,
2925 1739 3207 1798 antequam
3237 1732 3408 1785 veniat
3451 1736 3844 1800 prtenoscendo

2257 1819 2561 1885 patiantur,
2603 1819 2812 1873 occulto
2863 1832 3117 1890 apparatu
3168 1822 3580 1880 ministeriorum
3617 1841 3846 1882 suorum

2256 1908 2415 1963 etiam
2442 1910 2723 1978 spiritibus
2744 1912 2934 1965 talibus
2953 1912 3151 1983 aliquid
3181 1913 3523 1971 divinationis
3548 1917 3844 1987 impertiat,

2257 2009 2316 2053 ut
2343 2001 2482 2069 quod
2500 2002 2720 2056 audiunt
2755 2004 2821 2057 ab
2852 2004 3091 2073 Angelis,
3129 2008 3484 2074 praenuntient
3511 2002 3844 2063 hominibus.

2257 2090 2485 2148 Tantum
2525 2103 2701 2148 autem
2754 2095 2994 2159 audiunt,
3036 2107 3288 2165 quantum
3315 2099 3552 2154 omnium
3579 2100 3850 2156 Dominus

2254 2192 2412 2253 atque
2436 2184 2735 2239 moderator
2766 2188 2843 2241 vel
2867 2185 3015 2253 jubet
3039 2188 3121 2241 vel
3141 2188 3285 2244 sinit.
3306 2187 3460 2245 Unde
3476 2191 3641 2245 etiam
3681 2192 3846 2260 spiri-

2257 2281 2341 2327 tus
2370 2274 2654 2345 pytltouius
2683 2275 2733 2329 iu
2752 2277 2965 2330 Actibus
2990 2278 3361 2347 Apostolorum
3386 2288 3666 2334 attestatur
3687 2281 3838 2336 Pau-

2256 2364 2310 2418 lo
2346 2365 2588 2433 apostolo
2614 2407 2630 2432 ,
2684 2374 2737 2420 et
2778 2368 3096 2437 evangelista
3140 2384 3261 2424 esse
3301 2370 3565 2438 conatur(
3583 2369 3693 2424 Act.
3719 2387 3842 2437 χιιι.

2256 2456 2323 2511 17
2345 2456 2386 2529 ).
2411 2458 2631 2512 Miscent
2659 2469 2833 2513 tamen
2859 2460 2942 2514 ἰκιί
2970 2460 3224 2527 fallacias,
3249 2470 3304 2516 et
3328 2477 3511 2517 verum
3540 2464 3681 2533 quod
3704 2479 3839 2518 nos-

2252 2561 2314 2602 se
2340 2549 2625 2617 potuerint,
2655 2565 2759 2602 non
2780 2549 3004 2605 docendi
3035 2552 3198 2621 magis
3228 2567 3386 2622 quam
3400 2542 3697 2623 decipiendi
3728 2554 3843 2608 iiut:

2256 2640 2629 2710 praenuntiant.
2661 2640 2730 2695 Et
2776 2642 2908 2695 forte
2936 2641 3037 2696 hoc
3078 2650 3162 2697 est
3211 2642 3351 2712 quod
3375 2658 3497 2697 eum
3526 2645 3611 2699 illa
3660 2645 3845 2714 imago

2251 2731 2513 2787 Samuelis
2559 2731 2772 2786 Saulem
2813 2731 3125 2802 prrediceret
3152 2734 3488 2799 moriturum,
3519 2734 3649 2789 dixit
3671 2738 3841 2790 etiam

2251 2838 2433 2878 secum
2457 2822 2687 2877 futurum
2712 2842 2724 2877 :
2755 2823 2894 2893 quod
2918 2824 3095 2894 utique
3120 2825 3307 2879 falsum
3328 2834 3429 2880 est.
3460 2826 3648 2896 Magno
3667 2831 3834 2897 quip-

2252 2927 2318 2982 pe
2343 2912 2622 2967 intervallo
2667 2926 2785 2982 post
2831 2922 3056 2968 mortem
3094 2915 3328 2984 separari
3354 2915 3567 2970 bonosa
3590 2916 3747 2970 malis
3776 2918 3837 2970 in

2253 3006 2539 3076 Evangelio
2566 3008 2807 3076 legimus,
2848 3024 2967 3061 eum
3002 3009 3253 3063 Dominus
3279 3009 3414 3063 inter
3437 3010 3722 3079 superbum
3765 3011 3838 3065 il-

2250 3097 2359 3151 lum
2380 3098 2619 3161 divitem,
2655 3114 2775 3152 cum
2798 3099 2907 3167 jam
2932 3098 3072 3169 apud
3104 3097 3302 3154 inferos
3322 3109 3582 3155 tormenta
3605 3111 3822 3170 patere-

2251 3199 2357 3257 tur,
2386 3200 2441 3249 et
2484 3191 2629 3245 illum
2659 3192 2750 3260 qui
2796 3192 2861 3244 ad
2895 3192 3013 3260 ejus
3032 3192 3247 3261 januam
3279 3194 3558 3249 ulcerosus
3588 3193 3824 3263 jacebat,

2244 3279 2355 3350 jam
2387 3280 2652 3351 iit/requie
2688 3282 3056 3346 constitutum,
3111 3298 3359 3354 magnum
3399 3283 3562 3337 chaos
3607 3285 3837 3352 iuterje-

2247 3382 2391 3426 ctum
2410 3387 2531 3426 esse
2560 3373 2817 3444 testatur(
2844 3370 2973 3426 Luc.
3016 3388 3122 3435 xvr,
3147 3372 3217 3427 26
3246 3374 3287 3443 ).
3318 3374 3424 3429 Aut
3451 3374 3497 3428 si
3545 3385 3831 3445 propterea

2248 3462 2627 3519 SamuclSat'tli
2652 3462 2803 3523 dixit.
2840 3454 3041 3516 Mecum
3071 3464 3189 3529 eris,
3219 3473 3276 3517 ut
3300 3479 3402 3518 non
3440 3465 3505 3518 ad
3550 3464 3830 3534 aequalita-

2247 3562 2353 3609 tem
2376 3554 2660 3620 felicitatis,
2701 3556 2794 3609 sed
2815 3555 2879 3609 ad
2905 3571 3081 3624 parem
3100 3555 3456 3609 conditionem
3483 3557 3669 3610 mortis
3686 3556 3837 3612 refec-

2246 3659 2415 3715 ratur,
2446 3649 2591 3719 quod
2616 3657 2841 3718 uterque
2862 3649 3021 3702 homo
3038 3642 3216 3716 fuerit,
3234 3658 3288 3702 et
3312 3656 3534 3717 uterque
3560 3649 3694 3702 mori
3718 3664 3825 3715 po-

2247 3741 2427 3805 tuerit,
2462 3740 2676 3809 jamque
2719 3750 2963 3794 mortuus
2992 3748 3214 3793 mortem
3247 3740 3368 3793 vivo
3392 3740 3781 3808 pranumtiabat
3813 3759 3829 3801 ;

2246 3831 2517 3900 perspicit,
2543 3840 2796 3899 quantum
2837 3831 3049 3900 opinor,
3083 3830 3359 3899 prudentia
3389 3838 3499 3891 tua.
3525 3829 3827 3884 secundum

2246 3931 2531 3991 utrumque
2560 3922 2883 3975 intellectum
2905 3921 3101 3976 habere
3126 3921 3324 3974 exitum
3349 3921 3491 3975 illam
3510 3920 3826 3981 lectionem,

2245 4013 2336 4083 qui
2365 4030 2469 4067 non
2501 4014 2571 4067 sit
2617 4024 2799 4068 contra
2846 4013 3001 4068 ﬁdem
3039 4032 3052 4066 :
3091 4014 3190 4067 nisi
3241 4012 3376 4067 forte
3405 4011 3749 4081 profundiore
3772 4025 3833 4069 et

2246 4107 2578 4175 perplexiore
2605 4106 2963 4174 inquisitione,
3004 4122 3121 4176 quae
3143 4106 3222 4160 vel
3249 4106 3442 4159 virium
3471 4121 3706 4159 mearum
3741 4106 3831 4160 vel

2247 4198 2499 4266 temporis
2536 4198 2747 4251 excedit
2793 4196 3082 4267 angustias,
3127 4196 3502 4250 inveniaturad
3533 4194 3819 4265 liquidum,

2244 4287 2325 4340 vel
2360 4301 2517 4355 posse
2556 4287 2639 4340 vel
2695 4303 2799 4340 non
2833 4300 2987 4356 posse
3012 4285 3242 4339 animam
3268 4283 3575 4348 humanam,
3603 4300 3724 4338 cum
3752 4300 3822 4339 ex

2243 4377 2343 4432 hac
2369 4379 2471 4432 vita
2528 4379 2849 4448 migraverit,
2905 4377 3121 4447 magicis
3167 4376 3496 4431 carminibus
3538 4385 3827 4430 evocatam

2242 4471 2482 4525 vivorum
2506 4485 2764 4540 apparere
2786 4470 3184 4538 conspectibus,
3216 4468 3377 4523 etiam
3404 4466 3643 4533 canoris
3664 4466 3833 4519 linea-

2242 4573 2418 4618 menta
2458 4572 2777 4631 gesnmtem,
2806 4571 2862 4615 ut
2892 4576 2995 4614 non
3028 4559 3201 4614 solum
3233 4558 3396 4613 videri
3427 4558 3615 4620 valeat,
3645 4557 3739 4612 sed
3773 4569 3833 4611 et

2241 4655 2475 4723 agnosci.
2502 4654 2566 4709 Et
2601 4654 2644 4707 si
2692 4661 2883 4722 potest,
2925 4663 3100 4706 utrum
3144 4652 3303 4706 etiam
3328 4652 3454 4720 justi
3485 4651 3681 4714 anima,
3713 4666 3829 4706 non

2240 4746 2451 4817 quidem
2481 4755 2699 4814 cogatur
2739 4745 2956 4815 magicis
2987 4744 3181 4810 sacris,
3213 4743 3307 4799 sed
3337 4743 3585 4813 dignetur
3611 4743 3827 4796 ostendi

2241 4838 2617 4891 occultioribus
2678 4836 2910 4905 imperiis
2965 4850 3188 4890 summa:
3231 4835 3362 4904 legis
3409 4835 3825 4903 obtemperans:

2241 4940 2292 4983 ut
2324 4930 2367 4983 si
2392 4930 2501 4983 lieri
2536 4946 2640 4982 non
2668 4942 2824 4997 posse
2847 4927 3117 4994 claruerit,
3143 4940 3247 4981 non
3295 4938 3519 4995 uterque
3553 4939 3746 4979 sensus
3772 4929 3827 4978 iu

2241 5022 2398 5089 hujus
2423 5020 2710 5088 Scriptum:
2747 5017 3061 5073 tractatione
3089 5028 3244 5086 atque
3270 5016 3600 5086 cXpositione
3623 5014 3827 5069 admit-

2240 5123 2402 5176 tatur,
2423 5111 2515 5167 sed
2547 5112 2635 5164 illo
2663 5109 2898 5172 excluso,
2919 5108 3228 5178 imaginaria
3247 5109 3516 5162 simulatio
3544 5106 3821 5161 Samuelis

2237 5204 2498 5258 diabolico
2526 5203 2630 5256 ritu
2661 5201 2796 5256 facta
2823 5201 3164 5270 intelligatur.
3183 5200 3285 5254 Sed
3312 5199 3583 5269 quoniam,
3607 5197 3719 5251 sive
3755 5198 3825 5249 il-

2236 5297 2323 5351 lud
2356 5297 2466 5349 lieri
2495 5296 2683 5364 possit,
2725 5294 2839 5348 sive
2868 5308 2972 5348 non
3005 5292 3195 5362 possit,
3224 5300 3405 5347 tamen
3439 5290 3646 5345 fallacia
3674 5299 3828 5342 sata-

2238 5404 2320 5443 na:
2345 5396 2503 5456 atque
2551 5384 2840 5454 imaginum
2889 5383 3308 5438 simulandarum
3345 5380 3532 5436 callida
3579 5381 3828 5449 operatio

2236 5476 2563 5546 decipiendis
2606 5477 2851 5540 humanis
2894 5475 3140 5530 sensibus
3170 5473 3514 5539 multiformis
3557 5470 3822 5540 invigilat.

2238 5568 2559 5639 pedetentim
2589 5566 2824 5637 quidem,
2858 5582 2925 5620 ne
2952 5565 3377 5636 inquisitionibus
3392 5563 3825 5633 diligentioribus

2237 5660 2679 5731 pnescribamus,
2732 5658 2824 5712 sed
2869 5668 3048 5712 tamen
3087 5658 3261 5726 potius
3303 5655 3665 5708 existimemus
3712 5654 3826 5708 tale

2237 5751 2430 5821 aliquid
2474 5749 2672 5806 factum
2698 5748 2928 5820 maligno
2954 5748 3279 5819 pytltoniSsa:
3325 5746 3466 5803 illius
3494 5745 3825 5813 ministerio,
