4000 6336
1582 304 1784 361 LIBER
1818 298 2021 359 UNUS.
3336 286 3436 354 {86

1857 413 2006 470 venis
2030 412 2224 483 rapuit,
2248 420 2305 466 ut
2348 410 2570 466 haberet
2594 424 2834 465 uxorem.
2862 412 3157 481 Antequam
3180 424 3439 467 concum-

1859 506 2069 569 berent,
2099 517 2316 574 pressus
2362 516 2555 556 somno
2591 511 2645 555 et
2670 500 2888 557 territus
2912 501 3142 567 somnia,
3194 503 3434 559 Sitifensi

1858 595 2109 666 episcopo
2136 593 2380 649 eamdem
2422 594 2894 649 vehementissime
2933 594 3249 664 requirenti,
3276 610 3435 651 reva-

1859 687 1999 743 cavit
2020 688 2291 740 intactam.
2334 684 2535 739 Vivunt
2573 684 2749 739 adhuc
2794 685 2862 740 de
2886 685 3081 756 quibus
3104 685 3314 757 loquar.
3347 688 3439 742 Ille

1862 779 2164 847 baptizatus
2196 788 2253 833 et
2271 777 2387 848 ipso
2408 778 2461 831 in
2490 793 2549 832 se
2580 777 2721 832 facta
2762 778 3019 833 miracula
3056 793 3347 833 conversus
3375 779 3442 834 ad

1862 870 2169 935 Dominum,
2197 869 2263 924 ad
2289 868 2653 938 episcopatum
2688 868 2979 922 venerabili
3022 869 3286 939 probitate
3317 884 3443 939 per—

1860 960 2009 1015 venit
2035 976 2049 1024 ;
2084 959 2169 1013 illa
2196 959 2250 1012 in
2278 967 2460 1012 sancta
2486 958 2742 1013 viduitate
2765 957 3022 1027 persistit.

205 320 281 380 185

206 434 394 512 quamdiu
413 432 578 490 nobis
604 431 818 503 aliquid
841 428 1067 500 amplius
1090 426 1390 497 excogitare
1401 431 1561 493 atqu
1580 418 1751 512 expli-

209 511 300 587 care
320 542 405 582 non
433 524 631 579 datur:
658 522 1042 597 (thionum
1069 518 1139 572 ad
1164 515 1559 586 Simplicianum
1583 511 1674 568 lib.
1692 511 1750 577 2,

209 614 738 771 «gldizsuntquze
784 710 913 755 tunc
959 697 1026 752 de
1078 697 1384 769 pythonlssa
1423 703 1478 748 et
1505 692 1757 747 Samuele

206 797 358 869 scripsi
380 797 417 849 ¹.
440 793 550 849 Sed
581 807 746 863 quam
779 807 887 845 nan
932 789 1126 843 frustra
1155 785 1401 846 dixerim,
1435 780 1756 853 pedetentim

206 906 284 950 nos
309 891 354 943 in
373 887 472 942 hac
495 900 558 941 re
584 895 740 955 gesta
793 882 1095 936 simulatam
1123 881 1145 911 ’
1172 876 1438 933 Samuelis
1469 872 1756 942 imaginem

205 982 401 1051 maligno
447 976 786 1048 pythonissae
834 970 1130 1027 ministeria
1160 972 1535 1038 pmsentatam
1576 961 1755 1017 existi-

206 1047 328 1126 mare
353 1047 568 1132 debere,
589 1082 660 1120 ne
685 1062 1117 1135 inquisitiouibus
1151 1054 1575 1128 diligentioribus
1620 1068 1763 1123 prm-
1935 1051 1989 1104 4.
2011 1049 2144 1116 Quid
2170 1058 2345 1105 autem
2358 1048 2583 1104 dixerim
2608 1057 2793 1102 contra
2808 1048 3058 1102 Faustum
3074 1047 3447 1113 Manichreum,

203 1164 651 1224 scribamus;mea
680 1154 1239 1229 pasteriarinquisitia
1257 1147 1566 1213 declaravit,
1594 1161 1763 1218 quan-
1863 1158 1989 1197 cum
2044 1142 2461 1196 calutnniaretur
2513 1140 2648 1210 patri
2706 1139 2970 1205 Abrahae,
3021 1139 3163 1209 quad
3220 1154 3442 1194 uxorem

204 1251 438 1311 doinveni
459 1251 514 1305 in
537 1250 676 1303 libro
716 1246 1112 1308 Ecclesiastica,
1145 1242 1232 1296 ubi
1264 1241 1449 1297 Patres
1476 1238 1762 1294 laudantur
1867 1251 2015 1290 suam
2035 1234 2243 1289 duobus
2267 1233 2482 1304 regibus
2511 1232 2579 1288 ad
2604 1232 2943 1287 concubitum
2989 1232 3335 1296 venditasset,
3365 1233 3450 1285 in-

198 1360 258 1400 ex
283 1342 488 1405 ordine,
542 1340 718 1409 ipsum
748 1336 1051 1392 Samuelem
1081 1334 1160 1388 sic
1199 1331 1363 1387 fuisse
1389 1330 1676 1394 laudatum,
1709 1335 1767 1382 ut
1869 1326 2049 1380 dicant
2074 1340 2192 1395 qua:
2208 1325 2409 1396 subjeci
2432 1325 2450 1357 ⁸
2481 1343 2499 1381 :
2530 1342 2551 1376 ι
2579 1325 2730 1393 Quod
2756 1334 2933 1379 autem
2957 1327 3180 1394 justum,
3206 1326 3447 1395 inquam,

200 1435 539 1508 prophetasse
594 1431 757 1485 etiam
809 1436 1046 1482 mortuus
1095 1421 1407 1496 diceretur(
1434 1420 1593 1475 Eccli.
1620 1434 1763 1484 xm,
1869 1427 1922 1472 ct
1950 1416 2157 1471 ﬁdelem
2202 1417 2376 1471 virum
2400 1415 2726 1472 matrimonii
2754 1417 2836 1471 sui
2863 1415 3273 1471 infamissimum
3306 1432 3451 1471 nun-

205 1506 262 1582 ἀὸ
278 1529 310 1595 ).
338 1524 448 1580 Sed
474 1524 521 1577 si
547 1533 603 1577 et
626 1522 750 1576 huic
775 1520 914 1573 libra
948 1534 1013 1573 ex
1041 1517 1407 1580 llebraaarum,
1432 1513 1552 1584 quia
1580 1513 1633 1567 in
1663 1525 1757 1567 eo-
1875 1506 2170 1562 dinatorem
2189 1506 2463 1577 appellans
2491 1508 2536 1572 ³,
2565 1506 2800 1571 ayaritim
2819 1520 2883 1561 ac
2906 1506 3109 1562 ventris
3132 1522 3292 1561 causa
3311 1507 3453 1561 duao

203 1634 304 1673 nm
328 1632 431 1670 non
463 1622 553 1670 est
584 1628 814 1676 canone,
843 1607 1269 1669 contradicitur;
1316 1605 1441 1675 quid
1478 1604 1547 1659 de
1588 1602 1768 1672 Moyse
1877 1598 1976 1652 bus
2009 1597 2241 1666 regibus,
2276 1595 2589 1653 Abimelech
2616 1612 2680 1652 ac
2726 1596 3010 1663 Pharaoni,
3055 1597 3280 1653 diversis
3319 1606 3455 1653 ιριῃ.

198 1706 605 1766 dietarisamus,
633 1703 723 1771 qui
750 1712 897 1756 certe
935 1699 1066 1754 etin
1094 1695 1502 1752 Deuteronomio
1531 1701 1773 1747 mortuus
1874 1688 2092 1758 paribus
2114 1687 2303 1742 Saram
2337 1688 2614 1759 conjugem
2660 1703 2813 1744 suam
2862 1703 3103 1744 sororem
3147 1690 3453 1757 mentitum,

207 1798 381 1869 (Dat.
412 1810 606 1854 nm.
634 1794 667 1848 5
694 1794 735 1861 ),
757 1800 812 1846 et
841 1792 894 1844 in
913 1787 1201 1858 Evangelia
1213 1801 1340 1842 cum
1382 1785 1493 1839 Elia
1512 1782 1603 1853 qui
1627 1797 1772 1837 mar-
1874 1782 1997 1849 quia
2023 1790 2140 1834 erat
2161 1778 2541 1849 pulcherrima,
2592 1779 2644 1834 iu
2670 1779 3008 1834 concubitum
3038 1781 3230 1835 asserit
3270 1779 3457 1836 vendi-

200 1898 308 1942 tuus
324 1902 431 1942 non
458 1892 566 1949 est,
617 1883 810 1952 legitur
852 1878 1165 1950 apparuisse
1206 1875 1505 1932 viventibus
1536 1873 1555 1943 (
1582 1872 1771 1927 Matth.
1878 1880 2056 1937 tasse;
2084 1888 2190 1926 non
2221 1887 2316 1927 ore
2341 1871 2576 1927 veridica
2617 1886 2649 1927 a
2693 1871 3018 1943 turpitudine
3045 1880 3256 1940 separat
3283 1871 3455 1926 hone-

206 1994 318 2041 πη,
335 1980 404 2047 5)
431 1978 459 2032 τ
1877 1972 2092 2028 etatem,
2116 1961 2209 2018 sed
2225 1977 2320 2017 ore
2337 1961 2597 2018 maledico
2622 1970 2790 2017 totum
2830 1962 2991 2016 vertit
3019 1961 3070 2015 in
3086 1961 3311 2015 crimen.
3342 1960 3454 2015 Hoc

225 2070 429 2137 01m.
482 2066 596 2123 VII.
622 2095 697 2137 -:
749 2062 1055 2137 Quomodo_
1079 2070 1309 2137 stuprum
1382 2058 1671 2113 Abimelech
1699 2066 1748 2113 et
1880 2055 2022 2110 enim
2072 2055 2301 2109 Ahraltze
2342 2053 2538 2109 factum
2595 2054 2859 2108 lenocinia
2899 2053 3073 2107 simile
3114 2052 3458 2137 videtur,sed

662 2135 953 2190 Pharaonis
981 2131 1153 2203 effugit
1176 2132 1330 2186 Sara.

1910 2159 1992 2199 non
2017 2144 2316 2199 valentibus
2363 2160 2429 2198 ex
2474 2144 2615 2198 illius
2642 2152 2858 2198 aeterna:
2884 2142 3017 2212 legis
3058 2136 3259 2197 lumine
3291 2157 3321 2196 a
3342 2157 3467 2212 pec-

270 2231 323 2285 l.
350 2228 582 2298 Septima
604 2236 693 2281 tua
717 2224 1007 2295 propositio
1021 2231 1123 2287 est,
1148 2241 1166 2273 α
1188 2222 1427 2289 Qualiter
1463 2218 1783 2275 satisfacien-
1880 2239 2015 2292 αηεε
2060 2245 2206 2292 καθ
2244 2236 2378 2291 [πρυ
2420 2235 2727 2291 discernere
2748 2274 2765 2300 ν
2819 2234 3010 2304 quibus
3041 2242 3097 2288 οι
3142 2234 3462 2295 constantia,

211 2320 364 2375 idum
393 2320 565 2373 siteis
589 2316 680 2386 qni
700 2317 881 2370 dicunt
901 2312 1086 2370 Saram
1114 2320 1356 2381 stuprum
1385 2326 1488 2364 non
1508 2309 1779 2382 elIugisse,

1910 2327 2175 2383 pertinacia
2208 2326 2373 2381 videri
2406 2333 2616 2396 potest;
2644 2334 2700 2380 et
2717 2326 2884 2380 virtus
2912 2324 3136 2388 fiduciae,
3161 2324 3345 2378 vitium
3374 2338 3472 2393 pu—

212 2429 232 2463 ι
252 2425 364 2465 cum
387 2409 572 2462 dicant
611 2405 919 2461 Abimeledt
946 2404 1013 2459 ab
1041 2403 1156 2471 ejus
1175 2402 1530 2456 conventione
1570 2400 1783 2455 somnia

1910 2428 2031 2474 :ttur
2051 2417 2289 2474 audaciae
2316 2436 2330 2483 ;
2362 2426 2418 2472 et
2464 2430 2817 2487 quacumque
2868 2414 3117 2470 similiter
3148 2413 3472 2484 objiciuntur

212 2521 236 2554 s
256 2517 364 2558 esse
380 2509 694 2556 revocatum
721 2502 740 2569 (
768 2495 897 2552 Gen.
929 2500 1043 2565 xx),
1062 2505 1116 2550 et
1144 2494 1439 2549 immissum
1469 2494 1523 2548 in
1549 2492 1667 2563 ejus
1692 2506 1789 2548 ca-

215 2612 235 2646 ι
259 2593 429 2663 pulam
463 2591 801 2644 Pharaonem
830 2587 849 2658 (
878 2585 964 2640 Id.
988 2602 1058 2641 xtl
1090 2584 1151 2656 )?
1195 2602 1216 2637 ι

272 2686 323 2739 2.
352 2681 639 2753 Quomodo
686 2679 867 2735 dicant
920 2678 1216 2733 immissum
1264 2678 1315 2731 in
1364 2675 1485 2747 ejus
1534 2672 1786 2745 copulam

211 2776 539 2831 Pharaonem
564 2772 610 2837 ³,
644 2787 749 2825 non
797 2769 990 2835 video;
1021 2784 1141 2824 cum
1192 2767 1258 2821 ad
1314 2766 1416 2821 hac
1458 2765 1787 2821 credendum

213 2872 477 2939 Scriptura
510 2886 620 2922 non
668 2875 845 2936 cogat.
870 2866 1089 2936 Accepit
1139 2867 1282 2921 enim
1331 2882 1451 2921 eam
1493 2866 1708 2936 quidem
1738 2865 1792 2918 in

210 2976 441 3024 uxorem,
491 2960 866 3027 continuaque
915 2957 1111 3011 ditatus
1154 2968 1237 3013 est
1286 2958 1551 3013 Abraham
1617 2957 1798 3011 multis

211 3052 584 3122 £gyptiarum
614 3047 925 3103 muneribus
949 3057 1164 3117 propter
1186 3048 1328 3101 illam
1363 3066 1376 3101 :
1407 3047 1501 3102 sed
1528 3062 1635 3101 non
1664 3046 1798 3102 scri-

208 3153 348 3214 ptum
370 3151 478 3205 est,
512 3140 660 3209 quod
686 3154 806 3194 cum
828 3154 890 3194 ea
922 3138 1129 3193 Pharao
1153 3138 1453 3202 dormiet-it,
1487 3139 1645 3209 eique
1674 3153 1797 3207 per-

208 3235 401 3289 mixtus
449 3234 527 3287 sit
560 3247 577 3293 ;
618 3230 869 3299 quoniam
906 3229 1046 3284 Deus
1087 3244 1209 3283 eum
1262 3228 1446 3282 multis
1490 3230 1801 3298 magnisque

211 3325 445 3380 cladibus
470 3320 766 3390 afﬂigenda
791 3319 842 3373 id
866 3320 1042 3375 facere
1092 3333 1197 3372 non
1229 3319 1488 3388 permisit.
1515 3318 1629 3372 Non
1659 3317 1801 3372 enim

206 3415 414 3485 placitae
446 3412 670 3483 regibus
684 3410 749 3464 ad
770 3408 1074 3478 caujugium
1105 3407 1318 3464 feminae
1347 3423 1469 3462 mox
1499 3408 1659 3463 etiam
1686 3422 1806 3462 car-

210 3522 273 3560 ne
293 3505 717 3575 copulabantur.
745 3500 851 3555 Sed
867 3501 1007 3554 sicut
1019 3499 1243 3570 legimus
1268 3499 1321 3553 in
1338 3498 1472 3553 libra
1489 3498 1580 3569 qui
1597 3513 1805 3569 prama—

205 3605 348 3651 tatar
378 3595 605 3658 Esther,
630 3608 727 3662 per
758 3591 961 3661 aliquot
984 3605 1215 3655 menses,
1250 3590 1359 3644 imo
1381 3605 1477 3659 per
1507 3599 1672 3645 totum
1711 3605 1808 3646 an-

207 3703 352 3749 num,
382 3686 702 3755 unguentis,
729 3681 1011 3753 pigmentis
1037 3680 1082 3746 δ,
1104 3680 1434 3735 aramatibus
1479 3680 1807 3736 accuraban-

212 3791 499 3834 ture-anim
530 3791 784 3847 carpam,
831 3775 1135 3857 priusquam
1179 3773 1391 3843 corpori
1436 3764 1583 3844 regio
1612 3774 1808 3829 misce-

208 3879 395 3924 rentur
421 3871 443 3938 (
476 3866 671 3920 Esther
713 3880 772 3930 ιι,
815 3863 884 3919 η
910 3862 955 3935 ).
1005 3862 1119 3919 [lac
1146 3877 1275 3934 ergo
1304 3863 1479 3933 spatio
1508 3863 1643 3917 facta
1686 3871 1811 3919 sunt

209 3959 296 4012 ila
324 3975 452 4029 qua:
490 3957 697 4025 scripta
721 3962 843 4009 sunt
868 3997 884 4020 ,
911 3953 1083 4009 donec
1108 3953 1314 4008 Pharao
1357 3954 1617 4009 contritus
1638 3964 1692 4009 et
1713 3969 1809 4010 ex-

213 4052 435 4104 territus
459 4048 659 4102 marito
688 4047 1007 4101 restituisset
1024 4061 1266 4101 uxorem.
1298 4046 1605 4101 Abitueleclt
1632 4056 1811 4102 autem

202 4143 470 4211 quatiam
498 4139 715 4194 somnia
744 4149 822 4193 est
850 4138 919 4193 ab
946 4138 1062 4207 ejus
1077 4137 1453 4192 commixtione
1475 4138 1772 4206 prohibitus
1793 4181 1809 4207 ,

211 4232 333 4289 ideo
356 4234 457 4302 qui
499 4232 696 4287 Saram
724 4239 966 4300 stuprum
993 4244 1099 4283 non
1123 4229 1319 4284 vitasse
1340 4228 1686 4295 contendunt,
1717 4244 1814 4299 pu-

207 4333 323 4377 tam
345 4325 543 4392 utique
584 4336 785 4389 regem,
819 4329 875 4373 ut
914 4319 1222 4381 somniaret,
1270 4319 1479 4373 nonnisi
1527 4328 1645 4388 post
1687 4319 1805 4389 ejus

200 4413 573 4466 concubitum
605 4408 838 4464 dormire
855 4408 1108 4479 patuisse.
1135 4408 1293 4475 Quasi
1318 4423 1465 4472 vero,
1491 4417 1547 4463 ut
1568 4410 1809 4464 omittam

198 4511 433 4573 tempus
455 4518 569 4572 qua
594 4501 999 4566 accumbantur,
1024 4509 1082 4556 ut
1108 4515 1267 4569 supra
1297 4500 1425 4565 dixi,
1451 4500 1516 4555 ad
1556 4501 1801 4571 volupta-

200 4602 319 4649 tem
348 4595 570 4663 regiam
607 4607 832 4661 corpora
875 4590 1215 4657 feminarum,
1268 4607 1373 4646 non
1401 4593 1631 4661 potuerit
1658 4594 1816 4659 Deus,

202 4689 546 4757 widmann
600 4687 953 4757 convenirent
978 4724 993 4748 ,
1029 4699 1151 4740 eum
1194 4700 1434 4754 mergere
1464 4684 1517 4740 in
1547 4699 1815 4753 somnum,

196 4788 261 4833 et
286 4780 611 4833 admonere
649 4791 744 4846 per
768 4776 1056 4831 somnium.
1736 4833 1741 4837 ,

273 4869 334 4923 5.
368 4868 571 4924 Dieant
602 4865 746 4935 quod
775 4864 969 4921 factum
992 4873 1079 4922 est
1101 4865 1157 4921 in
1197 4865 1507 4921 Mauritania
1554 4864 1820 4921 Sitifensi.

200 4960 405 5030 Reque
457 4961 613 5014 enim
662 4958 802 5013 Deus
847 4966 1151 5014 sanctarum
1180 4957 1419 5023 Patrum,
1471 4973 1578 5012 non
1610 4959 1719 5027 ipse
1743 4968 1826 5013 est

198 5054 377 5107 etiam
436 5052 592 5106 Deus
621 5059 818 5104 noster.
848 5049 1072 5104 Viduam
1102 5049 1155 5104 in
1186 5051 1457 5120 proposita
1479 5052 1823 5106 continentia:

198 5146 585 5200 constitutam
633 5141 956 5198 Celticcbius
983 5142 1005 5175 '
1033 5141 1247 5213 quidam
1299 5142 1711 5199 catechumenos
1740 5143 1828 5214 ju-

266 5297 287 5328 ί
318 5303 432 5347 ttat.
472 5303 583 5359 Am.
609 5300 686 5359 Er.
725 5298 779 5345 et
817 5307 849 5344 e
884 5294 1119 5344 Vaticanis
1147 5303 1251 5359 ttss.
1288 5295 1387 5359 duo
1418 5302 1717 5359 pmtereunt
1749 5310 1831 5347 se-

196 5365 440 5419 quentes
462 5356 714 5407 tredecim
731 5368 924 5427 versus,
946 5362 1095 5419 atque
1116 5356 1175 5407 ad
1198 5355 1432 5418 verbum,
1445 5355 1637 5420 scripsi,
1664 5360 1829 5421 praxi-

198 5431 287 5468 ειε
311 5421 661 5481 ειώὲωεωιν
685 5416 1377 5481 εεριυιιαιιραρνρνράιίοεαο
1469 5477 1479 5481 -
1572 5480 1577 5481 ,

266 5429 664 5574 gms
682 5429 1416 5545 aram-ms...
1435 5477 1725 5551 ms...

321 5548 390 5574 ﬁ"
413 5544 515 5574 α..
544 5546 875 5574 mchhmnlnr
896 5540 1064 5574 ﬁerinam
1078 5542 1226 5574 vnrha
1251 5555 1265 5569 α
1291 5543 1531 5574 numdn
1553 5542 1715 5574 damma!
1738 5542 1757 5574 ὅ

268 5542 296 5574 ⁸
321 5540 875 5592 unanimanti»
896 5540 1266 5592 lstbzecverba‘:
1291 5543 1531 5602 ouontodo
1551 5540 1716 5594 dicant
1738 5542 1830 5593 im-

203 5601 422 5654 m
446 5602 508 5655 in
527 5602 636 5666 ejus
656 5601 886 5668 copulant
908 5599 1223 5652 Pharaonem.

270 5667 295 5695 ⁸
324 5671 377 5714 In
398 5665 631 5717 melioris
652 5674 787 5717 notae
812 5661 1057 5726 Issiaco.
1074 5662 1352 5726 pigttterttis,
1371 5663 1573 5726 legitur,

270 5667 295 5695 δ
324 5671 377 5714 ιιι
398 5666 631 5736 melioris
652 5666 787 5717 notae
812 5666 1057 5734 Hsszloca,
1074 5666 1352 5726 We,
1371 5666 1573 5729 legitur,

745 5733 799 5799 _In
823 5733 1064 5799 ἳδιιειιειξε
1081 5725 1288 5799 ditches».
1302 5727 1521 5799 (Mi?
1540 5734 1830 5799 ατρστωξςιηι·

266 5789 424 5841 ιω.
452 5798 551 5841 ω.
578 5788 959 5844 etsorbonicus
993 5787 1833 5847 Ms,celcichius.vaticaaicodices

1888 2509 2040 2580 quasi
2064 2522 2170 2564 non
2210 2518 2356 2563 recte
2383 2507 2661 2578 agentibus
2706 2522 2735 2560 a
2777 2521 2885 2560 non
2927 2515 3075 2560 recte
3105 2504 3468 2565 cernentibus.

1890 2601 2075 2672 Neque
2136 2599 2279 2655 enim
2343 2597 2611 2653 Abraham
2681 2596 2882 2667 ﬂagitia
2923 2595 3196 2650 consensit
3261 2594 3465 2658 uxoris,

1893 2691 2114 2760 ejusque
2140 2688 2376 2745 vendidit
2401 2686 2719 2742 adulterium
2754 2703 2769 2738 :
2797 2685 2891 2740 sed
2929 2685 3070 2740 sicut
3098 2684 3185 2738 illa
3220 2683 3469 2738 famulam

1896 2796 2046 2837 suam
2088 2797 2193 2835 non
2220 2778 2421 2833 libidini
2449 2778 2623 2832 mariti
2660 2776 2920 2847 permisit,
2952 2776 3046 2831 sed
3078 2774 3256 2830 ofticia
3309 2789 3475 2846 gene-

1898 2872 2046 2928 randi
2095 2872 2236 2927 ultra
2281 2869 2476 2935 intulit,
2497 2883 2827 2939 nequaquam
2857 2867 3068 2922 turbato
3095 2867 3285 2923 ordine
3330 2877 3483 2921 natu-

1896 2963 2017 3029 rali,
2043 2961 2132 3017 ubi
2169 2960 2287 3030 ejus
2334 2970 2566 3030 potestas
2592 2968 2711 3014 erat
2732 2958 2929 3028 jubens
2984 2960 3160 3028 potius
3190 2958 3480 3022 abetlienti,

1899 3068 2057 3123 quam
2099 3050 2297 3107 cedens
2334 3049 2777 3119 concupiscenti;
2829 3048 2909 3103 sic
2939 3058 2994 3102 et
3039 3047 3154 3118 ipse
3195 3048 3475 3118 conjugem

1898 3154 2122 3209 castam,
2176 3150 2231 3196 et
2272 3149 2418 3195 casta
2476 3139 2639 3194 corde
2676 3139 2777 3194 sibi
2804 3138 3184 3202 cabmrentem,
3216 3138 3284 3193 de
3330 3138 3483 3208 cujus

1901 3233 2114 3296 animo,
2145 3232 2235 3287 ubi
2274 3230 2540 3301 pudicitia:
2575 3232 2743 3283 virtus
2783 3226 3009 3293 habitat,
3034 3229 3179 3283 nulla
3207 3228 3368 3285 modo
3383 3230 3482 3285 du-

1904 3323 2124 3387 bitabat,
2152 3314 2585 3383 tacuit‘usorem,
2627 3318 2761 3373 dixit
2810 3334 3073 3382 sororem,
3119 3334 3185 3373 ne
3212 3334 3273 3373 se
3309 3320 3489 3374 occiso

1905 3416 1974 3469 ab
2016 3413 2329 3483 alienigenis
2375 3421 2534 3481 atque
2580 3411 2755 3480 impiis
2814 3411 3021 3478 captiva
3076 3411 3486 3479 possideretur;

1902 3518 2084 3565 certus
2106 3506 2176 3561 de
2197 3505 2307 3559 Dea
2336 3519 2436 3559 suo
2474 3502 2616 3574 quod
2643 3501 2775 3557 nihil
2807 3518 2923 3556 eam
2956 3511 3108 3571 turpe
3148 3516 3213 3556 ac
3260 3501 3493 3571 ﬂagitiu-

1908 3615 2025 3655 sum
2057 3599 2259 3669 perpeti
2306 3596 2523 3651 sineret.
2553 3578 2679 3650 Nec.
2708 3609 2830 3648 eum
2859 3592 2991 3649 tides
3017 3607 3081 3647 ac
3121 3607 3245 3663 spes
3283 3592 3489 3648 fefellit.

1907 3690 2147 3760 Namque
2166 3688 2372 3743 Pharao
2397 3687 2613 3741 territus
2634 3684 2906 3747 monstris,
2948 3684 3237 3754 multisque
3278 3694 3495 3754 propter

1909 3798 2027 3839 eam
2057 3778 2476 3844 malisafliictus,
2524 3778 2613 3832 ubi
2637 3778 2755 3848 ejus
2798 3791 2920 3832 esse
2953 3792 3177 3833 uxorem
3232 3777 3493 3833 divinitus

1911 3874 2119 3941 didicit,
2147 3872 2364 3928 illmsam
2400 3886 2521 3927 cum
2542 3871 2743 3926 honore
2766 3869 3021 3925 restituit:
3046 3869 3355 3927 Abimclech
3393 3887 3495 3925 au-

1912 3978 2021 4025 tem
2042 3967 2251 4023 somnia
2285 3966 2639 4021 commonitus
2664 3974 2720 4020 et
2763 3964 3004 4031 edoctus,
3036 3966 3281 4022 similiter
3320 3966 3444 4023 fecit
3470 3985 3491 4020 s

1917 4060 1937 4129 (
1962 4057 2152 4115 Contra
2177 4056 2425 4111 Faustum
2448 4055 2538 4111 tib.
2558 4054 2649 4110 23.
2681 4072 2821 4126 cap.,
2849 4056 2919 4111 33
2938 4056 2980 4127 ).

1914 4153 2132 4223 Quur.
2162 4149 2292 4206 γιιι.
2312 4179 2385 4191 -
2408 4148 2637 4220 Denique
2660 4150 2723 4202 de
2742 4147 2942 4220 Spiritu
2966 4146 3067 4203 Dei
3090 4150 3175 4218 qui
3200 4166 3354 4217 super
3366 4153 3500 4222 fere-

2013 4245 2161 4298 batur
2179 4259 2334 4312 super
2349 4258 2555 4313 aquam,
2597 4258 2665 4295 an
2694 4240 2804 4310 ipse
2819 4242 2885 4295 sit
2908 4239 3134 4311 Spiritus
3179 4252 3404 4296 sanctus.
3494 4266 3495 4269 η

1991 4335 2043 4388 1.
2064 4333 2368 4390 Novissime
2395 4331 2766 4401 exponendum
2788 4332 2961 4401 pascis
2981 4331 3050 4387 de
3077 4333 3265 4402 spiritu
3296 4333 3387 4387 Dei
3414 4333 3502 4404 qui

1920 4425 2351 4497 superferebatnr
2373 4440 2537 4493 super
2560 4439 2772 4496 aquam.
2809 4441 2830 4476 ε
2854 4424 3081 4491 Quidam
3125 4427 3266 4480 enim
3288 4442 3505 4482 asseve-

1921 4528 2061 4581 rant.
2095 4516 2286 4586 inquis,
2311 4516 2565 4585 Spiritum
2591 4525 2867 4579 sanctum;
2896 4517 2986 4571 alli
3019 4518 3348 4572 mundanum
3386 4521 3501 4588 spi-

1924 4610 2082 4664 ritum
2109 4608 2311 4671 dicuut,
2352 4607 2591 4661 dicentes
2619 4607 2741 4676 quia
2788 4622 2892 4661 nan
2953 4608 3124 4677 potuit
3161 4608 3509 4678 historiogra-

1923 4701 2065 4772 phus
2089 4716 2209 4756 cum
2237 4699 2499 4755 creaturis
2536 4713 2855 4755 enumerare
2883 4700 3216 4767 Creatorem,
3254 4716 3353 4757 nec
3388 4702 3511 4757 huic

1927 4793 2099 4847 locum
2122 4791 2350 4861 aliquem
2373 4791 2651 4859 deputare,
2694 4790 2784 4860 qui
2814 4792 3011 4861 ubique
3056 4792 3126 4846 sit
3180 4802 3344 4858 totus,
3388 4806 3509 4845 cum

1927 4882 2084 4938 Patre
2113 4881 2364 4941 videlicet
2389 4890 2551 4951 atque
2574 4879 2731 4935 Filia.
2765 4899 2786 4933 s

1997 4973 2051 5029 2.
2082 4972 2215 5040 Quid
2245 4986 2374 5043 ergo
2403 4971 2627 5027 istorum
2654 4987 2754 5042 ego
2781 4973 3065 5039 senserim,
3091 4990 3155 5027 ex
3181 4976 3350 5042 primo
3376 4972 3513 5027 libro

1931 5078 2116 5119 eorum
2145 5078 2279 5133 quas
2297 5061 2367 5119 de
2394 5061 2588 5118 Genesi
2614 5062 2917 5129 duodecim,
2948 5062 3086 5116 sicut
3109 5063 3273 5131 potui,
3303 5077 3409 5117 nau
3426 5080 3515 5118 se-~

1931 5155 2162 5225 eundum
2189 5153 2493 5224 allegorias,
2531 5156 2625 5209 sed
2671 5154 2966 5209 secundum
3013 5168 3189 5207 rerum
3242 5164 3513 5222 gestarum

1933 5248 2092 5304 fidem
2135 5247 2349 5317 scripsi,
2398 5248 2453 5302 in
2492 5246 2597 5303 bac
2643 5247 2955 5318 opusculum
3000 5244 3261 5299 transtuli.
3301 5265 3319 5296 ι
3354 5247 3515 5315 Inest,

1932 5420 2044 5481 duo,
2069 5417 2359 5489 Ceiitichius.
2380 5420 2686 5489 Oarbelensts
2708 5426 2761 5489 et
2784 5417 3110 5489 lj‘lariacensis.
3129 5420 3383 5489 _Frlticius.
3400 5431 3523 5474 Ger.

1933 5482 2179 5549 manensis
2200 5482 2434 5549 denique,
2457 5480 2687 5549 metilius.
2706 5487 2762 5549 _In
2782 5480 3173 5549 Carthaginensis
3194 5485 3386 5549 concilii
3418 5491 3523 5549 epi-

1933 5542 2065 5655 sm
2069 5544 2207 5654 “:11”
2188 5540 2521 5654 W,
2542 5540 2831 5592 undecimus
2852 5540 2981 5593 lutei-
3003 5544 3258 5607 episeOpas
3292 5540 3523 5598 Celticius

1936 5612 2225 5655 minatur.

2000 5666 2021 5735 ξ
2042 5667 2116 5735 sic
2134 5664 2316 5735 9W
2329 5661 2544 5735 mea"!
2565 5674 2675 5735 φφ
2696 5662 2857 5735 editi!»
2878 5661 3227 5735 ἱιῖάέιιησπξφςε
3244 5667 3441 5730 subieci.

2000 5729 2023 5760 ³
2044 5728 2117 5775 sic
2137 5725 2237 5775 me;
2269 5732 2324 5774 At
2346 5725 2482 5784 editi,
2504 5725 2797 5778 matrimonii
2814 5725 2889 5779 sui
2907 5725 3521 5784 inﬁnitost'snmum'nwuli-

1935 5795 2147 5839 notorem
2170 5786 2432 5841 antistium.

3929 28 3968 326 ξ
