4000 6336
568 345 667 400 167

565 470 805 528 mquam,
841 452 949 509 Deo
977 448 1279 519 benignitas
1305 460 1533 509 summa,
1561 453 1616 500 et
1641 451 1846 509 sancta,
1893 451 1946 497 et
1966 443 2141 509 justn;

563 563 616 608 et
638 549 875 621 quidam,
906 561 1009 599 non
1035 559 1102 599 ex
1131 541 1432 608 indigentia,
1467 537 1560 592 sed
1590 553 1654 592 ex
1696 536 2043 591 beneficentia
2061 550 2149 588 ve-

563 644 713 698 nicns
735 654 885 694 amor
915 638 968 690 in
996 649 1158 702 Opera
1196 648 1310 686 sua.
1338 632 1624 699 Propterea
1665 628 1971 697 priusquam
2011 625 2147 679 scri-

563 707 795 797 beretur,
829 730 967 785 Dixit
1028 727 1177 789 Deus,
1209 724 1327 777 Fiat
1380 724 1502 786 lux,
1548 721 1817 786 prtrcessit
1855 720 2143 786 Scriptura,

560 828 764 888 dicens,
809 820 875 874 Et
904 819 1110 890 spiritus
1156 815 1252 868 Dei
1294 811 1695 882 superferebatur
1732 825 1881 878 super
1938 822 2141 875 aquam.

559 917 697 985 Quia
725 916 839 970 sive
873 927 1027 980 aqua:
1056 910 1273 964 nomine
1297 904 1567 975 appellare
1584 902 1748 955 voluit
1774 910 1934 952 totam
1956 913 2064 965 cor;
2086 915 2146 948 o-

564 1008 731 1060 ralem
763 1004 1059 1063 materiam,
1088 1008 1148 1052 ut
1165 1013 1230 1052 eo
1256 996 1416 1051 modo
1446 994 1740 1065 insinuaret
1765 991 1907 1044 unde
1929 988 2063 1042 facta
2089 997 2145 1043 et

558 1100 782 1153 formata
810 1097 913 1150 sint
938 1092 1137 1156 omnia,
1166 1106 1284 1159 qua:
1307 1091 1355 1142 in
1379 1087 1490 1142 suis
1526 1084 1929 1155 generibusjam
1954 1082 2144 1147 digno-

559 1205 708 1244 scere
741 1200 1038 1256 possumus,
1067 1181 1342 1250 appellans
1376 1192 1589 1247 aquam,
1642 1175 1765 1243 quia
1818 1190 1879 1226 ex
1926 1171 2141 1225 humida

558 1289 742 1333 natura
766 1276 1004 1329 videmus
1028 1271 1204 1327 omnia
1232 1270 1282 1323 in
1307 1278 1446 1323 terra
1480 1284 1572 1335 per
1589 1265 1796 1333 species
1822 1262 1994 1315 varias
2032 1260 2141 1314 for-

562 1377 694 1431 mari
724 1384 882 1443 atque
902 1383 1278 1430 concrescere;
1297 1366 1408 1419 sive
1426 1362 1753 1431 spiritualem
1776 1359 1934 1410 vitam
1959 1372 2143 1425 quam-

559 1467 680 1521 dam
704 1474 828 1517 ante
854 1463 1076 1515 formam
1104 1453 1473 1511 conversionis
1506 1451 1656 1521 quasi
1687 1449 1979 1502 fluitantem
2005 1462 2018 1497 :
2050 1461 2142 1499 su-

562 1556 927 1625 perferebatur
955 1554 1133 1619 utique
1163 1546 1391 1617 Spiritus
1422 1544 1534 1607 Dei;
1563 1542 1683 1609 quia
1710 1538 2013 1607 subiacebat
2039 1538 2142 1591 sci-

560 1651 684 1703 licet
716 1648 866 1700 lmine
894 1642 1148 1697 Voluntati
1190 1636 1478 1698 Creatoris,
1527 1632 1781 1703 quidquid
1828 1629 1955 1684 illud
2003 1638 2136 1691 erat,

558 1740 701 1807 quod
748 1735 1082 1793 formaudmn
1124 1729 1612 1802 perliciendumque
1676 1723 2141 1777 inchoaveratzut

559 1834 766 1887 dicente
797 1831 903 1882 Deo
931 1828 980 1879 in
1010 1824 1182 1879 Verbo
1207 1836 1323 1884 suo,
1359 1818 1476 1872 Fiat
1507 1816 1628 1879 lux;
1657 1817 1708 1868 in
1762 1815 1897 1868 bona
1952 1812 2139 1865 volun—

561 1930 686 1986 tate,
717 1920 813 1973 hoc
832 1926 933 1982 est,
963 1917 1014 1969 in
1046 1912 1375 1981 beueplacito
1395 1909 1532 1978 ejus,
1567 1921 1661 1974 pro
1679 1904 1838 1957 modo
1866 1902 1948 1956 sui
1972 1917 2138 1971 gene-

556 2016 634 2068 ris
664 2018 902 2066 maneret
929 2007 1068 2079 quod
1090 2007 1282 2059 factum
1304 2013 1415 2066 est;
1438 2010 1492 2055 et
1514 2000 1630 2053 ideo
1656 2006 1859 2052 rectum
1883 2006 1965 2050 est
1994 1994 2136 2063 quod

556 2104 818 2175 placuerit
845 2102 975 2164 Deo,
1003 2098 1278 2166 Scriptura
1306 2093 1538 2154 dicente,
1572 2088 1638 2141 Et
1669 2088 1803 2156 facta
1844 2096 1914 2139 est
1937 2085 2067 2147 lux;
2094 2093 2139 2135 et

556 2198 678 2250 vidit
708 2195 840 2247 Deus
865 2194 1025 2246 lucem
1053 2190 1170 2259 quia
1215 2188 1345 2240 bona
1376 2194 1464 2239 est.
1499 2182 1569 2238 Ut
1596 2177 2043 2250 quemadmodum
2086 2177 2136 2229 in

557 2288 673 2357 ipso
704 2284 924 2340 exordio
948 2281 1209 2337 inchoata:
1238 2285 1520 2339 creaturaa,
1549 2288 1667 2342 qua:
1705 2270 1824 2324 coeli
1876 2276 1932 2322 et
1982 2275 2138 2320 terra:

558 2382 789 2440 nomine,
844 2385 1059 2447 propter
1084 2374 1137 2427 id
1174 2371 1315 2441 quod
1353 2370 1421 2422 de
1450 2368 1537 2420 illa
1589 2361 1966 2433 perliciendum
1998 2366 2134 2425 erat,

554 2475 975 2526 connnemorata
1043 2474 1162 2525 est,
1231 2460 1462 2514 Trinitas
1531 2455 1829 2510 insinuatur
1871 2450 2138 2505 Creatoris

559 2564 723 2635 (,nam
753 2561 963 2615 dicente
983 2557 1274 2623 Scriptura,
1309 2550 1371 2604 lu
1409 2548 1657 2617 principio
1699 2546 1815 2617 fecit
1862 2543 2000 2597 Deus
2030 2558 2136 2596 ca:-

565 2657 668 2708 lum
694 2663 740 2707 ct
768 2664 972 2714 terram,
1007 2646 1343 2714 intelligimus
1369 2643 1575 2695 Patrem
1601 2639 1653 2692 in
1680 2638 1776 2691 Dei
1820 2636 2056 2698 nomine,
2086 2642 2139 2688 et

559 2746 742 2798 Filium
765 2744 816 2794 in
848 2739 1087 2809 principii
1115 2736 1348 2799 nomine,
1378 2732 1463 2801 qui
1504 2747 1607 2783 non
1640 2729 1802 2791 l’atri,
1827 2726 1921 2779 sed
1944 2741 2053 2794 per-
2076 2740 2137 2777 se

556 2837 725 2905 ipunn
754 2839 944 2886 create
974 2828 1233 2896 primitus,
1264 2840 1325 2878 ac
1346 2822 1674 2893 potissimum
1704 2818 1961 2887 Spirituali
1986 2832 2139 2869 crea—

556 2940 708 2992 turar,
734 2934 787 2979 et
807 2930 1196 2991 consequenter
1224 2919 1383 2972 etiam
1417 2916 1678 2968 universae
1703 2922 1959 2965 creatura!
1986 2909 2137 2977 priu-

552 3019 747 3087 cipiunt
773 3024 855 3069 est
890 3032 903 3065 :
929 3012 1140 3065 dicente
1156 3018 1330 3061 autem
1359 3006 1654 3072 Scriptura,
1685 3002 1909 3072 Spiritus
1940 2999 2027 3053 Dei
2049 3015 2138 3052 su-

554 3108 899 3182 perfercbatur
938 3120 1091 3171 super
1125 3116 1328 3170 aquam,
1385 3096 1702 3164 completam
1743 3107 2134 3146 comtnenmra-

554 3206 752 3259 tionem
778 3196 1055 3253 Trinitatis
1082 3188 1461 3261 agnoscimus);
1505 3188 1574 3239 ita
1607 3194 1658 3239 et
1691 3187 1741 3237 in
1785 3183 2135 3237 COttvel'SiOIIe

551 3305 709 3364 atque
733 3289 1058 3363 perfectione
1095 3292 1376 3341 creatum,
1408 3288 1467 3332 ut
1492 3293 1670 3332 rerum
1723 3276 1930 3344 Species
1982 3275 2133 3342 dige-

550 3396 755 3448 rantur,
782 3381 966 3437 eadem
988 3377 1218 3431 Trinitas
1245 3374 1542 3426 insinuetur
1573 3387 1586 3421 :
1624 3368 1852 3421 Verbum
1886 3366 1979 3419 Dei
2025 3365 2133 3417 sei-

550 3475 695 3539 lioet,
718 3482 774 3527 et
804 3469 964 3524 Verbi
998 3468 1317 3528 Generator,
1367 3477 1487 3515 cum
1532 3459 1746 3521 dicitur,
1781 3456 1919 3509 Dixit
1963 3455 2133 3516 Deus;

550 3578 604 3623 et
630 3574 811 3622 sancta
833 3561 1070 3621 Bonitas;
1116 3559 1167 3612 in
1204 3572 1304 3626 qua
1345 3555 1452 3607 Deo
1471 3553 1646 3621 placet
1684 3547 1937 3617 quidquid
1962 3548 2007 3598 ei
2035 3560 2133 3614 pro

549 3673 663 3712 sine
692 3665 894 3710 natura:
922 3650 1138 3705 modulo
1161 3646 1453 3716 perfectum
1498 3642 1693 3710 placet,
1746 3653 1867 3692 cum
1918 3637 2129 3699 dicitur,

563 3748 697 3802 Vidit
712 3746 862 3799 Deus
885 3743 1004 3813 quia
1034 3741 1217 3793 bonum
1241 3746 1332 3790 est.

622 3840 677 3894 5.
704 3856 724 3889 ς
754 3836 981 3892 εειιιουιθ
998 3835 1418 3886 commemorata
1440 3823 1606 3893 prius,
1646 3820 1888 3891 quamvis
1936 3819 2133 3885 imper-

551 3931 686 3986 fecta
710 3936 975 3989 creatura,
1026 3931 1205 3992 postea
1235 3922 1689 3973 commemoratur
1732 3911 1963 3980 Spiritus
2012 3910 2128 3973 Dei,

551 4024 699 4094 prius
723 4020 933 4073 dicente
975 4013 1270 4081 Scriptura,
1312 4007 1469 4062 Terra
1509 4016 1679 4059 autem
1723 4012 1828 4057 erat
1871 4001 2133 4054 invisibilis

552 4125 599 4170 et
652 4109 1002 4180 incomposita,
1048 4113 1093 4159 et
1142 4103 1355 4156 tenebrat
1388 4108 1531 4154 erant
1569 4113 1721 4168 super
1751 4096 2024 4165 abyssum;
2069 4108 2133 4147 ac

549 4204 744 4262 deinde
765 4201 1043 4261 inferentc,
1068 4195 1135 4249 Et
1163 4194 1371 4264 spiritus
1398 4191 1490 4245 Dei
1530 4188 1935 4260 supcrferebatur
1981 4201 2134 4255 super

550 4313 732 4367 aquam
756 4292 905 4363 (Gen.
928 4306 967 4357 t,
1010 4288 1159 4357 l-L)?
1208 4288 1288 4339 An
1327 4284 1576 4354 quoniam
1618 4295 1819 4351 egenus
1852 4289 2020 4349 atque
2042 4278 2132 4369 in-

550 4388 705 4457 digus
732 4400 884 4439 amor
911 4384 978 4436 ita
1008 4379 1215 4448 diligit,
1240 4387 1298 4429 ut
1320 4374 1482 4430 rebus
1504 4388 1637 4443 quas
1663 4371 1835 4441 diligit
1878 4369 2131 4439 subjicia-

553 4492 669 4545 tur;
703 4487 982 4548 prepterca
1024 4487 1148 4528 cum
1189 4475 1702 4523 commemoraretur
1740 4463 1971 4534 Spiritus
2016 4463 2129 4527 Dei,

552 4571 609 4626 in
634 4584 741 4640 quo
763 4575 944 4622 sancta
971 4564 1091 4632 ejus
1126 4558 1506 4617 benevolentia
1534 4556 1859 4625 dilectioque
1886 4554 2134 4624 intelligi-

550 4673 657 4727 tur,
684 4658 971 4728 superferri
993 4656 1166 4711 dictus
1184 4662 1295 4718 est,
1326 4668 1392 4707 ne
1423 4650 1660 4705 facienda
1685 4665 1846 4720 opera
1876 4664 1993 4712 sua,
2030 4663 2131 4718 per

550 4752 855 4823 indigentiae
883 4749 1258 4805 necessitatem
1300 4745 1476 4815 potius
1526 4758 1685 4812 quam
1720 4758 1814 4812 per
1856 4741 2133 4795 abundau-

552 4847 679 4902 tiam
712 4842 1076 4901 beneﬁcentiae
1107 4840 1245 4894 Deus
1286 4851 1467 4891 amare.
1496 4834 1806 4905 putaretur?
1847 4833 2010 4902 Cujus
2056 4832 2131 4886 rei

551 4953 760 4994 memor
801 4933 1082 5004 Apostolus
1129 4931 1369 4986 dicturus
1396 4928 1464 4983 de
1509 4927 1789 4992 charitate,
1843 4926 2134 4994 superemi-

551 5037 765 5085 nentem
796 5027 934 5081 viam
964 5024 1449 5078 demonstraturum
1480 5034 1538 5073 se
1557 5021 1632 5072 ait
1667 5018 1708 5088 (l
1733 5017 1851 5073 Cor.
1875 5033 1969 5081 xu,
2002 5018 2090 5085 51)
2116 5035 2128 5071 :

551 5131 606 5177 et
632 5122 737 5176 alio
761 5121 900 5185 loco,
930 5116 1419 5188 Supereminentem,
1444 5111 1634 5183 inquit,
1663 5111 1882 5165 scientia:
1905 5110 2131 5163 Charini.

552 5220 649 5264 tem
670 5210 856 5264 Christi
883 5206 1094 5277 (Ephes.
1126 5221 1204 5271 nt,
1236 5203 1351 5274 {9).
1381 5203 1515 5256 Cum
1559 5217 1686 5273 ergo
1733 5202 1811 5256 sic
1853 5206 2127 5270 Oporteret

552 5300 805 5359 insinuari
835 5299 1089 5368 Spiritum
1120 5298 1232 5362 Dei,
1264 5306 1321 5350 ut
1341 5294 1633 5364 superferri
1665 5294 1952 5360 diceretur,
1981 5309 2131 5349 com-

555 5392 765 5448 modius
790 5391 984 5447 factum
1022 5399 1123 5455 est,
1155 5398 1212 5443 ut
1239 5388 1387 5458 prius
1427 5386 1786 5440 insinuaretur
1830 5386 2026 5456 aliquid
2053 5387 2135 5441 in-

552 5486 824 5545 choatum.
850 5484 935 5539 cui
964 5481 1249 5552 superferri
1273 5480 1575 5544 diceretur;
1627 5488 1950 5534 nouantem
1992 5480 2130 5548 loco,

554 5576 649 5633 sed
680 5577 855 5630 omnia
883 5584 1167 5646 superante
1190 5589 1254 5628 ae
1270 5572 1611 5644 praecedente
1632 5570 2010 5646 potentiaime
2030 5569 2133 5627 Ge-

554 5670 658 5723 nesi
687 5669 754 5722 ad
782 5668 1017 5734 litteram,
1047 5666 1135 5721 lib.
1164 5667 1215 5735 1,
1240 5681 1354 5738 cap.
1387 5664 1503 5735 5-7,
1529 5680 1582 5719 η.
1610 5663 1825 5741 1145).

1314 330 1400 387 DE
1440 328 1618 385 OCTO
1656 325 1948 384 DULCITII
1986 319 2522 393 ρυΑεετιοΝωυε,
2556 326 2613 384 S.
2658 328 3020 386 AUGUSTINI

3718 332 3840 399 168

2259 438 2469 520 QUES'r.
2500 443 2538 497 V
2631 460 2742 512 qum
2782 448 3049 520 novissimo
3111 450 3218 520 loco
3272 449 3558 520 tractatur).
3585 479 3659 492 —-
3689 448 3841 520 Quo-

2329 513 2478 565 modo
2536 513 2716 568 electus
2772 515 2934 571 David
2987 519 3259 574 amantum
3297 536 3381 571 eor
3407 513 3528 575 Dei,
3589 513 3831 578 Christus

2336 580 2501 634 David
2529 587 2835 653 appellatus.

2329 673 2381 725 1.
2411 672 2527 727 Jam
2557 691 2695 730 nunc
2748 678 2872 730 ilhul
2915 678 3054 747 quod
3083 679 3447 734 disserendum
3487 682 3823 748 distuleram,

2259 765 2523 834 pauliSper
2553 766 2784 822 intende.
2828 769 3031 836 Quzeris
3079 772 3219 826 enim
3252 792 3272 824 ι
3295 774 3468 839 Quare
3503 775 3695 828 dixerit
3724 778 3836 835 Doe

2256 855 2450 922 minus,
2499 858 2744 912 nimirum
2793 862 3045 928 praescius
3096 864 3408 921 futurorum.
3455 865 3596 936 Elegi
3660 867 3833 921 David

2252 950 2525 1003 secundum
2571 967 2657 1004 cor
2713 969 2875 1004 meum
2922 953 3025 1023 (Ill
3077 954 3201 1025 Reg.
3251 973 3361 1022 vm,
3391 959 3498 1026 to);
3529 975 3649 1012 cum
3699 959 3833 1014 talia

2256 1048 2502 1109 tantaque
2532 1041 2641 1110 ipse
2670 1042 2825 1096 homo
2851 1046 3195 1099 eomntiscrit.
3227 1065 3245 1096 ι

2323 1130 2374 1182 Ξ.
2408 1131 2556 1197 Quod
2585 1131 2820 1202 quidem,
2850 1134 2894 1189 si
2934 1135 3000 1187 de
3035 1136 3150 1205 ipso
3179 1135 3341 1191 David
3361 1177 3376 1200 ,
3407 1138 3495 1204 qui
3536 1140 3831 1207 reprobato

2250 1219 2407 1276 Saule
2437 1233 2488 1276 et
2514 1225 2775 1278 exstincto
2807 1226 2900 1279 fuit
2951 1242 3042 1281 rex
3083 1227 3264 1291 lsraél,
3313 1229 3510 1284 dictmn
3557 1232 3826 1301 intelliga-

2252 1329 2401 1375 mus;
2436 1315 2601 1383 magis
2623 1316 2740 1382 quia
2773 1316 2913 1369 Deus
2941 1319 3190 1385 pnescius
3226 1318 3522 1373 futurorum
3553 1331 3650 1381 est,
3683 1338 3828 1389 pra:-

2251 1403 2380 1455 vidit
2412 1405 2463 1456 in
2492 1412 2787 1459 eotantam
2820 1409 3063 1473 pietatem
3118 1418 3329 1480 tamque
3364 1426 3603 1465 veracem
3648 1414 3827 1480 pumi-

2252 1496 2487 1559 tcutiam,
2522 1508 2578 1550 ut
2622 1508 2761 1551 esset
2805 1499 2854 1551 in
2886 1515 3066 1551 eorum
3122 1516 3342 1555 numero
3380 1502 3450 1556 de
3486 1503 3678 1572 quibus
3708 1504 3831 1575 ipse

2246 1586 2371 1639 dicit
2401 1604 2413 1637 :
2444 1585 2589 1639 Beati
2616 1606 2828 1658 quorum
2857 1592 3075 1643 remissa:
3098 1601 3213 1644 sunt
3249 1593 3552 1661 iniquitates,
3605 1605 3652 1648 et
3695 1611 3833 1666 quo-

2246 1696 2357 1731 rum
2387 1689 2511 1731 tecta
2536 1689 2648 1732 sun!
2670 1693 2892 1749 peccata.
2936 1680 3120 1735 Beatus
3162 1682 3261 1747 vir,
3290 1684 3372 1737 cui
3420 1701 3519 1738 non
3556 1685 3831 1754 imputavit

2246 1770 2493 1823 Dominus
2523 1783 2778 1838 peccatum
2804 1771 2970 1843 (Psal.
3004 1791 3147 1835 xxvi,
3173 1775 3224 1840 1,
3252 1775 3329 1844 2).
3363 1776 3492 1829 Cum
3522 1791 3648 1845 ergo
3676 1792 3829 1845 pra:-

2246 1865 2401 1917 sciret
2424 1878 2544 1917 eum
2579 1865 2713 1918 Deus
2746 1875 3106 1932 peccaturum,
3134 1874 3186 1920 et
3208 1874 3423 1936 peccata
3449 1882 3544 1920 sua
3590 1866 3674 1935 pia
3719 1867 3828 1919 hu-

2246 1959 2467 2012 militate
2487 1966 2539 2011 et
2562 1956 2767 2011 sincera
2798 1959 3099 2025 posuiteutia
3130 1959 3446 2024 deleturum,
3473 1974 3569 2012 cur
3595 1974 3697 2011 non
3731 1959 3822 2011 di-

2246 2057 2411 2114 ceret,
2471 2047 2651 2101 Inveni
2700 2047 2867 2101 David
2912 2049 3188 2102 secundum
3233 2065 3319 2102 cor
3343 2065 3542 2113 meum;
3588 2048 3674 2102 cui
3716 2064 3833 2102 non

2244 2150 2358 2195 erat
2386 2141 2735 2209 imputaturus
2763 2152 3033 2210 peccatum
3065 2149 3169 2194 tam
3199 2141 3361 2193 multa
3407 2141 3541 2193 bona
3586 2141 3827 2206 facienti,

2244 2240 2299 2285 et
2325 2247 2443 2284 cum
2472 2241 2609 2285 tanta
2642 2233 2835 2300 pietate
2858 2233 3077 2299 viventi,
3105 2241 3159 2286 et
3187 2234 3295 2301 ipsa
3328 2233 3527 2302 pietate
3553 2247 3649 2301 pro
3690 2248 3829 2301 pec-

2243 2324 2375 2375 catis
2402 2323 2511 2375 suis
2541 2325 2856 2377 sacrilicium
2887 2326 3098 2377 eontriti
3138 2326 3353 2393 spiritus
3378 2325 3655 2379 oll‘ercnti?
3687 2325 3831 2379 Pro-

2246 2412 2496 2480 ptcrhrc
2522 2414 2700 2467 oumia
2744 2414 3021 2469 verissime
3045 2415 3243 2468 dictum
3291 2424 3396 2477 est,
3435 2417 3609 2469 Inveni
3654 2414 3826 2469 David

2243 2503 2523 2556 secundant
2555 2520 2642 2557 cor
2671 2521 2855 2557 meum.
2906 2505 3035 2571 Quia
3083 2506 3203 2559 licet
3258 2507 3545 2560 secundum
3591 2522 3684 2560 cor
3728 2507 3828 2561 Dei

2244 2608 2345 2645 non
2378 2605 2539 2658 esset,
2570 2595 2708 2663 quod
2736 2595 2823 2649 ille
2873 2598 3132 2664 peccavit;
3183 2606 3357 2651 tamen
3408 2598 3696 2651 secundum
3727 2610 3831 2653 cor

2246 2684 2336 2737 Dei
2365 2683 2479 2749 fuit,
2523 2686 2662 2754 quod
2694 2702 2791 2755 pro
2825 2688 3052 2755 peccatis
3091 2688 3202 2741 suis
3232 2703 3461 2758 congrua
3507 2691 3823 2763 poenitentia

2242 2776 2512 2829 satisfecit.
2547 2777 2658 2831 lloc
2686 2778 2854 2831 solum
2902 2793 3030 2847 ergo
3052 2779 3103 2832 in
3134 2779 3225 2832 illo
3264 2780 3557 2833 secundum
3605 2797 3697 2835 cor
3728 2782 3828 2835 Dei

2243 2882 2346 2920 non
2380 2868 2494 2933 fuit,
2523 2869 2661 2937 quod
2690 2869 2762 2923 illi
2815 2871 2952 2923 Dens
3002 2886 3107 2925 non
3162 2872 3459 2940 imputavit.
3494 2873 3603 2927 Hoc
3644 2873 3828 2943 itaque

2240 2958 2435 3021 ablato,
2464 2960 2511 3013 id
2544 2968 2625 3013 est
2653 2975 2754 3014 non
2789 2962 3066 3028 imputata,
3101 2962 3228 3029 quid
3262 2963 3531 3027 remansit,
3564 2964 3828 3018 nisiuudc

2230 3054 2516 3106 verissime
2537 3053 2818 3115 diceretur,
2839 3053 3013 3107 Inveni
3039 3055 3202 3107 David
3226 3055 3497 3109 secundum
3522 3072 3608 3109 cor
3625 3057 3827 3109 meum?

2312 3147 2360 3200 5.
2394 3144 2447 3198 Si
2479 3149 2652 3199 autem
2684 3145 2785 3199 hoc
2815 3146 3118 3214 prophetice
3146 3147 3343 3201 dictum
3370 3148 3436 3201 de
3464 3146 3676 3201 Christo
3713 3164 3816 3202 ve-

2242 3234 2400 3288 limus
2445 3237 2702 3304 accipere,
2750 3237 2924 3289 nullus
2968 3237 3138 3291 nodus
3186 3239 3493 3306 quaestionis
3540 3248 3819 3302 occurrct’;

2240 3326 2339 3379 nisi
2373 3326 2505 3379 forte
2550 3336 2605 3379 ut
2644 3335 2909 3394 qua-ratur
2954 3343 2982 3379 a
3040 3328 3193 3381 nobis
3233 3329 3499 3396 quomodo
3546 3329 3817 3383 Christum

2240 3427 2383 3470 recte
2423 3416 2523 3469 isto
2553 3418 2766 3469 nomine
2796 3431 2986 3471 vocare
3030 3420 3278 3485 potuerit.
3302 3418 3407 3472 Sed
3435 3417 3824 3486 respondemus

2241 3516 2455 3575 propter
2506 3523 2691 3560 semen
2726 3508 2908 3572 David,
2956 3525 3022 3561 ex
3050 3524 3155 3577 quo
3190 3524 3403 3562 carnem
3451 3506 3690 3562 Christus
3730 3524 3823 3563 as-

2239 3598 2479 3664 sumpsit.
2506 3595 2612 3650 Nec
2639 3597 2751 3650 siue
2782 3599 3026 3666 exemplo
3057 3601 3314 3653 rationem
3344 3598 3499 3667 hujus
3534 3600 3584 3651 in
3604 3598 3823 3652 Christo

2239 3690 2468 3741 nominis
2493 3688 2785 3741 redditum.
2818 3690 3119 3743 Invenimus
3146 3692 3339 3760 quippe
3369 3692 3702 3758 apertissime
3726 3691 3814 3745 Ie.

2237 3800 2352 3836 smn
2379 3782 2646 3837 Christum
2666 3783 2801 3850 apud
2826 3783 3133 3851 prophetam
3161 3783 3490 3837 Ezecliielein
3514 3784 3671 3836 David
3693 3799 3820 3839 esse

2236 3873 2578 3940 appellatum,
2611 3872 2697 3924 ubi
2739 3872 2930 3940 legitur
2978 3888 3041 3926 ex
3089 3888 3310 3941 persona
3359 3873 3450 3927 Dei
3502 3874 3714 3927 Patris:
3750 3868 3820 3927 Et

2237 3967 2486 4018 suscitabo
2507 3983 2656 4035 super
2687 3982 2864 4033 perora
2890 3983 2996 4018 mea
3042 3976 3291 4035 pastorem
3317 3983 3473 4019 unum
3521 3967 3607 4036 qui
3644 3978 3824 4037 pascat

2238 4074 2315 4119 ea,
2344 4073 2539 4110 servum
2560 4074 2721 4110 meum
2753 4056 2952 4120 David;
2983 4068 3029 4111 et
3059 4059 3166 4125 ipse
3194 4068 3360 4127 pasret
3392 4076 3469 4119 ea,
3501 4068 3546 4111 et
3589 4060 3696 4129 ipse
3723 4061 3823 4113 erit

2240 4149 2317 4201 Itis
2343 4150 2393 4201 in
2423 4158 2669 4217 pastorem
2695 4165 2713 4201 :
2738 4166 2827 4218 ego
2852 4160 3018 4202 autent
3049 4149 3294 4203 Dominus
3320 4167 3403 4203 ero
3428 4152 3500 4204 eis
3539 4151 3588 4203 in
3630 4149 3821 4217 Deum,

2237 4252 2283 4295 et
2312 4258 2479 4297 servus
2524 4258 2662 4294 meus
2689 4241 2849 4294 David
2903 4242 3132 4311 princeps
3183 4244 3234 4295 in
3282 4244 3443 4297 medio
3470 4259 3669 4305 eorum;
3718 4260 3816 4312 ego

2240 4333 2487 4387 Dominus
2511 4334 2707 4387 locutus
2748 4350 2879 4386 smn.
2918 4335 2982 4387 Et
3028 4335 3133 4388 alio
3172 4335 3289 4389 loco
3319 4352 3333 4385 τ
3366 4334 3435 4388 Et
3461 4352 3568 4399 rex,
3622 4336 3819 4405 inquit,

2239 4443 2367 4479 unus
2396 4425 2490 4478 erit
2527 4425 2757 4477 omnibus
2785 4425 3060 4492 imperans,
3092 4435 3138 4478 et
3184 4443 3283 4478 non
3331 4437 3472 4479 erunt
3520 4428 3654 4480 ultra
3704 4427 3832 4479 diue

2238 4526 2426 4587 gentes,
2451 4531 2539 4567 nrc
2564 4515 2847 4567 dividentur
2874 4516 3093 4585 amplius
3113 4516 3165 4569 in
3195 4517 3294 4570 duo
3314 4533 3487 4585 regna,
3522 4534 3676 4587 neque
3705 4506 3830 4585 pol?

2239 4612 2439 4660 tuentur
2464 4606 2600 4659 ultra
2619 4607 2670 4658 in
2696 4605 2846 4657 idolis
2872 4608 2977 4657 suis
3000 4625 3023 4655 ιε
3062 4607 3522 4661 ubominationibus
3552 4610 3655 4661 suis
3692 4618 3739 4659 et
3773 4610 3830 4661 in

2236 4696 2425 4749 cunctis
2443 4695 2788 4765 iniquitatibus
2807 4696 2910 4748 suis
2937 4711 2955 4748 :
2977 4706 3022 4748 et
3068 4698 3232 4750 salvos
3258 4713 3339 4750 eos
3366 4698 3549 4766 faciam
3593 4698 3654 4750 de
3696 4700 3829 4750 nni-

2240 4788 2390 4841 versis
2414 4787 2612 4840 sedibus
2634 4788 2738 4841 suis
2767 4789 2781 4818 ¹
2806 4787 2858 4839 in
2882 4787 3057 4856 quibus
3098 4798 3442 4856 peccaverunt,
3473 4800 3518 4841 et
3564 4788 3826 4843 mandabo

2238 4894 2341 4933 eos.
2372 4878 2437 4932 Et
2464 4888 2609 4931 erunt
2632 4879 2751 4930 mihi
2780 4879 3019 4947 populus,
3052 4888 3099 4931 et
3127 4894 3216 4948 ego
3240 4894 3325 4932 ero
3354 4880 3423 4932 eis
3456 4878 3613 4942 Deus;
3640 4890 3685 4932 et
3713 4896 3830 4933 ser-

2238 4986 2327 5024 vus
2372 4987 2511 5025 meus
2557 4969 2723 5023 David
2749 4985 2839 5022 rea:
2885 4985 3040 5038 super
3084 4986 3188 5033 eos,
3238 4980 3284 5023 et
3328 4982 3501 5040 pastor
3546 4987 3676 5023 unus
3728 4974 3832 5024 erit

2240 5062 2463 5114 omnium
2526 5077 2696 5115 eorum
2750 5057 2769 5130 (
2805 5057 3198 5127 Ezech.xxx1v,
3247 5060 3338 5125 25,
3382 5059 3473 5126 2i,
3541 5069 3585 5113 ct
3622 5076 3829 5119 xxxv".

2240 5154 2471 5223 22-24).
2500 5152 2636 5207 Osee
2688 5167 2899 5221 quoque
2943 5155 3222 5220 propheta,
3280 5167 3398 5205 cum
3446 5151 3833 5219 pneuuntiaret

2243 5259 2448 5315 tempus
2473 5245 2794 5307 Judasorum,
2826 5246 2979 5313 quale
3021 5261 3159 5298 nunc
3206 5245 3419 5307 habent,
3466 5255 3519 5298 et
3558 5246 3606 5297 in
3664 5243 3832 5298 Citri-

2242 5347 2378 5392 stum
2400 5330 2505 5392 eos
2530 5349 2714 5409 postea
2748 5337 3071 5400 credituros,
3102 5339 3348 5393 eumdem
3403 5338 3672 5391 Christum
3718 5337 3833 5390 Da-

2241 5430 2327 5485 vid
2357 5429 2569 5484 nomine
2600 5430 2947 5498 prophetavit,
2972 5430 3153 5483 dicens
3183 5448 3194 5483 :
3224 5430 3474 5498 Quoniam
3497 5429 3667 5483 diebus
3691 5429 3833 5483 mulo

2244 5524 2305 5577 tis
2332 5522 2569 5576 sedebant
2598 5522 2695 5591 ﬁlii
2735 5503 2895 5575 Israel
2923 5524 3032 5576 sine
3080 5539 3214 5592 rege,
3263 5524 3371 5575 sine
3420 5523 3663 5591 principe,
3722 5523 3831 5577 sine

2244 5616 2514 5684 sacrificio,
2542 5615 2649 5669 sine
2668 5616 2835 5677 altari,
2860 5615 2967 5670 sine
3006 5615 3298 5678 sacerdotio,
3332 5617 3437 5668 sine
3463 5617 3838 5669 nmnil'cstatio—

2292 5762 2332 5793 “
2367 5766 2493 5811 Unus
2509 5772 2538 5810 e
2564 5760 2707 5809 Vatic.
2731 5766 2858 5819 3:55.,
2882 5758 3119 5810 sordibus.
3145 5755 3275 5821 Apud
3300 5757 3766 5818 uxestmnmm'ets
