4000 6336
167 435 239 496 169
1097 434 1464 497 ADMONITIO
1504 439 1567 496 IN
1607 439 2157 510 SUBSEQUENTEM
2199 439 2476 497 LIBRUM.

175 549 414 610 nibus.'Sic
452 566 614 611 nunc
644 567 782 614 esse
864 553 1082 613 Iudaeos
1128 558 1348 630 ambigit
1418 574 1596 614 nemo.
1655 560 1760 617 Sed

180 649 284 721 quod
304 647 372 701 ait
406 645 714 714 apostolus
757 654 989 720 Paulus,
1029 653 1285 710 Gentibus
1323 656 1570 726 loquens,
1618 657 1767 713 Sicut

181 745 370 800 ulmeos
391 745 704 814 aliquando
744 765 856 802 non
901 748 1190 804 credidistis
1239 748 1364 816 Deo,
1413 767 1544 804 nunc
1595 761 1768 805 autem

184 837 535 894 uu'ttricordiam
563 842 846 895 consecuti
875 842 1000 896 estis
1028 842 1081 894 in
1118 841 1322 895 illorum
1369 842 1722 897 incredulitate
1745 859 1765 907 ;

187 940 287 984 acet
305 931 381 983 isti
405 947 552 984 nunc
583 948 700 987 non
733 933 1062 988 crediderunt
1092 934 1145 986 in
1185 943 1351 988 vestra
1394 935 1764 1001 misericordia,

188 1034 225 1076 ut
239 1032 272 1077 et
283 1024 368 1092 ipsi
383 1023 816 1078 misericordiam
830 1035 1202 1097 consequantur
1219 1025 1394 1096 (Rom.
1413 1042 1486 1091 XI,
1506 1026 1574 1082 50
1591 1035 1636 1080 et
1654 1028 1712 1081 51
1728 1027 1767 1097 );

192 1116 262 1170 hoc
281 1118 534 1186 propheta
568 1117 684 1174 iste
715 1126 870 1174 tanto
898 1129 1024 1175 ante
1054 1118 1374 1189 praedicens,
1407 1127 1624 1175 secutus
1677 1119 1774 1174 ad-

191 1210 336 1279 iunxit,
366 1206 434 1262 Et
459 1220 654 1279 postea
687 1220 1009 1266 revertentur
1049 1212 1144 1280 ﬁlii
1187 1209 1376 1277 Israel,
1423 1222 1470 1266 et
1522 1213 1773 1282 inquirent

197 1301 418 1354 Dominum
451 1300 634 1355 Deum
662 1319 822 1357 suum
850 1313 900 1356 et
925 1302 1094 1357 David
1113 1320 1279 1374 regem
1304 1320 1476 1369 suum,
1507 1313 1554 1358 et
1597 1315 1771 1375 stupe-

195 1403 294 1447 scent
313 1395 358 1447 in
379 1391 622 1447 Domino
655 1404 706 1448 et
732 1396 787 1449 in
815 1395 961 1450 bonis
1002 1395 1160 1466 ipsius
1188 1396 1242 1449 in
1271 1395 1553 1450 novissimis
1575 1395 1770 1450 diebus.

196 1486 404 1557 (Oscam,
435 1487 498 1554 4,
535 1485 624 1559 5).
658 1487 806 1542 Ecce
850 1497 905 1544 et
933 1487 1023 1542 hic
1065 1503 1161 1559 per
1205 1488 1371 1543 David
1421 1503 1615 1562 nomen
1649 1503 1772 1557 pro-

195 1579 395 1650 phetatus
413 1590 508 1634 est
532 1578 828 1644 Christus;
862 1580 1113 1650 quoniam
1158 1579 1373 1650 quando
1400 1580 1500 1636 ista
1538 1581 1773 1650 prophe-

194 1673 420 1740 tabantur,
453 1672 554 1727 ille
593 1671 774 1728 David
801 1689 896 1728 rex
941 1673 1104 1728 Israel
1142 1674 1253 1744 jam
1297 1673 1424 1727 olim
1479 1681 1603 1728 ante
1649 1673 1776 1727 dor-

189 1766 343 1820 mierat
367 1785 380 1818 :
409 1766 693 1820 Dominus
718 1774 904 1821 autem
931 1765 1088 1821 Jcsus
1115 1782 1180 1820 ex
1203 1766 1318 1836 ejus
1345 1767 1560 1822 'seminc
1597 1766 1773 1822 fuerat

189 1859 230 1911 in
255 1873 397 1913 carne
423 1866 742 1925 venturus;
777 1869 998 1928 propter
1022 1859 1162 1930 quod
1181 1858 1491 1930 prophetico
1521 1860 1776 1929 loquendi

187 1949 320 2005 modo
345 1951 734 2020 appellabatur
783 1950 972 2006 David.
1015 1951 1236 2006 Videtur
1274 1961 1452 2008 autem
1494 1953 1775 2023 apostolus

185 2041 357 2096 Paulus
371 2040 487 2096 hoc
513 2041 886 2096 testimonium
917 2042 988 2096 ita
1013 2043 1255 2113 posuisse
1288 2044 1338 2097 in
1363 2044 1585 2099 Actibus
1625 2045 1777 2115 Apo-

183 2134 456 2200 stolorum,
487 2140 548 2187 ut
577 2148 684 2188 non
737 2133 841 2187 nisi
880 2133 950 2189 de
987 2135 1076 2188 illo
1098 2150 1224 2205 rege
1269 2136 1432 2190 David
1491 2137 1579 2207 qui
1629 2137 1778 2192 Sauli

183 2226 428 2280 successit
480 2225 656 2294 possit
709 2225 958 2296 intelligi.
1028 2226 1159 2280 Nam
1228 2225 1364 2284 inter
1423 2236 1639 2294 caetera,
1709 2229 1776 2283 Et

183 2319 361 2381 exinde,
389 2317 593 2388 inquit,
630 2319 1020 2388 postulaverunt
1046 2335 1232 2391 regem,
1265 2330 1311 2374 et
1337 2320 1474 2375 dedit
1499 2321 1603 2375 illis
1635 2320 1776 2375 Deus

182 2411 298 2466 Saitl
324 2413 491 2481 ﬁlium
519 2410 631 2476 Cis,
658 2411 824 2464 virum
849 2412 913 2466 de
952 2411 1081 2465 tribu
1110 2411 1402 2484 Benjamin,
1449 2415 1595 2467 annis
1645 2430 1776 2484 qua-

181 2502 414 2573 draginta.
446 2501 525 2556 Et
579 2510 758 2556 amoto
798 2501 890 2556 illo
937 2503 1193 2557 suscitavit
1241 2505 1344 2558 illis
1391 2503 1558 2557 David
1586 2521 1774 2574 regem,

179 2595 253 2648 cui
271 2605 315 2650 et
331 2595 687 2650 testimonium
719 2594 988 2667 perhibens
1015 2597 1162 2664 dixit,
1190 2595 1370 2651 Inveni
1399 2595 1568 2650 David
1605 2597 1771 2666 ﬁlium

181 2684 326 2756 Iesse,
356 2689 527 2743 cirum
553 2688 841 2744 secundum
869 2705 959 2743 cor
984 2705 1169 2758 meum,
1197 2690 1281 2761 qui
1306 2690 1455 2761 faciet
1479 2707 1650 2746 omnes
1681 2707 1769 2746 vo—

2393 213 2414 244 ι’

3335 423 3488 514 ne?

1877 563 2092 618 luntates
2115 577 2271 616 meas.
2301 560 2405 616 Sed
2432 559 2684 631 quoniam
2704 558 2922 616 secutus
2949 555 3190 631 adjungit
3211 565 3268 616 et
3289 558 3457 628 dicit,

1879 653 2049 725 Hujus
2077 653 2214 709 Deus
2237 670 2300 708 ea:
2341 654 2546 718 semine,
2591 651 2866 707 secundum
2915 652 3317 722 promissionem,
3361 651 3458 705 ad-

1877 745 2020 800 duxit
2049 743 2214 799 Israel
2240 743 2557 800 Salvatorem
2574 743 2750 800 Iesum
2770 741 2905 817 (Act.
2929 759 3045 810 χιιι,
3072 743 3287 813 2i-25);
3307 742 3466 798 altius

1877 836 2192 906 signiﬁcavit
2242 836 2294 890 in
2349 837 2575 892 Domino
2612 837 2739 892 Jesu
2783 837 2959 907 potius
3006 851 3127 891 esse
3162 835 3470 905 intelligen-

1877 929 2002 985 dum
2034 930 2165 985 illud
2190 931 2572 1006 testimonium,
2604 931 2841 1001 quivere
2889 931 3014 985 fecit
3045 944 3230 985 omnes
3279 929 3469 984 volun-

1879 1028 2014 1076 tates
2042 1021 2134 1076 Dei
2157 1021 2348 1086 Palris,
2383 1038 2542 1093 quam
2579 1021 2634 1077 in
2657 1022 2914 1100 illo‘rege
2951 1021 3115 1076 David
3159 1041 3171 1077 :
3205 1022 3294 1093 qui
3344 1021 3472 1076 licet

1879 1112 2171 1168 secundum
2213 1115 2542 1184 superiorem
2584 1113 3020 1185 disputationem,
3058 1115 3300 1172 remissis
3342 1129 3471 1184 pec-

1878 1207 2012 1262 catis
2035 1215 2088 1260 et
2108 1222 2213 1261 non
2263 1208 2557 1278 imputatis,
2600 1218 2817 1278 propter
2859 1209 3028 1279 ipsam
3061 1223 3274 1280 quoque
3325 1209 3470 1279 piam

1881 1299 2270 1369 penitentiam,
2303 1315 2407 1356 non
2438 1302 2707 1357 immerito
2735 1302 2839 1356 dici
2869 1303 3035 1372 possit
3081 1301 3327 1356 inventus
3381 1316 3468 1356 see

1879 1392 2106 1446 cundum
2120 1407 2214 1447 cor
2234 1394 2345 1459 Dei;
2372 1404 2545 1450 tamen
2563 1409 2750 1449 omnes
2767 1394 3064 1450 voluntates
3091 1394 3184 1449 Dei
3199 1393 3472 1465 quomodo
3489 1391 3496 1400 “

1879 1483 2038 1538 fecit?
2064 1484 2162 1552 Qui
2192 1502 2314 1540 cum
2369 1487 2824 1543 excellentissime
2872 1485 3203 1553 laudaretur,
3255 1485 3472 1555 quando

1881 1580 1997 1649 ejus
2024 1587 2260 1650 tempora
2287 1590 2341 1635 et
2370 1580 2508 1636 facta
2529 1582 2806 1652 Scriptura
2829 1584 3088 1647 narravit,
3136 1589 3350 1635 notatus
3389 1584 3476 1632 est

1882 1676 2225 1744 tamenquod
2256 1689 2362 1728 non
2413 1674 2678 1729 destruxit
2719 1673 2950 1739 excelsa,
2997 1673 3087 1728 ubi
3134 1671 3474 1727 sacriﬁcabat

1881 1769 2105 1838 populus
2176 1768 2269 1822 Dei
2317 1778 2502 1822 contra
2547 1777 2868 1838 praeceptum
2916 1766 3033 1831 Dei,
3083 1766 3173 1834 qui
3235 1772 3470 1819 tantum-

1881 1861 2042 1915 modo
2067 1861 2119 1914 in
2145 1861 2487 1916 tabernaculo
2512 1861 2798 1916 testimonii
2826 1859 2929 1912 sibi
2970 1857 3264 1913 sacriﬁcari
3289 1858 3474 1926 jusse-

1883 1963 1998 2020 rat;
2028 1957 2274 2025 quamvis
2303 1962 2358 2009 et
2389 1955 2438 2008 in
2479 1953 2680 2009 eisdem
2724 1952 2956 2007 excelsis
3001 1951 3174 2005 eidem
3211 1949 3481 2004 sacriﬁca-

1883 2055 2034 2101 retur
2062 2046 2173 2100 Deo
2198 2063 2210 2097 :
2236 2062 2355 2116 qua:
2381 2044 2723 2114 postmodum
2749 2044 2964 2098 excelsa
2991 2058 3054 2096 ex
3097 2043 3263 2111 ipsius
3309 2038 3478 2095 David

1884 2139 2088 2194 semine
2138 2146 2460 2207 propagatus
2509 2153 2604 2192 rex
2651 2137 2926 2202 Ezechias,
2978 2151 3099 2189 cum
3173 2131 3481 2188 testimonio

1884 2246 2090 2302 magna:
2115 2246 2226 2285 sum
2248 2230 2420 2285 laudis
2447 2230 2641 2286 evertit
2664 2229 2750 2302 (IV
2780 2228 2906 2299 Reg.
2943 2244 3087 2290 xvtn,
3119 2227 3198 2298 lt).

1957 2325 2013 2379 4.
2045 2324 2194 2380 Sicut
2237 2325 2404 2395 potui,
2450 2323 2702 2394 respondi
2751 2320 3185 2388 inquisitiouilnts
3253 2319 3377 2372 tuis.
3420 2316 3480 2374 Si

1883 2415 2009 2486 quid
2056 2417 2123 2472 de
2156 2417 2273 2471 istis
2318 2417 2478 2472 rebus
2519 2417 2765 2471 invenisti
2811 2414 3019 2480 melius,
3071 2415 3184 2466 sive
3241 2411 3482 2466 invenire

1886 2509 2145 2578 potueris,
2171 2510 2530 2580 gratissimum
2553 2508 2868 2562 habebimus
2889 2508 2933 2560 si
2953 2520 3049 2560 nos
3075 2505 3266 2560 feceris
3293 2518 3483 2558 nosse.

1887 2600 1997 2670 Ego
2019 2602 2184 2668 enim,
2217 2601 2359 2670 quod
2389 2611 2442 2656 et
2469 2617 2627 2670 supra
2657 2601 2725 2656 de
2765 2617 2852 2656 me
2882 2598 3317 2664 commemoravi,
3360 2610 3479 2650 ma-

1881 2691 1963 2763 gis
1988 2707 2109 2746 amo
2137 2693 2343 2749 discere
2363 2709 2520 2764 quam
2544 2693 2762 2750 docere.

2459 2861 2670 2870 ‘_______

1313 3039 2354 3175 ADMONITIO

1269 3299 1348 3360 IN
1393 3295 2022 3374 SUBSEQUENTEM
2062 3297 2389 3362 LIBRUM.

2671 2859 2878 2871 *ι*

2883 2859 3140 2872 ..ια-ι--ι-ι.

1682 3497 2048 3550 -ο-θθθοέο·

243 3687 544 3759 Augustino
574 3685 980 3744 restituendum
1010 3686 1314 3744 curavimus
1337 3687 1651 3759 opusculum
1678 3688 2028 3760 subsequens,
2060 3689 2201 3759 quod
2223 3688 2440 3760 quidem
2460 3705 2490 3746 a
2515 3687 2938 3748 Lovaniensibus
2965 3690 3249 3766 Theologis
3274 3684 3495 3770 abjudi-

180 3788 339 3834 catum
367 3781 496 3850 ipsi,
531 3791 591 3836 et
621 3781 969 3835 amandalum
999 3779 1054 3834 in
1079 3781 1444 3852 Appendicem
1472 3779 1663 3844 fuerat,
1697 3781 1911 3850 praeﬁxa
1944 3781 2056 3848 illa,
2080 3796 2238 3851 quam
2265 3783 2333 3837 ab
2361 3783 2586 3838 Erasmo
2611 3784 2832 3840 mutuati
2863 3793 3007 3853 sunt,
3029 3801 3286 3843 censura:
3318 3788 3488 3846 Libel-

177 3871 248 3925 (εδ
290 3873 368 3926 hic
415 3890 482 3927 ex
538 3875 759 3928 diversis
797 3874 1070 3944 Augustini
1095 3873 1320 3943 epistolis
1347 3874 1726 3927 consarcinatus
1755 3882 1847 3937 est,
1877 3874 2096 3929 maxime
2123 3875 2259 3944 quod
2283 3875 2352 3929 ad
2381 3878 2650 3932 sententias
2680 3878 2875 3933 attinet.
2925 3879 3168 3936 Addebat
3208 3883 3490 3955 Erasmus,

177 3963 446 4030 [irritabile
473 3965 650 4020 videri
683 3980 822 4035 epus
848 3980 968 4020 esse
1006 3965 1240 4036 llugonis
1271 3965 1525 4019 Victorini
1560 3983 1574 4020 :
1604 3981 1764 4035 quam
1791 3966 1907 4036 ejus
1935 3965 2296 4036 conjecturam
2323 3967 2517 4023 refellit
2542 3970 2625 4025 vel
2654 3970 2767 4025 sola
2797 3971 3036 4040 ejusdem
3062 3973 3181 4029 libri
3224 3977 3490 4047 scriptura

176 4056 219 4108 in
241 4057 674 4112 Gemmeticensi
707 4057 894 4112 codice
924 4068 1048 4112 ante
1077 4057 1316 4128 llugonis
1345 4067 1554 4112 mtatcm
1584 4067 1826 4125 exarata,
1851 4068 1906 4114 et
1931 4074 2125 4129 gerens
2162 4061 2213 4114 in
2263 4059 2438 4117 fronte
2477 4079 2673 4120 nomen
2710 4066 3010 4135 Augustini.
3061 4069 3170 4125 Res
3221 4072 3378 4126 etiam
3428 4085 3494 4130 ac

176 4151 374 4218 phrasis
403 4167 520 4206 non
552 4151 836 4220 liugonem
867 4151 1053 4217 refert,
1083 4150 1176 4206 sed
1206 4165 1423 4221 prorsus
1465 4152 1846 4222 Augustinum;
1894 4153 1982 4223 qui
2022 4161 2292 4222 postremo
2313 4195 2328 4219 ,
2379 4155 2518 4224 quod
2561 4156 2842 4212 Erasmum
2880 4157 3133 4229 fugiebat,
3166 4161 3218 4216 in
3247 4162 3490 4233 Epistola

173 4243 288 4310 ΞΜ,
321 4247 392 4301 ad
427 4246 665 4300 Darium
698 4245 972 4310 comitem,
1003 4253 1122 4314 post
1170 4243 1557 4299 Frobeniauam
1609 4245 1896 4301 editionem
1942 4255 2174 4316 reperta,
2221 4255 2276 4302 et
2324 4248 2377 4302 in
2423 4249 2755 4306 Plautiniana
2800 4251 3212 4309 Lovauiensium
3257 4257 3490 4326 primum

177 4336 399 4406 vulgata,
427 4352 598 4390 suum
625 4351 747 4391 esse
769 4335 988 4390 Librum
1009 4343 1341 4390 contestatur
1368 4334 1452 4389 his
1483 4336 1682 4402 verbis,
1708 4353 1761 4391 n.
1781 4337 1815 4391 4
1839 4353 1853 4391 :
1886 4336 2008 4391 Misi
2027 4347 2076 4391 et
2099 4337 2226 4392 alios
2253 4338 2425 4407 libros,
2451 4357 2574 4409 quos
2600 4359 2701 4398 non
2730 4344 2916 4414 petisti,
2941 4363 3004 4400 ne
3025 4347 3119 4400 Itoc
3137 4351 3489 4406 tantummodo

173 4439 384 4504 {mrem
416 4440 564 4508 quod
615 4437 803 4508 petisti,
836 4436 898 4490 de
927 4434 1058 4490 Fide
1085 4452 1254 4490 rerum
1292 4450 1404 4506 qua:
1443 4451 1545 4489 non
1586 4434 1835 4501 videntur,
1881 4433 1944 4489 de
1975 4433 2252 4503 Patientia,
2280 4436 2342 4490 de
2382 4433 2722 4503 Continentia,
2755 4440 2818 4494 de
2843 4437 3192 4510 Providentia,
3243 4453 3289 4499 et
3328 4463 3492 4502 unum

173 4536 416 4599 grzmdem
449 4533 517 4588 de
541 4531 681 4586 Fide
711 4541 756 4586 et
792 4531 898 4600 Spe
922 4539 970 4584 et
995 4529 1266 4585 Charitatc.
1298 4527 1349 4583 is
1375 4527 1517 4583 haud
1549 4527 1709 4583 dubie
1736 4527 1882 4583 locus
1918 4528 2175 4598 prreteriit
2203 4528 2364 4584 etiam
2394 4529 2796 4598 Bellarminum,
2827 4533 2915 4603 qui
2936 4533 3299 4592 Lovanienses
3321 4554 3490 4596 secu-

175 4634 270 4693 tes,
292 4628 450 4682 hunc
475 4625 679 4690 librum
703 4624 903 4695 spuriis
931 4621 1326 4679 accenscndum
1353 4636 1418 4676 eo
1440 4620 1708 4676 lubentius
1735 4620 1972 4686 volebat,
2003 4620 2144 4690 quod
2175 4629 2386 4677 notatus
2412 4638 2518 4677 non
2546 4623 2845 4680 inveniatur
2870 4626 2922 4681 in
2955 4627 3446 4688 Retractationibus
3471 4652 3488 4690 :

174 4717 331 4775 libros
363 4732 559 4775 tamen
585 4719 704 4787 ipse
732 4732 874 4772 nunc
899 4715 1160 4782 laudatos,
1189 4714 1258 4770 de
1276 4713 1535 4768 Patientia
1562 4721 1614 4767 ct
1639 4711 1705 4766 de
1731 4711 2093 4780 Continentia,
2123 4712 2362 4782 quamvis
2389 4713 2528 4768 nulla
2551 4713 2746 4769 ibidem
2779 4716 2914 4770 facta
2941 4717 3010 4772 sit
3038 4719 3104 4772 de
3131 4719 3236 4775 illis
3265 4726 3488 4788 mentio,

175 4831 260 4881 pro
286 4815 558 4886 genuinis
588 4812 811 4878 habens,
840 4811 966 4882 quia
985 4825 1015 4864 a
1039 4809 1282 4864 Possidio
1302 4817 1355 4863 et
1388 4824 1420 4862 a
1449 4806 1592 4862 Beda
1620 4807 1834 4877 vulgato
1860 4807 2110 4862 citantur.
2139 4807 2265 4862 llaec
2289 4806 2538 4862 nimirum
2561 4810 2812 4879 opuscula
2840 4825 2907 4865 ex
2931 4811 2996 4865 iis
3013 4822 3135 4867 sunt
3155 4813 3493 4870 Tractatibus

177 4906 556 4974 p'rpuiariblls,
584 4903 677 4974 qui
709 4886 1030 4973 Augustino,
1081 4899 1234 4955 sicuti
1275 4899 1341 4953 ad
1371 4895 1800 4966 Quodvultdeum
1834 4897 1888 4951 in
1932 4897 2153 4967 epistola
2181 4896 2309 4965 2-24,
2354 4915 2409 4954 n.
2437 4899 2492 4965 2,
2542 4900 2746 4965 scribit,
2794 4911 2914 4970 post
2959 4903 3198 4959 absoluta
3231 4905 3340 4973 jam
3385 4905 3492 4962 duo

173 4997 226 5050 de
265 5001 550 5056 librorum
595 5013 813 5052 suorum
861 4994 1177 5050 recensione
1217 4991 1508 5054 volumina,
1565 4989 1884 5046 retractandi
1931 5006 2052 5045 cum
2098 4991 2351 5060 Epistolis
2394 4991 2684 5047 restabant.
2732 4992 3016 5051 Nobiscum
3060 5011 3186 5050 vero
3222 4997 3492 5050 consentit

173 5087 490 5148 lic-marcius
531 5089 834 5159 Vindingus
873 5088 927 5142 in
976 5085 1172 5141 Critico
1213 5083 1635 5156 Augustiniauo;
1683 5091 1737 5138 et
1785 5081 1991 5137 titulum
2036 5083 2122 5153 qui
2160 5083 2210 5137 in
2259 5084 2416 5139 editis
2459 5085 2708 5155 praeﬁxos
2737 5097 2882 5155 erat,
2921 5087 2988 5143 de
3023 5087 3152 5142 Fide
3185 5103 3360 5142 rerum
3399 5089 3488 5144 in-

169 5185 499 5255 visibilinm,
530 5183 933 5242 emendandum
953 5181 1096 5236 haud
1123 5180 1392 5236 immerito
1417 5187 1629 5242 censet;
1661 5175 1871 5248 quando
1891 5176 1958 5232 de
1989 5177 2091 5232 ﬁde
2119 5177 2204 5230 hic
2231 5177 2421 5246 agitur,
2452 5194 2558 5234 non
2581 5195 2764 5236 earum
2790 5178 3156 5235 tantummodo
3173 5195 3349 5236 rerum
3369 5199 3493 5254 qua!

168 5284 457 5350 «mrcis
487 5281 660 5338 oculis
683 5279 955 5348 attingere
975 5291 1245 5345 nunquam
1277 5273 1420 5340 licet,
1451 5271 1545 5330 sed
1572 5271 1921 5341 quarumdam
1952 5269 2110 5325 etiam
2141 5287 2258 5340 quae
2282 5272 2346 5326 iis
2371 5271 2414 5326 si
2437 5261 2724 5342 przesentes
2750 5257 3146 5339 exhiberentur,
3166 5271 3334 5328 videri
3366 5290 3494 5344 pos...

163 5381 296 5426 sent.
328 5372 680 5445 Opusculum
714 5372 1060 5443 post‘annum
1089 5366 1213 5433 599,
1239 5379 1346 5436 quo
1374 5364 1520 5436 leges
1544 5362 1612 5417 ab
1634 5361 1869 5418 Honorio
1889 5371 2075 5418 contra
2103 5361 2244 5419 idola
2281 5361 2419 5420 data:
2441 5372 2584 5434 sunt,
2614 5363 2982 5422 collocandum
3008 5378 3130 5423 esse
3175 5380 3240 5423 ex
3273 5366 3338 5422 iis
3367 5384 3493 5442 quas

162 5477 214 5518 Β.
240 5466 312 5522 ω
337 5466 424 5524 de
453 5466 726 5526 idolorum
747 5459 1107 5535 subversione
1133 5459 1402 5531 leguntur,
1431 5469 1590 5513 nemo
1614 5471 1720 5511 non
1749 5461 2023 5526 agnoscet.

417 5986 667 6062 Sacr.
717 5989 1002 6054 Aueos'r.
1046 5988 1154 6062 Vl.
