4000 6336
556 362 3817 443 W

632 414 674 424 α.

698 934 739 1187 ἦ
986 1176 1007 1193 ι
1109 958 1445 1126 DE

1069 554 1238 707 s.
1297 429 2121 699 AURELII
2208 542 3305 696 AUGUSTINI

1512 791 2278 880 HIPPONENSIS
2326 792 2855 882 EPISCOPI

1559 956 2206 1119 FIDE
2318 958 3293 1128 RERUM

694 1185 705 1245 ‘
1235 1221 1635 1379 qua:
1683 1220 2070 1337 non
2130 1221 3104 1347 vrnmrun
3128 1292 3185 1375 ,

1023 1414 1027 1419 ’
1262 1341 1345 1379 ’
1582 1438 2061 1553 LIBER

2233 1438 2762 1555 rNo'sw.

1850 1628 2491 1693 (ΘῘΦ-ἲειῶθοβιΕ-ο-Έ)

598 1763 655 1810 In
678 1769 778 1824 quo
805 1748 1280 1813 demonstraturum
1310 1752 1366 1805 tn
1393 1746 1942 1812 emisthnareligione,
1964 1742 2313 1879 nonetﬂpabgi
2336 1746 2638 1812 temeritate,
2662 1746 3004 1802 sedlaudabili
3023 1746 3122 1805 ﬁde
3143 1748 3778 1818 moderemqu

1893 1839 2075 1879 nostris
2093 1841 2191 1879 non
2212 1842 2259 1879 Vl
2296 1842 2453 1879 emus.

1893 1839 2075 1883 ηοειινιε
2093 1841 2191 1879 non
2212 1839 2453 1883 νιαθιιιιιε.

602 1968 830 2027 CAPUT
850 1964 1136 2025 PRIMUM.
1153 1966 1249 2022 -Ι
1262 2002 1275 2018 .
1295 1961 1462 2018 Etiam
1481 1961 1533 2017 in
1552 1959 1699 2017 rebus
1725 1957 1961 2013 humanis
1978 1955 2137 2011 multa

533 2065 676 2121 credi
721 2078 835 2134 qua
875 2077 979 2116 non
1006 2069 1279 2116 cernuntur
1314 2056 1492 2112 oculis.
1544 2053 1788 2110 Voluntas
1823 2052 1975 2106 amici
2004 2050 2136 2106 bona

533 2174 640 2213 non
670 2155 893 2222 videtur,
919 2152 1006 2209 sed
1040 2152 1277 2207 creditur.
1313 2148 1473 2203 Amici
1512 2148 1662 2203 etiam
1691 2142 1888 2215 probati
1919 2144 2132 2199 benevo-

528 2250 691 2308 lentia
728 2247 871 2303 nobis
921 2261 1024 2300 non
1078 2252 1273 2301 constat
1326 2243 1433 2297 sine
1476 2240 1649 2309 aliqua
1688 2238 1807 2307 ﬁde.
1861 2235 1994 2315 Sunt
2040 2236 2132 2306 qui

528 2351 725 2417 putant
769 2340 1109 2397 christiazmn
1156 2337 1471 2409 religionem
1522 2341 1807 2405 propterea
1854 2329 2133 2385 ridendum

523 2436 708 2508 potius
733 2449 893 2506 quam
921 2431 1202 2489 tenendam
1222 2470 1239 2499 ,
1271 2429 1392 2501 quia
1420 2427 1475 2483 in
1504 2441 1566 2483 ea
1587 2467 1603 2494 ,
1632 2439 1741 2481 non
1782 2438 1871 2481 res
1900 2438 2019 2493 quae
2048 2422 2130 2476 vi-

526 2527 719 2584 deatur
739 2525 1061 2591 ostenditur,
1093 2522 1187 2580 sed
1214 2520 1346 2576 ﬁdes
1370 2534 1547 2575 rerum
1579 2533 1698 2588 qua:
1723 2531 1829 2571 non
1855 2513 2127 2582 videntur,

516 2616 837 2674 ‘hominibus
875 2616 1185 2685 imperatur.
1226 2610 1335 2671 Nos
1371 2624 1500 2681 ergo
1537 2607 1604 2663 ad
1630 2608 1729 2664 bos
1768 2604 2128 2671 refellendos,

525 2708 622 2780 qui
646 2708 938 2779 prudenter
964 2706 1066 2763 sibi
1090 2703 1339 2759 videntur
1364 2701 1509 2756 nolle
1535 2698 1758 2755 credere
1783 2696 1925 2769 quod
1946 2696 2130 2752 videre

520 2814 638 2859 non
665 2807 916 2871 possunt,
969 2798 1071 2854 etsi
1115 2810 1223 2852 non
1259 2794 1499 2851 valemus
1539 2791 1786 2847 humanis
1824 2788 2129 2860 aspectibus

522 2900 830 2949 monstrare
848 2889 1026 2946 divina
1047 2903 1165 2960 quae
1190 2884 1480 2953 credimus,
1509 2893 1684 2938 tamen
1707 2882 1956 2936 humanis
1975 2895 2130 2936 men-

523 2980 673 3036 tibus
718 2980 879 3036 etiam
932 2978 1023 3035 illa
1069 2992 1190 3048 qua:
1236 2992 1342 3031 non
1393 2974 1640 3030 videntur
1688 2970 1953 3027 credenda
2006 2985 2129 3027 esse

522 3070 908 3129 monstramus.
940 3071 1017 3125 Ac
1043 3069 1273 3140 primum
1302 3067 1411 3135 isti,
1445 3079 1578 3136 quos
1606 3063 1777 3121 oculis
1804 3060 2017 3117 carneis
2049 3060 2127 3116 sic

524 3164 752 3222 stultitia
780 3162 907 3220 fecit
930 3161 1213 3227 obnoxios,
1242 3168 1300 3217 ut
1328 3158 1471 3231 quod
1497 3173 1591 3228 per
1616 3171 1710 3213 eos
1735 3170 1845 3211 non
1873 3163 2124 3219 cernunt,

520 3274 638 3315 non
668 3257 769 3313 sibi
794 3257 1100 3313 existiment
1127 3268 1248 3310 esse
1274 3251 1623 3318 credendum,
1641 3247 1964 3306 admonendi
2002 3257 2130 3305 sunt

521 3364 686 3421 quam
713 3350 877 3404 multa
906 3363 1014 3403 non
1041 3346 1214 3403 solum
1241 3343 1495 3411 credant,
1526 3356 1715 3397 verum
1742 3340 1902 3395 etiam
1932 3338 2123 3405 sciant,

521 3455 647 3511 quae
679 3438 872 3494 talibus
899 3438 1067 3494 oculis
1104 3435 1272 3491 videri
1301 3450 1408 3489 non
1438 3440 1677 3504 possunt.
1711 3432 1841 3499 Qua:
1869 3445 1993 3486 cum
2020 3430 2129 3485 sint

518 3530 932 3591 innumerabilia
960 3529 1013 3583 in
1042 3528 1161 3598 ipso
1188 3527 1369 3581 animo
1407 3533 1591 3581 nostro
1611 3563 1625 3589 ,
1656 3523 1807 3592 cujus
1846 3520 2125 3576 invisibilis

523 3634 611 3680 est
636 3633 821 3678 natura
840 3664 857 3691 ,
888 3631 946 3676 ut
975 3621 1075 3676 alia
1114 3629 1319 3676 taceam
1338 3660 1352 3683 ,
1385 3616 1517 3672 ﬁdes
1545 3618 1655 3686 ipsa
1688 3630 1791 3685 qua
1817 3614 2087 3670 credimus
2106 3656 2124 3682 ,

522 3716 644 3774 sive
680 3713 930 3786 cogitatio
971 3727 1074 3783 qua
1101 3725 1199 3765 nos
1240 3708 1323 3765 vel
1349 3706 1571 3763 credere
1611 3705 1847 3776 aliquid,
1891 3704 1972 3760 vel
2018 3720 2126 3761 non

523 3807 749 3864 credere
776 3805 1052 3870 novimus,
1080 3818 1203 3859 cum
1230 3815 1446 3873 prorsus
1484 3798 1655 3855 aliena
1693 3799 1764 3854 sit
1806 3797 1874 3853 ab
1902 3798 2125 3854 istorum

523 3897 901 3969 conspectibus
939 3894 1250 3963 oculorum,
1285 3890 1413 3964 quid
1452 3900 1559 3947 tam
1603 3888 1840 3957 nudum,
1874 3898 1981 3945 tam
2011 3890 2125 3945 cla-

523 4004 676 4053 rum,
709 3987 836 4059 quid
872 3997 978 4041 tam
1016 3995 1222 4041 certum
1263 3993 1345 4041 est
1389 3980 1730 4038 interioribus
1771 3979 1975 4037 visibus
2008 3980 2125 4035 ani-

523 4079 779 4139 morum?
803 4078 1083 4147 Quomodo
1107 4091 1234 4149 ergo
1254 4075 1578 4131 credendum
1604 4089 1710 4131 non
1734 4083 1818 4130 est
1840 4073 1983 4146 quod
2003 4088 2125 4130 cor-

522 4172 708 4243 poreis
736 4171 905 4227 oculis
933 4184 1040 4225 non
1072 4167 1343 4234 videmus,
1372 4181 1495 4223 cum
1520 4166 1603 4222 vel
1632 4164 1853 4223 credere
1877 4180 1975 4221 nos
1995 4207 2009 4234 ,
2040 4165 2126 4223 vel

524 4280 641 4321 non
670 4265 909 4333 credere,
941 4264 1032 4319 ubi
1060 4276 1349 4333 corporeos
1378 4260 1563 4317 oculos
1588 4259 1843 4317 adhibere
1871 4273 1977 4317 non
2000 4274 2123 4331 pos-

527 4373 735 4427 sumus,
770 4356 885 4414 sine
910 4356 1017 4412 ulla
1041 4354 1373 4412 dubitatione
1400 4352 1713 4409 videamus?

507 4448 527 4519 'f
599 4452 656 4505 2.
697 4450 841 4519 Sed,
872 4450 1152 4522 inquiunt,
1192 4446 1293 4504 ista
1329 4462 1448 4518 quae
1491 4446 1547 4502 in
1592 4445 1773 4501 animo
1802 4453 1960 4513 sunt,
2001 4458 2122 4499 cum

503 4526 800 4619 'possimus
824 4544 942 4616 ipso
968 4544 1148 4599 animo
1175 4555 1415 4606 cernere,
1444 4556 1552 4594 non
1581 4552 1714 4609 Opus
1740 4538 1998 4593 habemus
2029 4553 2124 4607 per

524 4642 717 4699 oculos
740 4640 982 4712 corporis
1007 4652 1167 4694 nosse
1196 4653 1209 4691 :
1238 4650 1355 4705 quae
1382 4641 1560 4689 autem
1591 4630 1765 4687 dicitis
1789 4646 1885 4686 vos
1914 4640 1973 4687 ut
2000 4645 2121 4687 ere-

524 4736 742 4804 damus,
773 4749 874 4791 nec
896 4731 1028 4790 foris
1051 4729 1351 4797 ostenditis,
1381 4735 1438 4783 ut
1462 4743 1524 4783 ea
1549 4741 1647 4798 per
1675 4726 1861 4782 oculos
1882 4724 2123 4796 corporis

527 4829 871 4895 noverimus;
895 4842 995 4883 nec
1020 4827 1160 4882 intus
1190 4825 1243 4879 in
1270 4821 1449 4878 animo
1478 4827 1662 4876 nostro
1688 4827 1831 4887 sunt,
1857 4828 1914 4874 ut
1944 4832 2008 4872 ea
2032 4831 2124 4872 co-

528 4922 747 4997 gitando
792 4921 1088 4977 videamus.
1129 4918 1217 4974 Sic
1246 4918 1345 4972 ista
1387 4914 1604 4981 dicunt,
1652 4912 1800 4983 quasi
1844 4911 2121 4982 quisquam

530 5016 753 5074 credere
771 5014 1072 5086 iuberetur,
1099 5011 1145 5067 si
1169 5010 1278 5081 jam
1306 5007 1403 5065 sibi
1429 5014 1808 5078 prrescntatum
1835 5012 2015 5076 posset
2040 5005 2122 5059 vi-

531 5109 660 5166 dere
703 5109 846 5180 quod
892 5105 1146 5163 creditur.
1192 5103 1317 5158 ldeo
1364 5101 1550 5172 utique
1599 5098 1855 5155 debemus
1901 5096 2123 5155 credere

533 5202 784 5259 nonnulla
824 5188 987 5257 etiam
1032 5196 1378 5270 temporalia,
1424 5209 1541 5265 quae
1592 5208 1697 5249 non
1748 5192 2017 5260 videmus,
2067 5199 2125 5247 ut

533 5304 732 5354 acterna
757 5306 920 5354 etiam
949 5307 1252 5352 mereamur
1284 5290 1466 5347 videre
1483 5328 1500 5358 ,
1550 5304 1670 5361 quae
1698 5287 1985 5345 credimus.
2015 5285 2120 5344 Sed

2242 1958 2482 2029 quisquis
2507 1974 2595 2029 es,
2622 1961 2713 2033 qui
2741 1977 2844 2019 non
2869 1963 2950 2021 vis
2974 1964 3196 2022 credere
3218 1965 3319 2022 nisi
3345 1965 3488 2038 quod
3512 1965 3683 2033 vides,
3713 1982 3836 2026 ecce

2240 2054 2526 2122 prtesentia
2554 2069 2779 2125 corpora
2816 2059 3089 2128 corporeis
3117 2059 3288 2116 oculis
3324 2060 3507 2131 vides,
3538 2071 3839 2133 praesentes

2239 2142 2544 2201 voluntates
2581 2154 2636 2201 et
2677 2147 3025 2220 cogitationes
3064 2158 3214 2217 tuas,
3256 2151 3379 2222 quia
3427 2152 3480 2207 in
3522 2152 3711 2210 animo
3749 2162 3840 2210 tuo

2238 2244 2397 2302 sunt,
2428 2236 2543 2306 ipso
2572 2238 2750 2294 animo
2776 2239 2963 2296 vides:
2995 2241 3082 2297 die
3109 2240 3258 2306 mihi,
3288 2241 3513 2298 obsecro
3542 2249 3628 2308 te;
3671 2243 3840 2299 amici

2239 2327 2315 2382 tui
2336 2342 2460 2398 erga
2489 2336 2541 2385 te
2562 2331 2885 2387 voluntatem
2908 2333 3099 2404 quibus
3117 2334 3289 2390 oculis
3313 2334 3499 2392 vides?
3523 2335 3668 2392 nulla
3702 2336 3843 2393 enim

2236 2418 2481 2475 voluntas
2505 2424 2779 2494 corporeis
2802 2425 2970 2481 oculis
2997 2426 3166 2483 videri
3192 2434 3387 2497 potest.
3416 2428 3498 2483 An
3520 2442 3647 2483 vero
3670 2428 3844 2485 etiam

2234 2508 2340 2567 hoc
2364 2512 2514 2570 vides
2550 2515 2729 2572 animo
2761 2523 2883 2583 tuo,
2912 2516 3054 2587 quod
3085 2519 3140 2573 in
3177 2518 3357 2574 animo
3400 2520 3571 2591 agitur
3610 2520 3843 2577 alieno?

2234 2603 2389 2673 Quod
2425 2608 2468 2661 si
2497 2623 2605 2662 non
2640 2607 2794 2665 vides
2818 2651 2832 2675 ,
2861 2611 3129 2680 quomodo
3158 2612 3368 2667 amicali
3400 2613 3412 2644 ¹
3447 2610 3675 2669 bcnevol
3690 2614 3848 2670 emite

2236 2693 2408 2751 vicem
2434 2698 2704 2767 rependis,
2728 2699 2772 2755 si
2796 2700 2938 2772 quod
2964 2716 3068 2757 non
3092 2709 3242 2772 poles
3268 2702 3467 2771 videre,
3494 2718 3594 2759 non
3621 2705 3848 2763 credis?

2233 2788 2316 2841 An
2365 2786 2502 2845 forte
2538 2789 2778 2848 dicturus
2815 2807 2908 2859 es,
2954 2792 3174 2865 alterius
3216 2794 3541 2859 voluntatem
3579 2812 3687 2867 per
3722 2798 3837 2871 eius

2233 2892 2395 2947 opera
2428 2888 2479 2935 te
2522 2880 2743 2937 videre?
2767 2882 2910 2954 Ergo
2938 2882 3074 2939 facta
3104 2885 3315 2941 visurus
3333 2928 3348 2952 ,
3377 2894 3431 2942 et
3455 2887 3619 2944 verba
3650 2905 3713 2945 es
3740 2904 3839 2945 au-

2232 2969 2477 3039 diturus,
2510 2970 2577 3028 de
2607 2973 2764 3029 amici
2792 2984 2970 3030 autem
3008 2975 3281 3033 voluntate
3320 2976 3373 3032 id
3414 2978 3555 3048 quod
3577 2979 3758 3037 videri
3785 2988 3841 3037 et

2233 3062 2403 3118 audiri
2443 3078 2549 3119 non
2581 3073 2756 3135 potest
2782 3066 3099 3123 crediturus.
3133 3067 3248 3124 Non
3278 3069 3421 3125 enim
3451 3071 3706 3128 voluntas
3747 3072 3840 3128 illa

2232 3155 2379 3210 color
2400 3164 2482 3211 est
2504 3165 2595 3211 aut
2619 3156 2803 3228 ﬁgura,
2833 3167 2892 3213 ut
2916 3160 3086 3215 oculis
3109 3160 3412 3231 ingeratur;
3441 3162 3525 3218 vel
3550 3177 3727 3219 sonus
3745 3173 3840 3219 aut
3928 3150 3933 3155 ’

2230 3248 2527 3315 cantilena,
2559 3257 2617 3304 ut
2643 3250 2859 3307 auribus
2887 3250 3163 3319 illabatur;
3194 3261 3287 3308 aut
3323 3268 3453 3309 vero
3498 3260 3585 3309 tua
3628 3263 3755 3321 est,
3784 3263 3846 3313 ut

2232 3340 2308 3394 tui
2336 3339 2515 3397 cordis
2549 3339 2831 3399 affectione
2875 3344 3159 3404 sentiatur.
3196 3344 3382 3402 Restat
3416 3346 3596 3418 itaque
3628 3356 3695 3404 ut
3738 3361 3845 3404 nec

2231 3431 2365 3498 visa,
2396 3448 2494 3489 nec
2517 3432 2723 3502 audita,
2755 3450 2855 3492 nec
2879 3436 3018 3506 apud
3047 3445 3099 3493 te
3118 3438 3260 3495 intus
3282 3447 3568 3510 conspecta
3592 3440 3614 3473 ί
3641 3440 3846 3497 creda-

2233 3530 2348 3591 tur,
2388 3538 2457 3580 ne
2488 3532 2574 3579 tua
2617 3526 2721 3581 vita
2761 3526 2974 3583 deserta
3012 3529 3129 3585 sine
3152 3530 3258 3585 ulla
3293 3531 3525 3587 amicitia
3550 3532 3846 3605 relinqua-

2232 3623 2338 3683 tur,
2368 3616 2454 3671 vel
2481 3616 2721 3687 impensa
2752 3618 2844 3674 tibi
2869 3619 3083 3677 dilectio
3107 3622 3344 3677 vicissim
3368 3621 3464 3678 abs
3506 3630 3559 3679 te
3597 3639 3721 3683 non
3750 3641 3849 3682 re-

2229 3705 2509 3777 pendatur.
2538 3708 2637 3764 Ubi
2664 3718 2744 3765 est
2772 3725 2901 3783 ergo
2937 3712 3077 3784 quod
3100 3712 3346 3781 dicebas,
3378 3721 3430 3770 te
3464 3712 3701 3773 credere
3729 3731 3849 3775 non

2229 3797 2455 3867 debere,
2501 3800 2602 3855 nisi
2631 3801 2773 3873 quod
2819 3801 3026 3858 videres
3064 3812 3157 3859 aut
3191 3804 3523 3863 extrinsecus
3559 3820 3854 3881 corpore,

2229 3899 2320 3946 aut
2345 3889 2665 3950 intrinsecus
2686 3895 2882 3951 corde?
2904 3896 3041 3952 Ecce
3061 3912 3128 3953 ex
3150 3897 3314 3955 corde
3335 3906 3446 3965 tuo,
3470 3898 3659 3957 credis
3687 3902 3858 3960 cordi

2228 3999 2337 4039 non
2367 3992 2489 4052 tuo;
2519 3995 2573 4041 et
2601 4002 2705 4058 quo
2735 4002 2834 4043 nec
2860 3988 3035 4045 carnis
3064 4004 3165 4046 nec
3190 3990 3385 4046 mentis
3412 3989 3601 4063 dirigis
3634 3993 3857 4062 aciem,

2228 4075 2604 4132 accommodas
2624 4077 2802 4133 tidem.
2829 4078 2997 4134 Amici
3027 4078 3215 4136 faciem
3240 4078 3418 4136 cernis
3442 4096 3684 4153 corpore
3713 4093 3816 4140 tuo
3833 4124 3855 4155 ,

2230 4166 2389 4225 ﬁdem
2420 4177 2563 4223 tuam
2588 4171 2763 4227 cernis
2788 4172 2966 4227 animo
2996 4181 3125 4229 tuo:
3156 4175 3311 4230 amici
3338 4189 3467 4232 vero
3506 4190 3618 4232 non
3654 4177 3770 4235 abs
3803 4188 3863 4237 te

2228 4271 2439 4317 amatur
2464 4261 2599 4319 ﬁdes
2620 4305 2636 4331 ,
2682 4263 2726 4319 si
2758 4279 2862 4319 non
2893 4264 2945 4319 in
2977 4274 3027 4321 te
3064 4274 3247 4322 mutuo
3285 4265 3376 4322 illa
3404 4266 3476 4324 sit
3516 4266 3704 4337 ﬁdes,
3742 4284 3865 4343 qua

2229 4354 2418 4411 credas
2449 4355 2590 4427 quod
2620 4355 2672 4411 in
2700 4356 2789 4412 illo
2826 4371 2930 4412 non
2961 4357 3129 4414 vides.
3170 4357 3423 4429 Quamvis
3464 4359 3633 4416 homo
3666 4363 3865 4434 possit

2228 4453 2283 4501 et
2311 4444 2494 4523 fallere
2519 4446 2768 4519 ﬁngendo
2795 4448 3244 4517 benevolentiam,
3268 4449 3497 4521 tegendo
3519 4450 3815 4509 malitiam
3843 4470 3861 4509 :

2228 4546 2319 4593 aut
2363 4539 2409 4593 si
2445 4554 2640 4595 nocere
2676 4555 2781 4595 non
2815 4539 3044 4610 cogitat,
3079 4550 3258 4596 tamen
3302 4540 3681 4611 exspectando
3733 4558 3770 4598 a
3806 4552 3867 4601 te

2228 4632 2457 4701 aliquam
2478 4630 2932 4698 commoditatem,
2957 4631 3193 4702 simulat,
3220 4632 3344 4705 quia
3364 4630 3706 4691 charitatem
3732 4648 3864 4695 non

2227 4723 2407 4781 babcL

2299 4819 2353 4874 '5.
2395 4816 2499 4874 Sed
2529 4815 2662 4873 dicis
2681 4859 2697 4887 ,
2730 4816 2851 4873 ideo
2877 4824 2931 4874 te
2953 4817 3177 4876 credere
3214 4818 3391 4876 amico
3413 4862 3429 4889 ,
3456 4818 3613 4891 cujus
3650 4821 3875 4881 videre

2227 4927 2321 4970 cor
2340 4928 2444 4969 non
2467 4921 2634 4983 potes,
2663 4911 2787 4983 quia
2809 4911 2863 4967 in
2887 4912 2989 4967 tuis
3011 4913 3392 4970 tentationibus
3413 4929 3535 4970 eum
3556 4916 3871 4988 probasti,

2226 5014 2282 5062 et
2301 5003 2599 5076 cujusmodi
2618 5004 2852 5059 animum
2874 5018 2999 5074 erga
3022 5010 3077 5061 te’
3096 5004 3316 5062 haberet
3337 5005 3390 5061 in
3418 5006 3521 5063 tuis
3541 5010 3874 5080 periculis,

2229 5099 2319 5156 ubi
2352 5106 2404 5154 te
2432 5112 2537 5153 non
2576 5096 2841 5165 deseruit,
2882 5098 3198 5170 cognovisti.
3239 5098 3509 5172 Numquid
3549 5114 3752 5173 ergo,
3809 5114 3883 5163 ut

2227 5191 2517 5248 amicorum
2554 5190 2811 5263 probetur
2850 5206 2977 5263 erga
3018 5206 3121 5248 nos
3163 5190 3421 5258 charitas,
3470 5190 3712 5249 videtur
3764 5197 3882 5254 tibi

2230 5291 2411 5341 nostra
2430 5283 2658 5355 optanda
2673 5282 2985 5343 calamitas?
3002 5283 3113 5345 Nec
3131 5285 3409 5357 quisquam
3425 5282 3530 5363 erit
3546 5298 3624 5339 ex
3649 5287 3887 5345 amicis

1724 5419 2015 5461 ΑΜΙΟΝΙΤΙΟ
2050 5421 2134 5463 PP.
2172 5412 2654 5462 BENEDICTINORUI.
3180 5440 3185 5445 .

592 5505 886 5557 amendatos
928 5508 1008 5554 est
1029 5500 1192 5565 (Liber
1210 5500 1278 5551 de
1296 5498 1409 5573 ride
1428 5509 1598 5548 rerum
1614 5507 1846 5609 moon
1868 5495 2114 5571 videntur)
2137 5496 2197 5547 ad
2216 5478 2335 5566 Mss.
2348 5490 2630 5565 sorbonieos
2656 5488 2800 5554 duos,
2837 5490 2901 5543 ad
2929 5491 3204 5544 Vaticanum
3217 5502 3387 5553 unum,
3406 5494 3463 5541 et
3477 5486 3537 5540 ad
3556 5494 3893 5547 Gemmeu-

592 5582 733 5609 nmm
748 5582 762 5609 ε
786 5574 1129 5609 ιδιιιιξιριιρέιισιιθ
1148 5562 1210 5609 ad
1233 5562 1475 5609 editiones
1486 5568 1627 5609 Amer
1704 5572 1717 5587 δ
1750 5559 1799 5609 ti.
1827 5564 2005 5609 Erasnu
2026 5568 2078 5609 et
2098 5566 2476 5609 Lovamensmm.

510 5566 764 5644 pansam;
786 5562 1129 5637 metereaque
1148 5562 1210 5613 ad
1233 5562 1475 5613 editiones
1486 5568 1627 5611 Amer

1750 5559 1799 5621 ii,
1827 5560 2005 5609 Erasmi
2026 5568 2078 5611 et
2096 5554 2476 5609 Lovaniensium.

642 5649 1147 5732 Comparaot'mus
1170 5655 1474 5727 praeterea
1497 5663 1598 5709 cas
1627 5660 1832 5709 omnes
1858 5641 2159 5711 editione:
2178 5638 2370 5707 initio
2399 5637 2574 5699 Betr.
2592 5643 2659 5727 et
2678 5636 2965 5703 Confess.
3007 5646 3054 5701 ι.
3085 5637 3145 5716 1,
3173 5643 3562 5702 memoratas.
3673 5637 3794 5704 Μ.

597 5774 677 5841 (a)
702 5774 917 5839 Scriptus
932 5779 1042 5838 post
1064 5782 1245 5825 annum
1264 5769 1377 5822 399.

2292 5764 2312 5795 ι
2337 5758 2525 5824 Aliquot
2543 5766 2677 5823 Mss,

2292 5824 2320 5859 ³
2337 5822 2412 5876 sic
2425 5822 2533 5877 Mss.
2557 5822 2676 5878 Editi
2693 5840 2831 5890 vero,
2852 5825 3139 5892 consoripta.
