2000 3168
155 124 206 174 Πδ

153 183 308 223 certissimis
328 182 410 221 telis,
432 182 482 210 nisi
505 182 582 210 fuerit
603 181 722 210 adversis
740 181 819 209 rebus
832 180 942 208 infelix:

153 219 181 259 ut
199 217 483 264 videiicetiexplorato
507 228 616 255 alterius
638 235 730 255 amore
753 234 804 254 non
822 226 924 254 fruatur
936 247 943 259 ,

152 277 201 305 nisi
223 283 272 304 suo
286 275 379 303 dolore
394 274 436 302 vel
452 269 547 302 timore
559 274 701 301 crucietur.
719 273 750 300 Et
770 272 905 308 quomodo
918 272 944 300 in

152 322 280 351 habendis
299 322 370 351 veris
389 321 481 348 amicis
495 320 580 356 optari
605 328 646 353 ea,
659 312 723 347 nent
737 319 823 354 potius
846 318 944 352 timeri,

153 368 262 396 felicitas
282 371 390 405 potest,
413 374 492 402 quam
517 366 630 401 probare
656 366 705 392 nisi
731 364 869 392 infelicitas
893 372 944 392 non

153 414 261 451 potest?
281 413 315 441 Et
334 417 423 441 tamen
443 419 535 440 verum
557 416 598 439 est
616 411 708 439 haberi
733 418 810 446 posse
830 410 946 438 amicmn

153 460 231 488 etiam
245 459 271 486 in
285 458 364 487 rebus
376 458 520 493 prosperis,
532 456 639 493 probari
653 460 741 484 autem
754 456 854 484 certius
867 456 893 483 in
905 463 947 483 rc-

153 506 200 534 bus
216 504 348 533 adversis.

186 550 301 579 CAPUT
320 550 353 581 II.
365 565 401 571 —
411 549 478 578 Fide
491 549 522 577 de
532 549 606 576 rebus
620 549 736 576 Immanis
747 548 858 581 sublata,
871 556 946 583 quum

154 597 279 625 [torrenda
290 595 407 632 confusio
422 599 573 631 sequeretur.
588 593 639 622 Sed
656 594 746 629 utique
762 597 789 621 tit
803 601 864 621 eum
883 600 946 628 pro-

153 643 208 676 bes,
218 634 347 679 periculis
356 641 406 670 tuis
415 648 464 669 nec
474 645 499 668 te
505 640 695 674 committeres,
704 640 753 667 nisi
765 639 888 667 crederes
898 648 905 666 :
916 645 947 666 ac

154 698 199 726 per
213 691 263 717 hoc
277 696 338 725 cum
352 691 378 716 te
390 686 536 715 committis
550 692 579 714 ut
591 685 696 721 probes,
709 685 796 714 credis
806 689 947 721 antequam

154 736 262 774 probes.
277 734 357 763 Certe
372 733 444 762 enim
465 732 487 760 si
506 732 586 760 rebus
604 739 657 760 non
678 731 742 759 visis
762 730 873 759 credere
894 738 947 757 non

154 777 300 812 debemus,
315 778 530 817 quandoquidem
546 782 573 806 et
587 778 704 806 nondum
719 777 817 806 certius
830 775 948 813 probatis

154 828 300 855 amicorum
314 826 439 854 cordibus
453 824 587 853 credimus
601 824 627 856 ';
641 827 668 852 et
682 831 742 851 eum
756 831 786 851 ea
808 823 885 851 malis
899 830 949 850 no-

154 874 215 903 stris
225 873 294 904 bona
310 871 525 907 probaverimus,
538 870 619 899 etiam
640 874 703 898 tunc
717 877 809 897 eorum
823 876 885 905 erga
899 876 949 897 nos

154 911 365 948 benevolentiam
380 917 513 946 credimus
529 917 633 952 potius,
648 924 727 952 quam
741 915 881 943 videmus:
897 915 948 942 nisi

154 965 214 1002 quia
229 959 301 994 tanta
315 964 381 991 fides
398 967 448 996 est,
464 967 492 991 ut
506 970 558 990 non
573 962 777 998 incensi-uenter
790 960 948 997 quibusdam

154 1011 238 1041 oculis
251 1010 308 1046 ejus
319 1017 368 1038 nos
378 1009 529 1046 judiccmus
538 1007 629 1036 videre
642 1007 713 1043 quod
723 1007 874 1039 credimus;
889 1014 950 1034 cum

154 1054 293 1098 propterea
299 1056 410 1085 credere
415 1052 633 1090 debeamus,quia
642 1054 732 1082 videre
738 1062 790 1081 non
797 1061 948 1090 possumus.

159 1100 161 1102 ’
190 1104 218 1132 ι,
238 1103 266 1132 Si
279 1103 414 1131 auferatur
431 1102 488 1130 huic
502 1101 567 1130 fides
585 1101 619 1129 dc
630 1100 710 1128 rebus
724 1099 848 1127 humanis
859 1120 867 1134 ,
890 1099 950 1135 quis

154 1157 208 1178 non
222 1148 342 1176 attendat
353 1152 452 1184 quanta
466 1154 557 1175 earum
572 1145 744 1181 perturbatio,
758 1149 785 1173 et
795 1152 874 1180 quam
888 1143 951 1172 hor-

155 1196 238 1226 renda
251 1195 372 1225 conlusio
386 1192 584 1230 subsequatur?
597 1191 662 1227 Quis
674 1191 744 1219 enim
758 1196 850 1219 mutua
861 1190 948 1227 chari-

156 1248 210 1273 tate
224 1243 349 1279 diligetur
364 1242 398 1270 ab
408 1241 515 1277 aliquo,
529 1247 590 1268 cum
608 1239 642 1266 sit
655 1238 797 1266 invisibilis
812 1238 869 1274 ipsa
881 1237 950 1266 dile-

153 1280 219 1330 ctio,
242 1288 265 1316 si
280 1286 351 1323 quod
371 1293 423 1315 non
443 1285 538 1320 video,
552 1284 662 1313 credere
686 1291 739 1311 non
761 1283 864 1311 debeo?
883 1282 951 1311 Tota

140 1335 246 1373 itaque
261 1333 361 1371 peribit
379 1332 505 1365 amicitia,
526 1331 588 1366 quia
609 1329 726 1358 nonnisi
746 1333 838 1357 mutuo
860 1336 952 1356 amore

154 1385 271 1409 constat.
285 1378 354 1415 Quid
368 1378 441 1406 enim
449 1377 508 1413 ejus
521 1377 620 1413 poterit
632 1376 666 1404 ab
680 1375 770 1411 aliquo
785 1375 915 1410 recipere,
928 1375 951 1402 si

156 1426 222 1456 nihil
244 1416 305 1461 ejus
324 1424 454 1455 creditum
474 1422 552 1451 fuerit
574 1422 714 1450 exhiberi?
736 1421 818 1449 Porro
836 1420 951 1449 amicitia

155 1466 298 1516 pereunte,
313 1480 400 1509 neque
414 1470 609 1500 connubiorum
626 1476 712 1505 neque
727 1469 913 1505 cognationum
925 1472 953 1496 ct

155 1514 315 1549 aliinitatum
330 1518 436 1547 vincula
448 1518 474 1545 in
488 1516 577 1545 animo
597 1515 787 1548 servabuntur;
810 1514 871 1551 quia
885 1518 913 1542 et
926 1514 952 1541 in

155 1566 197 1596 bis
213 1567 306 1602 utique
324 1567 411 1593 amica
431 1562 573 1591 consensio
585 1566 636 1590 est.
650 1560 708 1589 Non
728 1567 792 1596 ergo
813 1559 952 1595 conjugem

156 1603 253 1649 lconjux
264 1611 382 1640 vicissim
394 1609 504 1646 diligere
516 1608 624 1644 poterit,
635 1606 740 1643 quando
753 1614 782 1634 se
795 1605 878 1641 diligi,
892 1605 952 1641 quia

156 1649 241 1697 ipsam
253 1658 424 1687 dilectionem
438 1663 492 1684 non
504 1658 591 1692 potest
601 1654 693 1682 videre
702 1674 709 1688 ,
726 1660 780 1682 non
792 1653 886 1681 credit.
897 1652 953 1681 Nec

157 1706 226 1733 ﬁlios
240 1704 341 1732 habere
361 1700 564 1733 desiderabunt,
578 1707 645 1736 quos
665 1699 781 1727 vicissim
795 1698 846 1726 sibi
865 1698 954 1726 reddi-

156 1757 233 1788 turos
241 1752 252 1767 ¹
264 1757 325 1779 esse
334 1757 387 1777 non
398 1747 522 1777 credunt.
532 1747 582 1782 Qui
595 1747 616 1774 si
628 1750 770 1774 nascantur
782 1749 809 1774 et
819 1750 951 1780 crescant,

142 1795 242 1827 'mnlto
267 1787 356 1824 minus
374 1795 426 1831 ipsi
445 1797 568 1830 patentes
586 1800 649 1821 suos
668 1791 813 1826 amabunt,
839 1799 952 1829 quorum

157 1853 220 1881 erga
234 1852 264 1872 se
276 1850 396 1871 amorem
415 1842 442 1869 in
457 1848 549 1871 cerum
568 1839 709 1874 cordibus,
724 1840 784 1875 quia
804 1842 845 1870 est
859 1838 953 1867 invisi-

156 1891 228 1925 bilis,
243 1899 297 1919 non
313 1889 454 1924 videbunt;
470 1888 492 1916 si
504 1895 535 1916 ea
546 1895 606 1923 qum
617 1894 668 1914 non
683 1886 815 1919 videntur,
829 1893 882 1914 non
896 1885 953 1913 lau-

157 1931 240 1967 dabili
254 1935 307 1964 ﬁde
318 1956 326 1970 ,
340 1935 389 1964 scd
406 1933 531 1969 culpabili
546 1932 696 1962 temeritate
709 1931 863 1960 creduntur.
884 1931 953 1966 Quid

155 1986 212 2023 jam
226 1984 259 2013 de
269 1983 373 2012 cmteris
385 1979 626 2011 necessitudinibus
636 1979 733 2013 dicam,
745 1978 866 2014 fratrum,
879 1986 954 2007 soro-

157 2025 236 2063 rum,
257 2036 416 2066 generorum
430 2032 509 2064 atque
522 2033 675 2055 socerorum
686 2046 693 2060 ,
710 2030 737 2054 et
749 2025 868 2062 qualibet
887 2033 953 2054 eon-

156 2068 337 2115 sanguiniuate
352 2079 380 2104 et
402 2075 532 2102 affinitate
547 2073 720 2110 junctorum,
737 2073 759 2100 si
778 2072 893 2100 charitas
913 2072 954 2100 in-

156 2123 242 2159 certa,
257 2123 435 2157 voluntasque
444 2125 567 2157 suspecta
581 2123 632 2151 est,
647 2123 674 2147 et
688 2118 750 2146 filiis
764 2123 914 2154 parentum,
928 2122 955 2146 et

156 2161 316 2210 parentibus
329 2168 459 2200 ﬁliorum,
475 2166 537 2194 dum
556 2165 741 2194 benevolentia
762 2172 814 2192 non
836 2164 955 2192 redditur

158 2211 249 2246 debita
260 2216 290 2251 ³;
304 2215 364 2251 quia
377 2221 426 2242 nec
440 2213 529 2241 deberi
541 2215 663 2248 putatur,
675 2210 781 2247 quando
793 2211 818 2239 in
830 2211 882 2238 alio
895 2219 955 2247 qua:

157 2251 212 2294 non
231 2263 353 2293 videtur.
368 2268 427 2289 esse
445 2268 497 2288 non
516 2258 649 2287 creditur?
663 2257 746 2285 Porro
765 2257 787 2285 si
807 2265 859 2284 non
878 2257 954 2293 inge-

158 2298 245 2344 niosa,
261 2308 310 2338 sed
324 2307 416 2336 odiosa
431 2310 472 2334 est
485 2305 535 2334 ista
548 2304 669 2338 cautela,
685 2303 729 2331 ubi
743 2311 792 2331 nos
806 2302 889 2330 amari
902 2311 955 2331 non

145 2345 310 2389 credimus,
333 2353 404 2390 quod
424 2359 542 2380 amorem
565 2350 709 2378 amantium
734 2357 785 2377 non
812 2349 954 2384 videmus,

155 2392 299 2437 sicemque
308 2408 361 2428 non
372 2398 551 2434 rcpcndimus,
562 2396 658 2433 quibus
670 2403 728 2424 eam
740 2403 789 2423 nos
798 2395 895 2424 debere
902 2403 957 2423 mu-

159 2439 233 2477 tuam
247 2455 301 2476 non
316 2450 461 2484 putamus:
477 2452 560 2480 usque
575 2443 641 2471 adeo
654 2450 698 2471 res
713 2441 836 2469 humana:
850 2445 956 2477 pertur-

159 2495 276 2527 bantur,
298 2493 322 2521 si
343 2491 414 2530 quod
437 2499 491 2519 non
513 2490 653 2522 videmus,
675 2497 727 2516 non
748 2487 905 2522 credamus,
928 2487 957 2516 ut

161 2541 271 2570 omnino
284 2539 403 2569 funditus
415 2540 579 2570 evertuntur,
591 2533 612 2563 si
624 2534 709 2563 nullas
719 2533 860 2563 credamus
872 2532 958 2583 homi-

160 2650 181 2677 εί
188 2642 261 2676 rebus
268 2642 316 2674 nail
325 2647 360 2674 vis
367 2647 477 2677 credere,
486 2651 534 2672 non
542 2642 655 2677 ἀὲὺᾳῃηιε
820 2642 959 2677 canonum

147 2670 519 2713 ’ἷεὲἷῆῥῗόξθὶᾇέἐὶῧςὸἐιῶι
537 2670 957 2713 ερναίυιθξέῒεάὲῑεὶἓίέῐὲ¹μιέ¹βὲξτ

148 2704 355 2748 αηι,
363 2709 419 2748 ass.
424 2705 703 2748 ειειρβὲεὲξιπὶέξὲίὲη
710 2704 960 2748 επέεᾎῖἷ-Ἧΐ

147 2763 150 2765 λ
161 2736 385 2770 credere
393 2736 441 2766 non
451 2736 573 2770 debitum,
585 2736 704 2770 quam
715 2739 740 2763 et
749 2736 857 2771 nondum
870 2736 960 2762 certina

162 2771 271 2808 item:
281 2772 415 2808 απιίορηιηι
423 2769 539 2808 ἔονάίίηιξ
546 2765 960 2808 ΗεέἐῖτξυξέᾗἮΗΗὲΕ·

162 2800 854 2832 compagem

195 2899 208 2918 ³
219 2891 304 2927 ἧἆᾶ
313 2891 379 2931 ω,
392 2891 453 2925 duris
464 2893 629 2923 benevolentia
638 2898 685 2921 non
701 2891 814 2922 reddtur
824 2891 942 2920 debitam.

401 122 446 153 DE
461 121 541 166 Filii;
560 122 679 160 BERUM
698 121 781 157 ρυλε
800 121 866 152 NON
889 120 1070 156 VIDENTUR,
1090 122 1119 152 S.
1139 120 1322 161 AUGUSTINI
1341 124 1443 168 LIBER
1461 124 1562 157 UNUS.

998 188 1060 207 num
1082 180 1246 216 voluntates,
1262 190 1328 219 quas
1343 183 1434 220 utique
1454 185 1544 215 videre
1562 194 1614 214 non
1635 194 1787 224 possumus.

997 225 1096 254 Omitto
1110 226 1198 256 dicere
1210 236 1288 267 quam
1303 229 1385 257 multa
1396 230 1449 264 isti,
1464 230 1508 266 qui
1519 239 1567 260 nos
1579 233 1786 268 reprehendunt,

998 272 1059 307 quia
1079 273 1212 310 credimus
1228 281 1288 311 qua:
1309 283 1361 303 non
1380 275 1512 312 videmus,
1535 277 1643 306 credant
1658 278 1735 307 fama:
1759 284 1788 309 et

999 317 1126 352 Itistorim,
1139 320 1180 348 vel
1190 320 1224 349 de
1233 321 1298 349 locis
1311 321 1354 350 ubi
1367 322 1415 358 ipsi
1427 331 1478 350 non
1493 322 1616 358 fuerunt;
1629 332 1678 352 nec
1687 324 1788 359 dicant,

998 363 1056 392 Non
1071 366 1214 401 credimus,
1237 368 1297 404 quia
1320 376 1372 396 non
1392 369 1515 398 vidimus.
1539 370 1669 410 Quoniam
1692 371 1715 399 si
1738 372 1789 400 hoc

998 409 1104 445 dicant,
1129 417 1260 447 coguntur
1282 413 1356 442 fateri
1382 414 1497 443 incertos
1516 415 1566 444 sibi
1585 424 1645 445 esse
1665 422 1790 452 parentes

999 465 1062 486 suos
1074 468 1080 485 :
1097 460 1156 495 quia
1171 464 1197 488 et
1210 461 1272 488 hinc
1285 461 1344 489 aliis
1360 463 1546 499 narrantibus,
1560 471 1612 493 nec
1625 469 1714 492 tamen
1728 465 1790 500 quia

997 504 1052 540 jam
1067 506 1229 540 pra-teritum
1243 511 1282 534 est
1299 507 1324 534 id
1339 508 1480 536 ostendere
1493 509 1653 541 valentibus,
1667 501 1790 544 credide-

999 555 1077 585 runt,
1099 552 1198 579 nullum
1219 552 1365 581 retinentes
1387 553 1457 582 illius
1482 555 1609 590 temporis
1631 563 1748 589 sensuun,
1764 561 1792 584 ct

1000 601 1088 625 tamen
1102 597 1162 625 aliis
1176 598 1237 626 inde
1248 598 1416 634 l0qucntibus
1428 599 1584 628 adhibentes
1599 596 1657 629 sine
1672 601 1724 629 ulla
1739 601 1791 629 du-

999 641 1127 671 bitatione
1146 651 1323 677 consensum;
1340 644 1409 681 quod
1425 645 1475 673 nisi
1494 644 1553 679 fiat,
1574 646 1725 675 incurratur
1745 655 1792 675 ne-

999 695 1074 716 cesse
1091 693 1132 717 est
1152 689 1281 718 adversus
1296 695 1419 726 parentes
1438 690 1554 720 infidelis
1575 692 1711 728 impietas,
1727 692 1792 721 dum

1000 735 1074 770 quasi
1085 735 1181 763 vitatur
1192 734 1217 763 in
1230 736 1270 764 his
1279 744 1338 772 qua:
1350 736 1439 765 ridere
1449 745 1501 766 non
1512 745 1653 774 possumus
1662 739 1792 774 credendi

1001 780 1145 808 temeritas.
1786 783 1790 786 ‘

1036 826 1151 855 CAPUT
1170 826 1213 855 III.
1224 843 1259 848 -—
1269 827 1371 856 Indicia
1383 837 1440 865 qua:
1454 830 1605 865 con/irritant
1618 830 1705 867 ﬁdem.
1726 831 1794 860 Pro-

1002 871 1094 908 pltetiw
1108 871 1140 899 de
1152 871 1268 900 Ecclesia
1290 873 1410 914 implete.
1435 874 1464 902 Si
1480 883 1544 911 ergo
1557 883 1609 903 non
1623 876 1793 905 credentibus

1002 917 1079 946 nobis
1092 926 1152 954 quae
1164 918 1254 947 videre
1266 926 1319 947 non
1339 927 1490 956 possumus,
1505 921 1559 956 ipsa
1577 921 1691 949 humana
1705 923 1793 950 socie-

1003 966 1054 997 tas,
1074 963 1216 992 concordia
1237 969 1376 1000 pereunte,
1399 974 1452 993 non
1473 966 1552 994 stabit
1569 976 1574 994 :
1592 972 1690 1002 quanto
1710 969 1795 1004 magis

1001 1014 1044 1038 est
1063 1009 1147 1045 ﬁdes,
1168 1011 1290 1046 quamvis
1309 1020 1368 1048 quae
1389 1020 1440 1039 non
1461 1012 1595 1047 videntur,
1616 1014 1699 1042 rebus
1718 1014 1792 1041 adhi-

1003 1055 1087 1085 benda
1107 1057 1224 1089 divinis;
1243 1066 1302 1093 qua:
1321 1058 1344 1086 si
1365 1066 1417 1086 non
1430 1059 1596 1092 adhibeatur,
1613 1067 1664 1087 non
1680 1061 1795 1088 amicitia

1002 1101 1181 1139 quorumlibet
1195 1101 1344 1136 hominum,
1365 1103 1413 1131 sed
1433 1104 1487 1139 ipsa
1510 1112 1613 1132 summa
1628 1105 1720 1142 religio
1740 1106 1796 1133 vio-

1003 1147 1085 1182 latur,
1110 1153 1138 1176 ut
1158 1155 1262 1176 summa
1283 1149 1390 1177 miseria
1409 1151 1611 1185 consequatur?

1038 1193 1065 1222 5.
1080 1192 1133 1222 Sed
1144 1194 1221 1222 amici
1237 1194 1363 1229 hominis,
1376 1194 1489 1231 inquies,
1504 1203 1566 1232 erga
1577 1204 1621 1225 me
1633 1197 1798 1226 bencvolen~

1003 1239 1067 1267 tiam
1089 1247 1240 1276 quanquam
1259 1240 1351 1270 videre
1371 1248 1427 1269 non
1448 1249 1575 1278 possum,
1598 1242 1689 1271 multis
1709 1249 1799 1273 tamen

1005 1284 1110 1314 indiciis
1127 1285 1255 1322 indagare
1268 1294 1376 1323 possum
1392 1296 1399 1314 :
1418 1295 1466 1315 vos
1485 1291 1572 1316 autem
1592 1296 1653 1324 qua:
1673 1288 1754 1317 vultis
1768 1294 1799 1317 ut

1005 1340 1057 1360 non
1067 1333 1124 1360 visa
1136 1326 1288 1366 credamus,
1303 1333 1382 1361 nullis
1397 1333 1502 1362 indiciis
1518 1334 1631 1371 potestis
1643 1335 1797 1365 ostendere.

1004 1376 1113 1406 Interim
1137 1386 1189 1407 non
1210 1372 1306 1415 paruni
1328 1383 1387 1413 est,
1407 1379 1478 1418 quod
1503 1379 1595 1409 fateris
1621 1382 1799 1417 quorumdam

1005 1424 1161 1454 indiciorum
1177 1426 1366 1462 perspicuitate
1380 1434 1424 1455 res
1437 1426 1540 1463 aliquas
1551 1448 1559 1462 ,
1575 1428 1654 1456 etiam
1669 1437 1729 1465 quae
1743 1437 1800 1458 non

1005 1470 1137 1506 videntur,
1159 1471 1233 1500 credi
1256 1478 1384 1507 oportere
1403 1481 1409 1500 :
1432 1473 1511 1501 etiam
1530 1474 1569 1502 sic
1592 1474 1662 1502 enim
1684 1473 1810 1510 constat,

1004 1524 1057 1545 non
1073 1518 1161 1545 omnia
1181 1526 1241 1554 qua:
1265 1526 1317 1546 non
1335 1518 1476 1554 videntur,
1492 1527 1546 1547 non
1565 1527 1626 1548 esse
1646 1519 1798 1555 credenda;

1003 1563 1126 1599 jacetque
1141 1563 1206 1591 illud
1220 1564 1353 1600 abiectum
1366 1569 1446 1601 atque
1460 1565 1611 1594 convictum
1622 1587 1629 1599 ,
1644 1566 1716 1602 quod
1730 1566 1799 1594 diei-

1006 1614 1048 1637 tur
1058 1630 1065 1643 ,
1081 1617 1112 1638 ea
1132 1618 1191 1646 qua:
1206 1619 1260 1638 non
1275 1610 1395 1640 videmus
1405 1632 1412 1645 ,
1429 1619 1483 1639 non
1502 1611 1600 1641 debere
1614 1620 1664 1641 nos
1676 1613 1799 1642 credere.

1005 1654 1116 1683 Multum
1132 1660 1223 1683 autem
1236 1655 1365 1684 falluntur
1383 1657 1427 1692 qui
1444 1662 1599 1692 putantnos
1612 1658 1671 1687 sine
1686 1659 1746 1686 ullis
1764 1658 1811 1687 de‘

1004 1700 1115 1729 Christo
1128 1701 1232 1730 indiciis
1246 1702 1356 1739 credere
1378 1703 1403 1730 in
1416 1701 1564 1730 Christum.
1584 1703 1649 1731 Nam
1663 1712 1722 1740 qua:
1736 1709 1800 1733 sunt

1006 1746 1104 1774 indicia
1127 1747 1240 1776 clariora
1251 1768 1259 1780 ,
1275 1755 1354 1783 quam
1375 1755 1405 1775 ea
1425 1755 1485 1783 qua:
1506 1756 1578 1776 nunc
1593 1748 1713 1777 videmus
1729 1758 1810 1787 prin-y

1005 1793 1075 1822 dicta
1091 1799 1118 1822 ct
1141 1793 1269 1828 impleta?
1291 1793 1405 1821 Proinde
1418 1792 1463 1829 qui
1483 1794 1581 1829 putatis
1596 1794 1668 1822 nulla
1683 1802 1743 1824 esse
1759 1788 1811 1824 in-l

1006 1839 1074 1869 dicia
1095 1847 1144 1868 cur
1157 1839 1192 1867 de
1209 1839 1316 1867 Christo
1330 1839 1440 1868 credere
1453 1840 1575 1868 debeatis
1589 1849 1648 1876 quae
1662 1849 1716 1869 non
1730 1842 1800 1870 vidi.

1006 1886 1085 1919 stis‘,
1106 1886 1234 1914 attendite
1255 1894 1315 1922 quae
1335 1886 1439 1914 videtis.
1463 1885 1522 1923 Ipsa
1541 1894 1590 1915 vos
1611 1887 1729 1917 Ecclesia
1751 1897 1800 1918 ore

1008 1937 1135 1961 maternae
1149 1933 1299 1961 dilectionis
1312 1933 1472 1969 alloquitur:
1488 1933 1555 1969 Ego,
1570 1941 1649 1970 quam
1665 1931 1811 1972 miramini

1007 1987 1055 2018 per
1079 1979 1234 2008 universum
1258 1979 1385 2007 mundum
1408 1978 1613 2009 fructificantem
1634 1985 1714 2018 atque
1736 1989 1798 2010 crc-

1006 2030 1126 2054 scentcm
1136 2046 1146 2060 ,
1158 2025 1264 2062 qualem
1285 2033 1333 2062 me.
1349 2026 1503 2061 conspicitis
1524 2025 1666 2062 aliquando
1681 2035 1734 2055 non
1750 2027 1798 2056 fui.

1007 2072 1078 2107 Sed,
1091 2072 1126 2099 In
1139 2072 1234 2100 semine
1253 2077 1296 2099 tuo
1317 2072 1491 2100 benedicentur
1511 2080 1597 2101 omnes
1616 2078 1699 2110 gemes
1720 2074 1798 2110 (Gen.

1006 2118 1159 2156 xxrt,18).
1183 2118 1294 2152 Quando
1310 2118 1381 2146 Deus
1403 2118 1519 2146 Abrahae
1541 2118 1732 2154 benedicebat,
1756 2120 1811 2149 me'

1007 2165 1180 2201 promittebat
1195 2174 1202 2193 :
1220 2173 1266 2200 per
1280 2172 1374 2192 omnes
1388 2164 1459 2192 enim
1481 2169 1575 2200 gentes
1595 2165 1620 2192 in
1635 2165 1734 2194 Christi
1749 2166 1811 2196 be?

1008 2211 1160 2240 ucdictione
1174 2210 1318 2239 difi‘undor.
1335 2210 1434 2239 Semen
1449 2210 1563 2238 Abrahae
1578 2210 1715 2241 Christum
1736 2214 1812 2241 suc—‘

1008 2257 1159 2286 cedentium
1185 2257 1387 2293 generationum
1421 2255 1488 2284 ordo
1519 2260 1641 2285 testatur.
1668 2257 1746 2293 Quod
1773 2263 1802 2286 ut

1007 2302 1126 2332 breviter
1137 2302 1271 2339 colligam,
1282 2302 1416 2331 Abraham
1429 2302 1520 2338 genuit
1531 2302 1613 2336 Isaac,
1626 2303 1700 2332 Isaac
1710 2305 1803 2340 genuit

1008 2349 1102 2384 Jacob,
1115 2345 1198 2378 Jacob
1214 2348 1306 2385 genuit
1323 2348 1463 2376 duodecim
1477 2348 1557 2383 ﬁlios,
1571 2356 1603 2378 ex
1616 2350 1712 2385 quibus
1725 2355 1801 2378 ortus

1009 2402 1048 2426 est
1065 2396 1178 2433 populus
1192 2395 1284 2424 Israel.
1306 2395 1390 2424 Jacob
1404 2395 1503 2432 quippe
1518 2396 1576 2432 ipse
1594 2397 1741 2433 appellatus
1760 2402 1802 2425 est

1010 2443 1102 2473 Israel.
1128 2443 1156 2471 In
1177 2442 1218 2470 his
1241 2441 1381 2471 duodecim
1403 2442 1464 2471 filiis
1483 2442 1574 2478 genuit
1596 2441 1708 2477 Judam,
1731 2442 1801 2471 unde

1010 2498 1108 2519 nomen
1132 2493 1174 2518 est
1196 2488 1349 2517 Judaeorum
1363 2509 1372 2522 ,
1397 2496 1430 2517 ex
1454 2488 1550 2525 quibus
1575 2493 1636 2516 nata
1662 2493 1704 2516 est
1726 2489 1802 2525 virgo

1010 2536 1103 2571 Maria,
1117 2543 1178 2571 quae
1193 2535 1294 2571 peperit
1306 2534 1452 2564 Christum.
1473 2534 1506 2563 Et
1519 2542 1582 2564 ecce
1595 2535 1622 2562 in
1637 2534 1754 2567 Christo,
1775 2536 1802 2564 id

879 2580 881 2582 ’
941 2580 944 2583 ’
1003 2580 1053 2613 'est
1065 2583 1092 2611 in
1104 2583 1206 2611 semine
1216 2581 1344 2616 Abrahae,
1355 2580 1477 2609 benedici
1490 2588 1585 2610 omnes
1597 2585 1690 2617 gentes
1705 2581 1802 2611 videtis

194 2620 203 2636 1
214 2621 253 2643 ετ·
264 2616 413 2649 Lugdtvon‘
421 2614 524 2649 W'ﬁc
533 2613 621 2649 1989'“
628 2612 693 2638 hunc
1000 2622 1036 2649 ’Μ
1051 2628 1164 2649 αιιιημιίιι
1172 2637 1178 2643 ·
1191 2632 1217 2649 ιιι
1228 2627 1314 2649 adhuc
1324 2627 1351 2649 in
1362 2634 1422 2649 pum
1436 2625 1547 2649 credere.
1561 2626 1669 2649 timetis,
1682 2628 1708 2649 in
1722 2636 1801 2649 (Ille

1011 2635 1039 2660 et
1051 2628 1179 2665 stupetis;
1191 2632 1218 2656 et
1228 2627 1314 2656 adhuc
1324 2627 1351 2655 in
1362 2634 1423 2656 eum
1436 2625 1547 2667 credere
1561 2626 1671 2661 timetis,
1682 2628 1709 2655 in
1722 2636 1801 2664 quem

1013 2684 1064 2714 non
1076 2674 1186 2704 credere
1197 2674 1284 2710 potius
1295 2670 1393 2701 timere
1399 2667 1545 2701 debuistis!
1555 2671 1596 2701 An
1607 2668 1718 2714 credere
1728 2673 1794 2702 dubi

1012 2711 1074 2751 tatis
1092 2721 1134 2750 vel
1154 2706 1284 2749 recusatis
1299 2718 1410 2754 virginis
1427 2721 1544 2754 partum,
1567 2706 1632 2747 cum
1643 2720 1728 2756 magis
1741 2722 1804 2748 cre—

1006 2769 1077 2798 dere
1088 2767 1219 2802 debeatis,
1232 2767 1273 2795 sic
1282 2765 1406 2795 decuisse
1420 2766 1494 2794 nasci
1509 2765 1646 2795 hominem
1654 2767 1757 2796 Deum?
1768 2766 1804 2798 Et

1011 2857 1161 2918 Mirum
1570 2854 1671 2889 ιωω,
1688 2856 1733 2882 aut
1756 2859 1805 2881 non
