  <div class='ocr_page' id='page_1' title='image "/cluster/home/n/w/nwhite01/storage/ocr_20150623/40/hvd.32044024147290/093.png"; bbox 0 0 4000 6336; ppageno 0'>
   <div class='ocr_carea' id='block_1_1' title="bbox 373 336 568 397">
    <p class='ocr_par' dir='ltr' id='par_1_1' title="bbox 373 336 568 397">
     <span class='ocr_line' id='line_1_1' title="bbox 373 336 568 397; baseline -0.005 -1"><span class='ocrx_word' id='word_1_1' title='bbox 373 366 387 381; x_wconf 75' lang='lat'><strong>~-</strong></span> <span class='ocrx_word' id='word_1_2' title='bbox 463 336 568 397; x_wconf 71' lang='grc'><strong>175</strong></span> 
     </span>
    </p>
   </div>
   <div class='ocr_carea' id='block_1_2' title="bbox 460 450 2048 526">
    <p class='ocr_par' dir='ltr' id='par_1_2' title="bbox 460 450 2048 526">
     <span class='ocr_line' id='line_1_2' title="bbox 460 450 2048 526; baseline -0.004 -15"><span class='ocrx_word' id='word_1_3' title='bbox 460 457 565 511; x_wconf 85' lang='lat' dir='ltr'><strong>hoc</strong></span> <span class='ocrx_word' id='word_1_4' title='bbox 588 468 817 526; x_wconf 99' lang='lat' dir='ltr'><strong>namque</strong></span> <span class='ocrx_word' id='word_1_5' title='bbox 836 454 1059 525; x_wconf 88' lang='lat' dir='ltr'><strong>accipite</strong></span> <span class='ocrx_word' id='word_1_6' title='bbox 1080 469 1175 524; x_wconf 90' lang='lat' dir='ltr'><strong>per</strong></span> <span class='ocrx_word' id='word_1_7' title='bbox 1191 454 1509 525; x_wconf 81' lang='lat' dir='ltr'><strong>prophetam</strong></span> <span class='ocrx_word' id='word_1_8' title='bbox 1532 454 1694 509; x_wconf 84' lang='lat' dir='ltr'><strong>fuisse</strong></span> <span class='ocrx_word' id='word_1_9' title='bbox 1714 450 2048 523; x_wconf 80' lang='lat' dir='ltr'><strong>praedictum:</strong></span> 
     </span>
    </p>
   </div>
   <div class='ocr_carea' id='block_1_3' title="bbox 461 545 2054 617">
    <p class='ocr_par' dir='ltr' id='par_1_3' title="bbox 461 545 2054 617">
     <span class='ocr_line' id='line_1_3' title="bbox 461 545 2054 617; baseline -0.003 -16"><span class='ocrx_word' id='word_1_10' title='bbox 461 545 597 601; x_wconf 86' lang='lat' dir='ltr'><strong>Ecce</strong></span> <span class='ocrx_word' id='word_1_11' title='bbox 623 547 761 617; x_wconf 89' lang='lat' dir='ltr'><strong>virgo</strong></span> <span class='ocrx_word' id='word_1_12' title='bbox 792 548 999 617; x_wconf 80' lang='lat' dir='ltr'><strong>accipiet</strong></span> <span class='ocrx_word' id='word_1_13' title='bbox 1040 548 1091 600; x_wconf 90' lang='lat' dir='ltr'><strong>in</strong></span> <span class='ocrx_word' id='word_1_14' title='bbox 1123 556 1263 600; x_wconf 90' lang='lat' dir='ltr'><strong>utero</strong></span> <span class='ocrx_word' id='word_1_15' title='bbox 1290 590 1304 614; x_wconf 93' lang='lat'><strong>,</strong></span> <span class='ocrx_word' id='word_1_16' title='bbox 1347 555 1394 601; x_wconf 88' lang='lat' dir='ltr'><strong>et</strong></span> <span class='ocrx_word' id='word_1_17' title='bbox 1422 546 1580 617; x_wconf 87' lang='lat' dir='ltr'><strong>pariet</strong></span> <span class='ocrx_word' id='word_1_18' title='bbox 1607 546 1773 613; x_wconf 87' lang='lat' dir='ltr'><strong>ﬁlium</strong></span> <span class='ocrx_word' id='word_1_19' title='bbox 1792 587 1805 609; x_wconf 91' lang='lat'><strong>,</strong></span> <span class='ocrx_word' id='word_1_20' title='bbox 1835 553 1879 598; x_wconf 91' lang='lat' dir='ltr'><strong>et</strong></span> <span class='ocrx_word' id='word_1_21' title='bbox 1906 559 2054 597; x_wconf 79' lang='lat' dir='ltr'><strong>voca-</strong></span> 
     </span>
    </p>
   </div>
   <div class='ocr_carea' id='block_1_4' title="bbox 462 637 2049 709">
    <p class='ocr_par' dir='ltr' id='par_1_4' title="bbox 462 637 2049 709">
     <span class='ocr_line' id='line_1_4' title="bbox 462 637 2049 709; baseline -0.003 -18"><span class='ocrx_word' id='word_1_22' title='bbox 462 640 582 693; x_wconf 85' lang='lat' dir='ltr'><strong>bunt</strong></span> <span class='ocrx_word' id='word_1_23' title='bbox 613 656 795 693; x_wconf 82' lang='lat' dir='ltr'><strong>nomen</strong></span> <span class='ocrx_word' id='word_1_24' title='bbox 835 640 944 709; x_wconf 85' lang='lat' dir='ltr'><strong>ejus</strong></span> <span class='ocrx_word' id='word_1_25' title='bbox 985 637 1322 704; x_wconf 81' lang='lat' dir='ltr'><strong>Emmanuel,</strong></span> <span class='ocrx_word' id='word_1_26' title='bbox 1355 637 1489 708; x_wconf 86' lang='lat' dir='ltr'><strong>quod</strong></span> <span class='ocrx_word' id='word_1_27' title='bbox 1531 645 1602 690; x_wconf 88' lang='lat' dir='ltr'><strong>est</strong></span> <span class='ocrx_word' id='word_1_28' title='bbox 1650 637 2049 706; x_wconf 77' lang='lat' dir='ltr'><strong>interpretatum,</strong></span> 
     </span>
    </p>
   </div>
   <div class='ocr_carea' id='block_1_5' title="bbox 461 727 2052 801">
    <p class='ocr_par' dir='ltr' id='par_1_5' title="bbox 461 727 2052 801">
     <span class='ocr_line' id='line_1_5' title="bbox 461 727 2052 801; baseline -0.004 -14"><span class='ocrx_word' id='word_1_29' title='bbox 461 732 744 787; x_wconf 79' lang='lat' dir='ltr'><strong>Nobiscum</strong></span> <span class='ocrx_word' id='word_1_30' title='bbox 768 731 906 786; x_wconf 87' lang='lat' dir='ltr'><strong>Deus</strong></span> <span class='ocrx_word' id='word_1_31' title='bbox 936 731 954 801; x_wconf 95' lang='lat'><strong>(</strong></span> <span class='ocrx_word' id='word_1_32' title='bbox 972 730 1099 785; x_wconf 89' lang='lat' dir='ltr'><strong>Isai.</strong></span> <span class='ocrx_word' id='word_1_33' title='bbox 1129 748 1222 797; x_wconf 87' lang='lat' dir='ltr'><strong>vn,</strong></span> <span class='ocrx_word' id='word_1_34' title='bbox 1258 729 1379 800; x_wconf 78' lang='lat' dir='ltr'><strong>M).</strong></span> <span class='ocrx_word' id='word_1_35' title='bbox 1430 729 1546 784; x_wconf 88' lang='lat' dir='ltr'><strong>Non</strong></span> <span class='ocrx_word' id='word_1_36' title='bbox 1586 745 1713 800; x_wconf 85' lang='lat' dir='ltr'><strong>ergo</strong></span> <span class='ocrx_word' id='word_1_37' title='bbox 1744 727 2052 783; x_wconf 82' lang='lat' dir='ltr'><strong>dubitabilis</strong></span> 
     </span>
    </p>
   </div>
   <div class='ocr_carea' id='block_1_6' title="bbox 456 820 2050 895">
    <p class='ocr_par' dir='ltr' id='par_1_6' title="bbox 456 820 2050 895">
     <span class='ocr_line' id='line_1_6' title="bbox 456 820 2050 895; baseline -0.004 -17"><span class='ocrx_word' id='word_1_38' title='bbox 456 825 719 895; x_wconf 81' lang='lat' dir='ltr'><strong>virginem</strong></span> <span class='ocrx_word' id='word_1_39' title='bbox 747 826 1063 894; x_wconf 90' lang='lat' dir='ltr'><strong>parientem,</strong></span> <span class='ocrx_word' id='word_1_40' title='bbox 1097 824 1140 877; x_wconf 87' lang='lat' dir='ltr'><strong>si</strong></span> <span class='ocrx_word' id='word_1_41' title='bbox 1173 822 1344 877; x_wconf 89' lang='lat' dir='ltr'><strong>velitis</strong></span> <span class='ocrx_word' id='word_1_42' title='bbox 1373 821 1595 877; x_wconf 84' lang='lat' dir='ltr'><strong>credere</strong></span> <span class='ocrx_word' id='word_1_43' title='bbox 1624 820 1793 875; x_wconf 90' lang='lat' dir='ltr'><strong>Deum</strong></span> <span class='ocrx_word' id='word_1_44' title='bbox 1824 834 2050 874; x_wconf 87' lang='lat' dir='ltr'><strong>nascen-</strong></span> 
     </span>
    </p>
   </div>
   <div class='ocr_carea' id='block_1_7' title="bbox 459 910 2051 986">
    <p class='ocr_par' dir='ltr' id='par_1_7' title="bbox 459 910 2051 986">
     <span class='ocr_line' id='line_1_7' title="bbox 459 910 2051 986; baseline -0.004 -16"><span class='ocrx_word' id='word_1_45' title='bbox 459 924 568 970; x_wconf 90' lang='lat' dir='ltr'><strong>tem</strong></span> <span class='ocrx_word' id='word_1_46' title='bbox 592 933 606 981; x_wconf 90' lang='lat'><strong>;</strong></span> <span class='ocrx_word' id='word_1_47' title='bbox 638 914 821 969; x_wconf 88' lang='lat' dir='ltr'><strong>mundi</strong></span> <span class='ocrx_word' id='word_1_48' title='bbox 851 914 1089 986; x_wconf 87' lang='lat' dir='ltr'><strong>regimen</strong></span> <span class='ocrx_word' id='word_1_49' title='bbox 1118 929 1222 968; x_wconf 90' lang='lat' dir='ltr'><strong>non</strong></span> <span class='ocrx_word' id='word_1_50' title='bbox 1251 913 1639 983; x_wconf 90' lang='lat' dir='ltr'><strong>relinquentem</strong></span> <span class='ocrx_word' id='word_1_51' title='bbox 1662 954 1674 977; x_wconf 89' lang='lat'><strong>,</strong></span> <span class='ocrx_word' id='word_1_52' title='bbox 1705 921 1757 967; x_wconf 92' lang='lat' dir='ltr'><strong>et</strong></span> <span class='ocrx_word' id='word_1_53' title='bbox 1787 912 1852 965; x_wconf 89' lang='lat' dir='ltr'><strong>ad</strong></span> <span class='ocrx_word' id='word_1_54' title='bbox 1881 910 2051 965; x_wconf 82' lang='lat' dir='ltr'><strong>horni-</strong></span> 
     </span>
    </p>
   </div>
   <div class='ocr_carea' id='block_1_8' title="bbox 454 1003 2052 1070">
    <p class='ocr_par' dir='ltr' id='par_1_8' title="bbox 454 1003 2052 1070">
     <span class='ocr_line' id='line_1_8' title="bbox 454 1003 2052 1070; baseline -0.004 -9"><span class='ocrx_word' id='word_1_55' title='bbox 454 1022 557 1063; x_wconf 88' lang='lat' dir='ltr'><strong>nes</strong></span> <span class='ocrx_word' id='word_1_56' title='bbox 586 1007 639 1061; x_wconf 93' lang='lat' dir='ltr'><strong>in</strong></span> <span class='ocrx_word' id='word_1_57' title='bbox 664 1022 826 1061; x_wconf 88' lang='lat' dir='ltr'><strong>carne</strong></span> <span class='ocrx_word' id='word_1_58' title='bbox 854 1005 1156 1061; x_wconf 76' lang='lat' dir='ltr'><strong>venientem</strong></span> <span class='ocrx_word' id='word_1_59' title='bbox 1184 1021 1198 1070; x_wconf 92' lang='lat'><strong>;</strong></span> <span class='ocrx_word' id='word_1_60' title='bbox 1229 1004 1388 1058; x_wconf 83' lang='lat' dir='ltr'><strong>matri</strong></span> <span class='ocrx_word' id='word_1_61' title='bbox 1415 1004 1792 1059; x_wconf 79' lang='lat' dir='ltr'><strong>fecunditatem</strong></span> <span class='ocrx_word' id='word_1_62' title='bbox 1821 1003 2052 1057; x_wconf 88' lang='lat' dir='ltr'><strong>afferen-</strong></span> 
     </span>
    </p>
   </div>
   <div class='ocr_carea' id='block_1_9' title="bbox 457 1095 2048 1169">
    <p class='ocr_par' dir='ltr' id='par_1_9' title="bbox 457 1095 2048 1169">
     <span class='ocr_line' id='line_1_9' title="bbox 457 1095 2048 1169; baseline -0.003 -16"><span class='ocrx_word' id='word_1_63' title='bbox 457 1107 602 1165; x_wconf 91' lang='lat' dir='ltr'><strong>tem,</strong></span> <span class='ocrx_word' id='word_1_64' title='bbox 660 1098 1021 1169; x_wconf 86' lang='lat' dir='ltr'><strong>integritatem</strong></span> <span class='ocrx_word' id='word_1_65' title='bbox 1078 1113 1184 1151; x_wconf 94' lang='lat' dir='ltr'><strong>non</strong></span> <span class='ocrx_word' id='word_1_66' title='bbox 1233 1096 1587 1151; x_wconf 81' lang='lat' dir='ltr'><strong>auferentem.</strong></span> <span class='ocrx_word' id='word_1_67' title='bbox 1643 1096 1732 1150; x_wconf 91' lang='lat' dir='ltr'><strong>Sic</strong></span> <span class='ocrx_word' id='word_1_68' title='bbox 1779 1095 2048 1149; x_wconf 83' lang='lat' dir='ltr'><strong>hominem</strong></span> 
     </span>
    </p>
   </div>
   <div class='ocr_carea' id='block_1_10' title="bbox 458 1188 2048 1261">
    <p class='ocr_par' dir='ltr' id='par_1_10' title="bbox 458 1188 2048 1261">
     <span class='ocr_line' id='line_1_10' title="bbox 458 1188 2048 1261; baseline -0.001 -18"><span class='ocrx_word' id='word_1_69' title='bbox 458 1190 603 1245; x_wconf 89' lang='lat' dir='ltr'><strong>nasci</strong></span> <span class='ocrx_word' id='word_1_70' title='bbox 652 1190 947 1261; x_wconf 86' lang='lat' dir='ltr'><strong>oportebat,</strong></span> <span class='ocrx_word' id='word_1_71' title='bbox 1000 1190 1100 1244; x_wconf 90' lang='lat' dir='ltr'><strong>etsi</strong></span> <span class='ocrx_word' id='word_1_72' title='bbox 1147 1205 1360 1259; x_wconf 89' lang='lat' dir='ltr'><strong>semper</strong></span> <span class='ocrx_word' id='word_1_73' title='bbox 1407 1201 1524 1243; x_wconf 86' lang='lat' dir='ltr'><strong>erat</strong></span> <span class='ocrx_word' id='word_1_74' title='bbox 1568 1188 1710 1243; x_wconf 93' lang='lat' dir='ltr'><strong>Deus</strong></span> <span class='ocrx_word' id='word_1_75' title='bbox 1740 1189 1780 1252; x_wconf 89' lang='grc'><strong>¹,</strong></span> <span class='ocrx_word' id='word_1_76' title='bbox 1829 1204 1896 1241; x_wconf 81' lang='lat' dir='ltr'><strong>ex</strong></span> <span class='ocrx_word' id='word_1_77' title='bbox 1944 1202 2048 1257; x_wconf 86' lang='lat' dir='ltr'><strong>quo</strong></span> 
     </span>
    </p>
   </div>
   <div class='ocr_carea' id='block_1_11' title="bbox 456 1279 2046 1337">
    <p class='ocr_par' dir='ltr' id='par_1_11' title="bbox 456 1279 2046 1337">
     <span class='ocr_line' id='line_1_11' title="bbox 456 1279 2046 1337; baseline -0.002 -1"><span class='ocrx_word' id='word_1_78' title='bbox 456 1283 725 1337; x_wconf 82' lang='lat' dir='ltr'><strong>nascendo</strong></span> <span class='ocrx_word' id='word_1_79' title='bbox 773 1281 919 1336; x_wconf 90' lang='lat' dir='ltr'><strong>ﬁeret</strong></span> <span class='ocrx_word' id='word_1_80' title='bbox 970 1281 1127 1336; x_wconf 89' lang='lat' dir='ltr'><strong>nobis</strong></span> <span class='ocrx_word' id='word_1_81' title='bbox 1173 1281 1333 1336; x_wconf 89' lang='lat' dir='ltr'><strong>Deus.</strong></span> <span class='ocrx_word' id='word_1_82' title='bbox 1386 1280 1522 1334; x_wconf 85' lang='lat' dir='ltr'><strong>Hinc</strong></span> <span class='ocrx_word' id='word_1_83' title='bbox 1567 1279 1634 1335; x_wconf 91' lang='lat' dir='ltr'><strong>de</strong></span> <span class='ocrx_word' id='word_1_84' title='bbox 1687 1295 1751 1333; x_wconf 92' lang='lat' dir='ltr'><strong>eo</strong></span> <span class='ocrx_word' id='word_1_85' title='bbox 1799 1294 1985 1333; x_wconf 86' lang='lat' dir='ltr'><strong>rursus</strong></span> <span class='ocrx_word' id='word_1_86' title='bbox 2026 1280 2046 1310; x_wconf 86' lang='grc'><strong><em>²</em></strong></span> 
     </span>
    </p>
   </div>
   <div class='ocr_carea' id='block_1_12' title="bbox 454 1371 2045 1446">
    <p class='ocr_par' dir='ltr' id='par_1_12' title="bbox 454 1371 2045 1446">
     <span class='ocr_line' id='line_1_12' title="bbox 454 1371 2045 1446; baseline -0.003 -17"><span class='ocrx_word' id='word_1_87' title='bbox 454 1375 714 1446; x_wconf 78' lang='lat' dir='ltr'><strong>propheta</strong></span> <span class='ocrx_word' id='word_1_88' title='bbox 752 1374 880 1427; x_wconf 87' lang='lat' dir='ltr'><strong>dicit</strong></span> <span class='ocrx_word' id='word_1_89' title='bbox 909 1392 921 1427; x_wconf 90' lang='lat'><strong>:</strong></span> <span class='ocrx_word' id='word_1_90' title='bbox 954 1372 1191 1427; x_wconf 80' lang='lat' dir='ltr'><strong>Tlironus</strong></span> <span class='ocrx_word' id='word_1_91' title='bbox 1217 1383 1364 1440; x_wconf 88' lang='lat' dir='ltr'><strong>tuus,</strong></span> <span class='ocrx_word' id='word_1_92' title='bbox 1398 1372 1567 1438; x_wconf 89' lang='lat' dir='ltr'><strong>Deus,</strong></span> <span class='ocrx_word' id='word_1_93' title='bbox 1600 1373 1653 1425; x_wconf 90' lang='lat' dir='ltr'><strong>in</strong></span> <span class='ocrx_word' id='word_1_94' title='bbox 1681 1371 1919 1425; x_wconf 79' lang='lat' dir='ltr'><strong>swculum</strong></span> <span class='ocrx_word' id='word_1_95' title='bbox 1947 1386 2045 1425; x_wconf 78' lang='lat' dir='ltr'><strong>sa:-</strong></span> 
     </span>
    </p>
   </div>
   <div class='ocr_carea' id='block_1_13' title="bbox 455 1462 2044 1537">
    <p class='ocr_par' dir='ltr' id='par_1_13' title="bbox 455 1462 2044 1537">
     <span class='ocr_line' id='line_1_13' title="bbox 455 1462 2044 1537; baseline -0.003 -16"><span class='ocrx_word' id='word_1_96' title='bbox 455 1468 589 1533; x_wconf 85' lang='lat' dir='ltr'><strong>culi;</strong></span> <span class='ocrx_word' id='word_1_97' title='bbox 631 1467 769 1537; x_wconf 88' lang='lat' dir='ltr'><strong>virga</strong></span> <span class='ocrx_word' id='word_1_98' title='bbox 796 1466 1083 1520; x_wconf 84' lang='lat' dir='ltr'><strong>directionis</strong></span> <span class='ocrx_word' id='word_1_99' title='bbox 1104 1508 1117 1532; x_wconf 91' lang='lat'><strong>,</strong></span> <span class='ocrx_word' id='word_1_100' title='bbox 1151 1466 1292 1536; x_wconf 91' lang='lat' dir='ltr'><strong>virga</strong></span> <span class='ocrx_word' id='word_1_101' title='bbox 1318 1466 1457 1536; x_wconf 83' lang='lat' dir='ltr'><strong>regni</strong></span> <span class='ocrx_word' id='word_1_102' title='bbox 1496 1465 1587 1518; x_wconf 90' lang='lat' dir='ltr'><strong>tui.</strong></span> <span class='ocrx_word' id='word_1_103' title='bbox 1616 1462 1855 1517; x_wconf 75' lang='lat' dir='ltr'><strong>Dilexisti</strong></span> <span class='ocrx_word' id='word_1_104' title='bbox 1884 1463 2044 1533; x_wconf 84' lang='lat' dir='ltr'><strong>justi-</strong></span> 
     </span>
    </p>
   </div>
   <div class='ocr_carea' id='block_1_14' title="bbox 438 1555 2042 1629">
    <p class='ocr_par' dir='ltr' id='par_1_14' title="bbox 438 1555 2042 1629">
     <span class='ocr_line' id='line_1_14' title="bbox 438 1555 2042 1629; baseline -0.004 -14"><span class='ocrx_word' id='word_1_105' title='bbox 438 1562 575 1615; x_wconf 77' lang='lat' dir='ltr'><strong>Jiam</strong></span> <span class='ocrx_word' id='word_1_106' title='bbox 597 1602 610 1626; x_wconf 91' lang='lat'><strong>,</strong></span> <span class='ocrx_word' id='word_1_107' title='bbox 644 1570 689 1613; x_wconf 91' lang='lat' dir='ltr'><strong>et</strong></span> <span class='ocrx_word' id='word_1_108' title='bbox 730 1560 878 1614; x_wconf 89' lang='lat' dir='ltr'><strong>odisti</strong></span> <span class='ocrx_word' id='word_1_109' title='bbox 909 1560 1264 1629; x_wconf 83' lang='lat' dir='ltr'><strong>iniquitatem;</strong></span> <span class='ocrx_word' id='word_1_110' title='bbox 1312 1567 1576 1629; x_wconf 83' lang='lat' dir='ltr'><strong>propterea</strong></span> <span class='ocrx_word' id='word_1_111' title='bbox 1612 1558 1756 1610; x_wconf 75' lang='lat' dir='ltr'><strong>unxit</strong></span> <span class='ocrx_word' id='word_1_112' title='bbox 1802 1566 1848 1609; x_wconf 91' lang='lat' dir='ltr'><strong>te</strong></span> <span class='ocrx_word' id='word_1_113' title='bbox 1881 1555 2042 1623; x_wconf 82' lang='lat' dir='ltr'><strong>Deus,</strong></span> 
     </span>
    </p>
   </div>
   <div class='ocr_carea' id='block_1_15' title="bbox 453 1647 2043 1720">
    <p class='ocr_par' dir='ltr' id='par_1_15' title="bbox 453 1647 2043 1720">
     <span class='ocr_line' id='line_1_15' title="bbox 453 1647 2043 1720; baseline -0.001 -15"><span class='ocrx_word' id='word_1_114' title='bbox 453 1651 592 1706; x_wconf 91' lang='lat' dir='ltr'><strong>Deus</strong></span> <span class='ocrx_word' id='word_1_115' title='bbox 623 1660 737 1705; x_wconf 87' lang='lat' dir='ltr'><strong>tuus</strong></span> <span class='ocrx_word' id='word_1_116' title='bbox 767 1652 875 1705; x_wconf 89' lang='lat' dir='ltr'><strong>oleo</strong></span> <span class='ocrx_word' id='word_1_117' title='bbox 904 1650 1253 1704; x_wconf 71' lang='lat' dir='ltr'><strong>exsuttationis</strong></span> <span class='ocrx_word' id='word_1_118' title='bbox 1282 1666 1389 1719; x_wconf 79' lang='lat' dir='ltr'><strong>pra:</strong></span> <span class='ocrx_word' id='word_1_119' title='bbox 1419 1650 1748 1720; x_wconf 79' lang='lat' dir='ltr'><strong>participibus</strong></span> <span class='ocrx_word' id='word_1_120' title='bbox 1780 1649 1896 1703; x_wconf 89' lang='lat' dir='ltr'><strong>tuis.</strong></span> <span class='ocrx_word' id='word_1_121' title='bbox 1938 1647 2043 1703; x_wconf 84' lang='lat' dir='ltr'><strong>Ista</strong></span> 
     </span>
    </p>
   </div>
   <div class='ocr_carea' id='block_1_16' title="bbox 452 1739 2044 1814">
    <p class='ocr_par' dir='ltr' id='par_1_16' title="bbox 452 1739 2044 1814">
     <span class='ocr_line' id='line_1_16' title="bbox 452 1739 2044 1814; baseline -0.004 -15"><span class='ocrx_word' id='word_1_122' title='bbox 452 1746 632 1799; x_wconf 91' lang='lat' dir='ltr'><strong>unctio</strong></span> <span class='ocrx_word' id='word_1_123' title='bbox 662 1743 955 1814; x_wconf 89' lang='lat' dir='ltr'><strong>spiritualis</strong></span> <span class='ocrx_word' id='word_1_124' title='bbox 998 1750 1110 1809; x_wconf 90' lang='lat' dir='ltr'><strong>est,</strong></span> <span class='ocrx_word' id='word_1_125' title='bbox 1152 1758 1253 1811; x_wconf 85' lang='lat' dir='ltr'><strong>qua</strong></span> <span class='ocrx_word' id='word_1_126' title='bbox 1300 1743 1440 1796; x_wconf 91' lang='lat' dir='ltr'><strong>Deus</strong></span> <span class='ocrx_word' id='word_1_127' title='bbox 1469 1743 1619 1796; x_wconf 85' lang='lat' dir='ltr'><strong>unxit</strong></span> <span class='ocrx_word' id='word_1_128' title='bbox 1647 1741 1848 1806; x_wconf 88' lang='lat' dir='ltr'><strong>Deum,</strong></span> <span class='ocrx_word' id='word_1_129' title='bbox 1884 1739 2044 1794; x_wconf 88' lang='lat' dir='ltr'><strong>Pater</strong></span> 
     </span>
    </p>
   </div>
   <div class='ocr_carea' id='block_1_17' title="bbox 452 1830 2038 1902">
    <p class='ocr_par' dir='ltr' id='par_1_17' title="bbox 452 1830 2038 1902">
     <span class='ocr_line' id='line_1_17' title="bbox 452 1830 2038 1902; baseline -0.003 -13"><span class='ocrx_word' id='word_1_130' title='bbox 452 1835 659 1890; x_wconf 83' lang='lat' dir='ltr'><strong>scilicet</strong></span> <span class='ocrx_word' id='word_1_131' title='bbox 679 1833 869 1888; x_wconf 85' lang='lat' dir='ltr'><strong>Filium</strong></span> <span class='ocrx_word' id='word_1_132' title='bbox 896 1851 908 1886; x_wconf 94' lang='lat'><strong>:</strong></span> <span class='ocrx_word' id='word_1_133' title='bbox 938 1832 1080 1887; x_wconf 89' lang='lat' dir='ltr'><strong>unde</strong></span> <span class='ocrx_word' id='word_1_134' title='bbox 1106 1833 1432 1902; x_wconf 87' lang='lat' dir='ltr'><strong>appellatum</strong></span> <span class='ocrx_word' id='word_1_135' title='bbox 1460 1848 1490 1886; x_wconf 90' lang='lat' dir='ltr'><strong>a</strong></span> <span class='ocrx_word' id='word_1_136' title='bbox 1516 1832 1821 1897; x_wconf 89' lang='lat' dir='ltr'><strong>chrismate,</strong></span> <span class='ocrx_word' id='word_1_137' title='bbox 1857 1830 1908 1885; x_wconf 89' lang='lat' dir='ltr'><strong>id</strong></span> <span class='ocrx_word' id='word_1_138' title='bbox 1935 1838 2038 1899; x_wconf 91' lang='lat' dir='ltr'><strong>est,</strong></span> 
     </span>
    </p>
   </div>
   <div class='ocr_carea' id='block_1_18' title="bbox 447 1922 2042 1999">
    <p class='ocr_par' dir='ltr' id='par_1_18' title="bbox 447 1922 2042 1999">
     <span class='ocr_line' id='line_1_18' title="bbox 447 1922 2042 1999; baseline -0.003 -17"><span class='ocrx_word' id='word_1_139' title='bbox 447 1924 516 1982; x_wconf 87' lang='lat' dir='ltr'><strong>ab</strong></span> <span class='ocrx_word' id='word_1_140' title='bbox 564 1924 815 1999; x_wconf 80' lang='lat' dir='ltr'><strong>unctione</strong></span> <span class='ocrx_word' id='word_1_141' title='bbox 857 1923 1102 1978; x_wconf 88' lang='lat' dir='ltr'><strong>novimus</strong></span> <span class='ocrx_word' id='word_1_142' title='bbox 1138 1922 1431 1978; x_wconf 85' lang='lat' dir='ltr'><strong>Christum.</strong></span> <span class='ocrx_word' id='word_1_143' title='bbox 1483 1924 1595 1994; x_wconf 83' lang='lat' dir='ltr'><strong>Ego</strong></span> <span class='ocrx_word' id='word_1_144' title='bbox 1639 1938 1758 1977; x_wconf 91' lang='lat' dir='ltr'><strong>sum</strong></span> <span class='ocrx_word' id='word_1_145' title='bbox 1803 1922 2042 1978; x_wconf 80' lang='lat' dir='ltr'><strong>Ecclesia</strong></span> 
     </span>
    </p>
   </div>
   <div class='ocr_carea' id='block_1_19' title="bbox 450 2015 2039 2089">
    <p class='ocr_par' dir='ltr' id='par_1_19' title="bbox 450 2015 2039 2089">
     <span class='ocr_line' id='line_1_19' title="bbox 450 2015 2039 2089; baseline -0.003 -16"><span class='ocrx_word' id='word_1_146' title='bbox 450 2019 518 2074; x_wconf 90' lang='lat' dir='ltr'><strong>de</strong></span> <span class='ocrx_word' id='word_1_147' title='bbox 559 2034 662 2089; x_wconf 88' lang='lat' dir='ltr'><strong>qua</strong></span> <span class='ocrx_word' id='word_1_148' title='bbox 708 2015 786 2072; x_wconf 88' lang='lat' dir='ltr'><strong>illi</strong></span> <span class='ocrx_word' id='word_1_149' title='bbox 832 2015 885 2071; x_wconf 88' lang='lat' dir='ltr'><strong>in</strong></span> <span class='ocrx_word' id='word_1_150' title='bbox 936 2015 1125 2070; x_wconf 90' lang='lat' dir='ltr'><strong>eodem</strong></span> <span class='ocrx_word' id='word_1_151' title='bbox 1174 2016 1382 2085; x_wconf 81' lang='lat' dir='ltr'><strong>psalmo</strong></span> <span class='ocrx_word' id='word_1_152' title='bbox 1431 2016 1646 2082; x_wconf 90' lang='lat' dir='ltr'><strong>dicitur,</strong></span> <span class='ocrx_word' id='word_1_153' title='bbox 1694 2024 1749 2070; x_wconf 89' lang='lat' dir='ltr'><strong>ct</strong></span> <span class='ocrx_word' id='word_1_154' title='bbox 1792 2024 2039 2085; x_wconf 87' lang='lat' dir='ltr'><strong>tanquam</strong></span> 
     </span>
    </p>
   </div>
   <div class='ocr_carea' id='block_1_20' title="bbox 446 2106 2041 2180">
    <p class='ocr_par' dir='ltr' id='par_1_20' title="bbox 446 2106 2041 2180">
     <span class='ocr_line' id='line_1_20' title="bbox 446 2106 2041 2180; baseline -0.004 -16"><span class='ocrx_word' id='word_1_155' title='bbox 446 2109 645 2164; x_wconf 84' lang='lat' dir='ltr'><strong>factum</strong></span> <span class='ocrx_word' id='word_1_156' title='bbox 695 2109 837 2180; x_wconf 88' lang='lat' dir='ltr'><strong>quod</strong></span> <span class='ocrx_word' id='word_1_157' title='bbox 885 2109 1120 2164; x_wconf 88' lang='lat' dir='ltr'><strong>futurum</strong></span> <span class='ocrx_word' id='word_1_158' title='bbox 1163 2106 1340 2164; x_wconf 81' lang='lat' dir='ltr'><strong>fuerat</strong></span> <span class='ocrx_word' id='word_1_159' title='bbox 1390 2107 1778 2179; x_wconf 64' lang='lat' dir='ltr'><strong>praenuntiatur</strong></span> <span class='ocrx_word' id='word_1_160' title='bbox 1816 2125 1831 2161; x_wconf 90' lang='lat'><strong>:</strong></span> <span class='ocrx_word' id='word_1_161' title='bbox 1871 2107 2041 2161; x_wconf 83' lang='lat' dir='ltr'><strong>Astitit</strong></span> 
     </span>
    </p>
   </div>
   <div class='ocr_carea' id='block_1_21' title="bbox 446 2199 2041 2273">
    <p class='ocr_par' dir='ltr' id='par_1_21' title="bbox 446 2199 2041 2273">
     <span class='ocr_line' id='line_1_21' title="bbox 446 2199 2041 2273; baseline -0.003 -17"><span class='ocrx_word' id='word_1_162' title='bbox 446 2202 623 2273; x_wconf 80' lang='lat' dir='ltr'><strong>regina</strong></span> <span class='ocrx_word' id='word_1_163' title='bbox 651 2220 683 2254; x_wconf 92' lang='lat' dir='ltr'><strong>a</strong></span> <span class='ocrx_word' id='word_1_164' title='bbox 713 2202 902 2255; x_wconf 75' lang='lat' dir='ltr'><strong>dextris</strong></span> <span class='ocrx_word' id='word_1_165' title='bbox 932 2202 1053 2267; x_wconf 89' lang='lat' dir='ltr'><strong>tuis,</strong></span> <span class='ocrx_word' id='word_1_166' title='bbox 1085 2201 1139 2255; x_wconf 89' lang='lat' dir='ltr'><strong>in</strong></span> <span class='ocrx_word' id='word_1_167' title='bbox 1166 2202 1347 2256; x_wconf 87' lang='lat' dir='ltr'><strong>vestitu</strong></span> <span class='ocrx_word' id='word_1_168' title='bbox 1373 2199 1639 2268; x_wconf 89' lang='lat' dir='ltr'><strong>deaurato,</strong></span> <span class='ocrx_word' id='word_1_169' title='bbox 1667 2200 2041 2253; x_wconf 84' lang='lat' dir='ltr'><strong>circuntamicta</strong></span> 
     </span>
    </p>
   </div>
   <div class='ocr_carea' id='block_1_22' title="bbox 444 2293 2040 2366">
    <p class='ocr_par' dir='ltr' id='par_1_22' title="bbox 444 2293 2040 2366">
     <span class='ocr_line' id='line_1_22' title="bbox 444 2293 2040 2366; baseline -0.001 -16"><span class='ocrx_word' id='word_1_170' title='bbox 444 2297 704 2360; x_wconf 80' lang='lat' dir='ltr'><strong>varietate,</strong></span> <span class='ocrx_word' id='word_1_171' title='bbox 752 2295 805 2350; x_wconf 89' lang='lat' dir='ltr'><strong>id</strong></span> <span class='ocrx_word' id='word_1_172' title='bbox 849 2304 949 2359; x_wconf 91' lang='lat' dir='ltr'><strong>est,</strong></span> <span class='ocrx_word' id='word_1_173' title='bbox 984 2296 1036 2349; x_wconf 91' lang='lat' dir='ltr'><strong>in</strong></span> <span class='ocrx_word' id='word_1_174' title='bbox 1068 2305 1403 2351; x_wconf 87' lang='lat' dir='ltr'><strong>sacramento</strong></span> <span class='ocrx_word' id='word_1_175' title='bbox 1432 2295 1454 2326; x_wconf 86' lang='grc'>³</span> <span class='ocrx_word' id='word_1_176' title='bbox 1500 2293 1802 2365; x_wconf 67' lang='lat' dir='ltr'><strong>sapientia},</strong></span> <span class='ocrx_word' id='word_1_177' title='bbox 1834 2294 2040 2366; x_wconf 86' lang='lat' dir='ltr'><strong>lingua-</strong></span> 
     </span>
    </p>
   </div>
   <div class='ocr_carea' id='block_1_23' title="bbox 446 2387 2035 2456">
    <p class='ocr_par' dir='ltr' id='par_1_23' title="bbox 446 2387 2035 2456">
     <span class='ocr_line' id='line_1_23' title="bbox 446 2387 2035 2456; baseline -0.001 -14"><span class='ocrx_word' id='word_1_178' title='bbox 446 2406 562 2443; x_wconf 86' lang='lat' dir='ltr'><strong>rum</strong></span> <span class='ocrx_word' id='word_1_179' title='bbox 594 2389 849 2442; x_wconf 58' lang='lat' dir='ltr'><strong>vari~:tate</strong></span> <span class='ocrx_word' id='word_1_180' title='bbox 876 2388 1146 2444; x_wconf 83' lang='lat' dir='ltr'><strong>decorata.</strong></span> <span class='ocrx_word' id='word_1_181' title='bbox 1195 2388 1269 2443; x_wconf 86' lang='lat' dir='ltr'><strong>lbi</strong></span> <span class='ocrx_word' id='word_1_182' title='bbox 1298 2387 1426 2441; x_wconf 91' lang='lat' dir='ltr'><strong>mihi</strong></span> <span class='ocrx_word' id='word_1_183' title='bbox 1458 2387 1686 2455; x_wconf 90' lang='lat' dir='ltr'><strong>dicitur,</strong></span> <span class='ocrx_word' id='word_1_184' title='bbox 1717 2387 1868 2453; x_wconf 86' lang='lat' dir='ltr'><strong>Audi,</strong></span> <span class='ocrx_word' id='word_1_185' title='bbox 1903 2388 2035 2456; x_wconf 85' lang='lat' dir='ltr'><strong>ﬁlia,</strong></span> 
     </span>
    </p>
   </div>
   <div class='ocr_carea' id='block_1_24' title="bbox 444 2476 2039 2548">
    <p class='ocr_par' dir='ltr' id='par_1_24' title="bbox 444 2476 2039 2548">
     <span class='ocr_line' id='line_1_24' title="bbox 444 2476 2039 2548; baseline -0.003 -15"><span class='ocrx_word' id='word_1_186' title='bbox 444 2490 491 2533; x_wconf 88' lang='lat' dir='ltr'><strong>et</strong></span> <span class='ocrx_word' id='word_1_187' title='bbox 521 2480 661 2542; x_wconf 84' lang='lat' dir='ltr'><strong>vide,</strong></span> <span class='ocrx_word' id='word_1_188' title='bbox 697 2489 741 2533; x_wconf 82' lang='lat' dir='ltr'><strong>et</strong></span> <span class='ocrx_word' id='word_1_189' title='bbox 772 2478 961 2532; x_wconf 87' lang='lat' dir='ltr'><strong>inclina</strong></span> <span class='ocrx_word' id='word_1_190' title='bbox 991 2496 1164 2532; x_wconf 86' lang='lat' dir='ltr'><strong>aurem</strong></span> <span class='ocrx_word' id='word_1_191' title='bbox 1190 2487 1363 2543; x_wconf 90' lang='lat' dir='ltr'><strong>tuam,</strong></span> <span class='ocrx_word' id='word_1_192' title='bbox 1392 2487 1440 2531; x_wconf 89' lang='lat' dir='ltr'><strong>et</strong></span> <span class='ocrx_word' id='word_1_193' title='bbox 1470 2476 1759 2531; x_wconf 85' lang='lat' dir='ltr'><strong>obliviscere</strong></span> <span class='ocrx_word' id='word_1_194' title='bbox 1795 2477 2039 2548; x_wconf 89' lang='lat' dir='ltr'><strong>populum</strong></span> 
     </span>
    </p>
   </div>
   <div class='ocr_carea' id='block_1_25' title="bbox 447 2570 2038 2643">
    <p class='ocr_par' dir='ltr' id='par_1_25' title="bbox 447 2570 2038 2643">
     <span class='ocr_line' id='line_1_25' title="bbox 447 2570 2038 2643; baseline -0.003 -18"><span class='ocrx_word' id='word_1_195' title='bbox 447 2581 609 2637; x_wconf 90' lang='lat' dir='ltr'><strong>tuum,</strong></span> <span class='ocrx_word' id='word_1_196' title='bbox 635 2582 679 2625; x_wconf 91' lang='lat' dir='ltr'><strong>et</strong></span> <span class='ocrx_word' id='word_1_197' title='bbox 701 2571 906 2624; x_wconf 90' lang='lat' dir='ltr'><strong>domum</strong></span> <span class='ocrx_word' id='word_1_198' title='bbox 935 2572 1094 2643; x_wconf 89' lang='lat' dir='ltr'><strong>patris</strong></span> <span class='ocrx_word' id='word_1_199' title='bbox 1120 2571 1192 2623; x_wconf 90' lang='lat' dir='ltr'><strong>tui</strong></span> <span class='ocrx_word' id='word_1_200' title='bbox 1214 2586 1232 2623; x_wconf 92' lang='lat'><strong><em>:</em></strong></span> <span class='ocrx_word' id='word_1_201' title='bbox 1254 2570 1372 2640; x_wconf 86' lang='lat' dir='ltr'><strong>quia</strong></span> <span class='ocrx_word' id='word_1_202' title='bbox 1398 2570 1687 2639; x_wconf 83' lang='lat' dir='ltr'><strong>concupivit</strong></span> <span class='ocrx_word' id='word_1_203' title='bbox 1711 2585 1801 2622; x_wconf 80' lang='lat' dir='ltr'><strong>rea:</strong></span> <span class='ocrx_word' id='word_1_204' title='bbox 1821 2570 2038 2639; x_wconf 86' lang='lat' dir='ltr'><strong>speciem</strong></span> 
     </span>
    </p>
   </div>
   <div class='ocr_carea' id='block_1_26' title="bbox 443 2660 2036 2735">
    <p class='ocr_par' dir='ltr' id='par_1_26' title="bbox 443 2660 2036 2735">
     <span class='ocr_line' id='line_1_26' title="bbox 443 2660 2036 2735; baseline -0.002 -18"><span class='ocrx_word' id='word_1_205' title='bbox 443 2674 582 2719; x_wconf 89' lang='lat' dir='ltr'><strong>tuam</strong></span> <span class='ocrx_word' id='word_1_206' title='bbox 605 2680 624 2728; x_wconf 85' lang='lat'><em>;</em></span> <span class='ocrx_word' id='word_1_207' title='bbox 653 2665 889 2735; x_wconf 84' lang='lat' dir='ltr'><strong>quoniam</strong></span> <span class='ocrx_word' id='word_1_208' title='bbox 916 2664 1025 2732; x_wconf 88' lang='lat' dir='ltr'><strong>ipse</strong></span> <span class='ocrx_word' id='word_1_209' title='bbox 1051 2673 1123 2717; x_wconf 87' lang='lat' dir='ltr'><strong>est</strong></span> <span class='ocrx_word' id='word_1_210' title='bbox 1154 2662 1402 2716; x_wconf 87' lang='lat' dir='ltr'><strong>Dominus</strong></span> <span class='ocrx_word' id='word_1_211' title='bbox 1426 2661 1565 2715; x_wconf 84' lang='lat' dir='ltr'><strong>Deus</strong></span> <span class='ocrx_word' id='word_1_212' title='bbox 1592 2671 1736 2726; x_wconf 88' lang='lat' dir='ltr'><strong>tuus,</strong></span> <span class='ocrx_word' id='word_1_213' title='bbox 1768 2670 1814 2714; x_wconf 87' lang='lat' dir='ltr'><strong>et</strong></span> <span class='ocrx_word' id='word_1_214' title='bbox 1845 2660 2036 2714; x_wconf 87' lang='lat' dir='ltr'><strong>adora-</strong></span> 
     </span>
    </p>
   </div>
   <div class='ocr_carea' id='block_1_27' title="bbox 445 2752 2035 2825">
    <p class='ocr_par' dir='ltr' id='par_1_27' title="bbox 445 2752 2035 2825">
     <span class='ocr_line' id='line_1_27' title="bbox 445 2752 2035 2825; baseline -0.002 -17"><span class='ocrx_word' id='word_1_215' title='bbox 445 2757 566 2809; x_wconf 86' lang='lat' dir='ltr'><strong>bunt</strong></span> <span class='ocrx_word' id='word_1_216' title='bbox 606 2772 717 2808; x_wconf 89' lang='lat' dir='ltr'><strong>eum</strong></span> <span class='ocrx_word' id='word_1_217' title='bbox 748 2755 869 2824; x_wconf 76' lang='lat' dir='ltr'><strong>ﬁlia:</strong></span> <span class='ocrx_word' id='word_1_218' title='bbox 893 2752 1018 2825; x_wconf 87' lang='lat' dir='ltr'><strong>Tyri</strong></span> <span class='ocrx_word' id='word_1_219' title='bbox 1044 2754 1095 2806; x_wconf 88' lang='lat' dir='ltr'><strong>in</strong></span> <span class='ocrx_word' id='word_1_220' title='bbox 1124 2753 1430 2815; x_wconf 63' lang='lat' dir='ltr'><strong>muneribus,</strong></span> <span class='ocrx_word' id='word_1_221' title='bbox 1460 2753 1653 2806; x_wconf 80' lang='lat' dir='ltr'><strong>vultum</strong></span> <span class='ocrx_word' id='word_1_222' title='bbox 1683 2762 1820 2805; x_wconf 88' lang='lat' dir='ltr'><strong>tuum</strong></span> <span class='ocrx_word' id='word_1_223' title='bbox 1851 2752 2035 2819; x_wconf 86' lang='lat' dir='ltr'><strong>depre-</strong></span> 
     </span>
    </p>
   </div>
   <div class='ocr_carea' id='block_1_28' title="bbox 444 2843 2037 2916">
    <p class='ocr_par' dir='ltr' id='par_1_28' title="bbox 444 2843 2037 2916">
     <span class='ocr_line' id='line_1_28' title="bbox 444 2843 2037 2916; baseline -0.003 -15"><span class='ocrx_word' id='word_1_224' title='bbox 444 2847 691 2901; x_wconf 79' lang='lat' dir='ltr'><strong>Cubuntur</strong></span> <span class='ocrx_word' id='word_1_225' title='bbox 721 2863 891 2900; x_wconf 89' lang='lat' dir='ltr'><strong>omnes</strong></span> <span class='ocrx_word' id='word_1_226' title='bbox 934 2847 1109 2899; x_wconf 84' lang='lat' dir='ltr'><strong>divites</strong></span> <span class='ocrx_word' id='word_1_227' title='bbox 1146 2846 1323 2916; x_wconf 83' lang='lat' dir='ltr'><strong>plebis.</strong></span> <span class='ocrx_word' id='word_1_228' title='bbox 1374 2845 1552 2898; x_wconf 80' lang='lat' dir='ltr'><strong>Omnis</strong></span> <span class='ocrx_word' id='word_1_229' title='bbox 1580 2846 1742 2916; x_wconf 87' lang='lat' dir='ltr'><strong>gloria</strong></span> <span class='ocrx_word' id='word_1_230' title='bbox 1772 2846 1881 2915; x_wconf 85' lang='lat' dir='ltr'><strong>ejus</strong></span> <span class='ocrx_word' id='word_1_231' title='bbox 1912 2843 2037 2912; x_wconf 74' lang='lat' dir='ltr'><strong>ﬁlia:</strong></span> 
     </span>
    </p>
   </div>
   <div class='ocr_carea' id='block_1_29' title="bbox 443 2936 2035 3009">
    <p class='ocr_par' dir='ltr' id='par_1_29' title="bbox 443 2936 2035 3009">
     <span class='ocr_line' id='line_1_29' title="bbox 443 2936 2035 3009; baseline -0.001 -17"><span class='ocrx_word' id='word_1_232' title='bbox 443 2940 577 3009; x_wconf 90' lang='lat' dir='ltr'><strong>regis</strong></span> <span class='ocrx_word' id='word_1_233' title='bbox 600 2939 919 3005; x_wconf 86' lang='lat' dir='ltr'><strong>intrinsecus,</strong></span> <span class='ocrx_word' id='word_1_234' title='bbox 950 2938 1001 2990; x_wconf 90' lang='lat' dir='ltr'><strong>in</strong></span> <span class='ocrx_word' id='word_1_235' title='bbox 1030 2936 1239 3005; x_wconf 84' lang='lat' dir='ltr'><strong>ﬁmbriis</strong></span> <span class='ocrx_word' id='word_1_236' title='bbox 1269 2937 1438 2991; x_wconf 89' lang='lat' dir='ltr'><strong>aureis</strong></span> <span class='ocrx_word' id='word_1_237' title='bbox 1467 2936 1843 2990; x_wconf 87' lang='lat' dir='ltr'><strong>circumamicta</strong></span> <span class='ocrx_word' id='word_1_238' title='bbox 1872 2937 2035 2990; x_wconf 86' lang='lat' dir='ltr'><strong>varie-</strong></span> 
     </span>
    </p>
   </div>
   <div class='ocr_carea' id='block_1_30' title="bbox 446 3028 2037 3099">
    <p class='ocr_par' dir='ltr' id='par_1_30' title="bbox 446 3028 2037 3099">
     <span class='ocr_line' id='line_1_30' title="bbox 446 3028 2037 3099; baseline -0.001 -16"><span class='ocrx_word' id='word_1_239' title='bbox 446 3040 566 3084; x_wconf 88' lang='lat' dir='ltr'><strong>tate.</strong></span> <span class='ocrx_word' id='word_1_240' title='bbox 598 3030 928 3083; x_wconf 87' lang='lat' dir='ltr'><strong>Adducentur</strong></span> <span class='ocrx_word' id='word_1_241' title='bbox 964 3028 1070 3099; x_wconf 88' lang='lat' dir='ltr'><strong>regi</strong></span> <span class='ocrx_word' id='word_1_242' title='bbox 1098 3028 1312 3097; x_wconf 87' lang='lat' dir='ltr'><strong>virgines</strong></span> <span class='ocrx_word' id='word_1_243' title='bbox 1338 3037 1446 3098; x_wconf 91' lang='lat' dir='ltr'><strong>post</strong></span> <span class='ocrx_word' id='word_1_244' title='bbox 1481 3045 1590 3081; x_wconf 88' lang='lat' dir='ltr'><strong>eam</strong></span> <span class='ocrx_word' id='word_1_245' title='bbox 1612 3070 1624 3091; x_wconf 94' lang='lat'><strong>,</strong></span> <span class='ocrx_word' id='word_1_246' title='bbox 1660 3028 1904 3097; x_wconf 72' lang='lat' dir='ltr'><strong>proaima:</strong></span> <span class='ocrx_word' id='word_1_247' title='bbox 1928 3028 2037 3096; x_wconf 82' lang='lat' dir='ltr'><strong>ejus</strong></span> 
     </span>
    </p>
   </div>
   <div class='ocr_carea' id='block_1_31' title="bbox 442 3120 2030 3188">
    <p class='ocr_par' dir='ltr' id='par_1_31' title="bbox 442 3120 2030 3188">
     <span class='ocr_line' id='line_1_31' title="bbox 442 3120 2030 3188; baseline -0.001 -11"><span class='ocrx_word' id='word_1_248' title='bbox 442 3123 757 3177; x_wconf 85' lang='lat' dir='ltr'><strong>adducentur</strong></span> <span class='ocrx_word' id='word_1_249' title='bbox 783 3120 867 3174; x_wconf 87' lang='lat' dir='ltr'><strong>tibi</strong></span> <span class='ocrx_word' id='word_1_250' title='bbox 895 3138 914 3175; x_wconf 89' lang='lat'><strong><em>:</em></strong></span> <span class='ocrx_word' id='word_1_251' title='bbox 943 3120 1260 3173; x_wconf 88' lang='lat' dir='ltr'><strong>adducentur</strong></span> <span class='ocrx_word' id='word_1_252' title='bbox 1297 3124 1350 3173; x_wconf 90' lang='lat' dir='ltr'><strong>in</strong></span> <span class='ocrx_word' id='word_1_253' title='bbox 1380 3121 1553 3174; x_wconf 79' lang='lat' dir='ltr'><strong>lwtitia</strong></span> <span class='ocrx_word' id='word_1_254' title='bbox 1594 3130 1640 3174; x_wconf 91' lang='lat' dir='ltr'><strong>et</strong></span> <span class='ocrx_word' id='word_1_255' title='bbox 1680 3120 2030 3188; x_wconf 74' lang='lat' dir='ltr'><strong>exsultatione,</strong></span> 
     </span>
    </p>
   </div>
   <div class='ocr_carea' id='block_1_32' title="bbox 442 3213 2035 3285">
    <p class='ocr_par' dir='ltr' id='par_1_32' title="bbox 442 3213 2035 3285">
     <span class='ocr_line' id='line_1_32' title="bbox 442 3213 2035 3285; baseline -0.001 -16"><span class='ocrx_word' id='word_1_256' title='bbox 442 3215 760 3269; x_wconf 87' lang='lat' dir='ltr'><strong>adducentur</strong></span> <span class='ocrx_word' id='word_1_257' title='bbox 802 3216 854 3267; x_wconf 88' lang='lat' dir='ltr'><strong>in</strong></span> <span class='ocrx_word' id='word_1_258' title='bbox 888 3215 1129 3284; x_wconf 88' lang='lat' dir='ltr'><strong>templum</strong></span> <span class='ocrx_word' id='word_1_259' title='bbox 1171 3215 1321 3285; x_wconf 85' lang='lat' dir='ltr'><strong>regis.</strong></span> <span class='ocrx_word' id='word_1_260' title='bbox 1372 3213 1476 3267; x_wconf 88' lang='lat' dir='ltr'><strong>Pro</strong></span> <span class='ocrx_word' id='word_1_261' title='bbox 1518 3215 1743 3285; x_wconf 88' lang='lat' dir='ltr'><strong>patribus</strong></span> <span class='ocrx_word' id='word_1_262' title='bbox 1786 3216 1884 3268; x_wconf 85' lang='lat' dir='ltr'><strong>tuis</strong></span> <span class='ocrx_word' id='word_1_263' title='bbox 1927 3216 2035 3268; x_wconf 89' lang='lat' dir='ltr'><strong>nati</strong></span> 
     </span>
    </p>
   </div>
   <div class='ocr_carea' id='block_1_33' title="bbox 440 3306 2034 3376">
    <p class='ocr_par' dir='ltr' id='par_1_33' title="bbox 440 3306 2034 3376">
     <span class='ocr_line' id='line_1_33' title="bbox 440 3306 2034 3376; baseline -0.003 -13"><span class='ocrx_word' id='word_1_264' title='bbox 440 3317 559 3364; x_wconf 88' lang='lat' dir='ltr'><strong>sunt</strong></span> <span class='ocrx_word' id='word_1_265' title='bbox 597 3307 684 3360; x_wconf 89' lang='lat' dir='ltr'><strong>tibi</strong></span> <span class='ocrx_word' id='word_1_266' title='bbox 725 3308 859 3376; x_wconf 90' lang='lat' dir='ltr'><strong>ﬁlii,</strong></span> <span class='ocrx_word' id='word_1_267' title='bbox 900 3308 1169 3361; x_wconf 88' lang='lat' dir='ltr'><strong>constitues</strong></span> <span class='ocrx_word' id='word_1_268' title='bbox 1214 3323 1297 3359; x_wconf 89' lang='lat' dir='ltr'><strong>eos</strong></span> <span class='ocrx_word' id='word_1_269' title='bbox 1342 3306 1594 3376; x_wconf 83' lang='lat' dir='ltr'><strong>principes</strong></span> <span class='ocrx_word' id='word_1_270' title='bbox 1640 3322 1792 3375; x_wconf 85' lang='lat' dir='ltr'><strong>super</strong></span> <span class='ocrx_word' id='word_1_271' title='bbox 1836 3322 2034 3360; x_wconf 87' lang='lat' dir='ltr'><strong>omnem</strong></span> 
     </span>
    </p>
   </div>
   <div class='ocr_carea' id='block_1_34' title="bbox 442 3398 2033 3468">
    <p class='ocr_par' dir='ltr' id='par_1_34' title="bbox 442 3398 2033 3468">
     <span class='ocr_line' id='line_1_34' title="bbox 442 3398 2033 3468; baseline -0.003 -14"><span class='ocrx_word' id='word_1_272' title='bbox 442 3409 647 3454; x_wconf 84' lang='lat' dir='ltr'><strong>terram.</strong></span> <span class='ocrx_word' id='word_1_273' title='bbox 683 3399 931 3454; x_wconf 82' lang='lat' dir='ltr'><strong>Memores</strong></span> <span class='ocrx_word' id='word_1_274' title='bbox 975 3408 1123 3453; x_wconf 89' lang='lat' dir='ltr'><strong>erunt</strong></span> <span class='ocrx_word' id='word_1_275' title='bbox 1165 3398 1381 3451; x_wconf 90' lang='lat' dir='ltr'><strong>nominis</strong></span> <span class='ocrx_word' id='word_1_276' title='bbox 1417 3398 1521 3464; x_wconf 88' lang='lat' dir='ltr'><strong>tui,</strong></span> <span class='ocrx_word' id='word_1_277' title='bbox 1558 3398 1612 3450; x_wconf 91' lang='lat' dir='ltr'><strong>in</strong></span> <span class='ocrx_word' id='word_1_278' title='bbox 1652 3398 1789 3451; x_wconf 90' lang='lat' dir='ltr'><strong>omni</strong></span> <span class='ocrx_word' id='word_1_279' title='bbox 1816 3414 2033 3468; x_wconf 89' lang='lat' dir='ltr'><strong>genera-</strong></span> 
     </span>
    </p>
   </div>
   <div class='ocr_carea' id='block_1_35' title="bbox 442 3488 2034 3564">
    <p class='ocr_par' dir='ltr' id='par_1_35' title="bbox 442 3488 2034 3564">
     <span class='ocr_line' id='line_1_35' title="bbox 442 3488 2034 3564; baseline -0.004 -17"><span class='ocrx_word' id='word_1_280' title='bbox 442 3494 576 3547; x_wconf 88' lang='lat' dir='ltr'><strong>tione</strong></span> <span class='ocrx_word' id='word_1_281' title='bbox 614 3502 657 3547; x_wconf 87' lang='lat' dir='ltr'><strong>et</strong></span> <span class='ocrx_word' id='word_1_282' title='bbox 705 3492 1042 3564; x_wconf 87' lang='lat' dir='ltr'><strong>generatione.</strong></span> <span class='ocrx_word' id='word_1_283' title='bbox 1098 3488 1380 3560; x_wconf 88' lang='lat' dir='ltr'><strong>Pr0pterea</strong></span> <span class='ocrx_word' id='word_1_284' title='bbox 1436 3488 1613 3559; x_wconf 87' lang='lat' dir='ltr'><strong>populi</strong></span> <span class='ocrx_word' id='word_1_285' title='bbox 1663 3488 2034 3556; x_wconf 89' lang='lat' dir='ltr'><strong>conﬁtebuntur</strong></span> 
     </span>
    </p>
   </div>
   <div class='ocr_carea' id='block_1_36' title="bbox 442 3579 2029 3653">
    <p class='ocr_par' dir='ltr' id='par_1_36' title="bbox 442 3579 2029 3653">
     <span class='ocr_line' id='line_1_36' title="bbox 442 3579 2029 3653; baseline -0.002 -15"><span class='ocrx_word' id='word_1_286' title='bbox 442 3586 530 3638; x_wconf 90' lang='lat' dir='ltr'><strong>tibi</strong></span> <span class='ocrx_word' id='word_1_287' title='bbox 567 3586 619 3638; x_wconf 90' lang='lat' dir='ltr'><strong>in</strong></span> <span class='ocrx_word' id='word_1_288' title='bbox 661 3584 933 3649; x_wconf 78' lang='lat' dir='ltr'><strong>steculum,</strong></span> <span class='ocrx_word' id='word_1_289' title='bbox 978 3591 1043 3636; x_wconf 81' lang='lat' dir='ltr'><strong>et</strong></span> <span class='ocrx_word' id='word_1_290' title='bbox 1075 3582 1128 3635; x_wconf 88' lang='lat' dir='ltr'><strong>in</strong></span> <span class='ocrx_word' id='word_1_291' title='bbox 1157 3580 1397 3635; x_wconf 80' lang='lat' dir='ltr'><strong>sceculum</strong></span> <span class='ocrx_word' id='word_1_292' title='bbox 1442 3581 1615 3634; x_wconf 77' lang='lat' dir='ltr'><strong>sweuli</strong></span> <span class='ocrx_word' id='word_1_293' title='bbox 1669 3579 1850 3653; x_wconf 87' lang='lat' dir='ltr'><strong>(Psal.</strong></span> <span class='ocrx_word' id='word_1_294' title='bbox 1881 3597 2029 3647; x_wconf 69' lang='grc' dir='ltr'><strong>κων,</strong></span> 
     </span>
    </p>
   </div>
   <div class='ocr_carea' id='block_1_37' title="bbox 442 3673 656 3745">
    <p class='ocr_par' dir='ltr' id='par_1_37' title="bbox 442 3673 656 3745">
     <span class='ocr_line' id='line_1_37' title="bbox 442 3673 656 3745; baseline -0.005 -17"><span class='ocrx_word' id='word_1_295' title='bbox 442 3673 656 3745; x_wconf 44' lang='grc' dir='ltr'><strong>τ-ίδλ</strong></span> 
     </span>
    </p>
   </div>
   <div class='ocr_carea' id='block_1_38' title="bbox 513 3762 2029 3835">
    <p class='ocr_par' dir='ltr' id='par_1_38' title="bbox 513 3762 2029 3835">
     <span class='ocr_line' id='line_1_38' title="bbox 513 3762 2029 3835; baseline -0.001 -14"><span class='ocrx_word' id='word_1_296' title='bbox 513 3767 566 3821; x_wconf 83' lang='grc'><strong>6.</strong></span> <span class='ocrx_word' id='word_1_297' title='bbox 602 3765 657 3820; x_wconf 94' lang='lat' dir='ltr'><strong>Si</strong></span> <span class='ocrx_word' id='word_1_298' title='bbox 686 3764 824 3818; x_wconf 90' lang='lat' dir='ltr'><strong>hanc</strong></span> <span class='ocrx_word' id='word_1_299' title='bbox 866 3763 1105 3835; x_wconf 81' lang='lat' dir='ltr'><strong>reginam</strong></span> <span class='ocrx_word' id='word_1_300' title='bbox 1137 3780 1243 3818; x_wconf 91' lang='lat' dir='ltr'><strong>non</strong></span> <span class='ocrx_word' id='word_1_301' title='bbox 1275 3762 1500 3832; x_wconf 76' lang='lat' dir='ltr'><strong>videtis,</strong></span> <span class='ocrx_word' id='word_1_302' title='bbox 1539 3763 1651 3834; x_wconf 89' lang='lat' dir='ltr'><strong>jam</strong></span> <span class='ocrx_word' id='word_1_303' title='bbox 1689 3763 1852 3819; x_wconf 89' lang='lat' dir='ltr'><strong>etiam</strong></span> <span class='ocrx_word' id='word_1_304' title='bbox 1884 3764 2029 3834; x_wconf 87' lang='lat' dir='ltr'><strong>regia</strong></span> 
     </span>
    </p>
   </div>
   <div class='ocr_carea' id='block_1_39' title="bbox 439 3854 2032 3929">
    <p class='ocr_par' dir='ltr' id='par_1_39' title="bbox 439 3854 2032 3929">
     <span class='ocr_line' id='line_1_39' title="bbox 439 3854 2032 3929; baseline -0.002 -17"><span class='ocrx_word' id='word_1_305' title='bbox 439 3857 593 3929; x_wconf 83' lang='lat' dir='ltr'><strong>prole</strong></span> <span class='ocrx_word' id='word_1_306' title='bbox 623 3856 924 3911; x_wconf 90' lang='lat' dir='ltr'><strong>fecundam.</strong></span> <span class='ocrx_word' id='word_1_307' title='bbox 955 3854 1012 3909; x_wconf 91' lang='lat' dir='ltr'><strong>Si</strong></span> <span class='ocrx_word' id='word_1_308' title='bbox 1042 3872 1151 3909; x_wconf 91' lang='lat' dir='ltr'><strong>non</strong></span> <span class='ocrx_word' id='word_1_309' title='bbox 1182 3855 1324 3911; x_wconf 88' lang='lat' dir='ltr'><strong>videt</strong></span> <span class='ocrx_word' id='word_1_310' title='bbox 1352 3856 1631 3926; x_wconf 88' lang='lat' dir='ltr'><strong>impletum</strong></span> <span class='ocrx_word' id='word_1_311' title='bbox 1658 3855 1799 3925; x_wconf 91' lang='lat' dir='ltr'><strong>quod</strong></span> <span class='ocrx_word' id='word_1_312' title='bbox 1829 3855 2032 3909; x_wconf 81' lang='lat' dir='ltr'><strong>audivit</strong></span> 
     </span>
    </p>
   </div>
   <div class='ocr_carea' id='block_1_40' title="bbox 440 3946 2026 4020">
    <p class='ocr_par' dir='ltr' id='par_1_40' title="bbox 440 3946 2026 4020">
     <span class='ocr_line' id='line_1_40' title="bbox 440 3946 2026 4020; baseline -0.004 -14"><span class='ocrx_word' id='word_1_313' title='bbox 440 3967 564 4007; x_wconf 89' lang='lat' dir='ltr'><strong>esse</strong></span> <span class='ocrx_word' id='word_1_314' title='bbox 593 3949 931 4020; x_wconf 86' lang='lat' dir='ltr'><strong>promissum,</strong></span> <span class='ocrx_word' id='word_1_315' title='bbox 966 3948 1051 4002; x_wconf 91' lang='lat' dir='ltr'><strong>cui</strong></span> <span class='ocrx_word' id='word_1_316' title='bbox 1078 3947 1277 4002; x_wconf 89' lang='lat' dir='ltr'><strong>dictum</strong></span> <span class='ocrx_word' id='word_1_317' title='bbox 1309 3957 1410 4014; x_wconf 84' lang='lat' dir='ltr'><strong>est,</strong></span> <span class='ocrx_word' id='word_1_318' title='bbox 1445 3947 1612 4012; x_wconf 85' lang='lat' dir='ltr'><strong>Audi,</strong></span> <span class='ocrx_word' id='word_1_319' title='bbox 1646 3947 1789 4015; x_wconf 86' lang='lat' dir='ltr'><strong>ﬁlia,</strong></span> <span class='ocrx_word' id='word_1_320' title='bbox 1821 3956 1865 4000; x_wconf 90' lang='lat' dir='ltr'><strong>et</strong></span> <span class='ocrx_word' id='word_1_321' title='bbox 1898 3946 2026 4000; x_wconf 86' lang='lat' dir='ltr'><strong>vide.</strong></span> 
     </span>
    </p>
   </div>
   <div class='ocr_carea' id='block_1_41' title="bbox 441 4036 2026 4109">
    <p class='ocr_par' dir='ltr' id='par_1_41' title="bbox 441 4036 2026 4109">
     <span class='ocr_line' id='line_1_41' title="bbox 441 4036 2026 4109; baseline -0.003 -13"><span class='ocrx_word' id='word_1_322' title='bbox 441 4042 497 4097; x_wconf 89' lang='lat' dir='ltr'><strong>Si</strong></span> <span class='ocrx_word' id='word_1_323' title='bbox 526 4057 631 4095; x_wconf 88' lang='lat' dir='ltr'><strong>non</strong></span> <span class='ocrx_word' id='word_1_324' title='bbox 662 4038 873 4109; x_wconf 88' lang='lat' dir='ltr'><strong>reliquit</strong></span> <span class='ocrx_word' id='word_1_325' title='bbox 901 4039 1031 4093; x_wconf 88' lang='lat' dir='ltr'><strong>ritus</strong></span> <span class='ocrx_word' id='word_1_326' title='bbox 1060 4039 1311 4108; x_wconf 90' lang='lat' dir='ltr'><strong>pristinos</strong></span> <span class='ocrx_word' id='word_1_327' title='bbox 1339 4037 1553 4102; x_wconf 87' lang='lat' dir='ltr'><strong>mundi,</strong></span> <span class='ocrx_word' id='word_1_328' title='bbox 1584 4039 1670 4091; x_wconf 87' lang='lat' dir='ltr'><strong>cui</strong></span> <span class='ocrx_word' id='word_1_329' title='bbox 1696 4036 1896 4091; x_wconf 90' lang='lat' dir='ltr'><strong>dictum</strong></span> <span class='ocrx_word' id='word_1_330' title='bbox 1925 4046 2026 4103; x_wconf 86' lang='lat' dir='ltr'><strong>est,</strong></span> 
     </span>
    </p>
   </div>
   <div class='ocr_carea' id='block_1_42' title="bbox 445 4130 2027 4201">
    <p class='ocr_par' dir='ltr' id='par_1_42' title="bbox 445 4130 2027 4201">
     <span class='ocr_line' id='line_1_42' title="bbox 445 4130 2027 4201; baseline -0.001 -16"><span class='ocrx_word' id='word_1_331' title='bbox 445 4134 745 4187; x_wconf 57' lang='lat' dir='ltr'><strong>Oblit‘iscere</strong></span> <span class='ocrx_word' id='word_1_332' title='bbox 773 4131 1015 4201; x_wconf 81' lang='lat' dir='ltr'><strong>populum</strong></span> <span class='ocrx_word' id='word_1_333' title='bbox 1043 4142 1204 4197; x_wconf 90' lang='lat' dir='ltr'><strong>tuum,</strong></span> <span class='ocrx_word' id='word_1_334' title='bbox 1228 4139 1275 4183; x_wconf 90' lang='lat' dir='ltr'><strong>et</strong></span> <span class='ocrx_word' id='word_1_335' title='bbox 1300 4130 1505 4183; x_wconf 88' lang='lat' dir='ltr'><strong>domum</strong></span> <span class='ocrx_word' id='word_1_336' title='bbox 1533 4131 1691 4199; x_wconf 89' lang='lat' dir='ltr'><strong>patris</strong></span> <span class='ocrx_word' id='word_1_337' title='bbox 1720 4132 1810 4183; x_wconf 90' lang='lat' dir='ltr'><strong>tui.</strong></span> <span class='ocrx_word' id='word_1_338' title='bbox 1843 4130 1898 4184; x_wconf 88' lang='lat' dir='ltr'><strong>Si</strong></span> <span class='ocrx_word' id='word_1_339' title='bbox 1922 4146 2027 4185; x_wconf 90' lang='lat' dir='ltr'><strong>non</strong></span> 
     </span>
    </p>
   </div>
   <div class='ocr_carea' id='block_1_43' title="bbox 438 4221 2029 4296">
    <p class='ocr_par' dir='ltr' id='par_1_43' title="bbox 438 4221 2029 4296">
     <span class='ocr_line' id='line_1_43' title="bbox 438 4221 2029 4296; baseline -0.003 -16"><span class='ocrx_word' id='word_1_340' title='bbox 438 4227 633 4296; x_wconf 90' lang='lat' dir='ltr'><strong>ubique</strong></span> <span class='ocrx_word' id='word_1_341' title='bbox 680 4224 953 4279; x_wconf 82' lang='lat' dir='ltr'><strong>Christum</strong></span> <span class='ocrx_word' id='word_1_342' title='bbox 1008 4223 1289 4277; x_wconf 90' lang='lat' dir='ltr'><strong>Dominum</strong></span> <span class='ocrx_word' id='word_1_343' title='bbox 1339 4221 1645 4288; x_wconf 89' lang='lat' dir='ltr'><strong>conﬁtetur,</strong></span> <span class='ocrx_word' id='word_1_344' title='bbox 1695 4222 1782 4276; x_wconf 87' lang='lat' dir='ltr'><strong>cui</strong></span> <span class='ocrx_word' id='word_1_345' title='bbox 1827 4222 2029 4276; x_wconf 85' lang='lat' dir='ltr'><strong>dictum</strong></span> 
     </span>
    </p>
   </div>
   <div class='ocr_carea' id='block_1_44' title="bbox 438 4315 2027 4386">
    <p class='ocr_par' dir='ltr' id='par_1_44' title="bbox 438 4315 2027 4386">
     <span class='ocr_line' id='line_1_44' title="bbox 438 4315 2027 4386; baseline -0.003 -14"><span class='ocrx_word' id='word_1_346' title='bbox 438 4327 523 4372; x_wconf 86' lang='lat' dir='ltr'><strong>est</strong></span> <span class='ocrx_word' id='word_1_347' title='bbox 542 4358 556 4383; x_wconf 91' lang='lat'><strong>,</strong></span> <span class='ocrx_word' id='word_1_348' title='bbox 590 4315 887 4386; x_wconf 88' lang='lat' dir='ltr'><strong>Concupivit</strong></span> <span class='ocrx_word' id='word_1_349' title='bbox 913 4331 1004 4369; x_wconf 76' lang='lat' dir='ltr'><strong>rex</strong></span> <span class='ocrx_word' id='word_1_350' title='bbox 1032 4316 1245 4385; x_wconf 84' lang='lat' dir='ltr'><strong>speciem</strong></span> <span class='ocrx_word' id='word_1_351' title='bbox 1274 4326 1442 4383; x_wconf 87' lang='lat' dir='ltr'><strong>tuam,</strong></span> <span class='ocrx_word' id='word_1_352' title='bbox 1471 4315 1588 4383; x_wconf 85' lang='lat' dir='ltr'><strong>quia</strong></span> <span class='ocrx_word' id='word_1_353' title='bbox 1618 4315 1727 4384; x_wconf 87' lang='lat' dir='ltr'><strong>ipse</strong></span> <span class='ocrx_word' id='word_1_354' title='bbox 1755 4326 1824 4368; x_wconf 89' lang='lat' dir='ltr'><strong>est</strong></span> <span class='ocrx_word' id='word_1_355' title='bbox 1856 4316 2027 4367; x_wconf 88' lang='lat' dir='ltr'><strong>Domi-</strong></span> 
     </span>
    </p>
   </div>
   <div class='ocr_carea' id='block_1_45' title="bbox 440 4405 2028 4475">
    <p class='ocr_par' dir='ltr' id='par_1_45' title="bbox 440 4405 2028 4475">
     <span class='ocr_line' id='line_1_45' title="bbox 440 4405 2028 4475; baseline 0 -14"><span class='ocrx_word' id='word_1_356' title='bbox 440 4425 534 4462; x_wconf 85' lang='lat' dir='ltr'><strong>nus</strong></span> <span class='ocrx_word' id='word_1_357' title='bbox 567 4407 703 4461; x_wconf 89' lang='lat' dir='ltr'><strong>Deus</strong></span> <span class='ocrx_word' id='word_1_358' title='bbox 735 4418 870 4461; x_wconf 89' lang='lat' dir='ltr'><strong>tuus.</strong></span> <span class='ocrx_word' id='word_1_359' title='bbox 902 4406 958 4462; x_wconf 90' lang='lat' dir='ltr'><strong>Si</strong></span> <span class='ocrx_word' id='word_1_360' title='bbox 984 4421 1088 4460; x_wconf 91' lang='lat' dir='ltr'><strong>non</strong></span> <span class='ocrx_word' id='word_1_361' title='bbox 1111 4405 1256 4460; x_wconf 89' lang='lat' dir='ltr'><strong>videt</strong></span> <span class='ocrx_word' id='word_1_362' title='bbox 1286 4406 1529 4459; x_wconf 86' lang='lat' dir='ltr'><strong>civitates</strong></span> <span class='ocrx_word' id='word_1_363' title='bbox 1554 4406 1789 4475; x_wconf 86' lang='lat' dir='ltr'><strong>gentium</strong></span> <span class='ocrx_word' id='word_1_364' title='bbox 1815 4406 2028 4461; x_wconf 86' lang='lat' dir='ltr'><strong>Christo</strong></span> 
     </span>
    </p>
   </div>
   <div class='ocr_carea' id='block_1_46' title="bbox 437 4494 2026 4568">
    <p class='ocr_par' dir='ltr' id='par_1_46' title="bbox 437 4494 2026 4568">
     <span class='ocr_line' id='line_1_46' title="bbox 437 4494 2026 4568; baseline -0.001 -17"><span class='ocrx_word' id='word_1_365' title='bbox 437 4513 627 4568; x_wconf 90' lang='lat' dir='ltr'><strong>preces</strong></span> <span class='ocrx_word' id='word_1_366' title='bbox 655 4497 899 4565; x_wconf 87' lang='lat' dir='ltr'><strong>fundere,</strong></span> <span class='ocrx_word' id='word_1_367' title='bbox 927 4505 980 4552; x_wconf 90' lang='lat' dir='ltr'><strong>et</strong></span> <span class='ocrx_word' id='word_1_368' title='bbox 1007 4512 1225 4551; x_wconf 89' lang='lat' dir='ltr'><strong>munera</strong></span> <span class='ocrx_word' id='word_1_369' title='bbox 1254 4494 1469 4562; x_wconf 84' lang='lat' dir='ltr'><strong>otl&#39;erre,</strong></span> <span class='ocrx_word' id='word_1_370' title='bbox 1494 4494 1560 4549; x_wconf 90' lang='lat' dir='ltr'><strong>de</strong></span> <span class='ocrx_word' id='word_1_371' title='bbox 1590 4511 1694 4564; x_wconf 87' lang='lat' dir='ltr'><strong>quo</strong></span> <span class='ocrx_word' id='word_1_372' title='bbox 1725 4496 1798 4549; x_wconf 91' lang='lat' dir='ltr'><strong>illi</strong></span> <span class='ocrx_word' id='word_1_373' title='bbox 1826 4496 2026 4551; x_wconf 90' lang='lat' dir='ltr'><strong>dictum</strong></span> 
     </span>
    </p>
   </div>
   <div class='ocr_carea' id='block_1_47' title="bbox 437 4586 2026 4658">
    <p class='ocr_par' dir='ltr' id='par_1_47' title="bbox 437 4586 2026 4658">
     <span class='ocr_line' id='line_1_47' title="bbox 437 4586 2026 4658; baseline -0.002 -13"><span class='ocrx_word' id='word_1_374' title='bbox 437 4598 555 4656; x_wconf 87' lang='lat' dir='ltr'><strong>est,</strong></span> <span class='ocrx_word' id='word_1_375' title='bbox 587 4589 882 4643; x_wconf 82' lang='lat' dir='ltr'><strong>Adorabunt</strong></span> <span class='ocrx_word' id='word_1_376' title='bbox 925 4606 1036 4643; x_wconf 91' lang='lat' dir='ltr'><strong>eum</strong></span> <span class='ocrx_word' id='word_1_377' title='bbox 1076 4589 1198 4656; x_wconf 76' lang='lat' dir='ltr'><strong>ﬁlia:</strong></span> <span class='ocrx_word' id='word_1_378' title='bbox 1226 4586 1352 4658; x_wconf 84' lang='lat' dir='ltr'><strong>Tyri</strong></span> <span class='ocrx_word' id='word_1_379' title='bbox 1382 4588 1433 4640; x_wconf 90' lang='lat' dir='ltr'><strong>in</strong></span> <span class='ocrx_word' id='word_1_380' title='bbox 1474 4586 1779 4642; x_wconf 86' lang='lat' dir='ltr'><strong>muneribus.</strong></span> <span class='ocrx_word' id='word_1_381' title='bbox 1828 4587 1884 4642; x_wconf 90' lang='lat' dir='ltr'><strong>Si</strong></span> <span class='ocrx_word' id='word_1_382' title='bbox 1918 4603 2026 4642; x_wconf 89' lang='lat' dir='ltr'><strong>non</strong></span> 
     </span>
    </p>
   </div>
   <div class='ocr_carea' id='block_1_48' title="bbox 436 4678 2024 4749">
    <p class='ocr_par' dir='ltr' id='par_1_48' title="bbox 436 4678 2024 4749">
     <span class='ocr_line' id='line_1_48' title="bbox 436 4678 2024 4749; baseline 0 -15"><span class='ocrx_word' id='word_1_383' title='bbox 436 4680 598 4736; x_wconf 88' lang='lat' dir='ltr'><strong>etiam</strong></span> <span class='ocrx_word' id='word_1_384' title='bbox 642 4680 891 4749; x_wconf 85' lang='lat' dir='ltr'><strong>superbia</strong></span> <span class='ocrx_word' id='word_1_385' title='bbox 940 4679 1225 4748; x_wconf 87' lang='lat' dir='ltr'><strong>deponitur</strong></span> <span class='ocrx_word' id='word_1_386' title='bbox 1272 4678 1516 4745; x_wconf 90' lang='lat' dir='ltr'><strong>divitum,</strong></span> <span class='ocrx_word' id='word_1_387' title='bbox 1568 4686 1623 4732; x_wconf 89' lang='lat' dir='ltr'><strong>et</strong></span> <span class='ocrx_word' id='word_1_388' title='bbox 1670 4678 1737 4733; x_wconf 89' lang='lat' dir='ltr'><strong>ab</strong></span> <span class='ocrx_word' id='word_1_389' title='bbox 1784 4678 2024 4735; x_wconf 83' lang='lat' dir='ltr'><strong>Ecclesia</strong></span> 
     </span>
    </p>
   </div>
   <div class='ocr_carea' id='block_1_49' title="bbox 438 4770 2024 4843">
    <p class='ocr_par' dir='ltr' id='par_1_49' title="bbox 438 4770 2024 4843">
     <span class='ocr_line' id='line_1_49' title="bbox 438 4770 2024 4843; baseline -0.001 -14"><span class='ocrx_word' id='word_1_390' title='bbox 438 4774 797 4843; x_wconf 84' lang='lat' dir='ltr'><strong>deprecantur</strong></span> <span class='ocrx_word' id='word_1_391' title='bbox 826 4773 1113 4836; x_wconf 81' lang='lat' dir='ltr'><strong>auxilium,</strong></span> <span class='ocrx_word' id='word_1_392' title='bbox 1147 4771 1232 4826; x_wconf 92' lang='lat' dir='ltr'><strong>cui</strong></span> <span class='ocrx_word' id='word_1_393' title='bbox 1275 4771 1475 4825; x_wconf 90' lang='lat' dir='ltr'><strong>dictum</strong></span> <span class='ocrx_word' id='word_1_394' title='bbox 1505 4780 1606 4839; x_wconf 91' lang='lat' dir='ltr'><strong>est,</strong></span> <span class='ocrx_word' id='word_1_395' title='bbox 1645 4770 1852 4824; x_wconf 85' lang='lat' dir='ltr'><strong>Vultum</strong></span> <span class='ocrx_word' id='word_1_396' title='bbox 1881 4782 2024 4827; x_wconf 88' lang='lat' dir='ltr'><strong>tuum</strong></span> 
     </span>
    </p>
   </div>
   <div class='ocr_carea' id='block_1_50' title="bbox 436 4867 2025 4940">
    <p class='ocr_par' dir='ltr' id='par_1_50' title="bbox 436 4867 2025 4940">
     <span class='ocr_line' id='line_1_50' title="bbox 436 4867 2025 4940; baseline 0.002 -18"><span class='ocrx_word' id='word_1_397' title='bbox 436 4870 838 4939; x_wconf 87' lang='lat' dir='ltr'><strong>deprecabuntur</strong></span> <span class='ocrx_word' id='word_1_398' title='bbox 866 4884 1036 4921; x_wconf 89' lang='lat' dir='ltr'><strong>omnes</strong></span> <span class='ocrx_word' id='word_1_399' title='bbox 1084 4868 1259 4921; x_wconf 86' lang='lat' dir='ltr'><strong>divites</strong></span> <span class='ocrx_word' id='word_1_400' title='bbox 1309 4867 1484 4938; x_wconf 87' lang='lat' dir='ltr'><strong>plebis.</strong></span> <span class='ocrx_word' id='word_1_401' title='bbox 1537 4867 1593 4922; x_wconf 89' lang='lat' dir='ltr'><strong>Si</strong></span> <span class='ocrx_word' id='word_1_402' title='bbox 1639 4884 1745 4923; x_wconf 88' lang='lat' dir='ltr'><strong>non</strong></span> <span class='ocrx_word' id='word_1_403' title='bbox 1783 4871 2025 4940; x_wconf 80' lang='lat' dir='ltr'><strong>agnoscit</strong></span> 
     </span>
    </p>
   </div>
   <div class='ocr_carea' id='block_1_51' title="bbox 433 4960 2024 5035">
    <p class='ocr_par' dir='ltr' id='par_1_51' title="bbox 433 4960 2024 5035">
     <span class='ocr_line' id='line_1_51' title="bbox 433 4960 2024 5035; baseline 0.003 -20"><span class='ocrx_word' id='word_1_404' title='bbox 433 4962 597 5016; x_wconf 87' lang='lat' dir='ltr'><strong>tiliam</strong></span> <span class='ocrx_word' id='word_1_405' title='bbox 630 4962 788 5032; x_wconf 85' lang='lat' dir='ltr'><strong>regis,</strong></span> <span class='ocrx_word' id='word_1_406' title='bbox 819 4961 903 5015; x_wconf 89' lang='lat' dir='ltr'><strong>cui</strong></span> <span class='ocrx_word' id='word_1_407' title='bbox 934 4960 1112 5015; x_wconf 90' lang='lat' dir='ltr'><strong>dicere</strong></span> <span class='ocrx_word' id='word_1_408' title='bbox 1148 4961 1295 5030; x_wconf 86' lang='lat' dir='ltr'><strong>jussa</strong></span> <span class='ocrx_word' id='word_1_409' title='bbox 1327 4969 1427 5025; x_wconf 88' lang='lat' dir='ltr'><strong>est,</strong></span> <span class='ocrx_word' id='word_1_410' title='bbox 1453 4960 1609 5015; x_wconf 88' lang='lat' dir='ltr'><strong>Pater</strong></span> <span class='ocrx_word' id='word_1_411' title='bbox 1639 4972 1826 5032; x_wconf 89' lang='lat' dir='ltr'><strong>noster,</strong></span> <span class='ocrx_word' id='word_1_412' title='bbox 1859 4965 1944 5035; x_wconf 84' lang='lat' dir='ltr'><strong>qui</strong></span> <span class='ocrx_word' id='word_1_413' title='bbox 1972 4982 2024 5019; x_wconf 87' lang='lat' dir='ltr'><strong>es</strong></span> 
     </span>
    </p>
   </div>
   <div class='ocr_carea' id='block_1_52' title="bbox 431 5052 2023 5124">
    <p class='ocr_par' dir='ltr' id='par_1_52' title="bbox 431 5052 2023 5124">
     <span class='ocr_line' id='line_1_52' title="bbox 431 5052 2023 5124; baseline 0.004 -17"><span class='ocrx_word' id='word_1_414' title='bbox 431 5056 486 5108; x_wconf 87' lang='lat' dir='ltr'><strong>in</strong></span> <span class='ocrx_word' id='word_1_415' title='bbox 515 5055 653 5108; x_wconf 70' lang='lat' dir='ltr'><strong>caelis</strong></span> <span class='ocrx_word' id='word_1_416' title='bbox 683 5052 895 5124; x_wconf 84' lang='lat' dir='ltr'><strong>(Matth.</strong></span> <span class='ocrx_word' id='word_1_417' title='bbox 926 5068 1001 5121; x_wconf 89' lang='lat' dir='ltr'><strong>vt,</strong></span> <span class='ocrx_word' id='word_1_418' title='bbox 1034 5053 1125 5124; x_wconf 87' lang='lat'><strong>9);</strong></span> <span class='ocrx_word' id='word_1_419' title='bbox 1159 5062 1212 5108; x_wconf 90' lang='lat' dir='ltr'><strong>et</strong></span> <span class='ocrx_word' id='word_1_420' title='bbox 1242 5053 1292 5106; x_wconf 92' lang='lat' dir='ltr'><strong>in</strong></span> <span class='ocrx_word' id='word_1_421' title='bbox 1323 5054 1521 5109; x_wconf 87' lang='lat' dir='ltr'><strong>sanctis</strong></span> <span class='ocrx_word' id='word_1_422' title='bbox 1548 5055 1658 5109; x_wconf 89' lang='lat' dir='ltr'><strong>suis</strong></span> <span class='ocrx_word' id='word_1_423' title='bbox 1685 5055 1736 5110; x_wconf 89' lang='lat' dir='ltr'><strong>in</strong></span> <span class='ocrx_word' id='word_1_424' title='bbox 1766 5057 2023 5113; x_wconf 89' lang='lat' dir='ltr'><strong>interiore</strong></span> 
     </span>
    </p>
   </div>
   <div class='ocr_carea' id='block_1_53' title="bbox 431 5143 2018 5223">
    <p class='ocr_par' dir='ltr' id='par_1_53' title="bbox 431 5143 2018 5223">
     <span class='ocr_line' id='line_1_53' title="bbox 431 5143 2018 5223; baseline 0.004 -24"><span class='ocrx_word' id='word_1_425' title='bbox 431 5143 650 5200; x_wconf 85' lang='lat' dir='ltr'><strong>homine</strong></span> <span class='ocrx_word' id='word_1_426' title='bbox 691 5153 979 5200; x_wconf 83' lang='lat' dir='ltr'><strong>renovatur</strong></span> <span class='ocrx_word' id='word_1_427' title='bbox 1018 5145 1084 5199; x_wconf 90' lang='lat' dir='ltr'><strong>de</strong></span> <span class='ocrx_word' id='word_1_428' title='bbox 1128 5144 1212 5199; x_wconf 91' lang='lat' dir='ltr'><strong>die</strong></span> <span class='ocrx_word' id='word_1_429' title='bbox 1257 5145 1309 5201; x_wconf 89' lang='lat' dir='ltr'><strong>in</strong></span> <span class='ocrx_word' id='word_1_430' title='bbox 1353 5145 1492 5202; x_wconf 91' lang='lat' dir='ltr'><strong>diem</strong></span> <span class='ocrx_word' id='word_1_431' title='bbox 1538 5148 1616 5217; x_wconf 88' lang='lat' dir='ltr'><strong>(ll</strong></span> <span class='ocrx_word' id='word_1_432' title='bbox 1648 5146 1765 5204; x_wconf 90' lang='lat' dir='ltr'><strong>Cor.</strong></span> <span class='ocrx_word' id='word_1_433' title='bbox 1793 5166 1866 5217; x_wconf 90' lang='lat' dir='ltr'><strong>tv,</strong></span> <span class='ocrx_word' id='word_1_434' title='bbox 1897 5148 2018 5223; x_wconf 83' lang='grc'>16),</span> 
     </span>
    </p>
   </div>
   <div class='ocr_carea' id='block_1_54' title="bbox 430 5238 2023 5315">
    <p class='ocr_par' dir='ltr' id='par_1_54' title="bbox 430 5238 2023 5315">
     <span class='ocr_line' id='line_1_54' title="bbox 430 5238 2023 5315; baseline 0.004 -22"><span class='ocrx_word' id='word_1_435' title='bbox 430 5238 499 5294; x_wconf 88' lang='lat' dir='ltr'><strong>de</strong></span> <span class='ocrx_word' id='word_1_436' title='bbox 528 5255 630 5309; x_wconf 90' lang='lat' dir='ltr'><strong>qua</strong></span> <span class='ocrx_word' id='word_1_437' title='bbox 671 5240 868 5295; x_wconf 90' lang='lat' dir='ltr'><strong>dictum</strong></span> <span class='ocrx_word' id='word_1_438' title='bbox 902 5249 1017 5307; x_wconf 90' lang='lat' dir='ltr'><strong>est,</strong></span> <span class='ocrx_word' id='word_1_439' title='bbox 1068 5239 1245 5293; x_wconf 85' lang='lat' dir='ltr'><strong>Omnis</strong></span> <span class='ocrx_word' id='word_1_440' title='bbox 1276 5242 1436 5312; x_wconf 87' lang='lat' dir='ltr'><strong>gloria</strong></span> <span class='ocrx_word' id='word_1_441' title='bbox 1480 5244 1586 5314; x_wconf 88' lang='lat' dir='ltr'><strong>ejus</strong></span> <span class='ocrx_word' id='word_1_442' title='bbox 1618 5244 1740 5313; x_wconf 70' lang='lat' dir='ltr'><strong>ﬁlia’</strong></span> <span class='ocrx_word' id='word_1_443' title='bbox 1768 5246 1899 5315; x_wconf 89' lang='lat' dir='ltr'><strong>regis</strong></span> <span class='ocrx_word' id='word_1_444' title='bbox 1942 5247 2023 5301; x_wconf 89' lang='lat' dir='ltr'><strong>in-</strong></span> 
     </span>
    </p>
   </div>
   <div class='ocr_carea' id='block_1_55' title="bbox 429 5332 2019 5407">
    <p class='ocr_par' dir='ltr' id='par_1_55' title="bbox 429 5332 2019 5407">
     <span class='ocr_line' id='line_1_55' title="bbox 429 5332 2019 5407; baseline 0.006 -23"><span class='ocrx_word' id='word_1_445' title='bbox 429 5332 713 5385; x_wconf 86' lang='lat' dir='ltr'><strong>trinsecus:</strong></span> <span class='ocrx_word' id='word_1_446' title='bbox 745 5334 986 5403; x_wconf 85' lang='lat' dir='ltr'><strong>quamvis</strong></span> <span class='ocrx_word' id='word_1_447' title='bbox 1024 5342 1080 5387; x_wconf 85' lang='lat' dir='ltr'><strong>et.</strong></span> <span class='ocrx_word' id='word_1_448' title='bbox 1122 5333 1306 5388; x_wconf 89' lang='lat' dir='ltr'><strong>oculos</strong></span> <span class='ocrx_word' id='word_1_449' title='bbox 1336 5342 1711 5390; x_wconf 87' lang='lat' dir='ltr'><strong>extraneorum</strong></span> <span class='ocrx_word' id='word_1_450' title='bbox 1756 5337 2019 5407; x_wconf 80' lang='lat' dir='ltr'><strong>fulgentes</strong></span> 
     </span>
    </p>
   </div>
   <div class='ocr_carea' id='block_1_56' title="bbox 433 5423 2018 5499">
    <p class='ocr_par' dir='ltr' id='par_1_56' title="bbox 433 5423 2018 5499">
     <span class='ocr_line' id='line_1_56' title="bbox 433 5423 2018 5499; baseline 0.004 -21"><span class='ocrx_word' id='word_1_451' title='bbox 433 5423 508 5499; x_wconf 90' lang='lat' dir='ltr'><strong>(a)</strong></span> <span class='ocrx_word' id='word_1_452' title='bbox 538 5424 678 5478; x_wconf 86' lang='lat' dir='ltr'><strong>fama</strong></span> <span class='ocrx_word' id='word_1_453' title='bbox 706 5426 1113 5495; x_wconf 73' lang='lat' dir='ltr'><strong>prtedicatorum</strong></span> <span class='ocrx_word' id='word_1_454' title='bbox 1146 5443 1361 5483; x_wconf 89' lang='lat' dir='ltr'><strong>suorum</strong></span> <span class='ocrx_word' id='word_1_455' title='bbox 1393 5429 1444 5481; x_wconf 91' lang='lat' dir='ltr'><strong>in</strong></span> <span class='ocrx_word' id='word_1_456' title='bbox 1476 5429 1781 5484; x_wconf 87' lang='lat' dir='ltr'><strong>diversitate</strong></span> <span class='ocrx_word' id='word_1_457' title='bbox 1812 5430 2018 5498; x_wconf 83' lang='lat' dir='ltr'><strong>lingua-</strong></span> 
     </span>
    </p>
   </div>
   <div class='ocr_carea' id='block_1_57' title="bbox 426 5559 2017 5673">
    <p class='ocr_par' dir='ltr' id='par_1_57' title="bbox 426 5559 2017 5673">
     <span class='ocr_line' id='line_1_57' title="bbox 426 5559 2017 5673; baseline 0.008 -67"><span class='ocrx_word' id='word_1_458' title='bbox 426 5561 510 5673; x_wconf 62' lang='lat' dir='ltr'><strong>m!</strong></span> <span class='ocrx_word' id='word_1_459' title='bbox 536 5566 587 5608; x_wconf 87' lang='lat' dir='ltr'><strong>tu</strong></span> <span class='ocrx_word' id='word_1_460' title='bbox 604 5567 731 5611; x_wconf 63' lang='lat' dir='ltr'><strong>Mss:</strong></span> <span class='ocrx_word' id='word_1_461' title='bbox 774 5559 852 5611; x_wconf 88' lang='lat' dir='ltr'><strong>sic</strong></span> <span class='ocrx_word' id='word_1_462' title='bbox 880 5559 1118 5613; x_wconf 82' lang='lat' dir='ltr'><strong>hominem</strong></span> <span class='ocrx_word' id='word_1_463' title='bbox 1154 5561 1292 5614; x_wconf 86' lang='lat' dir='ltr'><strong>nasci</strong></span> <span class='ocrx_word' id='word_1_464' title='bbox 1324 5561 1596 5628; x_wconf 83' lang='lat' dir='ltr'><strong>oportebat,</strong></span> <span class='ocrx_word' id='word_1_465' title='bbox 1617 5564 1663 5616; x_wconf 87' lang='lat' dir='ltr'><strong>si</strong></span> <span class='ocrx_word' id='word_1_466' title='bbox 1688 5577 1876 5629; x_wconf 85' lang='lat' dir='ltr'><strong>semper</strong></span> <span class='ocrx_word' id='word_1_467' title='bbox 1912 5572 2017 5619; x_wconf 86' lang='lat' dir='ltr'><strong>erat</strong></span> 
     </span>
     <span class='ocr_line' id='line_1_58' title="bbox 500 5635 571 5672; baseline -0.028 0"><span class='ocrx_word' id='word_1_468' title='bbox 500 5635 571 5672; x_wconf 88' lang='lat' dir='ltr'><strong>us.</strong></span> 
     </span>
    </p>
   </div>
   <div class='ocr_carea' id='block_1_58' title="bbox 500 5635 571 5672">
    <p class='ocr_par' dir='ltr' id='par_1_58' title="bbox 500 5635 571 5672">
     <span class='ocr_line' id='line_1_59' title="bbox 500 5635 571 5672; baseline -0.028 0"><span class='ocrx_word' id='word_1_469' title='bbox 500 5635 571 5672; x_wconf 75' lang='grc' dir='ltr'><strong>ιιδ.</strong></span> 
     </span>
    </p>
   </div>
   <div class='ocr_carea' id='block_1_59' title="bbox 490 5685 1849 5761">
    <p class='ocr_par' dir='ltr' id='par_1_59' title="bbox 490 5685 1849 5761">
     <span class='ocr_line' id='line_1_60' title="bbox 490 5685 1849 5761; baseline 0.008 -29"><span class='ocrx_word' id='word_1_470' title='bbox 490 5685 725 5761; x_wconf 48' lang='grc' dir='ltr'><strong>ξέιίίῃιοι</strong></span> <span class='ocrx_word' id='word_1_471' title='bbox 746 5685 1026 5761; x_wconf 35' lang='lat' dir='ltr'><strong>“quia</strong></span> <span class='ocrx_word' id='word_1_472' title='bbox 1049 5695 1357 5759; x_wconf 61' lang='lat' dir='ltr'><strong>Deorursus.</strong></span> <span class='ocrx_word' id='word_1_473' title='bbox 1626 5755 1635 5761; x_wconf 29' lang='grc' dir='ltr'>ι</span> <span class='ocrx_word' id='word_1_474' title='bbox 1826 5752 1849 5761; x_wconf 20' lang='grc' dir='ltr'><strong>ν,</strong></span> 
     </span>
    </p>
   </div>
   <div class='ocr_carea' id='block_1_60' title="bbox 485 5747 1926 5809">
    <p class='ocr_par' dir='ltr' id='par_1_60' title="bbox 485 5747 1926 5809">
     <span class='ocr_line' id='line_1_61' title="bbox 485 5747 1926 5809; baseline 0.012 -15"><span class='ocrx_word' id='word_1_475' title='bbox 485 5747 1215 5809; x_wconf 69' lang='grc' dir='ltr'><strong>διωωεε.Αιεάίιί,δαεναι-ἱο.</strong></span> <span class='ocrx_word' id='word_1_476' title='bbox 1502 5755 1635 5807; x_wconf 22' lang='lat' dir='ltr'><strong>Mai</strong></span> <span class='ocrx_word' id='word_1_477' title='bbox 1712 5761 1716 5765; x_wconf 79' lang='lat'><em>‘</em></span> <span class='ocrx_word' id='word_1_478' title='bbox 1788 5752 1849 5809; x_wconf 68' lang='lat'><strong>.*&#39;</strong></span> <span class='ocrx_word' id='word_1_479' title='bbox 1918 5755 1926 5777; x_wconf 75' lang='lat'><em>’</em></span> 
     </span>
    </p>
   </div>
   <div class='ocr_carea' id='block_1_61' title="bbox 483 5808 1989 5883">
    <p class='ocr_par' dir='ltr' id='par_1_61' title="bbox 483 5808 1989 5883">
     <span class='ocr_line' id='line_1_62' title="bbox 483 5808 1989 5883; baseline 0.004 -25"><span class='ocrx_word' id='word_1_480' title='bbox 483 5809 558 5874; x_wconf 84' lang='lat' dir='ltr'><strong>(a)</strong></span> <span class='ocrx_word' id='word_1_481' title='bbox 591 5815 749 5872; x_wconf 73' lang='lat' dir='ltr'><strong>Forte,</strong></span> <span class='ocrx_word' id='word_1_482' title='bbox 774 5808 999 5876; x_wconf 80' lang='lat' dir='ltr'><strong>fulgente.</strong></span> <span class='ocrx_word' id='word_1_483' title='bbox 1284 5879 1289 5883; x_wconf 21' lang='grc' dir='ltr'>ι</span> <span class='ocrx_word' id='word_1_484' title='bbox 1558 5808 1565 5814; x_wconf 71' lang='grc'><em>“</em></span> <span class='ocrx_word' id='word_1_485' title='bbox 1790 5808 1817 5856; x_wconf 54' lang='grc'><strong>⁷.</strong></span> <span class='ocrx_word' id='word_1_486' title='bbox 1876 5850 1882 5858; x_wconf 95' lang='grc'><em>.</em></span> <span class='ocrx_word' id='word_1_487' title='bbox 1953 5829 1989 5864; x_wconf 75' lang='lat' dir='ltr'><strong>n</strong></span> 
     </span>
    </p>
   </div>
   <div class='ocr_carea' id='block_1_62' title="bbox 1139 288 3726 407">
    <p class='ocr_par' dir='ltr' id='par_1_62' title="bbox 1139 288 3726 407">
     <span class='ocr_line' id='line_1_63' title="bbox 1139 288 3726 407; baseline 0.002 -17"><span class='ocrx_word' id='word_1_488' title='bbox 1139 334 1227 392; x_wconf 78' lang='lat' dir='ltr'><strong>or.</strong></span> <span class='ocrx_word' id='word_1_489' title='bbox 1264 331 1420 391; x_wconf 80' lang='lat' dir='ltr'><strong>FIDE</strong></span> <span class='ocrx_word' id='word_1_490' title='bbox 1457 330 1699 389; x_wconf 82' lang='lat' dir='ltr'><strong>RERUM</strong></span> <span class='ocrx_word' id='word_1_491' title='bbox 1736 328 1902 400; x_wconf 67' lang='lat' dir='ltr'><strong>om</strong></span> <span class='ocrx_word' id='word_1_492' title='bbox 1942 325 2077 384; x_wconf 86' lang='lat' dir='ltr'><strong>NON</strong></span> <span class='ocrx_word' id='word_1_493' title='bbox 2117 323 2485 398; x_wconf 78' lang='lat' dir='ltr'><strong>VIDENTUR,</strong></span> <span class='ocrx_word' id='word_1_494' title='bbox 2529 288 2601 387; x_wconf 18' lang='lat' dir='ltr'><strong>s.‘</strong></span> <span class='ocrx_word' id='word_1_495' title='bbox 2627 290 3006 392; x_wconf 29' lang='lat' dir='ltr'><strong>AUGUSTINI-</strong></span> <span class='ocrx_word' id='word_1_496' title='bbox 3630 310 3726 407; x_wconf 65' lang='lat' dir='ltr'><strong>iis</strong></span> 
     </span>
    </p>
   </div>
   <div class='ocr_carea' id='block_1_63' title="bbox 2159 447 3729 531">
    <p class='ocr_par' dir='ltr' id='par_1_63' title="bbox 2159 447 3729 531">
     <span class='ocr_line' id='line_1_64' title="bbox 2159 447 3729 531; baseline 0.011 -32"><span class='ocrx_word' id='word_1_497' title='bbox 2159 462 2279 500; x_wconf 88' lang='lat' dir='ltr'><strong>rum</strong></span> <span class='ocrx_word' id='word_1_498' title='bbox 2308 447 2449 501; x_wconf 86' lang='lat' dir='ltr'><strong>velut</strong></span> <span class='ocrx_word' id='word_1_499' title='bbox 2488 448 2540 502; x_wconf 89' lang='lat' dir='ltr'><strong>in</strong></span> <span class='ocrx_word' id='word_1_500' title='bbox 2587 448 2808 505; x_wconf 90' lang='lat' dir='ltr'><strong>ﬁmbriis</strong></span> <span class='ocrx_word' id='word_1_501' title='bbox 2838 453 3020 511; x_wconf 89' lang='lat' dir='ltr'><strong>aureis</strong></span> <span class='ocrx_word' id='word_1_502' title='bbox 3061 459 3116 509; x_wconf 87' lang='lat' dir='ltr'><strong>et</strong></span> <span class='ocrx_word' id='word_1_503' title='bbox 3143 452 3305 511; x_wconf 84' lang='lat' dir='ltr'><strong>vestis</strong></span> <span class='ocrx_word' id='word_1_504' title='bbox 3330 456 3581 515; x_wconf 81' lang='lat' dir='ltr'><strong>varietate</strong></span> <span class='ocrx_word' id='word_1_505' title='bbox 3608 474 3729 531; x_wconf 87' lang='lat' dir='ltr'><strong>per-</strong></span> 
     </span>
    </p>
   </div>
   <div class='ocr_carea' id='block_1_64' title="bbox 2160 539 3730 621">
    <p class='ocr_par' dir='ltr' id='par_1_64' title="bbox 2160 539 3730 621">
     <span class='ocr_line' id='line_1_65' title="bbox 2160 539 3730 621; baseline 0.011 -29"><span class='ocrx_word' id='word_1_506' title='bbox 2160 539 2404 609; x_wconf 84' lang='lat' dir='ltr'><strong>stringat.</strong></span> <span class='ocrx_word' id='word_1_507' title='bbox 2440 540 2495 594; x_wconf 92' lang='lat' dir='ltr'><strong>Si</strong></span> <span class='ocrx_word' id='word_1_508' title='bbox 2524 556 2628 596; x_wconf 90' lang='lat' dir='ltr'><strong>non</strong></span> <span class='ocrx_word' id='word_1_509' title='bbox 2663 551 3005 613; x_wconf 69' lang='lat' dir='ltr'><strong>posteaquam</strong></span> <span class='ocrx_word' id='word_1_510' title='bbox 3036 544 3339 603; x_wconf 87' lang='lat' dir='ltr'><strong>diffamatur</strong></span> <span class='ocrx_word' id='word_1_511' title='bbox 3377 550 3430 605; x_wconf 89' lang='lat' dir='ltr'><strong>in</strong></span> <span class='ocrx_word' id='word_1_512' title='bbox 3476 567 3730 621; x_wconf 84' lang='lat' dir='ltr'><strong>quocum-</strong></span> 
     </span>
    </p>
   </div>
   <div class='ocr_carea' id='block_1_65' title="bbox 2159 631 3735 715">
    <p class='ocr_par' dir='ltr' id='par_1_65' title="bbox 2159 631 3735 715">
     <span class='ocr_line' id='line_1_66' title="bbox 2159 631 3735 715; baseline 0.011 -32"><span class='ocrx_word' id='word_1_513' title='bbox 2159 645 2261 701; x_wconf 91' lang='lat' dir='ltr'><strong>que</strong></span> <span class='ocrx_word' id='word_1_514' title='bbox 2286 631 2403 685; x_wconf 91' lang='lat' dir='ltr'><strong>loco</strong></span> <span class='ocrx_word' id='word_1_515' title='bbox 2427 631 2592 686; x_wconf 87' lang='lat' dir='ltr'><strong>odore</strong></span> <span class='ocrx_word' id='word_1_516' title='bbox 2615 633 2755 687; x_wconf 88' lang='lat' dir='ltr'><strong>bono</strong></span> <span class='ocrx_word' id='word_1_517' title='bbox 2777 637 2911 703; x_wconf 86' lang='lat' dir='ltr'><strong>ejus,</strong></span> <span class='ocrx_word' id='word_1_518' title='bbox 2936 637 3095 691; x_wconf 87' lang='lat' dir='ltr'><strong>etiam</strong></span> <span class='ocrx_word' id='word_1_519' title='bbox 3117 641 3489 697; x_wconf 75' lang='lat' dir='ltr'><strong>consecranda:</strong></span> <span class='ocrx_word' id='word_1_520' title='bbox 3509 644 3735 715; x_wconf 78' lang='lat' dir='ltr'><strong>virgines</strong></span> 
     </span>
    </p>
   </div>
   <div class='ocr_carea' id='block_1_66' title="bbox 2158 721 3735 801">
    <p class='ocr_par' dir='ltr' id='par_1_66' title="bbox 2158 721 3735 801">
     <span class='ocr_line' id='line_1_67' title="bbox 2158 721 3735 801; baseline 0.01 -26"><span class='ocrx_word' id='word_1_521' title='bbox 2158 721 2499 778; x_wconf 89' lang='lat' dir='ltr'><strong>adducuntur</strong></span> <span class='ocrx_word' id='word_1_522' title='bbox 2545 724 2612 777; x_wconf 89' lang='lat' dir='ltr'><strong>ad</strong></span> <span class='ocrx_word' id='word_1_523' title='bbox 2657 723 2960 794; x_wconf 82' lang='lat' dir='ltr'><strong>Christum,</strong></span> <span class='ocrx_word' id='word_1_524' title='bbox 3014 728 3079 783; x_wconf 92' lang='lat' dir='ltr'><strong>de</strong></span> <span class='ocrx_word' id='word_1_525' title='bbox 3123 745 3228 800; x_wconf 86' lang='lat' dir='ltr'><strong>quo</strong></span> <span class='ocrx_word' id='word_1_526' title='bbox 3275 731 3501 801; x_wconf 89' lang='lat' dir='ltr'><strong>dicitur,</strong></span> <span class='ocrx_word' id='word_1_527' title='bbox 3555 743 3609 788; x_wconf 88' lang='lat' dir='ltr'><strong>et</strong></span> <span class='ocrx_word' id='word_1_528' title='bbox 3653 737 3735 791; x_wconf 90' lang='lat' dir='ltr'><strong>cui</strong></span> 
     </span>
    </p>
   </div>
   <div class='ocr_carea' id='block_1_67' title="bbox 2159 812 3736 896">
    <p class='ocr_par' dir='ltr' id='par_1_67' title="bbox 2159 812 3736 896">
     <span class='ocr_line' id='line_1_68' title="bbox 2159 812 3736 896; baseline 0.01 -31"><span class='ocrx_word' id='word_1_529' title='bbox 2159 812 2376 881; x_wconf 88' lang='lat' dir='ltr'><strong>dicitur,</strong></span> <span class='ocrx_word' id='word_1_530' title='bbox 2410 814 2741 869; x_wconf 85' lang='lat' dir='ltr'><strong>Adducentur</strong></span> <span class='ocrx_word' id='word_1_531' title='bbox 2780 819 2887 889; x_wconf 90' lang='lat' dir='ltr'><strong>regi</strong></span> <span class='ocrx_word' id='word_1_532' title='bbox 2925 820 3138 891; x_wconf 86' lang='lat' dir='ltr'><strong>virgines</strong></span> <span class='ocrx_word' id='word_1_533' title='bbox 3180 831 3289 892; x_wconf 88' lang='lat' dir='ltr'><strong>post</strong></span> <span class='ocrx_word' id='word_1_534' title='bbox 3328 817 3467 891; x_wconf 86' lang='lat' dir='ltr'><strong>eam,</strong></span> <span class='ocrx_word' id='word_1_535' title='bbox 3500 827 3736 896; x_wconf 68' lang='lat' dir='ltr'><strong>proximis</strong></span> 
     </span>
    </p>
   </div>
   <div class='ocr_carea' id='block_1_68' title="bbox 2160 906 3737 987">
    <p class='ocr_par' dir='ltr' id='par_1_68' title="bbox 2160 906 3737 987">
     <span class='ocr_line' id='line_1_69' title="bbox 2160 906 3737 987; baseline 0.01 -30"><span class='ocrx_word' id='word_1_536' title='bbox 2160 906 2269 975; x_wconf 85' lang='lat' dir='ltr'><strong>ejus</strong></span> <span class='ocrx_word' id='word_1_537' title='bbox 2300 906 2616 959; x_wconf 84' lang='lat' dir='ltr'><strong>adducentur</strong></span> <span class='ocrx_word' id='word_1_538' title='bbox 2647 909 2752 962; x_wconf 90' lang='lat' dir='ltr'><strong>tibi.</strong></span> <span class='ocrx_word' id='word_1_539' title='bbox 2804 910 2867 964; x_wconf 87' lang='lat' dir='ltr'><strong>Et</strong></span> <span class='ocrx_word' id='word_1_540' title='bbox 2898 927 2966 966; x_wconf 90' lang='lat' dir='ltr'><strong>ne</strong></span> <span class='ocrx_word' id='word_1_541' title='bbox 2996 914 3146 981; x_wconf 91' lang='lat' dir='ltr'><strong>quasi</strong></span> <span class='ocrx_word' id='word_1_542' title='bbox 3175 915 3401 984; x_wconf 83' lang='lat' dir='ltr'><strong>captivae</strong></span> <span class='ocrx_word' id='word_1_543' title='bbox 3432 915 3485 969; x_wconf 92' lang='lat' dir='ltr'><strong>in</strong></span> <span class='ocrx_word' id='word_1_544' title='bbox 3513 916 3737 987; x_wconf 90' lang='lat' dir='ltr'><strong>aliquem</strong></span> 
     </span>
    </p>
   </div>
   <div class='ocr_carea' id='block_1_69' title="bbox 2156 997 3740 1074">
    <p class='ocr_par' dir='ltr' id='par_1_69' title="bbox 2156 997 3740 1074">
     <span class='ocr_line' id='line_1_70' title="bbox 2156 997 3740 1074; baseline 0.008 -24"><span class='ocrx_word' id='word_1_545' title='bbox 2156 997 2302 1051; x_wconf 89' lang='lat' dir='ltr'><strong>velut</strong></span> <span class='ocrx_word' id='word_1_546' title='bbox 2348 1012 2620 1054; x_wconf 88' lang='lat' dir='ltr'><strong>carcerem</strong></span> <span class='ocrx_word' id='word_1_547' title='bbox 2669 1000 2978 1057; x_wconf 85' lang='lat' dir='ltr'><strong>viderentur</strong></span> <span class='ocrx_word' id='word_1_548' title='bbox 3008 1004 3238 1071; x_wconf 88' lang='lat' dir='ltr'><strong>adduci,</strong></span> <span class='ocrx_word' id='word_1_549' title='bbox 3271 1006 3629 1074; x_wconf 83' lang='lat' dir='ltr'><strong>Adducentur,</strong></span> <span class='ocrx_word' id='word_1_550' title='bbox 3661 1009 3740 1063; x_wconf 82' lang='lat' dir='ltr'><strong>in-</strong></span> 
     </span>
    </p>
   </div>
   <div class='ocr_carea' id='block_1_70' title="bbox 2156 1088 3739 1170">
    <p class='ocr_par' dir='ltr' id='par_1_70' title="bbox 2156 1088 3739 1170">
     <span class='ocr_line' id='line_1_71' title="bbox 2156 1088 3739 1170; baseline 0.008 -29"><span class='ocrx_word' id='word_1_551' title='bbox 2156 1088 2306 1157; x_wconf 90' lang='lat' dir='ltr'><strong>quit,</strong></span> <span class='ocrx_word' id='word_1_552' title='bbox 2337 1089 2387 1141; x_wconf 89' lang='lat' dir='ltr'><strong>in</strong></span> <span class='ocrx_word' id='word_1_553' title='bbox 2416 1090 2590 1144; x_wconf 78' lang='lat' dir='ltr'><strong>lwtitia</strong></span> <span class='ocrx_word' id='word_1_554' title='bbox 2620 1101 2667 1145; x_wconf 90' lang='lat' dir='ltr'><strong>et</strong></span> <span class='ocrx_word' id='word_1_555' title='bbox 2692 1092 3043 1161; x_wconf 75' lang='lat' dir='ltr'><strong>exsultatione,</strong></span> <span class='ocrx_word' id='word_1_556' title='bbox 3077 1096 3397 1152; x_wconf 86' lang='lat' dir='ltr'><strong>adducentur</strong></span> <span class='ocrx_word' id='word_1_557' title='bbox 3424 1098 3478 1152; x_wconf 87' lang='lat' dir='ltr'><strong>in</strong></span> <span class='ocrx_word' id='word_1_558' title='bbox 3506 1100 3739 1170; x_wconf 87' lang='lat' dir='ltr'><strong>templum</strong></span> 
     </span>
    </p>
   </div>
   <div class='ocr_carea' id='block_1_71' title="bbox 2157 1179 3742 1261">
    <p class='ocr_par' dir='ltr' id='par_1_71' title="bbox 2157 1179 3742 1261">
     <span class='ocr_line' id='line_1_72' title="bbox 2157 1179 3742 1261; baseline 0.011 -32"><span class='ocrx_word' id='word_1_559' title='bbox 2157 1179 2310 1248; x_wconf 84' lang='lat' dir='ltr'><strong>regis.</strong></span> <span class='ocrx_word' id='word_1_560' title='bbox 2342 1179 2398 1234; x_wconf 87' lang='lat' dir='ltr'><strong>Si</strong></span> <span class='ocrx_word' id='word_1_561' title='bbox 2438 1196 2544 1235; x_wconf 91' lang='lat' dir='ltr'><strong>non</strong></span> <span class='ocrx_word' id='word_1_562' title='bbox 2574 1183 2712 1251; x_wconf 87' lang='lat' dir='ltr'><strong>parit</strong></span> <span class='ocrx_word' id='word_1_563' title='bbox 2739 1182 2906 1251; x_wconf 87' lang='lat' dir='ltr'><strong>ﬁlios,</strong></span> <span class='ocrx_word' id='word_1_564' title='bbox 2949 1200 3015 1240; x_wconf 81' lang='lat' dir='ltr'><strong>ex</strong></span> <span class='ocrx_word' id='word_1_565' title='bbox 3044 1186 3236 1257; x_wconf 88' lang='lat' dir='ltr'><strong>quibus</strong></span> <span class='ocrx_word' id='word_1_566' title='bbox 3276 1188 3473 1244; x_wconf 85' lang='lat' dir='ltr'><strong>habeat</strong></span> <span class='ocrx_word' id='word_1_567' title='bbox 3497 1198 3742 1261; x_wconf 86' lang='lat' dir='ltr'><strong>tanquam</strong></span> 
     </span>
    </p>
   </div>
   <div class='ocr_carea' id='block_1_72' title="bbox 2156 1275 3746 1349">
    <p class='ocr_par' dir='ltr' id='par_1_72' title="bbox 2156 1275 3746 1349">
     <span class='ocr_line' id='line_1_73' title="bbox 2156 1275 3746 1349; baseline 0.009 -26"><span class='ocrx_word' id='word_1_568' title='bbox 2156 1278 2360 1339; x_wconf 87' lang='lat' dir='ltr'><strong>patres,</strong></span> <span class='ocrx_word' id='word_1_569' title='bbox 2390 1287 2525 1341; x_wconf 91' lang='lat' dir='ltr'><strong>quos</strong></span> <span class='ocrx_word' id='word_1_570' title='bbox 2551 1275 2841 1329; x_wconf 87' lang='lat' dir='ltr'><strong>constituat</strong></span> <span class='ocrx_word' id='word_1_571' title='bbox 2871 1276 2971 1331; x_wconf 82' lang='lat' dir='ltr'><strong>sibi</strong></span> <span class='ocrx_word' id='word_1_572' title='bbox 3000 1277 3196 1349; x_wconf 89' lang='lat' dir='ltr'><strong>ubique</strong></span> <span class='ocrx_word' id='word_1_573' title='bbox 3221 1288 3487 1349; x_wconf 87' lang='lat' dir='ltr'><strong>rectores,</strong></span> <span class='ocrx_word' id='word_1_574' title='bbox 3506 1282 3591 1337; x_wconf 90' lang='lat' dir='ltr'><strong>cui</strong></span> <span class='ocrx_word' id='word_1_575' title='bbox 3618 1281 3746 1338; x_wconf 85' lang='lat' dir='ltr'><strong>diei-</strong></span> 
     </span>
    </p>
   </div>
   <div class='ocr_carea' id='block_1_73' title="bbox 2156 1360 3748 1441">
    <p class='ocr_par' dir='ltr' id='par_1_73' title="bbox 2156 1360 3748 1441">
     <span class='ocr_line' id='line_1_74' title="bbox 2156 1360 3748 1441; baseline 0.011 -27"><span class='ocrx_word' id='word_1_576' title='bbox 2156 1368 2261 1427; x_wconf 89' lang='lat' dir='ltr'><strong>tur,</strong></span> <span class='ocrx_word' id='word_1_577' title='bbox 2295 1360 2400 1417; x_wconf 90' lang='lat' dir='ltr'><strong>Pro</strong></span> <span class='ocrx_word' id='word_1_578' title='bbox 2431 1364 2659 1433; x_wconf 87' lang='lat' dir='ltr'><strong>patribus</strong></span> <span class='ocrx_word' id='word_1_579' title='bbox 2688 1367 2786 1420; x_wconf 89' lang='lat' dir='ltr'><strong>tuis</strong></span> <span class='ocrx_word' id='word_1_580' title='bbox 2821 1368 2925 1421; x_wconf 88' lang='lat' dir='ltr'><strong>nati</strong></span> <span class='ocrx_word' id='word_1_581' title='bbox 2954 1378 3071 1423; x_wconf 86' lang='lat' dir='ltr'><strong>sunt</strong></span> <span class='ocrx_word' id='word_1_582' title='bbox 3101 1371 3189 1424; x_wconf 90' lang='lat' dir='ltr'><strong>tibi</strong></span> <span class='ocrx_word' id='word_1_583' title='bbox 3218 1373 3335 1441; x_wconf 80' lang='lat' dir='ltr'><strong>ﬁlii,</strong></span> <span class='ocrx_word' id='word_1_584' title='bbox 3366 1375 3642 1430; x_wconf 86' lang='lat' dir='ltr'><strong>constitues</strong></span> <span class='ocrx_word' id='word_1_585' title='bbox 3666 1392 3748 1432; x_wconf 91' lang='lat' dir='ltr'><strong>eos</strong></span> 
     </span>
    </p>
   </div>
   <div class='ocr_carea' id='block_1_74' title="bbox 2155 1453 3745 1534">
    <p class='ocr_par' dir='ltr' id='par_1_74' title="bbox 2155 1453 3745 1534">
     <span class='ocr_line' id='line_1_75' title="bbox 2155 1453 3745 1534; baseline 0.013 -30"><span class='ocrx_word' id='word_1_586' title='bbox 2155 1453 2406 1524; x_wconf 89' lang='lat' dir='ltr'><strong>principes</strong></span> <span class='ocrx_word' id='word_1_587' title='bbox 2433 1472 2586 1526; x_wconf 87' lang='lat' dir='ltr'><strong>super</strong></span> <span class='ocrx_word' id='word_1_588' title='bbox 2614 1474 2813 1513; x_wconf 89' lang='lat' dir='ltr'><strong>omnem</strong></span> <span class='ocrx_word' id='word_1_589' title='bbox 2858 1469 3042 1515; x_wconf 87' lang='lat' dir='ltr'><strong>terram</strong></span> <span class='ocrx_word' id='word_1_590' title='bbox 3071 1479 3090 1516; x_wconf 90' lang='lat'><strong><em>:</em></strong></span> <span class='ocrx_word' id='word_1_591' title='bbox 3117 1479 3342 1534; x_wconf 87' lang='lat' dir='ltr'><strong>quorum</strong></span> <span class='ocrx_word' id='word_1_592' title='bbox 3383 1480 3451 1522; x_wconf 88' lang='lat' dir='ltr'><strong>se</strong></span> <span class='ocrx_word' id='word_1_593' title='bbox 3490 1467 3745 1523; x_wconf 87' lang='lat' dir='ltr'><strong>orationi-</strong></span> 
     </span>
    </p>
   </div>
   <div class='ocr_carea' id='block_1_75' title="bbox 2153 1544 3747 1627">
    <p class='ocr_par' dir='ltr' id='par_1_75' title="bbox 2153 1544 3747 1627">
     <span class='ocr_line' id='line_1_76' title="bbox 2153 1544 3747 1627; baseline 0.013 -29"><span class='ocrx_word' id='word_1_594' title='bbox 2153 1544 2254 1600; x_wconf 88' lang='lat' dir='ltr'><strong>bus</strong></span> <span class='ocrx_word' id='word_1_595' title='bbox 2292 1555 2463 1601; x_wconf 89' lang='lat' dir='ltr'><strong>mater</strong></span> <span class='ocrx_word' id='word_1_596' title='bbox 2502 1557 2555 1603; x_wconf 93' lang='lat' dir='ltr'><strong>et</strong></span> <span class='ocrx_word' id='word_1_597' title='bbox 2584 1551 2801 1619; x_wconf 84' lang='lat' dir='ltr'><strong>praelata</strong></span> <span class='ocrx_word' id='word_1_598' title='bbox 2831 1562 2885 1607; x_wconf 87' lang='lat' dir='ltr'><strong>et</strong></span> <span class='ocrx_word' id='word_1_599' title='bbox 2924 1553 3163 1624; x_wconf 89' lang='lat' dir='ltr'><strong>subjecta</strong></span> <span class='ocrx_word' id='word_1_600' title='bbox 3194 1559 3575 1627; x_wconf 88' lang='lat' dir='ltr'><strong>commendat;</strong></span> <span class='ocrx_word' id='word_1_601' title='bbox 3607 1559 3747 1618; x_wconf 89' lang='lat' dir='ltr'><strong>unde</strong></span> 
     </span>
    </p>
   </div>
   <div class='ocr_carea' id='block_1_76' title="bbox 2152 1638 3748 1720">
    <p class='ocr_par' dir='ltr' id='par_1_76' title="bbox 2152 1638 3748 1720">
     <span class='ocr_line' id='line_1_77' title="bbox 2152 1638 3748 1720; baseline 0.012 -30"><span class='ocrx_word' id='word_1_602' title='bbox 2152 1638 2493 1707; x_wconf 90' lang='lat' dir='ltr'><strong>subjunetum</strong></span> <span class='ocrx_word' id='word_1_603' title='bbox 2537 1650 2620 1696; x_wconf 91' lang='lat' dir='ltr'><strong>est</strong></span> <span class='ocrx_word' id='word_1_604' title='bbox 2639 1684 2653 1710; x_wconf 92' lang='lat'><strong>,</strong></span> <span class='ocrx_word' id='word_1_605' title='bbox 2686 1642 2937 1700; x_wconf 85' lang='lat' dir='ltr'><strong>Memores</strong></span> <span class='ocrx_word' id='word_1_606' title='bbox 2976 1656 3121 1700; x_wconf 87' lang='lat' dir='ltr'><strong>erunt</strong></span> <span class='ocrx_word' id='word_1_607' title='bbox 3148 1649 3363 1704; x_wconf 88' lang='lat' dir='ltr'><strong>nominis</strong></span> <span class='ocrx_word' id='word_1_608' title='bbox 3391 1652 3503 1720; x_wconf 87' lang='lat' dir='ltr'><strong>tui,</strong></span> <span class='ocrx_word' id='word_1_609' title='bbox 3533 1652 3587 1707; x_wconf 90' lang='lat' dir='ltr'><strong>in</strong></span> <span class='ocrx_word' id='word_1_610' title='bbox 3611 1654 3748 1709; x_wconf 85' lang='lat' dir='ltr'><strong>omni</strong></span> 
     </span>
    </p>
   </div>
   <div class='ocr_carea' id='block_1_77' title="bbox 2151 1733 3743 1815">
    <p class='ocr_par' dir='ltr' id='par_1_77' title="bbox 2151 1733 3743 1815">
     <span class='ocr_line' id='line_1_78' title="bbox 2151 1733 3743 1815; baseline 0.013 -33"><span class='ocrx_word' id='word_1_611' title='bbox 2151 1733 2471 1801; x_wconf 87' lang='lat' dir='ltr'><strong>generatione</strong></span> <span class='ocrx_word' id='word_1_612' title='bbox 2520 1743 2565 1787; x_wconf 91' lang='lat' dir='ltr'><strong>et</strong></span> <span class='ocrx_word' id='word_1_613' title='bbox 2614 1737 2973 1806; x_wconf 83' lang='lat' dir='ltr'><strong>generatione.‘</strong></span> <span class='ocrx_word' id='word_1_614' title='bbox 3010 1738 3065 1794; x_wconf 90' lang='lat' dir='ltr'><strong>Si</strong></span> <span class='ocrx_word' id='word_1_615' title='bbox 3108 1755 3213 1796; x_wconf 92' lang='lat' dir='ltr'><strong>non</strong></span> <span class='ocrx_word' id='word_1_616' title='bbox 3267 1754 3491 1815; x_wconf 86' lang='lat' dir='ltr'><strong>propter</strong></span> <span class='ocrx_word' id='word_1_617' title='bbox 3530 1760 3743 1802; x_wconf 89' lang='lat' dir='ltr'><strong>eorum-</strong></span> 
     </span>
    </p>
   </div>
   <div class='ocr_carea' id='block_1_78' title="bbox 2150 1821 3744 1909">
    <p class='ocr_par' dir='ltr' id='par_1_78' title="bbox 2150 1821 3744 1909">
     <span class='ocr_line' id='line_1_79' title="bbox 2150 1821 3744 1909; baseline 0.013 -33"><span class='ocrx_word' id='word_1_618' title='bbox 2150 1821 2274 1877; x_wconf 90' lang='lat' dir='ltr'><strong>dem</strong></span> <span class='ocrx_word' id='word_1_619' title='bbox 2325 1834 2535 1894; x_wconf 86' lang='lat' dir='ltr'><strong>patrum</strong></span> <span class='ocrx_word' id='word_1_620' title='bbox 2586 1828 3038 1899; x_wconf 67' lang='lat' dir='ltr'><strong>priedicationem,</strong></span> <span class='ocrx_word' id='word_1_621' title='bbox 3092 1832 3146 1886; x_wconf 92' lang='lat' dir='ltr'><strong>in</strong></span> <span class='ocrx_word' id='word_1_622' title='bbox 3196 1849 3301 1905; x_wconf 88' lang='lat' dir='ltr'><strong>qua</strong></span> <span class='ocrx_word' id='word_1_623' title='bbox 3348 1838 3583 1894; x_wconf 88' lang='lat' dir='ltr'><strong>nominis</strong></span> <span class='ocrx_word' id='word_1_624' title='bbox 3628 1838 3744 1909; x_wconf 84' lang='lat' dir='ltr'><strong>ejus</strong></span> 
     </span>
    </p>
   </div>
   <div class='ocr_carea' id='block_1_79' title="bbox 2149 1913 3744 1999">
    <p class='ocr_par' dir='ltr' id='par_1_79' title="bbox 2149 1913 3744 1999">
     <span class='ocr_line' id='line_1_80' title="bbox 2149 1913 3744 1999; baseline 0.013 -33"><span class='ocrx_word' id='word_1_625' title='bbox 2149 1913 2265 1968; x_wconf 91' lang='lat' dir='ltr'><strong>sine</strong></span> <span class='ocrx_word' id='word_1_626' title='bbox 2310 1915 2706 1973; x_wconf 87' lang='lat' dir='ltr'><strong>intermissione</strong></span> <span class='ocrx_word' id='word_1_627' title='bbox 2759 1920 3140 1987; x_wconf 89' lang='lat' dir='ltr'><strong>meminerunt,</strong></span> <span class='ocrx_word' id='word_1_628' title='bbox 3193 1932 3302 1978; x_wconf 92' lang='lat' dir='ltr'><strong>tam</strong></span> <span class='ocrx_word' id='word_1_629' title='bbox 3348 1941 3558 1999; x_wconf 84' lang='lat' dir='ltr'><strong>magnae</strong></span> <span class='ocrx_word' id='word_1_630' title='bbox 3587 1929 3641 1984; x_wconf 91' lang='lat' dir='ltr'><strong>in</strong></span> <span class='ocrx_word' id='word_1_631' title='bbox 3680 1943 3744 1986; x_wconf 81' lang='lat' dir='ltr'><strong>ea</strong></span> 
     </span>
    </p>
   </div>
   <div class='ocr_carea' id='block_1_80' title="bbox 2148 2006 3742 2089">
    <p class='ocr_par' dir='ltr' id='par_1_80' title="bbox 2148 2006 3742 2089">
     <span class='ocr_line' id='line_1_81' title="bbox 2148 2006 3742 2089; baseline 0.011 -31"><span class='ocrx_word' id='word_1_632' title='bbox 2148 2006 2520 2063; x_wconf 86' lang='lat' dir='ltr'><strong>multitudines</strong></span> <span class='ocrx_word' id='word_1_633' title='bbox 2549 2022 2962 2083; x_wconf 85' lang='lat' dir='ltr'><strong>congregantur,</strong></span> <span class='ocrx_word' id='word_1_634' title='bbox 2992 2015 3147 2086; x_wconf 89' lang='lat' dir='ltr'><strong>eique</strong></span> <span class='ocrx_word' id='word_1_635' title='bbox 3173 2016 3386 2072; x_wconf 89' lang='lat' dir='ltr'><strong>laudem</strong></span> <span class='ocrx_word' id='word_1_636' title='bbox 3416 2020 3598 2089; x_wconf 68' lang='lat' dir='ltr'><strong>gratia:</strong></span> <span class='ocrx_word' id='word_1_637' title='bbox 3626 2021 3742 2077; x_wconf 90' lang='lat' dir='ltr'><strong>sine</strong></span> 
     </span>
    </p>
   </div>
   <div class='ocr_carea' id='block_1_81' title="bbox 2150 2098 3742 2181">
    <p class='ocr_par' dir='ltr' id='par_1_81' title="bbox 2150 2098 3742 2181">
     <span class='ocr_line' id='line_1_82' title="bbox 2150 2098 3742 2181; baseline 0.012 -30"><span class='ocrx_word' id='word_1_638' title='bbox 2150 2098 2257 2153; x_wconf 87' lang='lat' dir='ltr'><strong>ﬁne</strong></span> <span class='ocrx_word' id='word_1_639' title='bbox 2308 2100 2498 2170; x_wconf 84' lang='lat' dir='ltr'><strong>linguis</strong></span> <span class='ocrx_word' id='word_1_640' title='bbox 2547 2105 2778 2173; x_wconf 84' lang='lat' dir='ltr'><strong>prepriis</strong></span> <span class='ocrx_word' id='word_1_641' title='bbox 2823 2106 3179 2177; x_wconf 87' lang='lat' dir='ltr'><strong>conﬁtentur,</strong></span> <span class='ocrx_word' id='word_1_642' title='bbox 3227 2111 3312 2165; x_wconf 91' lang='lat' dir='ltr'><strong>cui</strong></span> <span class='ocrx_word' id='word_1_643' title='bbox 3359 2112 3573 2181; x_wconf 91' lang='lat' dir='ltr'><strong>dicitur,</strong></span> <span class='ocrx_word' id='word_1_644' title='bbox 3603 2112 3742 2170; x_wconf 85' lang='lat' dir='ltr'><strong>Pro-</strong></span> 
     </span>
    </p>
   </div>
   <div class='ocr_carea' id='block_1_82' title="bbox 2149 2195 3744 2275">
    <p class='ocr_par' dir='ltr' id='par_1_82' title="bbox 2149 2195 3744 2275">
     <span class='ocr_line' id='line_1_83' title="bbox 2149 2195 3744 2275; baseline 0.014 -33"><span class='ocrx_word' id='word_1_645' title='bbox 2149 2200 2319 2259; x_wconf 92' lang='lat' dir='ltr'><strong>pterea</strong></span> <span class='ocrx_word' id='word_1_646' title='bbox 2350 2195 2526 2263; x_wconf 85' lang='lat' dir='ltr'><strong>pepuli</strong></span> <span class='ocrx_word' id='word_1_647' title='bbox 2554 2198 2923 2266; x_wconf 86' lang='lat' dir='ltr'><strong>conﬁtebuntur</strong></span> <span class='ocrx_word' id='word_1_648' title='bbox 2952 2200 3039 2254; x_wconf 91' lang='lat' dir='ltr'><strong>tibi</strong></span> <span class='ocrx_word' id='word_1_649' title='bbox 3067 2202 3119 2255; x_wconf 88' lang='lat' dir='ltr'><strong>in</strong></span> <span class='ocrx_word' id='word_1_650' title='bbox 3145 2205 3404 2275; x_wconf 80' lang='lat' dir='ltr'><strong>sceculum,</strong></span> <span class='ocrx_word' id='word_1_651' title='bbox 3434 2219 3480 2261; x_wconf 88' lang='lat' dir='ltr'><strong>et</strong></span> <span class='ocrx_word' id='word_1_652' title='bbox 3506 2207 3560 2262; x_wconf 86' lang='lat' dir='ltr'><strong>in</strong></span> <span class='ocrx_word' id='word_1_653' title='bbox 3583 2221 3744 2263; x_wconf 64' lang='lat' dir='ltr'><strong>sacu-</strong></span> 
     </span>
    </p>
   </div>
   <div class='ocr_carea' id='block_1_83' title="bbox 2147 2281 2491 2339">
    <p class='ocr_par' dir='ltr' id='par_1_83' title="bbox 2147 2281 2491 2339">
     <span class='ocr_line' id='line_1_84' title="bbox 2147 2281 2491 2339; baseline 0.012 -5"><span class='ocrx_word' id='word_1_654' title='bbox 2147 2281 2253 2335; x_wconf 89' lang='lat' dir='ltr'><strong>lum</strong></span> <span class='ocrx_word' id='word_1_655' title='bbox 2297 2285 2491 2339; x_wconf 72' lang='lat' dir='ltr'><strong>surculi.</strong></span> 
     </span>
    </p>
   </div>
   <div class='ocr_carea' id='block_1_84' title="bbox 2217 2374 3742 2458">
    <p class='ocr_par' dir='ltr' id='par_1_84' title="bbox 2217 2374 3742 2458">
     <span class='ocr_line' id='line_1_85' title="bbox 2217 2374 3742 2458; baseline 0.011 -28"><span class='ocrx_word' id='word_1_656' title='bbox 2217 2374 2445 2431; x_wconf 80' lang='lat' dir='ltr'><strong>CAPUT</strong></span> <span class='ocrx_word' id='word_1_657' title='bbox 2485 2377 2574 2433; x_wconf 87' lang='lat' dir='ltr'><strong>IV.</strong></span> <span class='ocrx_word' id='word_1_658' title='bbox 2607 2410 2678 2419; x_wconf 90' lang='lat'><em>—</em></span> <span class='ocrx_word' id='word_1_659' title='bbox 2706 2381 2787 2436; x_wconf 84' lang='lat' dir='ltr'><strong>Ad</strong></span> <span class='ocrx_word' id='word_1_660' title='bbox 2814 2385 3065 2441; x_wconf 88' lang='lat' dir='ltr'><strong>credenda</strong></span> <span class='ocrx_word' id='word_1_661' title='bbox 3105 2404 3217 2458; x_wconf 73' lang='lat' dir='ltr'><strong>qua:</strong></span> <span class='ocrx_word' id='word_1_662' title='bbox 3244 2405 3345 2443; x_wconf 88' lang='lat' dir='ltr'><strong>non</strong></span> <span class='ocrx_word' id='word_1_663' title='bbox 3383 2389 3599 2445; x_wconf 83' lang='lat' dir='ltr'><strong>vidimus</strong></span> <span class='ocrx_word' id='word_1_664' title='bbox 3625 2407 3742 2447; x_wconf 84' lang='lat' dir='ltr'><strong>mo-</strong></span> 
     </span>
    </p>
   </div>
   <div class='ocr_carea' id='block_1_85' title="bbox 2144 2467 3742 2550">
    <p class='ocr_par' dir='ltr' id='par_1_85' title="bbox 2144 2467 3742 2550">
     <span class='ocr_line' id='line_1_86' title="bbox 2144 2467 3742 2550; baseline 0.013 -31"><span class='ocrx_word' id='word_1_665' title='bbox 2144 2481 2257 2520; x_wconf 87' lang='lat' dir='ltr'><strong>vere</strong></span> <span class='ocrx_word' id='word_1_666' title='bbox 2285 2467 2465 2522; x_wconf 90' lang='lat' dir='ltr'><strong>debent</strong></span> <span class='ocrx_word' id='word_1_667' title='bbox 2491 2485 2605 2539; x_wconf 75' lang='lat' dir='ltr'><strong>qua:</strong></span> <span class='ocrx_word' id='word_1_668' title='bbox 2633 2488 2767 2527; x_wconf 88' lang='lat' dir='ltr'><strong>nunc</strong></span> <span class='ocrx_word' id='word_1_669' title='bbox 2792 2474 3000 2546; x_wconf 88' lang='lat' dir='ltr'><strong>impleta</strong></span> <span class='ocrx_word' id='word_1_670' title='bbox 3028 2479 3382 2550; x_wconf 86' lang='lat' dir='ltr'><strong>conspicimus.</strong></span> <span class='ocrx_word' id='word_1_671' title='bbox 3417 2479 3474 2537; x_wconf 92' lang='lat' dir='ltr'><strong>Si</strong></span> <span class='ocrx_word' id='word_1_672' title='bbox 3501 2496 3612 2537; x_wconf 87' lang='lat' dir='ltr'><strong>non</strong></span> <span class='ocrx_word' id='word_1_673' title='bbox 3637 2481 3742 2539; x_wconf 84' lang='lat' dir='ltr'><strong>ista</strong></span> 
     </span>
    </p>
   </div>
   <div class='ocr_carea' id='block_1_86' title="bbox 2144 2560 3741 2641">
    <p class='ocr_par' dir='ltr' id='par_1_86' title="bbox 2144 2560 3741 2641">
     <span class='ocr_line' id='line_1_87' title="bbox 2144 2560 3741 2641; baseline 0.012 -28"><span class='ocrx_word' id='word_1_674' title='bbox 2144 2560 2215 2614; x_wconf 86' lang='lat' dir='ltr'><strong>ita</strong></span> <span class='ocrx_word' id='word_1_675' title='bbox 2248 2561 2685 2621; x_wconf 81' lang='lat' dir='ltr'><strong>demonstrantur</strong></span> <span class='ocrx_word' id='word_1_676' title='bbox 2712 2580 2830 2623; x_wconf 90' lang='lat' dir='ltr'><strong>esse</strong></span> <span class='ocrx_word' id='word_1_677' title='bbox 2867 2570 3144 2641; x_wconf 88' lang='lat' dir='ltr'><strong>perspicua</strong></span> <span class='ocrx_word' id='word_1_678' title='bbox 3168 2614 3184 2639; x_wconf 90' lang='lat'><strong>,</strong></span> <span class='ocrx_word' id='word_1_679' title='bbox 3212 2583 3271 2628; x_wconf 91' lang='lat' dir='ltr'><strong>ut</strong></span> <span class='ocrx_word' id='word_1_680' title='bbox 3311 2588 3420 2630; x_wconf 92' lang='lat' dir='ltr'><strong>non</strong></span> <span class='ocrx_word' id='word_1_681' title='bbox 3462 2574 3741 2632; x_wconf 85' lang='lat' dir='ltr'><strong>inveniant</strong></span> 
     </span>
    </p>
   </div>
   <div class='ocr_carea' id='block_1_87' title="bbox 2144 2653 3740 2735">
    <p class='ocr_par' dir='ltr' id='par_1_87' title="bbox 2144 2653 3740 2735">
     <span class='ocr_line' id='line_1_88' title="bbox 2144 2653 3740 2735; baseline 0.012 -29"><span class='ocrx_word' id='word_1_682' title='bbox 2144 2653 2283 2707; x_wconf 89' lang='lat' dir='ltr'><strong>oculi</strong></span> <span class='ocrx_word' id='word_1_683' title='bbox 2325 2655 2664 2712; x_wconf 90' lang='lat' dir='ltr'><strong>inimicorum</strong></span> <span class='ocrx_word' id='word_1_684' title='bbox 2712 2659 2764 2713; x_wconf 91' lang='lat' dir='ltr'><strong>in</strong></span> <span class='ocrx_word' id='word_1_685' title='bbox 2811 2676 2967 2730; x_wconf 89' lang='lat' dir='ltr'><strong>quam</strong></span> <span class='ocrx_word' id='word_1_686' title='bbox 3016 2673 3221 2732; x_wconf 89' lang='lat' dir='ltr'><strong>partem</strong></span> <span class='ocrx_word' id='word_1_687' title='bbox 3269 2676 3615 2735; x_wconf 87' lang='lat' dir='ltr'><strong>avertantur,</strong></span> <span class='ocrx_word' id='word_1_688' title='bbox 3647 2666 3740 2725; x_wconf 83' lang='lat' dir='ltr'><strong>ubi</strong></span> 
     </span>
    </p>
   </div>
   <div class='ocr_carea' id='block_1_88' title="bbox 2144 2745 3739 2822">
    <p class='ocr_par' dir='ltr' id='par_1_88' title="bbox 2144 2745 3739 2822">
     <span class='ocr_line' id='line_1_89' title="bbox 2144 2745 3739 2822; baseline 0.013 -26"><span class='ocrx_word' id='word_1_689' title='bbox 2144 2759 2250 2798; x_wconf 93' lang='lat' dir='ltr'><strong>non</strong></span> <span class='ocrx_word' id='word_1_690' title='bbox 2295 2745 2480 2801; x_wconf 88' lang='lat' dir='ltr'><strong>eadem</strong></span> <span class='ocrx_word' id='word_1_691' title='bbox 2532 2750 2906 2818; x_wconf 88' lang='lat' dir='ltr'><strong>perspicuitate</strong></span> <span class='ocrx_word' id='word_1_692' title='bbox 2950 2754 3242 2822; x_wconf 87' lang='lat' dir='ltr'><strong>feriantur,</strong></span> <span class='ocrx_word' id='word_1_693' title='bbox 3273 2767 3330 2812; x_wconf 91' lang='lat' dir='ltr'><strong>ut</strong></span> <span class='ocrx_word' id='word_1_694' title='bbox 3368 2774 3436 2814; x_wconf 79' lang='lat' dir='ltr'><strong>ex</strong></span> <span class='ocrx_word' id='word_1_695' title='bbox 3477 2775 3541 2815; x_wconf 84' lang='lat' dir='ltr'><strong>ea</strong></span> <span class='ocrx_word' id='word_1_696' title='bbox 3585 2759 3739 2816; x_wconf 88' lang='lat' dir='ltr'><strong>fateri</strong></span> 
     </span>
    </p>
   </div>
   <div class='ocr_carea' id='block_1_89' title="bbox 2146 2838 3739 2924">
    <p class='ocr_par' dir='ltr' id='par_1_89' title="bbox 2146 2838 3739 2924">
     <span class='ocr_line' id='line_1_90' title="bbox 2146 2838 3739 2924; baseline 0.013 -34"><span class='ocrx_word' id='word_1_697' title='bbox 2146 2838 2428 2895; x_wconf 85' lang='lat' dir='ltr'><strong>manifeste</strong></span> <span class='ocrx_word' id='word_1_698' title='bbox 2458 2842 2473 2871; x_wconf 76' lang='grc'>⁸</span> <span class='ocrx_word' id='word_1_699' title='bbox 2525 2854 2827 2914; x_wconf 88' lang='lat' dir='ltr'><strong>cogantur:</strong></span> <span class='ocrx_word' id='word_1_700' title='bbox 2866 2848 3060 2903; x_wconf 90' lang='lat' dir='ltr'><strong>merito</strong></span> <span class='ocrx_word' id='word_1_701' title='bbox 3106 2849 3335 2906; x_wconf 75' lang='lat' dir='ltr'><strong>fortasse</strong></span> <span class='ocrx_word' id='word_1_702' title='bbox 3376 2851 3554 2908; x_wconf 89' lang='lat' dir='ltr'><strong>dicitis</strong></span> <span class='ocrx_word' id='word_1_703' title='bbox 3595 2852 3739 2924; x_wconf 90' lang='lat' dir='ltr'><strong>quod</strong></span> 
     </span>
    </p>
   </div>
   <div class='ocr_carea' id='block_1_90' title="bbox 2146 2930 3735 3012">
    <p class='ocr_par' dir='ltr' id='par_1_90' title="bbox 2146 2930 3735 3012">
     <span class='ocr_line' id='line_1_91' title="bbox 2146 2930 3735 3012; baseline 0.013 -30"><span class='ocrx_word' id='word_1_704' title='bbox 2146 2930 2291 2983; x_wconf 90' lang='lat' dir='ltr'><strong>nulla</strong></span> <span class='ocrx_word' id='word_1_705' title='bbox 2322 2931 2471 2987; x_wconf 83' lang='lat' dir='ltr'><strong>vobis</strong></span> <span class='ocrx_word' id='word_1_706' title='bbox 2501 2935 2849 2991; x_wconf 85' lang='lat' dir='ltr'><strong>ostendantur</strong></span> <span class='ocrx_word' id='word_1_707' title='bbox 2874 2938 3092 3008; x_wconf 89' lang='lat' dir='ltr'><strong>indicia,</strong></span> <span class='ocrx_word' id='word_1_708' title='bbox 3120 2942 3312 3012; x_wconf 86' lang='lat' dir='ltr'><strong>quibus</strong></span> <span class='ocrx_word' id='word_1_709' title='bbox 3341 2943 3470 2998; x_wconf 85' lang='lat' dir='ltr'><strong>visis</strong></span> <span class='ocrx_word' id='word_1_710' title='bbox 3500 2945 3735 3003; x_wconf 88' lang='lat' dir='ltr'><strong>credatis</strong></span> 
     </span>
    </p>
   </div>
   <div class='ocr_carea' id='block_1_91' title="bbox 2142 3022 3732 3106">
    <p class='ocr_par' dir='ltr' id='par_1_91' title="bbox 2142 3022 3732 3106">
     <span class='ocr_line' id='line_1_92' title="bbox 2142 3022 3732 3106; baseline 0.011 -32"><span class='ocrx_word' id='word_1_711' title='bbox 2142 3022 2303 3076; x_wconf 88' lang='lat' dir='ltr'><strong>etiam</strong></span> <span class='ocrx_word' id='word_1_712' title='bbox 2330 3022 2417 3077; x_wconf 75' lang='lat' dir='ltr'><strong>illa</strong></span> <span class='ocrx_word' id='word_1_713' title='bbox 2448 3041 2567 3093; x_wconf 66' lang='lat' dir='ltr'><strong>qua:</strong></span> <span class='ocrx_word' id='word_1_714' title='bbox 2594 3042 2700 3081; x_wconf 91' lang='lat' dir='ltr'><strong>non</strong></span> <span class='ocrx_word' id='word_1_715' title='bbox 2729 3029 2939 3085; x_wconf 85' lang='lat' dir='ltr'><strong>videtis.</strong></span> <span class='ocrx_word' id='word_1_716' title='bbox 2985 3031 3042 3087; x_wconf 91' lang='lat' dir='ltr'><strong>Si</strong></span> <span class='ocrx_word' id='word_1_717' title='bbox 3073 3048 3199 3088; x_wconf 90' lang='lat' dir='ltr'><strong>vero</strong></span> <span class='ocrx_word' id='word_1_718' title='bbox 3230 3032 3345 3090; x_wconf 69' lang='lat' dir='ltr'><strong>ham</strong></span> <span class='ocrx_word' id='word_1_719' title='bbox 3374 3051 3493 3106; x_wconf 71' lang='lat' dir='ltr'><strong>qua:</strong></span> <span class='ocrx_word' id='word_1_720' title='bbox 3522 3036 3732 3105; x_wconf 90' lang='lat' dir='ltr'><strong>videtis,</strong></span> 
     </span>
    </p>
   </div>
   <div class='ocr_carea' id='block_1_92' title="bbox 2141 3114 3736 3191">
    <p class='ocr_par' dir='ltr' id='par_1_92' title="bbox 2141 3114 3736 3191">
     <span class='ocr_line' id='line_1_93' title="bbox 2141 3114 3736 3191; baseline 0.011 -25"><span class='ocrx_word' id='word_1_721' title='bbox 2141 3123 2195 3167; x_wconf 91' lang='lat' dir='ltr'><strong>et</strong></span> <span class='ocrx_word' id='word_1_722' title='bbox 2222 3114 2377 3185; x_wconf 87' lang='lat' dir='ltr'><strong>longe</strong></span> <span class='ocrx_word' id='word_1_723' title='bbox 2414 3125 2538 3172; x_wconf 89' lang='lat' dir='ltr'><strong>ante</strong></span> <span class='ocrx_word' id='word_1_724' title='bbox 2573 3119 2825 3188; x_wconf 81' lang='lat' dir='ltr'><strong>praedicta</strong></span> <span class='ocrx_word' id='word_1_725' title='bbox 2851 3132 2996 3191; x_wconf 90' lang='lat' dir='ltr'><strong>sunt,</strong></span> <span class='ocrx_word' id='word_1_726' title='bbox 3027 3131 3081 3179; x_wconf 90' lang='lat' dir='ltr'><strong>et</strong></span> <span class='ocrx_word' id='word_1_727' title='bbox 3111 3132 3255 3179; x_wconf 88' lang='lat' dir='ltr'><strong>tanta</strong></span> <span class='ocrx_word' id='word_1_728' title='bbox 3301 3124 3736 3184; x_wconf 82' lang='lat' dir='ltr'><strong>manifestatione</strong></span> 
     </span>
    </p>
   </div>
   <div class='ocr_carea' id='block_1_93' title="bbox 2140 3207 3736 3287">
    <p class='ocr_par' dir='ltr' id='par_1_93' title="bbox 2140 3207 3736 3287">
     <span class='ocr_line' id='line_1_94' title="bbox 2140 3207 3736 3287; baseline 0.009 -26"><span class='ocrx_word' id='word_1_729' title='bbox 2140 3207 2524 3277; x_wconf 85' lang='lat' dir='ltr'><strong>complentur;</strong></span> <span class='ocrx_word' id='word_1_730' title='bbox 2583 3211 2631 3266; x_wconf 88' lang='lat' dir='ltr'><strong>si</strong></span> <span class='ocrx_word' id='word_1_731' title='bbox 2681 3228 2739 3268; x_wconf 91' lang='lat' dir='ltr'><strong>se</strong></span> <span class='ocrx_word' id='word_1_732' title='bbox 2792 3214 2906 3284; x_wconf 88' lang='lat' dir='ltr'><strong>ipsa</strong></span> <span class='ocrx_word' id='word_1_733' title='bbox 2960 3217 3157 3273; x_wconf 85' lang='lat' dir='ltr'><strong>veritas</strong></span> <span class='ocrx_word' id='word_1_734' title='bbox 3205 3226 3261 3273; x_wconf 88' lang='lat' dir='ltr'><strong>et</strong></span> <span class='ocrx_word' id='word_1_735' title='bbox 3311 3219 3736 3287; x_wconf 76' lang='lat' dir='ltr'><strong>prtecedentibus</strong></span> 
     </span>
    </p>
   </div>
   <div class='ocr_carea' id='block_1_94' title="bbox 2140 3299 3736 3380">
    <p class='ocr_par' dir='ltr' id='par_1_94' title="bbox 2140 3299 3736 3380">
     <span class='ocr_line' id='line_1_95' title="bbox 2140 3299 3736 3380; baseline 0.009 -29"><span class='ocrx_word' id='word_1_736' title='bbox 2140 3299 2293 3353; x_wconf 92' lang='lat' dir='ltr'><strong>vobis</strong></span> <span class='ocrx_word' id='word_1_737' title='bbox 2338 3310 2391 3355; x_wconf 91' lang='lat' dir='ltr'><strong>et</strong></span> <span class='ocrx_word' id='word_1_738' title='bbox 2433 3300 2882 3373; x_wconf 82' lang='lat' dir='ltr'><strong>consequentibus</strong></span> <span class='ocrx_word' id='word_1_739' title='bbox 2924 3306 3161 3363; x_wconf 88' lang='lat' dir='ltr'><strong>declarat</strong></span> <span class='ocrx_word' id='word_1_740' title='bbox 3201 3309 3513 3380; x_wconf 78' lang='lat' dir='ltr'><strong>effectibus,</strong></span> <span class='ocrx_word' id='word_1_741' title='bbox 3544 3328 3576 3367; x_wconf 93' lang='grc' dir='ltr'>ο</span> <span class='ocrx_word' id='word_1_742' title='bbox 3606 3311 3736 3367; x_wconf 85' lang='lat' dir='ltr'><strong>reli-</strong></span> 
     </span>
    </p>
   </div>
   <div class='ocr_carea' id='block_1_95' title="bbox 2132 3384 3735 3473">
    <p class='ocr_par' dir='ltr' id='par_1_95' title="bbox 2132 3384 3735 3473">
     <span class='ocr_line' id='line_1_96' title="bbox 2132 3384 3735 3473; baseline 0.011 -30"><span class='ocrx_word' id='word_1_743' title='bbox 2132 3384 2278 3460; x_wconf 62' lang='lat' dir='ltr'><strong>quiae</strong></span> <span class='ocrx_word' id='word_1_744' title='bbox 2322 3391 2681 3462; x_wconf 86' lang='lat' dir='ltr'><strong>infidelitatis,</strong></span> <span class='ocrx_word' id='word_1_745' title='bbox 2717 3405 2773 3451; x_wconf 89' lang='lat' dir='ltr'><strong>ut</strong></span> <span class='ocrx_word' id='word_1_746' title='bbox 2818 3398 3050 3455; x_wconf 89' lang='lat' dir='ltr'><strong>credatis</strong></span> <span class='ocrx_word' id='word_1_747' title='bbox 3099 3415 3218 3470; x_wconf 72' lang='lat' dir='ltr'><strong>qua:</strong></span> <span class='ocrx_word' id='word_1_748' title='bbox 3263 3416 3370 3457; x_wconf 94' lang='lat' dir='ltr'><strong>non</strong></span> <span class='ocrx_word' id='word_1_749' title='bbox 3397 3402 3627 3473; x_wconf 88' lang='lat' dir='ltr'><strong>videtis,</strong></span> <span class='ocrx_word' id='word_1_750' title='bbox 3669 3402 3735 3459; x_wconf 88' lang='lat' dir='ltr'><strong>iis</strong></span> 
     </span>
    </p>
   </div>
   <div class='ocr_carea' id='block_1_96' title="bbox 2139 3482 2847 3557">
    <p class='ocr_par' dir='ltr' id='par_1_96' title="bbox 2139 3482 2847 3557">
     <span class='ocr_line' id='line_1_97' title="bbox 2139 3482 2847 3557; baseline 0.011 -20"><span class='ocrx_word' id='word_1_751' title='bbox 2139 3485 2439 3543; x_wconf 89' lang='lat' dir='ltr'><strong>erubescite</strong></span> <span class='ocrx_word' id='word_1_752' title='bbox 2467 3503 2586 3557; x_wconf 72' lang='lat' dir='ltr'><strong>quze</strong></span> <span class='ocrx_word' id='word_1_753' title='bbox 2613 3482 2806 3545; x_wconf 64' lang='lat' dir='ltr'><strong>vﬁetis</strong></span> <span class='ocrx_word' id='word_1_754' title='bbox 2834 3492 2847 3545; x_wconf 76' lang='grc' dir='ltr'><strong>ε</strong></span> 
     </span>
    </p>
   </div>
   <div class='ocr_carea' id='block_1_97' title="bbox 2211 3577 3734 3653">
    <p class='ocr_par' dir='ltr' id='par_1_97' title="bbox 2211 3577 3734 3653">
     <span class='ocr_line' id='line_1_98' title="bbox 2211 3577 3734 3653; baseline 0.009 -22"><span class='ocrx_word' id='word_1_755' title='bbox 2211 3578 2263 3631; x_wconf 92' lang='lat'><strong>7.</strong></span> <span class='ocrx_word' id='word_1_756' title='bbox 2294 3577 2375 3633; x_wconf 83' lang='lat' dir='ltr'><strong>Me</strong></span> <span class='ocrx_word' id='word_1_757' title='bbox 2418 3579 2694 3647; x_wconf 88' lang='lat' dir='ltr'><strong>attendite,</strong></span> <span class='ocrx_word' id='word_1_758' title='bbox 2727 3582 2876 3637; x_wconf 86' lang='lat' dir='ltr'><strong>vobis</strong></span> <span class='ocrx_word' id='word_1_759' title='bbox 2922 3582 3053 3639; x_wconf 87' lang='lat' dir='ltr'><strong>dicit</strong></span> <span class='ocrx_word' id='word_1_760' title='bbox 3098 3583 3383 3653; x_wconf 86' lang='lat' dir='ltr'><strong>Ecclesia;</strong></span> <span class='ocrx_word' id='word_1_761' title='bbox 3430 3603 3518 3642; x_wconf 91' lang='lat' dir='ltr'><strong>me</strong></span> <span class='ocrx_word' id='word_1_762' title='bbox 3560 3596 3734 3643; x_wconf 83' lang='lat' dir='ltr'><strong>atten-</strong></span> 
     </span>
    </p>
   </div>
   <div class='ocr_carea' id='block_1_98' title="bbox 2138 3666 3735 3745">
    <p class='ocr_par' dir='ltr' id='par_1_98' title="bbox 2138 3666 3735 3745">
     <span class='ocr_line' id='line_1_99' title="bbox 2138 3666 3735 3745; baseline 0.009 -23"><span class='ocrx_word' id='word_1_763' title='bbox 2138 3666 2245 3722; x_wconf 89' lang='lat' dir='ltr'><strong>dite</strong></span> <span class='ocrx_word' id='word_1_764' title='bbox 2270 3709 2284 3733; x_wconf 95' lang='lat'><strong>,</strong></span> <span class='ocrx_word' id='word_1_765' title='bbox 2314 3683 2472 3738; x_wconf 90' lang='lat' dir='ltr'><strong>quam</strong></span> <span class='ocrx_word' id='word_1_766' title='bbox 2503 3669 2728 3739; x_wconf 87' lang='lat' dir='ltr'><strong>videtis,</strong></span> <span class='ocrx_word' id='word_1_767' title='bbox 2760 3672 2966 3727; x_wconf 90' lang='lat' dir='ltr'><strong>etiamsi</strong></span> <span class='ocrx_word' id='word_1_768' title='bbox 2998 3675 3177 3730; x_wconf 90' lang='lat' dir='ltr'><strong>videre</strong></span> <span class='ocrx_word' id='word_1_769' title='bbox 3206 3676 3407 3732; x_wconf 90' lang='lat' dir='ltr'><strong>nolitis.</strong></span> <span class='ocrx_word' id='word_1_770' title='bbox 3446 3678 3550 3745; x_wconf 85' lang='lat' dir='ltr'><strong>Qui</strong></span> <span class='ocrx_word' id='word_1_771' title='bbox 3587 3682 3735 3737; x_wconf 89' lang='lat' dir='ltr'><strong>enim</strong></span> 
     </span>
    </p>
   </div>
   <div class='ocr_carea' id='block_1_99' title="bbox 2139 3762 3734 3841">
    <p class='ocr_par' dir='ltr' id='par_1_99' title="bbox 2139 3762 3734 3841">
     <span class='ocr_line' id='line_1_100' title="bbox 2139 3762 3734 3841; baseline 0.011 -27"><span class='ocrx_word' id='word_1_772' title='bbox 2139 3762 2467 3831; x_wconf 88' lang='lat' dir='ltr'><strong>temporibus</strong></span> <span class='ocrx_word' id='word_1_773' title='bbox 2516 3764 2619 3818; x_wconf 89' lang='lat' dir='ltr'><strong>illis</strong></span> <span class='ocrx_word' id='word_1_774' title='bbox 2663 3764 2717 3818; x_wconf 89' lang='lat' dir='ltr'><strong>in</strong></span> <span class='ocrx_word' id='word_1_775' title='bbox 2742 3764 2925 3820; x_wconf 65' lang='lat' dir='ltr'><strong>Iudaea</strong></span> <span class='ocrx_word' id='word_1_776' title='bbox 2970 3775 3113 3822; x_wconf 89' lang='lat' dir='ltr'><strong>terra</strong></span> <span class='ocrx_word' id='word_1_777' title='bbox 3157 3767 3344 3823; x_wconf 89' lang='lat' dir='ltr'><strong>ﬁdeles</strong></span> <span class='ocrx_word' id='word_1_778' title='bbox 3386 3769 3633 3841; x_wconf 83' lang='lat' dir='ltr'><strong>fuerunt,</strong></span> <span class='ocrx_word' id='word_1_779' title='bbox 3666 3790 3734 3831; x_wconf 82' lang='lat' dir='ltr'><strong>ex</strong></span> 
     </span>
    </p>
   </div>
   <div class='ocr_carea' id='block_1_100' title="bbox 2137 3853 3735 3930">
    <p class='ocr_par' dir='ltr' id='par_1_100' title="bbox 2137 3853 3735 3930">
     <span class='ocr_line' id='line_1_101' title="bbox 2137 3853 3735 3930; baseline 0.01 -25"><span class='ocrx_word' id='word_1_780' title='bbox 2137 3853 2343 3922; x_wconf 84' lang='lat' dir='ltr'><strong>virgine</strong></span> <span class='ocrx_word' id='word_1_781' title='bbox 2374 3855 2709 3909; x_wconf 85' lang='lat' dir='ltr'><strong>nativitatem</strong></span> <span class='ocrx_word' id='word_1_782' title='bbox 2741 3856 3062 3925; x_wconf 88' lang='lat' dir='ltr'><strong>mirabilem,</strong></span> <span class='ocrx_word' id='word_1_783' title='bbox 3096 3873 3157 3914; x_wconf 88' lang='lat' dir='ltr'><strong>ac</strong></span> <span class='ocrx_word' id='word_1_784' title='bbox 3187 3861 3512 3930; x_wconf 89' lang='lat' dir='ltr'><strong>passionem,</strong></span> <span class='ocrx_word' id='word_1_785' title='bbox 3547 3880 3735 3920; x_wconf 90' lang='lat' dir='ltr'><strong>resur-</strong></span> 
     </span>
    </p>
   </div>
   <div class='ocr_carea' id='block_1_101' title="bbox 2135 3946 3735 4019">
    <p class='ocr_par' dir='ltr' id='par_1_101' title="bbox 2135 3946 3735 4019">
     <span class='ocr_line' id='line_1_102' title="bbox 2135 3946 3735 4019; baseline 0.011 -21"><span class='ocrx_word' id='word_1_786' title='bbox 2135 3946 2429 4001; x_wconf 89' lang='lat' dir='ltr'><strong>rectionem</strong></span> <span class='ocrx_word' id='word_1_787' title='bbox 2451 3988 2466 4014; x_wconf 95' lang='lat'><strong>,</strong></span> <span class='ocrx_word' id='word_1_788' title='bbox 2497 3948 2863 4003; x_wconf 90' lang='lat' dir='ltr'><strong>ascensionem</strong></span> <span class='ocrx_word' id='word_1_789' title='bbox 2901 3949 3130 4019; x_wconf 89' lang='lat' dir='ltr'><strong>Christi,</strong></span> <span class='ocrx_word' id='word_1_790' title='bbox 3170 3955 3348 4008; x_wconf 89' lang='lat' dir='ltr'><strong>omnia</strong></span> <span class='ocrx_word' id='word_1_791' title='bbox 3379 3955 3560 4011; x_wconf 89' lang='lat' dir='ltr'><strong>divina</strong></span> <span class='ocrx_word' id='word_1_792' title='bbox 3592 3958 3735 4015; x_wconf 84' lang='lat' dir='ltr'><strong>dicta</strong></span> 
     </span>
    </p>
   </div>
   <div class='ocr_carea' id='block_1_102' title="bbox 2116 4028 3734 4115">
    <p class='ocr_par' dir='ltr' id='par_1_102' title="bbox 2116 4028 3734 4115">
     <span class='ocr_line' id='line_1_103' title="bbox 2116 4028 3734 4115; baseline 0.011 -24"><span class='ocrx_word' id='word_1_793' title='bbox 2116 4028 2250 4109; x_wconf 80' lang='lat' dir='ltr'><strong>ejus</strong></span> <span class='ocrx_word' id='word_1_794' title='bbox 2296 4050 2349 4094; x_wconf 90' lang='lat' dir='ltr'><strong>et</strong></span> <span class='ocrx_word' id='word_1_795' title='bbox 2400 4041 2531 4094; x_wconf 86' lang='lat' dir='ltr'><strong>facta</strong></span> <span class='ocrx_word' id='word_1_796' title='bbox 2574 4052 2866 4111; x_wconf 76' lang='lat' dir='ltr'><strong>praesentes</strong></span> <span class='ocrx_word' id='word_1_797' title='bbox 2914 4048 3195 4115; x_wconf 68' lang='lat' dir='ltr'><strong>prmsentia</strong></span> <span class='ocrx_word' id='word_1_798' title='bbox 3238 4048 3562 4107; x_wconf 89' lang='lat' dir='ltr'><strong>didicerunt.</strong></span> <span class='ocrx_word' id='word_1_799' title='bbox 3607 4053 3734 4109; x_wconf 60' lang='lat' dir='ltr'><strong>Ilaec</strong></span> 
     </span>
    </p>
   </div>
   <div class='ocr_carea' id='block_1_103' title="bbox 2134 4135 3733 4218">
    <p class='ocr_par' dir='ltr' id='par_1_103' title="bbox 2134 4135 3733 4218">
     <span class='ocr_line' id='line_1_104' title="bbox 2134 4135 3733 4218; baseline 0.01 -31"><span class='ocrx_word' id='word_1_800' title='bbox 2134 4151 2233 4189; x_wconf 88' lang='lat' dir='ltr'><strong>vos</strong></span> <span class='ocrx_word' id='word_1_801' title='bbox 2276 4150 2380 4189; x_wconf 90' lang='lat' dir='ltr'><strong>non</strong></span> <span class='ocrx_word' id='word_1_802' title='bbox 2413 4135 2637 4204; x_wconf 88' lang='lat' dir='ltr'><strong>vidistis,</strong></span> <span class='ocrx_word' id='word_1_803' title='bbox 2679 4148 2961 4208; x_wconf 86' lang='lat' dir='ltr'><strong>propterea</strong></span> <span class='ocrx_word' id='word_1_804' title='bbox 2992 4141 3213 4197; x_wconf 87' lang='lat' dir='ltr'><strong>credere</strong></span> <span class='ocrx_word' id='word_1_805' title='bbox 3257 4147 3539 4201; x_wconf 89' lang='lat' dir='ltr'><strong>recusatis.</strong></span> <span class='ocrx_word' id='word_1_806' title='bbox 3588 4148 3733 4218; x_wconf 78' lang='lat' dir='ltr'><strong>Ergo</strong></span> 
     </span>
    </p>
   </div>
   <div class='ocr_carea' id='block_1_104' title="bbox 2136 4225 3734 4305">
    <p class='ocr_par' dir='ltr' id='par_1_104' title="bbox 2136 4225 3734 4305">
     <span class='ocr_line' id='line_1_105' title="bbox 2136 4225 3734 4305; baseline 0.009 -26"><span class='ocrx_word' id='word_1_807' title='bbox 2136 4225 2251 4281; x_wconf 67' lang='lat' dir='ltr'><strong>hmo</strong></span> <span class='ocrx_word' id='word_1_808' title='bbox 2298 4228 2552 4297; x_wconf 87' lang='lat' dir='ltr'><strong>aspicite,</strong></span> <span class='ocrx_word' id='word_1_809' title='bbox 2601 4230 2653 4283; x_wconf 89' lang='lat' dir='ltr'><strong>in</strong></span> <span class='ocrx_word' id='word_1_810' title='bbox 2701 4230 2817 4289; x_wconf 73' lang='lat' dir='ltr'><strong>luce</strong></span> <span class='ocrx_word' id='word_1_811' title='bbox 2859 4231 3156 4299; x_wconf 90' lang='lat' dir='ltr'><strong>intendite,</strong></span> <span class='ocrx_word' id='word_1_812' title='bbox 3204 4234 3319 4290; x_wconf 68' lang='lat' dir='ltr'><strong>hcce</strong></span> <span class='ocrx_word' id='word_1_813' title='bbox 3366 4252 3484 4305; x_wconf 82' lang='lat' dir='ltr'><strong>quae</strong></span> <span class='ocrx_word' id='word_1_814' title='bbox 3513 4239 3734 4294; x_wconf 88' lang='lat' dir='ltr'><strong>cernitis</strong></span> 
     </span>
    </p>
   </div>
   <div class='ocr_carea' id='block_1_105' title="bbox 2134 4319 3733 4397">
    <p class='ocr_par' dir='ltr' id='par_1_105' title="bbox 2134 4319 3733 4397">
     <span class='ocr_line' id='line_1_106' title="bbox 2134 4319 3733 4397; baseline 0.009 -25"><span class='ocrx_word' id='word_1_815' title='bbox 2134 4319 2383 4389; x_wconf 84' lang='lat' dir='ltr'><strong>cogitate,</strong></span> <span class='ocrx_word' id='word_1_816' title='bbox 2434 4336 2552 4390; x_wconf 71' lang='lat' dir='ltr'><strong>qua:</strong></span> <span class='ocrx_word' id='word_1_817' title='bbox 2596 4322 2748 4378; x_wconf 87' lang='lat' dir='ltr'><strong>vobis</strong></span> <span class='ocrx_word' id='word_1_818' title='bbox 2800 4338 2904 4377; x_wconf 92' lang='lat' dir='ltr'><strong>non</strong></span> <span class='ocrx_word' id='word_1_819' title='bbox 2956 4326 3223 4394; x_wconf 79' lang='lat' dir='ltr'><strong>praeterita</strong></span> <span class='ocrx_word' id='word_1_820' title='bbox 3272 4339 3580 4397; x_wconf 85' lang='lat' dir='ltr'><strong>narrantur,</strong></span> <span class='ocrx_word' id='word_1_821' title='bbox 3630 4345 3733 4387; x_wconf 84' lang='lat' dir='ltr'><strong>nec</strong></span> 
     </span>
    </p>
   </div>
   <div class='ocr_carea' id='block_1_106' title="bbox 2135 4410 3728 4487">
    <p class='ocr_par' dir='ltr' id='par_1_106' title="bbox 2135 4410 3728 4487">
     <span class='ocr_line' id='line_1_107' title="bbox 2135 4410 3728 4487; baseline 0.009 -24"><span class='ocrx_word' id='word_1_822' title='bbox 2135 4410 2308 4465; x_wconf 87' lang='lat' dir='ltr'><strong>futura</strong></span> <span class='ocrx_word' id='word_1_823' title='bbox 2340 4414 2799 4482; x_wconf 62' lang='lat' dir='ltr'><strong>pranuntiantur,</strong></span> <span class='ocrx_word' id='word_1_824' title='bbox 2830 4417 2923 4471; x_wconf 91' lang='lat' dir='ltr'><strong>sed</strong></span> <span class='ocrx_word' id='word_1_825' title='bbox 2952 4418 3234 4487; x_wconf 65' lang='lat' dir='ltr'><strong>prccsentia</strong></span> <span class='ocrx_word' id='word_1_826' title='bbox 3270 4419 3728 4477; x_wconf 88' lang='lat' dir='ltr'><strong>demonstrantur.</strong></span> 
     </span>
    </p>
   </div>
   <div class='ocr_carea' id='block_1_107' title="bbox 2138 4503 3732 4584">
    <p class='ocr_par' dir='ltr' id='par_1_107' title="bbox 2138 4503 3732 4584">
     <span class='ocr_line' id='line_1_108' title="bbox 2138 4503 3732 4584; baseline 0.009 -29"><span class='ocrx_word' id='word_1_827' title='bbox 2138 4503 2218 4556; x_wconf 88' lang='lat' dir='ltr'><strong>An</strong></span> <span class='ocrx_word' id='word_1_828' title='bbox 2247 4504 2397 4559; x_wconf 87' lang='lat' dir='ltr'><strong>vobis</strong></span> <span class='ocrx_word' id='word_1_829' title='bbox 2440 4504 2597 4561; x_wconf 90' lang='lat' dir='ltr'><strong>inane</strong></span> <span class='ocrx_word' id='word_1_830' title='bbox 2624 4507 2707 4561; x_wconf 87' lang='lat' dir='ltr'><strong>vel</strong></span> <span class='ocrx_word' id='word_1_831' title='bbox 2754 4507 2872 4563; x_wconf 85' lang='lat' dir='ltr'><strong>leve</strong></span> <span class='ocrx_word' id='word_1_832' title='bbox 2899 4508 3127 4575; x_wconf 84' lang='lat' dir='ltr'><strong>videtur,</strong></span> <span class='ocrx_word' id='word_1_833' title='bbox 3158 4519 3213 4563; x_wconf 89' lang='lat' dir='ltr'><strong>et</strong></span> <span class='ocrx_word' id='word_1_834' title='bbox 3253 4511 3455 4566; x_wconf 90' lang='lat' dir='ltr'><strong>nullum</strong></span> <span class='ocrx_word' id='word_1_835' title='bbox 3484 4514 3568 4568; x_wconf 89' lang='lat' dir='ltr'><strong>vel</strong></span> <span class='ocrx_word' id='word_1_836' title='bbox 3604 4530 3732 4584; x_wconf 85' lang='lat' dir='ltr'><strong>par-</strong></span> 
     </span>
    </p>
   </div>
   <div class='ocr_carea' id='block_1_108' title="bbox 2135 4598 3729 4676">
    <p class='ocr_par' dir='ltr' id='par_1_108' title="bbox 2135 4598 3729 4676">
     <span class='ocr_line' id='line_1_109' title="bbox 2135 4598 3729 4676; baseline 0.009 -27"><span class='ocrx_word' id='word_1_837' title='bbox 2135 4612 2258 4650; x_wconf 81' lang='lat' dir='ltr'><strong>vum</strong></span> <span class='ocrx_word' id='word_1_838' title='bbox 2293 4598 2487 4668; x_wconf 89' lang='lat' dir='ltr'><strong>putatis</strong></span> <span class='ocrx_word' id='word_1_839' title='bbox 2531 4615 2649 4655; x_wconf 91' lang='lat' dir='ltr'><strong>esse</strong></span> <span class='ocrx_word' id='word_1_840' title='bbox 2696 4603 3012 4657; x_wconf 90' lang='lat' dir='ltr'><strong>miraculum</strong></span> <span class='ocrx_word' id='word_1_841' title='bbox 3058 4604 3316 4674; x_wconf 89' lang='lat' dir='ltr'><strong>divinum,</strong></span> <span class='ocrx_word' id='word_1_842' title='bbox 3346 4609 3489 4676; x_wconf 90' lang='lat' dir='ltr'><strong>quod</strong></span> <span class='ocrx_word' id='word_1_843' title='bbox 3536 4608 3590 4663; x_wconf 90' lang='lat' dir='ltr'><strong>in</strong></span> <span class='ocrx_word' id='word_1_844' title='bbox 3632 4625 3729 4663; x_wconf 86' lang='lat' dir='ltr'><strong>no-</strong></span> 
     </span>
    </p>
   </div>
   <div class='ocr_carea' id='block_1_109' title="bbox 2134 4690 3729 4768">
    <p class='ocr_par' dir='ltr' id='par_1_109' title="bbox 2134 4690 3729 4768">
     <span class='ocr_line' id='line_1_110' title="bbox 2134 4690 3729 4768; baseline 0.008 -25"><span class='ocrx_word' id='word_1_845' title='bbox 2134 4690 2279 4745; x_wconf 89' lang='lat' dir='ltr'><strong>mine</strong></span> <span class='ocrx_word' id='word_1_846' title='bbox 2319 4691 2475 4745; x_wconf 88' lang='lat' dir='ltr'><strong>unius</strong></span> <span class='ocrx_word' id='word_1_847' title='bbox 2518 4693 2753 4748; x_wconf 77' lang='lat' dir='ltr'><strong>cruciﬁxi</strong></span> <span class='ocrx_word' id='word_1_848' title='bbox 2799 4697 3105 4752; x_wconf 87' lang='lat' dir='ltr'><strong>universum</strong></span> <span class='ocrx_word' id='word_1_849' title='bbox 3135 4713 3302 4768; x_wconf 85' lang='lat' dir='ltr'><strong>genus</strong></span> <span class='ocrx_word' id='word_1_850' title='bbox 3341 4702 3512 4756; x_wconf 86' lang='lat' dir='ltr'><strong>currit</strong></span> <span class='ocrx_word' id='word_1_851' title='bbox 3538 4702 3729 4756; x_wconf 83' lang='lat' dir='ltr'><strong>Imma-</strong></span> 
     </span>
    </p>
   </div>
   <div class='ocr_carea' id='block_1_110' title="bbox 2132 4782 3728 4865">
    <p class='ocr_par' dir='ltr' id='par_1_110' title="bbox 2132 4782 3728 4865">
     <span class='ocr_line' id='line_1_111' title="bbox 2132 4782 3728 4865; baseline 0.009 -30"><span class='ocrx_word' id='word_1_852' title='bbox 2132 4782 2311 4835; x_wconf 87' lang='lat' dir='ltr'><strong>num?</strong></span> <span class='ocrx_word' id='word_1_853' title='bbox 2361 4782 2475 4837; x_wconf 85' lang='lat' dir='ltr'><strong>Non</strong></span> <span class='ocrx_word' id='word_1_854' title='bbox 2527 4785 2734 4841; x_wconf 89' lang='lat' dir='ltr'><strong>vidistis</strong></span> <span class='ocrx_word' id='word_1_855' title='bbox 2785 4788 2925 4857; x_wconf 90' lang='lat' dir='ltr'><strong>quod</strong></span> <span class='ocrx_word' id='word_1_856' title='bbox 2982 4789 3293 4858; x_wconf 73' lang='lat' dir='ltr'><strong>prtedietum</strong></span> <span class='ocrx_word' id='word_1_857' title='bbox 3344 4801 3397 4846; x_wconf 91' lang='lat' dir='ltr'><strong>et</strong></span> <span class='ocrx_word' id='word_1_858' title='bbox 3451 4794 3728 4865; x_wconf 90' lang='lat' dir='ltr'><strong>impletum</strong></span> 
     </span>
    </p>
   </div>
   <div class='ocr_carea' id='block_1_111' title="bbox 2133 4874 3729 4953">
    <p class='ocr_par' dir='ltr' id='par_1_111' title="bbox 2133 4874 3729 4953">
     <span class='ocr_line' id='line_1_112' title="bbox 2133 4874 3729 4953; baseline 0.008 -25"><span class='ocrx_word' id='word_1_859' title='bbox 2133 4883 2216 4928; x_wconf 89' lang='lat' dir='ltr'><strong>est</strong></span> <span class='ocrx_word' id='word_1_860' title='bbox 2242 4874 2309 4928; x_wconf 91' lang='lat' dir='ltr'><strong>de</strong></span> <span class='ocrx_word' id='word_1_861' title='bbox 2334 4874 2564 4931; x_wconf 88' lang='lat' dir='ltr'><strong>humana</strong></span> <span class='ocrx_word' id='word_1_862' title='bbox 2594 4876 2796 4931; x_wconf 89' lang='lat' dir='ltr'><strong>Christi</strong></span> <span class='ocrx_word' id='word_1_863' title='bbox 2825 4878 3126 4944; x_wconf 88' lang='lat' dir='ltr'><strong>nativitate,</strong></span> <span class='ocrx_word' id='word_1_864' title='bbox 3158 4882 3287 4936; x_wconf 88' lang='lat' dir='ltr'><strong>Ecce</strong></span> <span class='ocrx_word' id='word_1_865' title='bbox 3313 4884 3455 4953; x_wconf 86' lang='lat' dir='ltr'><strong>virgo</strong></span> <span class='ocrx_word' id='word_1_866' title='bbox 3494 4886 3546 4939; x_wconf 91' lang='lat' dir='ltr'><strong>in</strong></span> <span class='ocrx_word' id='word_1_867' title='bbox 3589 4897 3729 4941; x_wconf 85' lang='lat' dir='ltr'><strong>utero</strong></span> 
     </span>
    </p>
   </div>
   <div class='ocr_carea' id='block_1_112' title="bbox 2132 4968 3727 5046">
    <p class='ocr_par' dir='ltr' id='par_1_112' title="bbox 2132 4968 3727 5046">
     <span class='ocr_line' id='line_1_113' title="bbox 2132 4968 3727 5046; baseline 0.011 -27"><span class='ocrx_word' id='word_1_868' title='bbox 2132 4968 2363 5039; x_wconf 88' lang='lat' dir='ltr'><strong>accipiet,</strong></span> <span class='ocrx_word' id='word_1_869' title='bbox 2394 4979 2439 5023; x_wconf 89' lang='lat' dir='ltr'><strong>et</strong></span> <span class='ocrx_word' id='word_1_870' title='bbox 2468 4971 2626 5039; x_wconf 86' lang='lat' dir='ltr'><strong>pariet</strong></span> <span class='ocrx_word' id='word_1_871' title='bbox 2653 4971 2816 5038; x_wconf 87' lang='lat' dir='ltr'><strong>ﬁlium</strong></span> <span class='ocrx_word' id='word_1_872' title='bbox 2845 4987 2863 5023; x_wconf 92' lang='lat'><em>:</em></span> <span class='ocrx_word' id='word_1_873' title='bbox 2892 4970 2988 5026; x_wconf 87' lang='lat' dir='ltr'><strong>sed</strong></span> <span class='ocrx_word' id='word_1_874' title='bbox 3019 4973 3208 5028; x_wconf 88' lang='lat' dir='ltr'><strong>videtis</strong></span> <span class='ocrx_word' id='word_1_875' title='bbox 3234 4975 3377 5044; x_wconf 88' lang='lat' dir='ltr'><strong>quod</strong></span> <span class='ocrx_word' id='word_1_876' title='bbox 3409 4979 3727 5046; x_wconf 79' lang='lat' dir='ltr'><strong>praedictum</strong></span> 
     </span>
    </p>
   </div>
   <div class='ocr_carea' id='block_1_113' title="bbox 2132 5062 3729 5135">
    <p class='ocr_par' dir='ltr' id='par_1_113' title="bbox 2132 5062 3729 5135">
     <span class='ocr_line' id='line_1_114' title="bbox 2132 5062 3729 5135; baseline 0.009 -20"><span class='ocrx_word' id='word_1_877' title='bbox 2132 5074 2185 5116; x_wconf 89' lang='lat' dir='ltr'><strong>et</strong></span> <span class='ocrx_word' id='word_1_878' title='bbox 2213 5062 2484 5131; x_wconf 89' lang='lat' dir='ltr'><strong>impletum</strong></span> <span class='ocrx_word' id='word_1_879' title='bbox 2521 5072 2601 5117; x_wconf 90' lang='lat' dir='ltr'><strong>est</strong></span> <span class='ocrx_word' id='word_1_880' title='bbox 2636 5062 2703 5117; x_wconf 89' lang='lat' dir='ltr'><strong>ad</strong></span> <span class='ocrx_word' id='word_1_881' title='bbox 2728 5062 2998 5119; x_wconf 86' lang='lat' dir='ltr'><strong>Abraham</strong></span> <span class='ocrx_word' id='word_1_882' title='bbox 3043 5066 3134 5121; x_wconf 88' lang='lat' dir='ltr'><strong>Dei</strong></span> <span class='ocrx_word' id='word_1_883' title='bbox 3164 5067 3406 5135; x_wconf 87' lang='lat' dir='ltr'><strong>verbum,</strong></span> <span class='ocrx_word' id='word_1_884' title='bbox 3436 5070 3507 5126; x_wconf 89' lang='lat' dir='ltr'><strong>In</strong></span> <span class='ocrx_word' id='word_1_885' title='bbox 3541 5075 3729 5129; x_wconf 84' lang='lat' dir='ltr'><strong>semine</strong></span> 
     </span>
    </p>
   </div>
   <div class='ocr_carea' id='block_1_114' title="bbox 2130 5154 3726 5235">
    <p class='ocr_par' dir='ltr' id='par_1_114' title="bbox 2130 5154 3726 5235">
     <span class='ocr_line' id='line_1_115' title="bbox 2130 5154 3726 5235; baseline 0.011 -29"><span class='ocrx_word' id='word_1_886' title='bbox 2130 5160 2215 5208; x_wconf 89' lang='lat' dir='ltr'><strong>tuo</strong></span> <span class='ocrx_word' id='word_1_887' title='bbox 2255 5154 2606 5208; x_wconf 89' lang='lat' dir='ltr'><strong>benedicentur</strong></span> <span class='ocrx_word' id='word_1_888' title='bbox 2634 5171 2803 5209; x_wconf 90' lang='lat' dir='ltr'><strong>omnes</strong></span> <span class='ocrx_word' id='word_1_889' title='bbox 2832 5165 3020 5226; x_wconf 89' lang='lat' dir='ltr'><strong>gentes.</strong></span> <span class='ocrx_word' id='word_1_890' title='bbox 3065 5157 3180 5213; x_wconf 89' lang='lat' dir='ltr'><strong>Non</strong></span> <span class='ocrx_word' id='word_1_891' title='bbox 3216 5159 3427 5217; x_wconf 86' lang='lat' dir='ltr'><strong>vidistis</strong></span> <span class='ocrx_word' id='word_1_892' title='bbox 3467 5166 3612 5235; x_wconf 91' lang='lat' dir='ltr'><strong>quod</strong></span> <span class='ocrx_word' id='word_1_893' title='bbox 3659 5164 3726 5221; x_wconf 87' lang='lat' dir='ltr'><strong>de</strong></span> 
     </span>
    </p>
   </div>
   <div class='ocr_carea' id='block_1_115' title="bbox 2130 5245 3727 5321">
    <p class='ocr_par' dir='ltr' id='par_1_115' title="bbox 2130 5245 3727 5321">
     <span class='ocr_line' id='line_1_116' title="bbox 2130 5245 3727 5321; baseline 0.008 -22"><span class='ocrx_word' id='word_1_894' title='bbox 2130 5245 2461 5300; x_wconf 88' lang='lat' dir='ltr'><strong>mirabilibus</strong></span> <span class='ocrx_word' id='word_1_895' title='bbox 2506 5245 2702 5300; x_wconf 89' lang='lat' dir='ltr'><strong>Christi</strong></span> <span class='ocrx_word' id='word_1_896' title='bbox 2746 5248 3055 5315; x_wconf 66' lang='lat' dir='ltr'><strong>praedictum</strong></span> <span class='ocrx_word' id='word_1_897' title='bbox 3097 5260 3198 5317; x_wconf 90' lang='lat' dir='ltr'><strong>est,</strong></span> <span class='ocrx_word' id='word_1_898' title='bbox 3239 5250 3435 5321; x_wconf 84' lang='lat' dir='ltr'><strong>Venite,</strong></span> <span class='ocrx_word' id='word_1_899' title='bbox 3477 5267 3526 5310; x_wconf 87' lang='lat' dir='ltr'><strong>et</strong></span> <span class='ocrx_word' id='word_1_900' title='bbox 3561 5257 3727 5312; x_wconf 83' lang='lat' dir='ltr'><strong>videte</strong></span> 
     </span>
    </p>
   </div>
   <div class='ocr_carea' id='block_1_116' title="bbox 2129 5336 3721 5421">
    <p class='ocr_par' dir='ltr' id='par_1_116' title="bbox 2129 5336 3721 5421">
     <span class='ocr_line' id='line_1_117' title="bbox 2129 5336 3721 5421; baseline 0.009 -32"><span class='ocrx_word' id='word_1_901' title='bbox 2129 5353 2283 5405; x_wconf 80' lang='lat' dir='ltr'><strong>Opera</strong></span> <span class='ocrx_word' id='word_1_902' title='bbox 2307 5336 2535 5404; x_wconf 88' lang='lat' dir='ltr'><strong>Domini,</strong></span> <span class='ocrx_word' id='word_1_903' title='bbox 2564 5354 2676 5407; x_wconf 73' lang='lat' dir='ltr'><strong>qua:</strong></span> <span class='ocrx_word' id='word_1_904' title='bbox 2704 5340 2871 5407; x_wconf 84' lang='lat' dir='ltr'><strong>posuit</strong></span> <span class='ocrx_word' id='word_1_905' title='bbox 2897 5342 3129 5413; x_wconf 88' lang='lat' dir='ltr'><strong>prodigia</strong></span> <span class='ocrx_word' id='word_1_906' title='bbox 3153 5361 3305 5416; x_wconf 87' lang='lat' dir='ltr'><strong>super</strong></span> <span class='ocrx_word' id='word_1_907' title='bbox 3331 5354 3517 5401; x_wconf 87' lang='lat' dir='ltr'><strong>terram</strong></span> <span class='ocrx_word' id='word_1_908' title='bbox 3540 5348 3721 5421; x_wconf 88' lang='lat' dir='ltr'><strong>(Psal.</strong></span> 
     </span>
    </p>
   </div>
   <div class='ocr_carea' id='block_1_117' title="bbox 2110 5420 3721 5508">
    <p class='ocr_par' dir='ltr' id='par_1_117' title="bbox 2110 5420 3721 5508">
     <span class='ocr_line' id='line_1_118' title="bbox 2110 5420 3721 5508; baseline 0.01 -26"><span class='ocrx_word' id='word_1_909' title='bbox 2110 5420 2261 5494; x_wconf 56' lang='lat' dir='ltr'><strong>XLV,</strong></span> <span class='ocrx_word' id='word_1_910' title='bbox 2287 5428 2384 5500; x_wconf 92' lang='lat'><strong>9):</strong></span> <span class='ocrx_word' id='word_1_911' title='bbox 2418 5429 2513 5485; x_wconf 90' lang='lat' dir='ltr'><strong>sed</strong></span> <span class='ocrx_word' id='word_1_912' title='bbox 2541 5429 2731 5487; x_wconf 87' lang='lat' dir='ltr'><strong>videtis</strong></span> <span class='ocrx_word' id='word_1_913' title='bbox 2779 5434 2918 5503; x_wconf 88' lang='lat' dir='ltr'><strong>quod</strong></span> <span class='ocrx_word' id='word_1_914' title='bbox 2968 5437 3276 5505; x_wconf 73' lang='lat' dir='ltr'><strong>prmdictum</strong></span> <span class='ocrx_word' id='word_1_915' title='bbox 3318 5450 3428 5508; x_wconf 91' lang='lat' dir='ltr'><strong>est,</strong></span> <span class='ocrx_word' id='word_1_916' title='bbox 3470 5420 3721 5498; x_wconf 80' lang='lat' dir='ltr'><strong>Dominus</strong></span> 
     </span>
    </p>
   </div>
   <div class='ocr_carea' id='block_1_118' title="bbox 2127 5522 3721 5605">
    <p class='ocr_par' dir='ltr' id='par_1_118' title="bbox 2127 5522 3721 5605">
     <span class='ocr_line' id='line_1_119' title="bbox 2127 5522 3721 5605; baseline 0.01 -29"><span class='ocrx_word' id='word_1_917' title='bbox 2127 5522 2256 5576; x_wconf 74' lang='lat' dir='ltr'><strong>dixit</strong></span> <span class='ocrx_word' id='word_1_918' title='bbox 2296 5523 2364 5575; x_wconf 90' lang='lat' dir='ltr'><strong>ad</strong></span> <span class='ocrx_word' id='word_1_919' title='bbox 2408 5539 2513 5591; x_wconf 90' lang='lat' dir='ltr'><strong>me,</strong></span> <span class='ocrx_word' id='word_1_920' title='bbox 2550 5522 2712 5580; x_wconf 85' lang='lat' dir='ltr'><strong>Filius</strong></span> <span class='ocrx_word' id='word_1_921' title='bbox 2752 5544 2888 5583; x_wconf 88' lang='lat' dir='ltr'><strong>meus</strong></span> <span class='ocrx_word' id='word_1_922' title='bbox 2916 5545 2980 5603; x_wconf 82' lang='lat' dir='ltr'><strong>es</strong></span> <span class='ocrx_word' id='word_1_923' title='bbox 3025 5540 3097 5597; x_wconf 87' lang='lat' dir='ltr'><strong>tu,</strong></span> <span class='ocrx_word' id='word_1_924' title='bbox 3131 5548 3222 5604; x_wconf 90' lang='lat' dir='ltr'><strong>ego</strong></span> <span class='ocrx_word' id='word_1_925' title='bbox 3269 5534 3417 5588; x_wconf 81' lang='lat' dir='ltr'><strong>hodie</strong></span> <span class='ocrx_word' id='word_1_926' title='bbox 3452 5538 3604 5605; x_wconf 84' lang='lat' dir='ltr'><strong>genui</strong></span> <span class='ocrx_word' id='word_1_927' title='bbox 3632 5546 3721 5592; x_wconf 85' lang='lat' dir='ltr'><strong>te:</strong></span> 
     </span>
    </p>
   </div>
   <div class='ocr_carea' id='block_1_119' title="bbox 2126 5613 3717 5696">
    <p class='ocr_par' dir='ltr' id='par_1_119' title="bbox 2126 5613 3717 5696">
     <span class='ocr_line' id='line_1_120' title="bbox 2126 5613 3717 5696; baseline 0.011 -29"><span class='ocrx_word' id='word_1_928' title='bbox 2126 5613 2329 5684; x_wconf 73' lang='lat' dir='ltr'><strong>postulo</strong></span> <span class='ocrx_word' id='word_1_929' title='bbox 2354 5631 2386 5666; x_wconf 93' lang='lat' dir='ltr'><strong>a</strong></span> <span class='ocrx_word' id='word_1_930' title='bbox 2410 5631 2488 5669; x_wconf 88' lang='lat' dir='ltr'><strong>me</strong></span> <span class='ocrx_word' id='word_1_931' title='bbox 2508 5658 2524 5683; x_wconf 91' lang='lat'><strong>,</strong></span> <span class='ocrx_word' id='word_1_932' title='bbox 2552 5626 2598 5670; x_wconf 91' lang='lat' dir='ltr'><strong>et</strong></span> <span class='ocrx_word' id='word_1_933' title='bbox 2623 5617 2753 5673; x_wconf 90' lang='lat' dir='ltr'><strong>dabo</strong></span> <span class='ocrx_word' id='word_1_934' title='bbox 2784 5621 2870 5673; x_wconf 87' lang='lat' dir='ltr'><strong>tibi</strong></span> <span class='ocrx_word' id='word_1_935' title='bbox 2896 5634 3066 5691; x_wconf 88' lang='lat' dir='ltr'><strong>gentes</strong></span> <span class='ocrx_word' id='word_1_936' title='bbox 3096 5625 3438 5681; x_wconf 75' lang='lat' dir='ltr'><strong>luvreditatem</strong></span> <span class='ocrx_word' id='word_1_937' title='bbox 3465 5638 3636 5696; x_wconf 86' lang='lat' dir='ltr'><strong>tuam,</strong></span> <span class='ocrx_word' id='word_1_938' title='bbox 3668 5637 3717 5684; x_wconf 79' lang='lat' dir='ltr'><strong>et</strong></span> 
     </span>
    </p>
   </div>
   <div class='ocr_carea' id='block_1_120' title="bbox 2125 5706 3719 5792">
    <p class='ocr_par' dir='ltr' id='par_1_120' title="bbox 2125 5706 3719 5792">
     <span class='ocr_line' id='line_1_121' title="bbox 2125 5706 3719 5792; baseline 0.013 -34"><span class='ocrx_word' id='word_1_939' title='bbox 2125 5706 2487 5776; x_wconf 80' lang='lat' dir='ltr'><strong>possessionem</strong></span> <span class='ocrx_word' id='word_1_940' title='bbox 2543 5718 2679 5763; x_wconf 86' lang='lat' dir='ltr'><strong>tuam</strong></span> <span class='ocrx_word' id='word_1_941' title='bbox 2732 5712 2967 5768; x_wconf 84' lang='lat' dir='ltr'><strong>terminos</strong></span> <span class='ocrx_word' id='word_1_942' title='bbox 3017 5724 3163 5771; x_wconf 81' lang='lat' dir='ltr'><strong>terrtc</strong></span> <span class='ocrx_word' id='word_1_943' title='bbox 3208 5716 3376 5789; x_wconf 86' lang='lat' dir='ltr'><strong>(Psal.</strong></span> <span class='ocrx_word' id='word_1_944' title='bbox 3410 5735 3476 5790; x_wconf 87' lang='lat' dir='ltr'><strong>tt,</strong></span> <span class='ocrx_word' id='word_1_945' title='bbox 3511 5719 3719 5792; x_wconf 70' lang='lat' dir='ltr'><strong>7et8)-.</strong></span> 
     </span>
    </p>
   </div>
   <div class='ocr_carea' id='block_1_121' title="bbox 2145 5822 2715 5893">
    <p class='ocr_par' dir='ltr' id='par_1_121' title="bbox 2145 5822 2715 5893">
     <span class='ocr_line' id='line_1_122' title="bbox 2145 5822 2715 5893; baseline 0.016 -22"><span class='ocrx_word' id='word_1_946' title='bbox 2145 5854 2151 5862; x_wconf 88' lang='grc'><strong><em>-</em></strong></span> <span class='ocrx_word' id='word_1_947' title='bbox 2189 5822 2209 5855; x_wconf 78' lang='grc'><strong><em>⁸</em></strong></span> <span class='ocrx_word' id='word_1_948' title='bbox 2226 5826 2278 5872; x_wconf 90' lang='lat' dir='ltr'><strong>In</strong></span> <span class='ocrx_word' id='word_1_949' title='bbox 2298 5827 2427 5888; x_wconf 71' lang='lat' dir='ltr'><strong>Mss,</strong></span> <span class='ocrx_word' id='word_1_950' title='bbox 2450 5825 2715 5893; x_wconf 79' lang='lat' dir='ltr'><strong>numifesta.</strong></span> 
     </span>
    </p>
   </div>
  </div>
