4000 6336
247 505 348 564 177

248 626 361 685 Non
406 621 623 679 vidistis
671 621 818 694 quod
863 619 1175 692 praedictum
1224 624 1307 676 est
1356 625 1410 675 et
1457 615 1731 688 impletum
1776 616 1844 672 de

253 717 495 790 passione
521 713 746 780 Christi,
773 712 1038 768 Foderunt
1063 729 1242 766 manus
1268 726 1403 765 meas
1427 719 1476 764 et
1506 709 1654 780 pedes
1685 725 1843 778 meos,

191 833 196 856 ε
255 814 700 867 dinumeraverunt
743 809 912 862 omnia
938 824 1052 863 ossa
1082 823 1234 872 mea;
1277 806 1374 876 ipsi
1407 822 1520 859 vero
1551 804 1842 859 considera-

252 912 423 958 verunt
452 910 497 957 et
541 909 920 971 conspexerunt
949 916 1068 966 me;
1114 900 1387 953 diviserunt
1432 898 1525 952 sibi
1554 898 1846 951 vestimenta

254 1012 379 1060 mea,
408 1003 456 1048 et
484 1011 640 1064 super
664 1003 847 1048 vestem
871 1009 1032 1046 meum
1057 993 1298 1045 miserunt
1323 1000 1506 1045 sortem
1536 1005 1554 1044 :
1579 989 1674 1045 sed
1699 989 1848 1044 vide-

252 1090 317 1142 tis
347 1086 491 1157 quod
531 1087 585 1141 in
626 1086 819 1142 eodem
862 1085 1068 1157 psalmo
1111 1083 1425 1154 praedictum
1454 1091 1574 1148 est,
1623 1091 1678 1136 et
1704 1095 1846 1136 nunc

249 1189 472 1251 apparet
507 1180 782 1250 impletum
810 1221 825 1245 ,
859 1177 1392 1233 Commemorabuntur
1421 1187 1467 1232 et
1497 1185 1844 1232 convertentur

247 1274 314 1326 ad
337 1271 621 1326 Dominum
649 1271 871 1325 universi
898 1272 1024 1339 ﬁnes
1055 1280 1230 1339 teme,
1257 1282 1302 1325 et
1329 1270 1614 1325 adorabunt
1639 1271 1691 1324 in
1719 1287 1843 1324 con-

245 1373 420 1434 spectu
449 1365 561 1434 ejus
589 1364 835 1418 universa:
860 1364 1039 1434 patria:
1068 1364 1290 1435 gentium
1313 1379 1333 1427 ;
1372 1364 1611 1435 quoniam
1634 1362 1844 1426 Domini

247 1465 319 1511 est
368 1472 617 1526 regnum,
650 1465 697 1510 ct
735 1456 843 1526 ipse
889 1455 1230 1509 dominabitur
1271 1456 1492 1526 gentium
1525 1453 1694 1526 (Psal.
1725 1470 1838 1522 χχι,

250 1547 440 1612 17-19,
473 1547 567 1614 28,
597 1546 713 1618 29).
762 1547 882 1602 Non
909 1547 1116 1603 vidistis
1159 1547 1299 1618 quod
1342 1547 1410 1603 de
1451 1548 1840 1602 resurrectione

247 1641 447 1698 Christi
498 1641 810 1712 prmdictum
855 1651 1014 1712 atque
1049 1642 1372 1710 completum
1419 1650 1540 1708 est,
1589 1641 1840 1711 loquente

247 1736 461 1792 Psalmo
491 1751 558 1791 ex
601 1752 828 1806 persona
873 1736 989 1806 ejus
1030 1735 1176 1807 prius
1212 1735 1281 1790 de
1320 1734 1576 1789 traditore
1620 1744 1673 1788 et
1712 1749 1837 1802 per-

243 1830 584 1885 secutoribus
613 1829 728 1899 ejus
759 1847 772 1883 :
806 1827 1210 1899 Egrediebantur
1238 1832 1396 1900 foras,
1434 1839 1480 1884 et
1510 1828 1841 1898 loquebantur

242 1921 396 1976 simul
439 1922 494 1974 in
532 1936 739 1985 unum;
787 1923 1057 1977 adversum
1103 1938 1183 1975 me
1234 1920 1621 1975 insusurrabant
1668 1936 1839 1973 omnes

243 2017 439 2070 inimici
481 2017 599 2082 mei,
628 2017 897 2070 adversum
937 2032 1016 2070 me
1051 2015 1339 2086 cogitabant
1369 2014 1506 2069 mala
1536 2013 1698 2078 mihi;
1725 2030 1838 2068 ver-

243 2106 360 2162 bum
379 2108 608 2178 iniquum
635 2107 989 2178 disposuerunt
1011 2108 1280 2162 adversum
1305 2124 1401 2161 me.
1429 2107 1548 2173 Ubi,
1579 2117 1635 2161 ut
1659 2114 1842 2161 osten-

243 2197 401 2253 deret
443 2197 572 2252 nihil
620 2213 715 2254 eos
759 2197 988 2253 valuisse
1039 2197 1342 2253 occidendo.
1383 2205 1834 2262 resurrecturum,

243 2290 472 2360 subjecit
506 2301 667 2360 atque
701 2290 777 2344 ait
806 2307 818 2343 :
852 2287 1115 2360 Numquid
1138 2290 1225 2360 qui
1261 2290 1466 2355 dormit,
1498 2305 1600 2342 non
1633 2288 1838 2359 adjicict

244 2391 298 2434 ut
323 2381 603 2452 resurgat?
641 2381 706 2436 Et
735 2381 893 2451 paulo
919 2389 1040 2450 post
1065 2396 1186 2436 cum
1213 2381 1282 2435 de
1313 2382 1428 2452 ipso
1457 2395 1554 2436 suo
1582 2380 1836 2436 traditore

243 2487 338 2544 per
362 2472 609 2528 eamdem
641 2473 974 2544 prophetiam
1005 2471 1372 2542 praedixisset,
1402 2472 1544 2543 quod
1575 2473 1628 2527 in
1655 2473 1836 2528 Evan-

239 2568 380 2641 gelio
408 2582 623 2638 quoque
653 2568 910 2637 scriptum
956 2575 1059 2634 est,
1104 2566 1206 2631 Qui
1250 2566 1425 2621 edebat
1468 2583 1624 2636 panes
1673 2583 1833 2634 meos,

241 2661 502 2732 «inplicvit
541 2677 695 2731 super
724 2677 802 2714 me
841 2660 1168 2726 calcaneum;
1209 2660 1311 2716 hoc
1350 2669 1453 2725 est,
1500 2660 1838 2716 conculcavit

239 2769 326 2808 me
354 2773 369 2807 :
415 2753 672 2809 continuo
697 2752 967 2817 subdidit,
1001 2751 1080 2806 Tu
1107 2761 1307 2819 autem,
1339 2751 1576 2821 Domine,
1605 2754 1838 2808 miserere

239 2848 357 2914 mei,
390 2857 437 2902 et
463 2849 709 2902 resuscita
739 2864 817 2901 me
837 2888 852 2912 ,
885 2857 931 2900 et
970 2846 1182 2900 reddam
1211 2848 1314 2902 illis
1347 2847 1518 2917 (Psal.
1547 2864 1642 2910 χι..
1668 2849 1790 2902 7-H
1818 2865 1833 2915 ;

237 2938 394 2994 Joan.
427 2955 547 3006 χιιι,
577 2937 691 3010 18).
719 2938 999 3008 lmpletum
1027 2948 1110 2993 est
1138 2938 1262 3004 hoc,
1289 2938 1544 2994 dormivit
1567 2939 1832 3007 Christus,

238 3038 290 3085 et
315 3029 586 3100 evigilavit
611 3070 625 3092 .
659 3029 763 3084 hoc
791 3039 904 3096 est,
936 3030 1228 3086 resurrexit
1261 3049 1274 3084 :
1308 3031 1401 3100 qui
1447 3046 1544 3101 per
1590 3030 1833 3086 eamdem

238 3121 574 3194 prephetiam
606 3123 659 3176 in
701 3122 807 3176 alio
838 3123 1043 3191 psalmo
1084 3122 1180 3189 ait,
1214 3121 1326 3192 Ego
1352 3122 1585 3188 dormivi,
1617 3132 1664 3178 et
1701 3140 1837 3178 som-

237 3229 359 3268 num
402 3215 545 3283 cepi;
587 3222 634 3267 et
680 3214 960 3278 exsurrexi,
1007 3215 1247 3282 quoniam
1291 3213 1544 3270 Dominus
1599 3216 1836 3287 suscipiet

236 3322 314 3360 me
353 3305 526 3376 (Psal.
557 3305 670 3377 ιιι).
705 3306 900 3360 Verum
945 3305 1047 3360 hoc
1087 3321 1193 3361 non
1229 3306 1455 3374 vidistis,
1505 3307 1601 3362 sed
1643 3309 1835 3364 videtis

237 3398 351 3469 ejus
379 3398 703 3466 Ecclesium,
736 3399 803 3454 de
831 3414 933 3469 qua
964 3400 1212 3455 similiter
1240 3400 1441 3455 dictum
1474 3409 1529 3455 et
1556 3401 1833 3472 impletum

236 3500 350 3558 est,
381 3490 600 3545 Domine
624 3489 764 3545 Deus
793 3508 932 3545 meus
956 3533 970 3558 ,
1013 3493 1080 3544 ad
1117 3501 1163 3546 te
1207 3502 1380 3562 gentes
1405 3494 1600 3546 venient
1638 3495 1701 3548 ab
1739 3511 1829 3548 ea:-

237 3591 392 3637 tremo
421 3593 594 3650 terrae,
623 3593 669 3637 et
695 3584 884 3651 dicent,
921 3582 1043 3638 Vere
1078 3585 1341 3639 mendacia
1368 3587 1630 3640 coluerunt
1665 3597 1833 3657 patres

235 3675 392 3728 nostri
423 3675 733 3742 simulacra,
763 3684 809 3728 et
841 3692 941 3728 non
973 3685 1045 3729 est
1079 3676 1132 3729 in
1160 3675 1266 3730 illis
1301 3678 1516 3732 utilitas.
1545 3678 1656 3733 lloc
1686 3689 1834 3735 certe

236 3767 347 3822 sive
382 3767 563 3823 velitis
602 3781 699 3822 seu
743 3767 944 3832 nolitis,
973 3767 1210 3838 aspicitis
1240 3786 1252 3821 :
1287 3778 1344 3823 at
1385 3769 1430 3823 si
1474 3769 1648 3825 adhuc
1678 3772 1693 3801 ¹
1730 3771 1832 3826 ali-

235 3873 392 3928 quam
418 3858 617 3928 putatis
640 3872 763 3912 csse
797 3857 881 3912 vel
913 3857 1075 3912 fuisse
1104 3859 1155 3913 in
1183 3859 1486 3915 simulacris
1517 3862 1827 3930 utilitatem;

233 3959 378 4006 certe
411 3959 600 4010 tamen
633 3950 946 4005 immmcros
991 3952 1226 4020 gentium
1257 3953 1482 4022 populos
1513 3954 1714 4010 relictis
1745 3956 1831 4011 vel

231 4043 454 4113 abjectis
482 4044 566 4099 vel
597 4044 888 4098 conl‘ractis
917 4043 1227 4112 lmjusmodi
1253 4047 1574 4102 vanitatibus
1603 4048 1829 4103 audistis

233 4135 432 4199 dicere,
463 4135 594 4191 Vere
635 4136 898 4190 mendacia
942 4138 1203 4192 coluerunt
1240 4147 1404 4209 patres
1464 4141 1622 4194 nostri
1665 4143 1828 4196 simu-

233 4229 394 4298 lacra,
424 4240 472 4284 et
501 4247 604 4285 non
636 4240 707 4286 est
752 4232 804 4284 in
828 4232 929 4284 illis
960 4232 1151 4285 utilitas
1180 4248 1198 4284 :
1241 4234 1285 4286 si
1330 4235 1476 4302 faciet
1506 4234 1654 4288 homo
1685 4235 1827 4302 deos,

230 4333 276 4377 et
317 4341 431 4378 ecce
471 4326 573 4394 ipsi
601 4341 703 4380 non
744 4333 860 4379 sunt
907 4326 980 4379 dii
1015 4325 1239 4396 (Jerem.
1273 4343 1392 4392 va,
1427 4328 1515 4396 49,
1545 4327 1673 4402 20).
1720 4329 1830 4385 Nec

233 4418 425 4486 putetis
470 4428 651 4473 autem
693 4418 759 4473 ad
805 4434 967 4472 tunam
1015 4419 1246 4488 aliquem
1277 4420 1371 4474 Dei
1419 4421 1594 4475 locum
1640 4432 1828 4492 gentes

232 4510 516 4578 [medietas
559 4509 725 4566 fuisse
760 4522 1041 4575 venturas,
1073 4511 1325 4581 quoniam
1368 4512 1566 4566 dictum
1596 4522 1679 4568 est
1702 4555 1718 4581 ,
1745 4514 1826 4567 Ad

232 4610 276 4653 te
303 4612 475 4672 gentes
503 4602 702 4656 venient
725 4601 789 4655 ab
816 4612 1040 4656 extremo
1069 4613 1234 4657 terraz.
1267 4602 1567 4674 lntelligite,
1602 4604 1646 4659 si
1678 4614 1828 4675 pote-

232 4695 323 4749 stis
345 4738 362 4762 ,
394 4696 461 4750 ad
495 4696 668 4752 Deum
698 4695 1146 4765 Christianorum,
1179 4698 1270 4765 qui
1313 4714 1560 4755 summus
1589 4708 1641 4754 ct
1666 4715 1825 4756 verus

232 4797 308 4842 est
334 4788 518 4856 Deus,
562 4804 672 4844 non
713 4789 1032 4846 ambulando
1059 4791 1244 4846 venire
1289 4791 1525 4862 gentium
1577 4793 1822 4862 populos,

232 4882 317 4936 sed
347 4881 646 4938 credendo.
679 4881 812 4936 Nam
844 4898 928 4937 res
957 4882 1143 4938 eadem
1189 4883 1256 4938 ab
1295 4884 1402 4938 alio
1447 4884 1706 4954 propheta
1749 4886 1828 4940 sic

233 4975 585 5045 praenuntiata
627 4985 710 5029 est
743 4993 755 5028 :
790 4973 1116 5043 Prtevalebit,
1147 4975 1338 5046 inquit,
1370 4974 1621 5029 Dominus
1650 4976 1827 5030 adver-

232 5083 309 5120 sus
338 5083 423 5120 eos
447 5109 462 5133 ,
509 5075 558 5119 et
606 5066 955 5120 exterminabit
986 5083 1157 5120 omnes
1211 5068 1330 5119 deos
1375 5067 1596 5136 gentium
1638 5075 1826 5130 terrm;

233 5171 273 5212 et
300 5161 588 5214 adorabunt
620 5176 735 5213 eum
776 5160 1118 5229 unusquisque
1156 5161 1217 5214 de
1265 5158 1374 5213 loco
1416 5176 1506 5214 suo
1551 5176 1720 5213 onmes
1750 5160 1828 5212 in-

232 5252 352 5305 sula:
395 5253 628 5323 gentium
655 5251 914 5321 (Soplton.
949 5268 1016 5318 ιι,
1049 5250 1160 5321 ii).
1206 5251 1357 5318 Quod
1401 5253 1477 5306 ait
1517 5253 1637 5315 ille,
1667 5251 1749 5304 Ad
1779 5260 1826 5305 te

233 5360 394 5400 omnes
435 5355 610 5416 gentes
662 5344 900 5408 venient;
943 5342 1043 5399 hoc
1086 5345 1160 5397 ait
1204 5344 1324 5408 iste,
1375 5345 1666 5398 Adorabunt
1710 5360 1826 5397 eum

233 5441 574 5511 unusquisque
620 5439 682 5492 de
725 5439 836 5492 loco
883 5455 992 5492 suo.
1041 5437 1185 5509 Ergo
1212 5438 1431 5492 venient
1469 5438 1534 5492 ad
1565 5453 1686 5493 eum
1717 5449 1824 5492 nOn

232 5533 541 5590 recedentes
568 5531 636 5586 de
665 5531 785 5586 loco
813 5545 930 5596 suo,
973 5532 1095 5600 quia
1124 5531 1410 5586 credentes
1441 5532 1488 5584 in
1519 5547 1639 5586 eum
1671 5530 1822 5585 inve-

233 5625 377 5679 nient
404 5641 526 5679 eum
556 5625 611 5678 in
641 5623 807 5678 corde
832 5637 947 5675 suo.
977 5621 1093 5676 Non
1115 5622 1320 5676 vidistis
1347 5621 1486 5692 quod
1513 5622 1822 5691 praedictum

233 5728 284 5774 et
307 5718 585 5788 impletum
613 5725 698 5772 est
726 5715 796 5770 de
825 5715 1138 5769 ascensione
1161 5713 1380 5780 Christi,
1406 5713 1649 5768 Ea'altare
1672 5731 1823 5782 super

232 5813 401 5880 artos,
433 5811 571 5865 Deus
615 5826 632 5863 :
679 5808 775 5864 sed
825 5808 1013 5863 videtis
1068 5808 1210 5879 quod
1264 5808 1515 5862 continuo
1564 5808 1820 5877 sequitur,

236 5903 302 5958 Et
346 5922 500 5975 super
557 5919 757 5958 onmem
804 5911 991 5954 terram
1032 5901 1194 5971 gloria
1238 5911 1323 5956 tua
1368 5901 1539 5973 (Psal.
1570 5915 1706 5966 cvu,
1737 5897 1821 5973 6).

293 6021 310 6051 ι
325 6023 400 6069 sic
421 6019 706 6071 Serbonicus
727 6022 810 6065 Ms.
842 6013 1004 6076 [etiam
1026 6013 1067 6064 si
1084 6013 1283 6078 adlata]

1681 501 1888 560 LIBER
1924 498 2126 560 UNUS.

1932 6013 2141 6079 qtudam,
2168 6010 2228 6062 ab
2249 6009 2383 6062 initio
2399 6012 2648 6066 laboriosa:
2657 6009 2791 6075 ﬁdei.

3451 301 3548 355 ατ

3441 519 3549 580 1⁸18

1962 615 2054 670 llla
2083 616 2150 673 de
2176 616 2387 676 Christo
2408 619 2517 691 jam
2556 623 2693 680 facta
2719 631 2879 696 atque
2917 632 3185 684 transacta
3218 630 3398 687 omnia
3435 649 3549 694 non

1958 707 2202 776 vidistis;
2251 711 2345 766 sed
2375 712 2474 768 ista
2519 716 2800 784 prmsentia
2845 714 2899 771 in
2943 717 3060 788 ejus
3087 718 3328 776 Ecclesia
3363 722 3548 780 videre

1959 818 2057 858 vos
2085 819 2191 859 non
2232 808 2456 877 negatis.
2510 807 2742 880 Utraque
2771 811 2923 865 vobis
2971 813 3226 883 prmdicta
3274 825 3548 886 monstra-7

1956 913 2075 952 mus
2101 916 2114 951 :
2138 907 2361 970 utraque
2388 910 2568 957 autem
2590 903 2738 958 vobis
2765 905 2983 975 impleta
3010 917 3292 977 propterea
3318 908 3549 965 demon-

1954 997 2125 1044 strare
2150 991 2374 1047 videnda
2403 1009 2510 1048 non
2538 1010 2842 1066 possumus,
2871 998 2995 1069 quia
3037 1015 3291 1058 revocare
3320 982 3374 1058 in
3407 1017 3544 1060 con-

1953 1091 2194 1152 spectum
2226 1087 2495 1154 praeterita
2533 1103 2641 1143 non
2680 1091 2938 1146 valemus.

2042 1174 2267 1231 CAPUT
2319 1176 2383 1230 γ.
2445 1208 2517 1218 -
2575 1179 2628 1235 8.
2689 1179 3025 1237 Prwsentium
3070 1186 3308 1242 exhibitio
3365 1189 3548 1244 astruit

1951 1263 2106 1333 ﬁdem
2171 1269 2539 1336 prmteritorum
2592 1280 2637 1326 et
2694 1275 3005 1345 futurorum.
3100 1277 3206 1333 Sed
3270 1282 3538 1351 quemad-

1950 1359 2171 1415 modum
2228 1363 2523 1419 voluntates
2585 1367 2879 1422 amieorum
2933 1385 3053 1439 quae
3101 1386 3209 1426 non
3265 1373 3534 1442 videntur,

1950 1454 2240 1511 creduntur
2291 1473 2384 1527 per
2429 1458 2620 1514 indicia
2673 1476 2792 1532 qua:
2838 1461 3117 1530 videntur;
3175 1465 3253 1520 sic
3301 1465 3540 1522 Ecclesia

1949 1563 2070 1618 quae
2122 1566 2263 1605 nunc
2317 1551 2578 1618 videtur;
2617 1555 2856 1610 omnium
2906 1571 3028 1626 qua:
3079 1571 3187 1612 non
3241 1556 3530 1624 videntur,

1946 1640 2041 1695 sed
2093 1642 2146 1696 in
2195 1643 2271 1698 cis
2312 1644 2501 1699 litteris
2552 1645 2643 1700 ubi
2695 1657 2750 1702 et
2787 1648 2900 1718 ipsa
2946 1657 3030 1703 est
3077 1648 3328 1720 prmdicta
3377 1667 3535 1706 mon-

1946 1742 2210 1802 strantur,
2261 1745 2314 1790 et
2362 1736 2516 1792 index
2566 1747 2647 1793 est
2697 1739 3124 1808 praeteritorum,
3183 1750 3238 1796 et
3285 1757 3540 1812 praenun-

1949 1823 2018 1877 tia
2051 1823 2365 1880 futurorum.
2406 1826 2538 1894 Quia
2566 1836 2621 1882 et
2663 1831 2929 1898 przeterita
2957 1846 3075 1900 qua:
3116 1830 3224 1900 jam
3256 1847 3361 1885 non
3408 1848 3539 1902 pos-

1946 1927 2071 1972 sunt
2114 1918 2316 1985 videri,
2369 1928 2423 1973 ct
2468 1921 2746 1990 praesentia
2793 1938 2910 1992 qua:
2959 1938 3058 1978 nec
3097 1932 3321 1993 possunt
3363 1925 3538 1980 videri

1944 2009 2122 2063 omnia
2155 2012 2171 2041 ¹
2191 2052 2205 2076 ,
2237 2026 2357 2065 cum
2401 2013 2914 2081 praenuntiarentur,
2947 2015 3076 2069 nihil
3109 2016 3297 2071 horum
3326 2026 3539 2087 poterat

1945 2108 2071 2156 tlmc
2127 2101 2313 2157 videri.
2392 2104 2526 2158 Cum
2574 2120 2703 2176 ergo
2761 2107 2871 2162 ﬁeri
2927 2109 3183 2179 pradicta
3233 2118 3538 2181 cmperunt,

1943 2209 2007 2249 ex
2053 2195 2156 2249 illis
2195 2212 2313 2266 qua:
2352 2196 2488 2252 facta
2518 2209 2641 2253 sunt
2669 2216 2836 2270 usque
2865 2201 2931 2255 ad
2977 2203 3073 2256 ista
3101 2219 3219 2274 qua:
3258 2203 3424 2269 ﬁunt,
3468 2204 3537 2260 de

1943 2285 2154 2341 Christo
2180 2297 2233 2341 et
2261 2289 2499 2344 Ecclesia
2528 2307 2646 2360 qua:
2685 2292 2936 2362 prredicta
2964 2303 3087 2348 sunt
3125 2294 3365 2349 ordinata
3394 2296 3534 2350 serie

1941 2390 2290 2435 cucurrerunt
2321 2382 2424 2437 :ad
2451 2399 2610 2454 quam
2650 2385 2842 2439 seriem
2871 2386 3142 2455 pertinent
3165 2385 3232 2440 de
3262 2385 3349 2441 die
3387 2386 3536 2456 judi-

1943 2469 2031 2534 cii,
2059 2469 2126 2525 de
2157 2475 2543 2529 resurrectione
2569 2484 2919 2543 mortuorum,
2949 2476 3014 2532 de
3033 2478 3312 2546 impiorum
3335 2485 3536 2533 aeterna

1942 2559 2284 2617 damnatione
2317 2579 2438 2619 cum
2480 2564 2728 2633 diabolo,
2769 2576 2824 2620 ct
2855 2566 2923 2621 de
2963 2568 3170 2636 piorum
3214 2578 3412 2623 acterna
3454 2584 3541 2623 re-

1942 2655 2315 2711 muneratione
2359 2673 2480 2711 cum
2527 2656 2778 2723 Christo,
2836 2675 2954 2730 qua:
2994 2660 3239 2714 similiter
3283 2659 3537 2730 praxlicta

1941 2755 2164 2802 ventura
2213 2757 2351 2803 sunt.
2409 2747 2516 2804 Cur
2567 2767 2694 2823 ergo
2737 2767 2824 2807 res
2871 2754 3070 2822 primas
3117 2763 3171 2808 et
3219 2754 3536 2809 novissimas

1940 2855 2071 2910 quas
2111 2856 2216 2896 non
2246 2842 2486 2898 videnms
2529 2860 2632 2898 non
2679 2845 2994 2912 credamus,
3027 2861 3146 2900 cum
3190 2856 3350 2902 testes
3390 2856 3537 2900 utra-

1939 2948 2166 3004 rumque
2210 2950 2298 2990 rcs
2336 2935 2537 2990 medias
2563 2951 2694 3007 quas
2733 2937 2976 2992 videmus
3007 2937 3295 2994 habeamus
3319 2979 3335 3004 ,
3377 2947 3540 3009 atque

1940 3026 1995 3081 in
2027 3028 2350 3097 propheticis
2382 3029 2530 3084 libris
2554 3040 2605 3084 et
2625 3033 2821 3100 primas
2841 3041 2892 3086 ct
2916 3032 3116 3086 medias
3139 3041 3192 3087 et
3211 3031 3532 3087 novissimas

1940 3120 2025 3174 vel
2052 3120 2327 3176 audiamus
2369 3124 2748 3194 prmrmntiatas
2772 3134 3054 3195 antequam
3097 3125 3310 3189 ﬁerent,
3342 3125 3427 3178 vel
3455 3126 3534 3179 le-

1939 3215 2169 3283 gamus?
2211 3214 2321 3268 Nisi
2369 3215 2505 3270 forte
2549 3217 2875 3272 arbitrantur
2923 3218 3164 3272 homines
3214 3217 3458 3272 inﬁdeles
3497 3232 3531 3272 a

1939 3302 2261 3360 Christianis
2288 3306 2376 3359 illa
2407 3321 2526 3360 esse
2554 3309 2855 3376 conscripta
2879 3350 2894 3375 ,
2928 3319 2984 3362 ut
3014 3308 3113 3363 ista
3139 3325 3256 3378 qure
3280 3310 3388 3378 jam
3415 3323 3535 3362 cre-

1939 3393 2135 3450 debant
2174 3396 2344 3466 majus
2381 3397 2639 3451 haberent
2669 3398 2876 3466 pondus
2901 3399 3230 3452 auctoritatis
3252 3440 3266 3464 ,
3302 3399 3346 3452 si
3376 3407 3530 3452 ante.

1938 3503 2096 3558 quam
2125 3490 2396 3554 venirent,
2426 3497 2733 3558 putarentur
2753 3504 2872 3544 esse
2905 3489 3186 3558 promissa.

2009 3579 2234 3635 CAPUT
2274 3579 2361 3634 VI.
2401 3611 2471 3620 —
2515 3581 2567 3635 9.
2607 3580 2906 3635 Iudaeorum
2954 3580 3149 3635 codices
3175 3579 3295 3651 ﬁdei
3343 3589 3532 3636 nostra

1943 3675 2307 3745 astipulantur.
2364 3673 2664 3729 Judarorum
2699 3685 2831 3729 secta
2869 3691 3024 3746 quare
3058 3691 3159 3728 non
3204 3691 3410 3745 prorsus
3437 3674 3531 3728 de-

1941 3768 2060 3822 leta.
2117 3767 2270 3834 Quod
2319 3768 2364 3822 si
2407 3769 2774 3839 suspicantur,
2827 3769 3162 3825 inimicorum
3221 3778 3528 3825 nostrorum

1936 3860 2242 3916 Iudaeorum
2273 3861 2486 3917 codices
2517 3870 2936 3933 perscrutentur.
2969 3862 3044 3917 lbi
3083 3863 3260 3934 legant
3284 3863 3382 3917 ista
3409 3879 3531 3933 qua:

1935 3953 2470 4008 commemoravimus
2491 3996 2504 4020 ,
2551 3955 2898 4024 praenuntiata
2924 3954 2990 4009 de
3025 3952 3237 4010 Christo
3280 3954 3333 4008 in
3366 3970 3528 4026 quem

1935 4043 2207 4099 credimus
2231 4088 2244 4112 ,
2279 4053 2329 4101 et
2361 4045 2600 4101 Ecclesia
2627 4061 2786 4117 quam
2814 4047 3084 4102 cernimus
3113 4046 3180 4102 ab
3205 4046 3354 4102 initio
3379 4045 3531 4103 labo-

1933 4138 2079 4194 rioso
2097 4139 2218 4195 ﬁdei
2242 4145 2260 4173 ²
2285 4158 2449 4211 usque
2471 4143 2535 4197 ad
2554 4145 2930 4213 sempiternam
2954 4143 3332 4199 beatitudinem
3353 4143 3528 4213 regni.

1934 4229 2040 4286 Sed
2067 4248 2187 4287 cum
2221 4234 2431 4304 legunt,
2472 4251 2578 4289 non
2607 4237 2868 4291 mirentur
2891 4235 3032 4305 quod
3059 4236 3158 4288 ista
3199 4233 3276 4288 illi
3298 4249 3529 4304 quorum

1935 4323 2148 4379 codices
2175 4335 2328 4390 sunt,
2363 4334 2580 4396 propter
2607 4327 3005 4384 inimicitiarum
3039 4325 3286 4380 tenebras
3311 4339 3417 4379 non
3445 4325 3529 4379 in-

1935 4417 2197 4488 tclligunt.
2240 4419 2371 4472 Nam
2415 4435 2508 4475 eos
2535 4436 2641 4476 non
2684 4419 3050 4475 intellecturos
3073 4419 3140 4473 ab
3163 4418 3362 4475 eisdem
3391 4419 3527 4474 Pro-

1933 4510 2109 4578 phetis
2155 4521 2280 4565 ante
2321 4511 2631 4581 pra-dictum
2677 4521 2760 4568 est
2793 4530 2805 4565 :
2839 4509 2982 4581 quod
3013 4519 3069 4564 ut
3095 4517 3288 4565 cmtera
3313 4520 3530 4581 oporte-

1932 4603 2022 4657 bat
2068 4603 2273 4673 impleri
2302 4646 2315 4669 ,
2348 4614 2401 4660 et
2431 4605 2643 4660 occulto
2677 4605 2929 4675 justeque
2970 4604 3172 4675 judicio
3199 4604 3294 4661 Dei
3320 4606 3528 4662 meritis

1932 4710 2117 4750 eorum
2151 4711 2360 4766 poenam
2392 4697 2622 4752 debitam
2651 4697 2824 4752 reddi.
2857 4697 2953 4753 Ille
2982 4699 3177 4769 quippe
3206 4714 3364 4769 quem
3397 4715 3526 4754 cru-

1931 4787 2232 4855 citixerunt,
2265 4798 2317 4843 et
2342 4788 2428 4842 cui
2469 4787 2536 4843 fel
2563 4796 2614 4844 et
2641 4797 2848 4845 acetum
2874 4789 3170 4857 dederunt,
3203 4791 3443 4862 quamvis
3470 4791 3526 4846 in

1931 4878 2075 4950 ligno
2106 4879 2345 4950 pendens
2366 4922 2380 4948 ,
2428 4889 2645 4950 propter
2673 4896 2767 4937 eos
2802 4897 2936 4952 quos
2975 4882 3146 4938 luerat
3175 4883 3226 4937 in
3252 4884 3422 4938 lucem
3455 4882 3526 4936 de

1932 4973 2167 5027 tenebris
2194 4972 2481 5027 educturus
2503 5014 2518 5040 ,
2573 4973 2767 5030 dixerit
2804 4974 2984 5040 Patri,
3013 4973 3228 5045 Ignosce
3250 4975 3371 5038 illis,
3404 4974 3524 5042 quia

1931 5063 2157 5117 nesciunt
2183 5064 2304 5132 quid
2333 5064 2527 5133 faciunt
2557 5063 2710 5135 (Luc.
2744 5081 2913 5131 χχιιι,
2941 5065 3032 5136 54)
3058 5082 3072 5130 ;
3104 5072 3281 5119 tamen
3306 5072 3524 5134 pr0ptcr

1930 5165 2175 5221 cmtcros,
2217 5170 2353 5225 quos
2379 5155 2759 5212 occultieribus
2788 5156 2966 5212 causis
2991 5155 3162 5210 fuerat
3188 5153 3524 5226 deserturus,

1931 5260 2026 5315 per
2053 5247 2364 5317 prophetam
2391 5255 2536 5302 tanto
2554 5259 2678 5305 ante
2700 5244 2964 5320 prmdixit,
3006 5245 3266 5300 Dederunt
3289 5246 3342 5301 in
3358 5263 3524 5302 escam

1929 5355 2094 5392 meam
2140 5341 2242 5411 fel,
2294 5349 2339 5393 et
2386 5341 2440 5395 in
2480 5343 2563 5396 siti
2604 5359 2713 5396 mea
2760 5348 3054 5412 potaverunt
3100 5356 3178 5394 me
3220 5349 3361 5397 aceto
3389 5357 3408 5396 .'
3431 5342 3524 5410 ﬁat

1929 5447 2098 5484 mensa
2124 5447 2297 5484 eorum
2323 5448 2494 5485 coram
2521 5433 2645 5502 ipsis
2670 5433 2723 5485 in
2744 5431 3111 5502 muscipulam,
3144 5442 3192 5487 et
3218 5433 3271 5487 in
3303 5433 3523 5488 retribu-
3585 5457 3599 5494 -.;

1931 5522 2115 5576 tionem
2145 5532 2190 5575 et
2219 5525 2272 5576 in
2303 5523 2638 5587 scandalum;
2679 5523 3006 5580 obscurentur
3048 5526 3182 5579 oculi
3221 5542 3427 5592 eorum,
3461 5544 3524 5580 ne
3595 5537 3598 5539 '

1928 5616 2147 5681 videant,
2182 5629 2225 5670 et
2253 5617 2456 5669 dorsum
2478 5617 2683 5669 illorum
2697 5632 2892 5686 semper
2911 5617 3119 5671 incurva
3140 5617 3158 5691 (
3169 5618 3310 5673 I’sal.
3337 5634 3518 5680 vaul,

1933 5711 2147 5781 ‘22-‘21).
2179 5711 2308 5767 Cum
2337 5725 2508 5764 causae
2545 5710 2721 5779 itaque
2749 5719 2945 5766 nostra;
2985 5711 3411 5782 pra-clarissimis
3441 5718 3521 5765 te-

1998 5895 2010 5923 ι
2040 5898 2165 5947 missu,
2199 5901 2305 5950 qmr
2325 5900 2447 5951 nam
2465 5894 2657 5951 possunt
2681 5889 2852 5948 rideri,
2871 5890 3030 5940 omnia
3053 5905 3178 5950 cunt,
3204 5897 3296 5940 etc.

1995 5956 2014 6015 ξ
2035 5960 2144 6015 )lss.
2172 5950 2375 6015 Vaticani
2398 5950 2709 6015 ctGallicani.
2724 5951 2850 6015 ﬁdei
2869 5967 3011 6015 quant
3030 5960 3258 6004 tenemus.
3280 5957 3334 6003 Et
3356 5961 3421 6001 ex
3445 5950 3526 6004 ωε
