4000 6336
461 299 548 340 *νῖ

897 546 987 604 DE
1023 544 1180 605 FIDE
1217 541 1462 605 RERUM
1495 542 1663 614 QUAS
1699 543 1836 602 NON
1874 499 2241 610 VIDENTUR,
2281 541 2336 598 S.
2380 540 2747 600 AUGUSTINI
2787 541 2994 601 LIBER
3027 520 3230 604 UNUS.

448 666 714 725 Stimouiis
750 643 1165 737 circumquaque
1204 663 1478 720 ambulant
1503 662 1672 720 oculis
1711 661 2030 730 obscuratis,

449 771 505 816 ut
528 777 626 834 per
647 776 742 818 eos
765 759 880 818 haec
916 759 1210 832 probemur
1232 801 1248 826 ,
1295 755 1384 814 ubi
1424 765 1479 814 et
1516 757 1613 828 ipsi
1659 755 2031 827 reprobantur.

448 851 573 910 ldco
599 847 796 909 factum
825 861 908 909 est
927 893 942 920 ,
993 867 1060 908 ne
1089 853 1167 908 sic
1191 851 1501 908 delerentur
1521 893 1536 917 ,
1588 860 1647 906 ut
1673 849 1861 906 eadem
1887 859 2035 906 secta

450 941 671 999 (.nnni‘no
710 943 851 998 nulla
883 952 1025 1000 esset
1054 943 1071 976 ¹
1100 961 1115 1010 ;
1151 943 1246 998 sed
1273 943 1513 1014 dispersa
1540 951 1622 999 est
1651 955 1813 1012 super
1842 951 2031 1008 terras,

451 1045 508 1090 ut
535 1041 757 1104 portans
801 1037 855 1092 in
894 1051 995 1092 nos
1019 1036 1228 1091 collatae
1253 1037 1439 1108 gratia:
1470 1035 1774 1106 prephelias
1804 1033 1871 1089 ad
1907 1049 2037 1090 eou‘

449 1130 736 1188 vincendos
777 1130 988 1208 lirmius.
1017 1130 1280 1202 inﬁdeles,
1314 1129 1466 1186 nobis
1496 1129 1689 1201 ubique
1733 1128 2032 1201 prodesset.

447 1219 516 1277 Et
557 1219 658 1278 hoc
702 1222 876 1292 ipsum
923 1217 1067 1294 quod
1110 1221 1270 1292 dico,
1320 1222 1544 1293 accipite
1584 1219 2035 1294 quemadmodum

445 1309 605 1372 fuerit
653 1316 1023 1388 prephetatum
1065 1335 1079 1374 :
1121 1315 1203 1373 Ne
1256 1316 1497 1373 occideris
1545 1333 1661 1382 eos,
1715 1315 1922 1387 inquit,
1974 1329 2039 1368 ne

451 1409 650 1477 quando
689 1410 1046 1465 obliviscantur
1073 1412 1232 1482 legem
1273 1421 1445 1478 tuam;
1480 1408 1712 1482 disperge
1740 1425 1824 1464 eos
1849 1409 1902 1462 in
1929 1407 2036 1462 vir-

447 1509 550 1554 tute
575 1509 661 1554 tua
690 1500 859 1574 (Psat.
888 1515 1018 1558 Lvm
1041 1543 1054 1568 ,
1086 1501 1196 1576 l2).
1224 1499 1340 1558 Non
1365 1510 1490 1557 sunt
1513 1516 1642 1573 ergo
1672 1499 1856 1569 occisi,
1889 1499 1942 1554 in
1971 1513 2038 1555 eo

445 1593 590 1663 q'uod
619 1607 724 1650 non
755 1606 877 1651 sunt
903 1612 1021 1668 quae
1047 1595 1186 1666 apud
1213 1611 1304 1652 eos
1336 1595 1646 1667 legebantur
1673 1604 1727 1651 et
1749 1594 2040 1651 audieban-

448 1678 538 1740 tur
571 1685 742 1741 obliti.
781 1687 838 1744 Si
881 1688 1022 1744 enim
1065 1677 1364 1759 Scripturas
1389 1697 1601 1744 sanctas
1623 1729 1638 1756 ,
1679 1687 1920 1760 quamvis
1946 1700 2038 1742 eas

445 1769 556 1831 non
583 1777 915 1850 intelligant,
947 1781 1156 1850 penitus
1183 1779 1660 1845 obliviscerentur,
1697 1779 1749 1834 in
1792 1778 1908 1851 ipso
1937 1778 2035 1834 Ju-

446 1859 600 1925 daico
639 1871 744 1926 ritu
770 1871 1177 1941 occiderentur;
1225 1872 1348 1944 quia
1379 1889 1500 1928 cum
1531 1873 1686 1944 Legis
1713 1884 1768 1928 et
1795 1873 2040 1944 Prophe-

449 1969 623 2016 tarum
671 1961 804 2019 nihil
849 1973 1069 2020 nossent
1112 1961 1280 2020 Judtei
1307 2007 1320 2032 ,
1375 1965 1628 2038 prodesse
1654 1981 1757 2020 non
1797 1976 2037 2036 possent.

447 2053 592 2124 Ergo
615 2055 776 2110 occisi
818 2071 924 2111 non
962 2065 1121 2125 sunt,
1175 2057 1269 2112 sed
1311 2055 1540 2128 dispersi
1573 2077 1587 2112 :
1618 2066 1674 2112 ut
1714 2058 1957 2127 quamvis
1985 2057 2048 2122 in

447 2130 557 2205 ﬁde
586 2151 632 2216 ',
661 2150 800 2206 unde
825 2151 954 2206 salvi
984 2151 1195 2219 tierent,
1228 2167 1332 2208 non
1357 2153 1650 2220 haberent;
1681 2161 1858 2208 tamen
1900 2151 2044 2208 unde

455 2258 555 2298 nos
603 2243 1020 2314 adjuvarcmur,
1069 2245 1328 2300 memoria
1383 2247 1714 2312 retinerent,
1765 2246 1817 2300 in
1867 2245 2044 2302 Libris

451 2334 831 2407 suifragatores
855 2379 870 2404 ,
908 2337 962 2392 in
991 2335 1242 2394 cordibus
1273 2338 1440 2394 nostri
1485 2338 1668 2395 hostes
1691 2379 1708 2408 ,
1749 2339 1802 2394 in
1839 2339 2042 2395 codici-

446 2427 553 2484 bus
577 2438 763 2486 testes.
853 2420 855 2423 ’

523 2519 748 2578 CAPUT
772 2522 886 2580 VII.
903 2554 975 2566 —
987 2524 1074 2582 10.
1091 2524 1268 2580 Totius
1286 2527 1460 2580 numdi
1476 2526 1602 2596 ﬁdes
1618 2529 1670 2582 in
1687 2526 1940 2582 Christum
1957 2527 2046 2582 mi-

449 2613 677 2668 rabiliter
687 2616 975 2674 conciliata.
997 2607 1311 2688 Quanquam
1324 2618 1483 2673 etiam
1505 2619 1549 2673 si
1569 2619 1636 2676 de
1649 2618 1861 2676 Christo
1873 2627 1926 2675 et
1943 2619 2047 2675 Ee-

451 2705 612 2765 elesia
632 2707 932 2764 testimonia
949 2710 1088 2764 nulla
1107 2711 1497 2783 praecederent,
1518 2727 1676 2781 quem
1701 2727 1807 2767 non
1829 2727 2048 2769 movere

451 2795 676 2854 deberet
699 2806 758 2853 ut
776 2799 1040 2867 crederet,
1059 2813 1278 2872 repente
1301 2802 1537 2860 illuxisse
1557 2803 1788 2858 divinam
1813 2804 2046 2861 humano

451 2889 639 2962 generi
676 2891 993 2962 claritatem,
1020 2894 1234 2966 quando
1254 2895 1494 2952 videmus
1520 2897 1717 2953 relictis
1743 2897 1846 2954 diis
1875 2897 2044 2965 falsis,

453 2990 510 3037 et
533 2997 718 3038 eorum
743 2983 1030 3042 confractis
1077 3001 1456 3060 usquequaque
1482 2989 1802 3058 simulacris,
1834 2991 2050 3062 templis

453 3073 759 3144 subversis,
801 3077 914 3134 sive
942 3078 994 3133 in
1037 3095 1165 3135 usus
1205 3081 1342 3138 alios
1379 3083 1756 3148 commutatis,
1799 3092 1958 3153 atque
1980 3083 2050 3140 ab

451 3164 686 3222 humana
717 3169 1147 3226 veternosissima
1174 3175 1560 3230 consuetudine
1585 3184 1662 3232 tot
1688 3175 1838 3231 vanis
1858 3176 2049 3234 ritibus

455 3259 783 3331 exstirpatis,
810 3278 973 3318 unum
994 3279 1182 3320 verum
1211 3266 1376 3322 Deum
1405 3266 1475 3324 ab
1496 3267 1746 3324 omnibus
1777 3269 2050 3326 invocari?

454 3351 524 3406 Et
553 3350 653 3407 hoc
680 3367 802 3411 esse
824 3353 1020 3412 factum
1045 3372 1141 3428 per
1165 3375 1324 3414 unum
1357 3359 1626 3416 hominem
1649 3361 1717 3417 ab
1746 3361 2052 3419 hominibus

455 3443 694 3514 illusum,
716 3449 1187 3518 comprehensum,
1216 3451 1470 3519 vinctum,
1496 3451 1840 3524 ﬂagellatum,
1869 3455 2052 3526 expal-

455 3545 658 3604 malum
688 3538 731 3608 ³,
763 3541 1165 3611 exprobratum,
1188 3543 1524 3611 cruciﬁxum,
1557 3546 1796 3602 occisura
1831 3545 1844 3601 ἐ
1877 3547 2041 3602 disci-

454 3623 596 3699 pulis
612 3628 757 3700 ejus,
798 3645 934 3701 quos
959 3631 1151 3688 idiotas
1175 3675 1189 3700 ,
1221 3643 1277 3690 et
1318 3635 1626 3705 imperitos,
1652 3647 1705 3692 et
1735 3639 2048 3707 piscatores,

457 3728 516 3776 et
543 3720 851 3790 publicanos
871 3765 889 3793 ,
938 3741 1034 3796 per
1059 3741 1194 3796 quos
1223 3727 1338 3796 ejus
1381 3729 1742 3799 magisterium
1771 3746 2048 3787 commen-

457 3805 709 3879 daretur,
749 3814 951 3886 elegit,
983 3819 1415 3874 annuntiantibus
1440 3820 1556 3890 ejus
1582 3823 2047 3893 resurrectionem,

455 3904 827 3972 ascensionem
850 3948 865 3973 ,
909 3922 1068 3978 quam
1099 3924 1158 3963 se
1191 3908 1385 3966 vidisse
1424 3911 1706 3982 dixerunt,
1752 3923 1806 3969 et
1845 3915 2051 3987 impleti

457 3989 657 4068 Spiritu
677 3997 880 4068 sancto,
903 4001 1004 4055 hoc
1029 3999 1375 4072 Evangelium
1405 4004 1598 4076 linguis
1623 4007 1891 4078 omnibus,
1916 4023 2051 4081 quas

452 4103 566 4143 non
596 4087 908 4158 didicerant,
941 4103 1255 4149 sonuerunt.
1288 4095 1433 4162 Quos
1457 4097 1544 4167 qui
1576 4099 1890 4170 audierunt,
1922 4117 2049 4172 par-

458 4179 555 4234 tim
582 4180 944 4248 crediderunt,
975 4185 1166 4254 partim
1197 4201 1304 4240 non
1328 4185 1608 4245 credentes
1636 4192 2050 4260 praedicantibus

459 4267 711 4328 ferociter
753 4275 1084 4330 restiterunt.
1131 4276 1204 4332 lta
1245 4277 1490 4336 fidelibus
1517 4297 1687 4354 usque
1716 4284 1781 4340 ad
1818 4296 2050 4344 mortem

458 4379 558 4435 pro
588 4365 810 4422 veritate
830 4409 844 4431 ,
875 4383 979 4423 non
1007 4369 1142 4423 mala
1165 4371 1510 4440 rependeudo
1533 4416 1546 4440 ,
1577 4375 1674 4432 sed
1704 4380 2052 4449 perpetiendo

460 4458 818 4528 certantibus,
861 4477 960 4516 nec
986 4461 1280 4520 occidendo
1304 4507 1320 4534 ,
1351 4465 1446 4522 sed
1472 4469 1752 4526 moriendo
1787 4473 2051 4530 vincenti-

459 4546 600 4615 bus;
639 4550 718 4607 sic
759 4551 816 4608 "in
858 4552 1012 4608 istam
1046 4553 1360 4627 religionem
1397 4567 1632 4616 mutatus
1675 4572 1756 4618 est
1799 4565 2050 4636 mundus,

460 4640 540 4698 sic
572 4640 638 4696 ad
679 4641 782 4698 hoc
825 4643 1174 4717 Evangelium
1215 4648 1376 4707 corda
1420 4666 1679 4708 conversa
1721 4647 2054 4727 mortalium,

461 4733 690 4789 marium
711 4743 766 4790 et
787 4733 1101 4793 leminarum
1119 4782 1133 4808 ,
1167 4741 1509 4811 parvulorum
1534 4753 1695 4816 atque
1716 4761 2052 4818 magnorum,

461 4817 740 4882 doctorum
766 4837 820 4884 et
848 4829 1179 4888 indoctorum
1201 4876 1215 4900 ,
1245 4836 1560 4906 sapientium
1587 4846 1641 4894 et
1667 4817 2050 4911 insipientium,

462 4920 760 4988 potentium
790 4930 843 4976 et
867 4922 1222 4994 inﬁrmorum,
1251 4927 1506 4983 nobilium
1526 4938 1580 4984 et
1602 4929 1932 5004 ignobilium,
1962 4947 2056 4989 ex-

461 5010 727 5069 celsorum
752 5023 806 5071 et
829 5013 1108 5073 humilium
1127 5060 1144 5088 ,
1185 5027 1240 5075 et
1271 5034 1364 5090 per
1391 5035 1578 5078 omnes
1599 5031 1789 5093 gentes
1813 5022 2054 5083 Ecclesia

463 5236 492 5275 ε
489 5165 643 5279 sm?
663 5169 882 5230 potiores
897 5177 1005 5223 Mss.
1031 5177 1090 5224 Αι
1103 5139 1246 5238 editi,
1268 5181 1322 5229 ω
1342 5177 1513 5232 eadem
1546 5182 1677 5246 facta
1709 5187 2054 5243 οηυιξηοηιιιια

527 5287 1015 5370 ἶΧὲίιὶςξιριξεν
1039 5303 1091 5350 ια
1119 5302 1334 5370 amcis
1353 5301 1521 5370 mn.

465 5351 708 5462 radiiﬂg’
721 5351 1144 5462 ἓδῗῗιᾞξξξξηηλθί
1165 5351 1677 5436 “Si-55W;
1698 5374 1827 5439 quod
1845 5377 2052 5432 verbum
2075 5447 2078 5450 _

669 5426 699 5464 e
721 5423 800 5466 est
815 5423 1100 5483 Augustino.

2142 655 2332 714 dill'usa
2373 657 2449 714 sic
2486 653 2683 724 crevit,
2717 659 2958 714 utetiam
2990 668 3175 714 contra
3217 659 3385 730 ipsam
3413 657 3734 717 catholicam

2145 748 2303 805 ﬁdem
2333 748 2475 805 nulla
2523 759 2667 806 secta
2697 766 2944 821 perversa
2967 793 2982 819 ,
3023 751 3224 806 nullum
3262 764 3430 822 genus
3462 751 3728 810 exoriatur

2143 841 2365 908 erroris,
2391 840 2532 911 quod
2561 842 2630 896 ita
2659 842 2959 912 reperiatur
2979 841 3284 898 christiana:
3309 843 3518 898 veritati
3539 842 3734 899 adver-

2143 932 2288 998 sari,
2337 941 2394 988 ut
2439 949 2544 988 non
2589 933 2800 990 all‘cetet
2839 943 2999 1006 atque
3038 933 3236 990 ambiat
3277 935 3475 992 Christi
3516 939 3739 996 nomine

2142 1024 2361 1096 gloriari
2398 1041 2410 1080 :
2443 1025 2584 1096 quod
2625 1027 2839 1096 quidem
2889 1041 2993 1081 non
3034 1027 3300 1082 sineretur
3348 1029 3605 1098 pullulare
3642 1047 3740 1100 per

2145 1124 2363 1182 terram,
2395 1117 2497 1172 nisi
2529 1127 2806 1173 exerceret
2827 1131 3010 1172 sanam
3037 1125 3089 1173 et
3120 1117 3235 1190 ipsa
3260 1120 3608 1175 contradictio
3655 1121 3742 1175 di.

2145 1205 2444 1277 seiplinam.
2485 1207 2710 1277 Quando
2735 1217 2937 1264 tantum
2983 1207 3270 1265 cruciﬁxus
3317 1209 3409 1266 ille
3450 1211 3734 1281 potuisset,

2145 1299 2248 1353 nisi
2294 1299 2433 1354 Deus
2483 1297 2756 1355 hominem
2805 1300 3164 1370 suscepisset,
3213 1301 3422 1357 etiamsi
3469 1301 3612 1356 nulla
3641 1317 3743 1373 per

2144 1391 2442 1463 Prophetas
2487 1391 2663 1448 futura
2710 1393 2831 1449 talia
2880 1393 3250 1464 praedixisset?
3295 1395 3430 1452 Cum
3468 1411 3598 1451 vero
3627 1405 3740 1452 tam

2145 1497 2397 1556 magnum
2426 1487 2636 1557 pietatis
2657 1495 3050 1544 sacramentum
3090 1487 3335 1544 habuerit
3359 1490 3740 1546 antecedentes

2145 1588 2296 1636 vates
2321 1596 2447 1636 suos
2475 1582 2491 1613 ¹
2520 1589 2681 1652 atque
2701 1595 2980 1652 praecones
2999 1624 3012 1649 ,
3046 1596 3274 1652 quorum
3303 1581 3494 1638 divinis
3516 1584 3740 1640 vocibus

2146 1679 2232 1727 est
2260 1671 2668 1741 prteuuntiatum
2695 1713 2710 1738 ,
2741 1679 2796 1728 et
2833 1672 2911 1728 sic
2941 1673 3148 1728 venerit
3175 1673 3620 1744 quemadmodum
3651 1683 3741 1732 est

2144 1765 2582 1834 praenuntiatum,
2615 1765 2732 1834 quis
2761 1765 2830 1819 ita
2860 1765 2924 1819 sit
2959 1765 3181 1821 demens
3202 1805 3216 1834 ,
3243 1774 3302 1821 ut
3336 1763 3476 1822 dicat
3504 1771 3741 1839 Aposto-

2147 1857 2229 1912 los
2256 1857 2322 1913 de
2342 1857 2556 1913 Christo
2584 1857 2745 1913 fuisse
2770 1858 3041 1924 mentitos,
3066 1873 3225 1929 quem
3255 1859 3333 1916 sic
3357 1861 3567 1916 venisse
3595 1877 3738 1932 pra:-

2147 1947 2491 2016 dicaverunt,
2522 1948 2972 2019 quemadmodum
3004 1963 3125 2004 eum
3154 1960 3436 2006 venturum
3457 1949 3746 2024 Pr0phetae

2148 2050 2274 2096 ante
2320 2039 2717 2111 praedixerunt,
2771 2043 2861 2113 qui
2906 2056 3004 2098 nec
3032 2039 3100 2099 de
3143 2043 3272 2114 ipsis
3301 2045 3569 2116 Apostolis
3611 2052 3746 2112 vera

2147 2130 2323 2186 futura
2351 2131 2674 2187 tacuerunt?
2711 2132 2788 2188 De
2822 2132 2904 2188 his
2929 2135 3124 2206 quippe
3151 2135 3397 2193 dixerant
3431 2156 3444 2193 :
3480 2136 3600 2192 Non
3620 2145 3748 2193 sunt

2149 2224 2360 2295 loquela:
2386 2241 2544 2294 neque
2576 2237 2864 2294 sermones,
2909 2243 3126 2297 quorum
3165 2245 3262 2284 non
3300 2231 3575 2286 audiantur
3599 2249 3751 2288 voces

2148 2333 2360 2384 eorum;
2382 2318 2434 2371 in
2459 2333 2656 2374 onmem
2683 2327 2869 2374 terram
2895 2322 3048 2376 exivit
3069 2339 3221 2377 sonus
3245 2339 3440 2392 eorum,
3463 2336 3508 2380 et
3535 2325 3587 2378 in
3614 2321 3749 2394 ﬁnes

2149 2405 2283 2464 Orbis
2306 2419 2453 2466 terra:
2479 2411 2627 2466 verba
2651 2425 2822 2467 eorum
2850 2413 3021 2486 (Psal.
3041 2432 3187 2481 xvm,
3207 2415 3295 2471 det
3312 2417 3389 2490 5).
3418 2416 3568 2486 Quod
3596 2417 3752 2475 certé

2150 2499 2205 2554 in
2240 2500 2370 2556 orbe
2418 2501 2661 2558 videmus
2700 2503 3014 2575 impletum,
3064 2506 3162 2562 etsi
3204 2507 3258 2563 in
3300 2523 3461 2564 carne
3503 2509 3746 2566 nondum

2151 2593 2380 2650 vidimus
2406 2595 2700 2652 Christum.
2733 2597 2862 2666 Quis
2887 2597 3066 2670 itaque
3091 2599 3194 2655 nisi
3221 2600 3449 2657 mirabili
3479 2600 3751 2658 dementia

2152 2697 2419 2752 caecatos,
2467 2695 2560 2742 aut
2605 2688 2834 2744 mirabili
2875 2689 3168 2759 pertinacia
3211 2689 3378 2746 durus
3411 2707 3474 2748 ac
3517 2692 3751 2762 ferreus,

2153 2777 2284 2834 nolit
2309 2777 2508 2835 habere
2550 2783 2717 2836 sacris
2759 2771 2980 2838 Litteris
3009 2781 3171 2840 ﬁdem
3196 2825 3211 2850 ,
3254 2800 3374 2856 quae
3401 2787 3561 2844 totius
3594 2786 3752 2846 orbis"

2153 2871 2524 2942 prtedixerunt
2553 2871 2751 2928 ﬁdem?
3230 2923 3234 2927 ,

2225 2961 2451 3020 CAPUT
2467 2963 2602 3019 Vill.
2619 2993 2692 3006 —
2716 2963 2803 3020 Η.
2825 2965 2906 3020 Ad
2927 2966 3048 3035 ﬁdei
3065 2968 3367 3023 immobilem
3384 2968 3754 3026 observantiam

2153 3055 2455 3110 cohortatio.
2486 3053 2594 3111 Vos
2614 3055 2813 3124 autem,
2838 3057 3160 3125 charissimi,
3190 3060 3278 3131 qui
3303 3059 3441 3117 hanc
3467 3060 3622 3116 [idem
3649 3061 3754 3119 ha-

2154 3147 2314 3216 betis,
2332 3149 2415 3205 vel
2436 3150 2525 3220 qui
2541 3165 2681 3207 nunc
2692 3165 2885 3205 novam
2907 3151 3104 3209 habere
3125 3153 3384 3224 coepistis,
3406 3155 3669 3211 nutriatur
3691 3161 3754 3212 et

2156 3247 2364 3294 crescat
2384 3239 2438 3294 in
2459 3240 2629 3296 vobis.
2657 3240 2805 3298 Sicut
2829 3243 2971 3298 enim
2995 3253 3254 3300 venerunt
3272 3247 3580 3318 temporalia
3601 3255 3754 3304 tanto

2156 3341 2280 3388 ante
2305 3330 2556 3402 praedicta
2573 3333 2616 3400 ’,
2647 3331 2861 3391 venient
2889 3345 2943 3390 et
2971 3337 3292 3407 sempiterna
3321 3325 3597 3409 promissa.
3633 3339 3754 3398 Nee

2156 3437 2251 3479 vos
2282 3422 2549 3495 decipiant
2583 3425 2672 3482 vel
2709 3427 2832 3482 vani
2860 3427 3090 3500 Pagani,
3131 3429 3218 3486 vel
3264 3431 3381 3487 falsi
3426 3429 3630 3498 Judaei,
3659 3433 3756 3491 vel

2157 3514 2369 3571 fallaces
2395 3516 2647 3584 haeretici,
2676 3534 2902 3575 necnon
2924 3520 2978 3575 in
3007 3522 3121 3594 ipsa
3146 3520 3418 3579 Catholica
3440 3525 3560 3578 mali
3590 3523 3763 3581 Chrio'

2157 3606 2344 3672 stiani,
2376 3615 2522 3662 tanto
2547 3609 2882 3666 nocentiores
2912 3654 2925 3679 ,
2958 3623 3157 3683 quanto
3199 3613 3484 3672 interiores
3527 3616 3758 3673 inimici.

2157 3698 2292 3766 Quia
2339 3709 2394 3756 et
2437 3699 2560 3757 hinc
2595 3716 2667 3758 ne
2709 3704 3150 3774 perturbarentur
3195 3707 3425 3778 infirmi,
3471 3707 3759 3781 prophetia”

2155 3789 2334 3846 divina
2362 3806 2471 3846 non
2501 3794 2697 3860 tacuit,
2727 3793 2816 3849 ubi
2843 3793 3068 3866 loquens
3090 3797 3143 3852 in
3168 3795 3388 3855 Cantica
3421 3797 3757 3858 canticorum

2156 3896 2386 3953 sponsus
2414 3883 2480 3940 ad
2522 3900 2813 3955 sponsam,
2863 3887 2914 3942 id
2959 3898 3074 3954 cst,
3119 3889 3363 3948 Christus
3401 3891 3657 3950 Dominus
3681 3875 3758 3952 ad

2155 3975 2452 4034 Ecclesiam
2482 3995 2496 4032 :
2531 3977 2674 4034 Sicut
2704 3979 2865 4034 lilium
2885 4023 2900 4049 ,
2931 3981 3134 4052 inquit,
3166 3983 3218 4037 in
3245 3985 3410 4040 medio
3455 3987 3755 4058 spinarum,

2156 4067 2230 4122 ita
2263 4069 2497 4138 proxima
2535 4085 2647 4124 mea
2671 4070 2724 4124 in
2753 4071 2916 4126 medio
2939 4073 3166 4142 ﬁliarum
3206 4076 3377 4146 (Cant.
3405 4091 3441 4132 ll
3466 4117 3483 4144 ,
3509 4075 3586 4150 2).
3629 4075 3759 4138 Non

2157 4163 2322 4229 dixit,
2355 4164 2409 4219 in
2437 4164 2613 4221 medio
2634 4174 3043 4235 extraneorum;
3077 4169 3192 4238 sed,
3225 4170 3278 4225 in
3302 4172 3464 4226 medio
3495 4173 3754 4242 ﬁliarum.

2161 4257 2262 4324 Qui
2308 4257 2456 4313 habet
2500 4275 2650 4313 aures
2696 4260 2970 4329 audiendi,
3027 4263 3250 4320 audiat:
3279 4274 3330 4321 et
3380 4265 3503 4321 dum
3554 4281 3758 4338 sagena

2158 4366 2277 4421 qum
2302 4350 2466 4406 missa
2493 4361 2578 4407 est
2607 4352 2662 4407 in
2691 4367 2872 4421 mare,
2913 4365 2966 4410 et
3006 4367 3295 4429 congregat
3338 4359 3515 4415 omnia
3553 4365 3757 4431 genera
3857 4363 3870 4372 “

2157 4443 2384 4517 piscium
2410 4488 2426 4513 ,
2469 4446 2605 4502 sicut
2643 4457 2882 4504 sanctum
2912 4450 3148 4520 loquitur
3173 4451 3515 4525 Evangelium
3539 4495 3553 4519 ,
3585 4453 3760 4510 trahi-

2159 4548 2247 4594 tur
2273 4539 2340 4593 ad
2381 4539 2527 4595 littus
2549 4581 2563 4607 ,
2591 4541 2645 4596 id
2680 4551 2795 4610 est,
2834 4543 2900 4598 ad
2923 4546 3103 4602 saeculi
3141 4546 3301 4603 linem
3323 4591 3338 4616 ,
3367 4558 3610 4605 secernat
3631 4563 3694 4606 se
3721 4566 3758 4608 a

2161 4630 2398 4703 piscibus
2437 4633 2591 4687 malis
2615 4675 2628 4698 ,
2670 4635 2866 4704 corde,
2919 4653 3024 4694 non
3059 4655 3325 4712 corpore;
3365 4658 3540 4699 mores
3578 4642 3758 4702 malos

2161 4721 2443 4790 mutando,
2490 4740 2598 4780 non
2645 4725 2778 4783 retia
2819 4739 3000 4785 sancta
3027 4732 3328 4802 rumpendo
3357 4751 3370 4788 :
3401 4749 3469 4791 ne
3494 4733 3584 4805 qui
3609 4751 3760 4795 nunc

2164 4813 2367 4885 probati
2407 4817 2648 4888 reprobis
2678 4819 2927 4876 videntur
2964 4835 3083 4878 esse
3113 4823 3398 4892 permixti,
3425 4825 3536 4881 “non
3562 4825 3756 4896 vitam,

2160 4907 2254 4963 sed
2283 4923 2493 4980 pmnam
2522 4910 2544 4942 ⁸
2573 4913 2840 4981 reperiant
2873 4915 3247 4986 sempiternam
3275 4959 3289 4982 ,
3338 4933 3458 4974 cum
3489 4919 3759 4992 cmperiut

2161 4997 2216 5054 in
2245 4999 2425 5058 littore
2451 5003 2688 5073 separari
2711 5003 2924 5076 (Matth.
2955 5017 3052 5062 xm
3077 5049 3092 5074 ,
3119 5007 3175 5077 9,
3207 5007 3426 5084 47—50).

2224 5200 2243 5232 ι
2281 5199 2417 5273 mliti,
2435 5269 2444 5273 _
2463 5205 2605 5266 atque
2633 5201 2880 5256 credentes
2902 5209 3031 5256 vates
3060 5217 3187 5258 suos.
3228 5179 3532 5272 castigantur
3562 5209 3758 5261 auxilio

2158 5269 2608 5324 muscriptorum.

2224 5322 2245 5390 ξ
2268 5322 2556 5390 Mss.,'ta_ma
2576 5326 2854 5390 prtedicta;
2875 5331 3072 5390 omisso,
3094 5335 3222 5382 ante.

2222 5385 2258 5466 ᾗ.
2277 5385 2722 5466 uoanqlllieodiecs,
2733 5395 2799 5466 fut
2813 5385 2905 5466 qui
2925 5385 3260 5466 nunc'probati
3277 5392 3494 5457 reprobi:
3531 5391 3759 5447 videnlur

2155 5458 2258 5500 esse
2277 5446 2534 5512 permixti,
2558 5463 2653 5502 non
2687 5446 2905 5515 umnam,
2923 5453 3009 5504 sed
3032 5446 3194 5506 vitam.

473 5551 3748 5647 ψῃ
3291 5594 3554 5643 ::
3541 5595 3644 5643 ;·-
3593 5597 3724 5643 5““

3639 5639 3688 5644 ___

551 5741 885 5847 inlibatam
912 5747 990 5847 de
1019 5747 1170 5814 Fide
1200 5759 1263 5816 et
1289 5755 1590 5847 Symbolo
1619 5757 1760 5847 vide
1786 5755 2164 5847 ιίὺ.-1,Δςᾳρ.
2187 5766 2306 5847 Α17,
2343 5767 2918 5845 Retractationum,
2954 5777 3101 5832 tom.
3131 5769 3191 5847 1,
3225 5769 3348 5833 col.
3375 5767 3518 5845 612,
3547 5789 3589 5831 a
3618 5787 3763 5832 eer-

465 5820 580 5902 bis,
611 5827 731 5890 Per
760 5826 926 5892 idem
966 5832 1248 5913 tempus,
1281 5820 1471 5920 usque
1501 5838 1584 5902 ad
1605 5820 1799 5904 verba
1818 5820 1966 5905 ecl.—
1978 5820 2487 5924 iiii-Quoniam

411 6067 3762 6128 ΑΜ
