4046 6332
1219 696 1986 795 HIPPONENSIS
2042 687 2576 780 EPISCOPI

649 853 985 1019 DE
1060 784 2010 1097 FiiithT
2048 784 3192 1097 sYMBOLo

1526 1082 1807 1178 silibet
1850 1090 2073 1176 unus
2122 1056 2248 1162 (α).

1694 1245 2120 1313 8W

303 1378 517 1458 symboli
536 1387 699 1453 capita
718 1377 915 1446 singula
932 1372 1150 1430 studiose
1171 1366 1478 1435 explicandu-
1492 1395 1512 1427 ,
1530 1372 1646 1416 eum
1666 1346 2147 1481 ngrgmggel
2166 1342 2417 1399 athollca:
2444 1341 2838 1403 cavernatim,
2859 1345 2916 1393 et
2929 1338 3144 1392 multae
3161 1335 3537 1391 metu

315 1556 550 1616 CAPUT
592 1549 880 1611 PRIMUM.
911 1578 980 1590 —
996 1549 1049 1603 1.
1074 1544 1202 1612 Quae
1228 1556 1386 1597 causa
1408 1546 1455 1593 et
1470 1548 1655 1606 scapus
1682 1527 1849 1600 aperis

249 1653 534 1727 ργωεεηιίε.
585 1647 853 1717 Quoniam
897 1641 1157 1711 scriptum
1210 1644 1293 1692 est
1328 1643 1385 1689 et
1423 1626 1731 1701 apostoliccc
1771 1621 1854 1677 di-

248 1717 491 1820 sciplina:
527 1740 903 1801 robustissima
940 1732 1255 1791 auctoritate
1281 1729 1572 1788 ﬁrmatum,
1609 1718 1741 1785 Quia
1758 1717 1852 1820 ju-

192 1892 201 1900 .
248 1806 359 1896 stus
412 1854 477 1894 ea:
525 1834 626 1907 ﬁde
654 1834 769 1887 vivit
808 1828 1079 1905 (Ηιιιηισκ
1114 1839 1174 1891 tt,
1215 1822 1287 1885 ις
1338 1816 1510 1873 Gulat.
1562 1829 1641 1907 ut,
1688 1810 1750 1864 ll
1782 1806 1800 1879 )
1837 1822 1853 1874 ;

250 1948 427 2003 eaque
454 1903 589 1985 ﬁdes
603 1903 843 1983 ofﬁcium
869 1936 899 1976 a
920 1918 1073 1975 nobis
1092 1914 1321 1985 exigitet
1344 1907 1521 1965 cordis
1546 1912 1600 1964 et
1624 1903 1854 1972 linguai;

249 1999 507 2081 ait'enim
554 2018 867 2091 Apostolus,
896 2013 1058 2070 Corde
1107 2008 1331 2064 creditur
1354 2002 1422 2058 ad
1467 1999 1745 2074 justitiam,
1771 2009 1859 2049 ore

247 2129 433 2174 mitem
456 2113 699 2186 confessio
729 2111 789 2181 fit
826 2108 893 2163 ad
921 2106 1138 2164 salutem
1167 2101 1187 2173 (
1224 2099 1375 2154 Rom.
1400 2112 1460 2162 κ,
1505 2095 1573 2151 10
1693 2103 1857 2186 opor-

249 2222 327 2270 tet
355 2226 465 2266 nos
492 2181 610 2265 esse
634 2213 689 2262 et
710 2201 931 2276 iustitia:
957 2208 1224 2254 memores
1264 2199 1320 2247 et
1367 2187 1573 2244 salutis.
1598 2181 1856 2252 Quando-
1894 2252 1895 2261 χ

251 2302 478 2376 quidem
504 2301 558 2355 in
605 2272 933 2365 sempiterna
964 2288 1171 2361 iustitia
1202 2279 1497 2354 regnaturi,
1528 2292 1559 2331 a
1600 2272 1860 2347 praesenti

250 2366 461 2453 sarculo
486 2391 721 2461 maligno
768 2385 902 2442 salvi
936 2381 1051 2437 ﬁeri
1090 2394 1197 2434 non
1223 2385 1531 2447 possumus,
1562 2366 1667 2423 nisi
1689 2375 1744 2422 et
1758 2376 1863 2420 nos

252 2490 317 2545 ad
337 2488 571 2543 salutem
601 2459 971 2553 proximorum
1001 2474 1257 2536 nitentes,
1288 2467 1453 2523 etiam
1477 2477 1573 2519 ore
1603 2459 1860 2532 proﬁtea-

252 2597 379 2638 inur
411 2579 570 2635 ﬁdem
585 2591 745 2648 quam
774 2571 938 2630 corde
969 2576 1273 2640 gestamus:
1295 2575 1415 2634 qua:
1455 2559 1590 2615 ﬁdes
1614 2572 1686 2613 ne
1709 2554 1862 2648 frau-

255 2673 499 2731 dulentis
548 2646 929 2729 calliditatibus
973 2659 1350 2717 haereticorum
1388 2651 1556 2726 possit
1595 2650 1649 2705 in
1708 2646 1865 2703 nobis

257 2768 442 2837 aliqua
472 2778 540 2819 ex
583 2768 737 2832 parte
765 2755 974 2820 violari,
1014 2752 1100 2823 pia
1124 2755 1391 2818 cautaque
1433 2740 1705 2814 vigilantia
1731 2751 1864 2810 pro-

257 2828 562 2913 videndum
586 2828 696 2907 est.
744 2847 845 2904 Est
868 2854 1048 2901 autem
1075 2838 1337 2898 catholica
1368 2835 1500 2893 ﬁdes
1520 2834 1575 2889 in
1605 2828 1865 2903 Symbolo

260 2958 389 3007 nota
438 2944 728 3011 ﬁdelibus,
782 2936 1167 3005 memoriaeque
1209 2928 1479 2995 mandata,
1532 2931 1729 2998 quanta
1775 2934 1865 2977 res

261 3055 422 3115 passa
452 3047 539 3096 est
558 3035 832 3094 brevitate
863 3028 1128 3087 sermonis
1160 3043 1174 3081 :
1206 3033 1264 3080 ut
1294 3019 1675 3093 incipientibus
1701 3026 1866 3086 atque

263 3110 617 3197 lactentibus,
640 3130 721 3186 eis
738 3127 830 3199 qui
868 3125 923 3180 in
966 3121 1183 3179 Christo
1206 3116 1379 3174 renati
1433 3122 1577 3180 sunt,
1627 3110 1866 3166 nondum

263 3227 677 3297 Scripturarum
724 3218 1026 3275 divinarum
1056 3208 1462 3284 diligentissima
1505 3214 1561 3262 et
1603 3201 1867 3276 spirituali

267 3294 591 3376 tractatione
605 3323 765 3385 atque
799 3308 1105 3380 cognitione
1157 3301 1445 3365 roboretis,
1478 3297 1662 3369 paucis
1689 3294 1869 3350 verbis

267 3408 603 3469 credendum
646 3404 1081 3467 constitueretur,
1105 3395 1251 3470 quod
1277 3392 1458 3450 multis
1490 3389 1670 3446 verbis
1700 3400 1871 3457 expo-

268 3503 513 3563 nendum
560 3506 706 3558 esset
748 3492 1169 3568 proﬁcientibus,
1200 3497 1256 3544 et
1281 3486 1349 3541 ad
1375 3482 1609 3540 divinam
1669 3478 1871 3534 doctri-

268 3610 398 3654 nam
422 3602 574 3651 ccrta
600 3586 917 3647 humilitatis
964 3593 1126 3655 atque
1165 3577 1444 3635 charitatis
1468 3573 1722 3630 ﬁrmitate
1749 3585 1872 3625 sur-

270 3687 549 3762 gentibus.
579 3683 693 3741 Sub
717 3680 850 3752 ipsis
896 3692 1025 3748 ergo
1079 3672 1264 3745 paucis
1301 3668 1479 3725 verbis
1524 3667 1577 3721 in
1612 3661 1877 3737 Symbolo

274 3782 609 3847 constitutis,
636 3778 882 3851 plerique
910 3770 1148 3828 haeretici
1199 3780 1406 3823 venena
1460 3778 1554 3818 sua
1604 3759 1879 3815 occultare

275 3875 460 3933 conati
503 3850 673 3930 sunt:
718 3868 911 3940 quibus
941 3862 1138 3920 restitit
1164 3868 1222 3917 et
1264 3856 1465 3914 resistit
1489 3853 1667 3910 divina
1712 3850 1879 3905 mise-

276 3969 517 4028 ricordia
546 3982 643 4039 per
684 3960 992 4035 spirituales
1019 3958 1182 4023 viros,
1211 3953 1301 4025 qui
1325 3949 1645 4008 catholicam
1687 3944 1872 4007 ﬁdem,

281 4078 393 4119 non
434 4070 641 4117 tantum
670 4058 723 4113 in
758 4056 864 4111 illis
896 4051 1077 4108 verbis
1130 4048 1372 4118 accipere
1402 4052 1458 4100 et
1485 4041 1730 4106 credere,
1780 4035 1878 4093 sed

279 4160 451 4216 etiam
476 4152 709 4209 Domino
744 4146 1016 4204 revelantc
1056 4141 1351 4211 intelligere
1377 4145 1536 4207 atque
1564 4144 1887 4203 cognoscere

282 4256 628 4308 meruerunt.
651 4244 922 4314 Scriptum
951 4249 1033 4295 est
1056 4236 1223 4302 enim,
1268 4232 1384 4287 Nisi
1408 4228 1743 4291 credideritis,
1786 4239 1888 4277 non

284 4339 583 4411 intelligetis
611 4335 782 4410 (Isai.
806 4348 902 4398 vn,
930 4331 986 4396 9,
1018 4344 1121 4385 see.
1140 4325 1281 4383 LXX
1307 4325 1345 4394 ).
1370 4321 1476 4378 Sed
1500 4318 1744 4375 tractatio
1766 4314 1889 4370 ﬁdei

288 4434 356 4491 ad
411 4429 765 4489 muniendum
807 4424 1120 4499 Symbolum
1173 4419 1359 4474 valet:
1392 4430 1497 4471 non
1524 4420 1583 4469 ut
1630 4411 1745 4481 ipsa
1792 4420 1890 4479 pro

287 4526 553 4602 Symbolo
576 4524 802 4596 gratiam
830 4521 924 4577 Dei
949 4510 1402 4585 consequentibus
1425 4506 1703 4564 memoria
1736 4519 1888 4560 man-

294 4601 479 4681 danda
495 4632 550 4677 et
575 4616 844 4677 reddenda
877 4612 1118 4671 tradatur
1141 4627 1156 4677 ;
1185 4606 1283 4663 sed
1308 4614 1367 4661 ut
1387 4604 1477 4660 illa
1506 4618 1627 4674 qua:
1647 4601 1700 4656 in
1726 4601 1886 4673 Sym-

296 4718 430 4775 bolo
447 4714 767 4775 retinentur,
803 4716 987 4764 contra
1009 4702 1385 4759 haereticorum
1410 4695 1631 4753 insidias
1657 4692 1894 4751 auctori-

301 4820 415 4869 tate
432 4806 696 4867 catholica
723 4813 777 4860 et
793 4798 1078 4858 munitiore
1106 4793 1418 4852 defensione
1443 4788 1730 4847 custodiat.

1963 1526 2163 1574 tentem
2191 1535 2204 1572 :
2232 1530 2339 1572 non
2374 1515 2501 1587 quia
2550 1514 2653 1569 hoc
2679 1511 2860 1569 dicere
2895 1509 3012 1567 ausi
3054 1517 3198 1577 sunt,
3229 1508 3325 1567 sed
3349 1509 3404 1564 in
3442 1506 3557 1564 suis

1963 1608 2336 1665 traditionibus
2383 1606 2485 1663 hoc
2531 1606 2731 1662 sentire
2779 1613 2833 1662 et
2881 1602 3103 1662 credere
3139 1603 3552 1661 convincuntur.

1961 1703 2097 1759 Cum
2127 1702 2269 1757 cutim
2296 1700 2482 1755 dicunt
2502 1713 2621 1756 esse
2648 1705 2897 1753 naturam
2924 1710 3086 1768 quam
3110 1695 3253 1752 Deus
3297 1694 3555 1764 omnipo-

1964 1803 2081 1852 tens
2112 1808 2219 1849 non
2244 1792 2527 1857 creaverit,
2549 1790 2616 1846 de
2641 1803 2743 1861 qua
2773 1798 2952 1845 tamen
2975 1788 3136 1844 istum
3173 1784 3432 1843 mundum
3474 1783 3561 1840 fa-

1962 1887 2265 1952 bricaverit,
2284 1900 2442 1957 quem
2463 1884 2686 1957 pulchre
2704 1882 3007 1939 ordinatum
3023 1883 3042 1913 ¹
3064 1894 3183 1938 esse
3206 1878 3549 1944 concedunt;

1963 1981 2037 2037 ita
2068 1979 2486 2050 omnipotentem
2516 1977 2687 2032 Deum
2711 1980 2927 2047 negant,
2948 1981 3011 2030 ut
3038 1987 3147 2028 non
3185 1986 3308 2027 eum
3331 1970 3561 2028 credant

1965 2072 2222 2129 mundum
2288 2071 2527 2142 potuisse
2556 2069 2753 2137 facere,
2786 2067 2886 2124 nisi
2919 2065 2987 2122 ad
3014 2080 3138 2122 eum
3187 2062 3562 2122 fabricandum

1964 2167 2069 2223 alia
2098 2174 2305 2233 natura,
2329 2179 2449 2235 qua:
2472 2163 2582 2234 jam
2612 2161 2804 2227 fuerat,
2831 2168 2887 2216 et
2917 2173 3078 2230 quam
3125 2158 3242 2230 ipse
3267 2171 3375 2212 non
3414 2154 3561 2213 fece—

1964 2268 2067 2325 rat,
2106 2265 2383 2313 uteretur:
2416 2253 2618 2310 carnali
2649 2252 2854 2308 scilicet
2900 2249 3289 2307 consuetudine
3331 2246 3559 2304 videndi

1965 2348 2144 2406 fabros
2169 2357 2224 2405 et
2250 2346 2529 2404 domorum
2582 2350 2874 2400 structores
2901 2350 2957 2399 et
2992 2341 3262 2413 quoslibet
3307 2339 3555 2411 opiﬁces,

1966 2444 2060 2515 qui
2090 2442 2192 2498 nisi
2220 2440 2539 2512 adjuventur
2567 2446 2751 2509 parata
2786 2433 3030 2501 materia,
3060 2433 3129 2490 ad
3157 2432 3406 2489 eﬁ‘ectum
3443 2448 3557 2489 sum

1966 2537 2098 2593 artis
2127 2532 2411 2607 pervenire
2432 2547 2540 2588 non
2585 2536 2829 2601 possunt.
2860 2527 2937 2583 lla
2961 2526 3123 2582 etiam
3153 2524 3455 2596 intelligunt
3477 2523 3566 2579 fa-

1967 2628 2285 2685 bricatorem
2314 2624 2498 2681 mundi
2516 2637 2623 2679 non
2652 2636 2773 2678 esse
2798 2618 3246 2691 omnipotentem,
3278 2617 3325 2673 si
3349 2618 3372 2649 ⁸
3402 2632 3560 2672 mun-

1969 2720 2096 2776 dum
2139 2718 2402 2774 fabricare
2443 2731 2549 2771 non
2574 2722 2790 2785 posset,
2833 2711 2937 2768 nisi
2982 2724 3107 2767 eum
3152 2710 3327 2781 aliqua
3359 2721 3468 2764 non
3496 2707 3568 2764 ab

1969 2812 2063 2869 illo
2091 2810 2345 2867 fabricata
2394 2815 2604 2872 natura,
2638 2814 2890 2876 tanquam
2936 2800 3211 2868 materies,
3260 2798 3558 2871 adiuvaret.

1970 2908 2078 2961 Aut
2095 2904 2142 2960 si
2166 2904 2587 2974 omnipotentem
2617 2899 2786 2954 Deum
2806 2896 3181 2954 fabricatorem
3208 2894 3395 2950 mundi
3437 2907 3562 2951 esse

1970 2995 2290 3062 concedunt,
2312 2991 2579 3049 fateantur
2599 3002 2823 3045 necesse
2844 2994 2930 3045 est
2959 3002 3032 3048 ex
3062 2986 3231 3041 nihilo
3268 3000 3392 3041 eum
3412 2985 3571 3041 fecis-

1972 3104 2032 3146 sc
2069 3106 2186 3160 quae
2223 3087 2368 3143 fecit.
2428 3084 2541 3140 Non
2569 3083 2714 3139 enim
2748 3077 2951 3152 aliquid
3004 3091 3124 3135 esse
3164 3085 3361 3149 potest,
3415 3077 3571 3147 cujus

1972 3189 2184 3239 creator
2209 3195 2317 3235 non
2367 3184 2529 3241 esset,
2576 3189 2700 3230 cum
2746 3181 2888 3229 esset
2925 3170 3283 3241 omnipotens.
3315 3168 3449 3238 Quia
3469 3169 3570 3224 etsi

1974 3274 2172 3346 aliquid
2218 3271 2343 3328 fecit
2366 3285 2433 3324 ex
2469 3269 2668 3339 aliquo,
2697 3266 2832 3321 sicut
2860 3263 3134 3319 hominem
3159 3261 3228 3318 de
3257 3262 3410 3329 limo,
3443 3276 3553 3317 non

1976 3366 2159 3436 utique
2180 3364 2305 3419 fecit
2330 3378 2397 3418 ex
2421 3374 2486 3417 eo
2532 3359 2674 3431 quod
2695 3358 2811 3428 ipse
2831 3371 2939 3413 non
2967 3356 3204 3422 fecerat;
3235 3355 3359 3428 quia
3374 3363 3571 3411 terram

1976 3459 2121 3517 unde
2146 3459 2307 3514 limus
2329 3464 2431 3521 est,
2463 3469 2529 3510 ex
2557 3451 2725 3508 nihilo
2745 3450 2968 3506 fecerat.
2995 3449 3063 3505 Et
3087 3449 3133 3504 si
3161 3449 3337 3519 ipsum
3361 3448 3561 3504 cmlum

1979 3560 2034 3609 et
2066 3560 2288 3617 terram,
2319 3547 2368 3603 id
2399 3556 2501 3611 est,
2525 3543 2783 3601 mundum
2807 3550 2862 3599 et
2885 3541 3067 3598 omnia
3096 3556 3217 3611 quae
3236 3540 3293 3595 in
3334 3554 3401 3596 eo
3426 3549 3575 3609 sunt,

1980 3660 2046 3700 ex
2070 3644 2244 3714 aliqua
2266 3639 2487 3697 materia
2512 3639 2734 3701 fecerat,
2762 3635 2902 3691 sicut
2945 3633 3204 3704 scriptum
3236 3640 3341 3700 est,
3367 3632 3466 3701 Qui
3495 3636 3576 3703 fe-

1981 3736 2093 3791 cisti
2127 3734 2371 3788 mundum
2418 3747 2480 3787 ea:
2528 3728 2737 3785 materia
2780 3726 2944 3782 invisa
2974 3723 3149 3799 (δίῳ.
3202 3740 3273 3790 XI,
3310 3723 3378 3779 l8
3407 3723 3449 3795 ),
3490 3724 3580 3780 vel

1982 3829 2144 3886 etiam
2192 3824 2424 3896 informi,
2475 3822 2616 3877 sicut
2662 3819 2914 3876 nonnulla
2961 3816 3295 3888 exemplaria
3343 3824 3578 3882 tenent;

1986 3919 2133 3975 nullo
2158 3916 2318 3972 modo
2344 3913 2670 3972 credendum
2696 3923 2779 3967 est
2826 3911 2971 3965 illam
3004 3910 3173 3979 ipsam
3205 3908 3483 3964 materiam
3508 3908 3580 3967 de

1987 4026 2093 4083 qua
2127 4010 2296 4065 factus
2328 4016 2412 4063 est
2445 4004 2696 4071 mundus,
2737 4003 2978 4074 quamvis
2997 4000 3301 4069 informem,
3338 4000 3582 4071 quamvis

1988 4107 2236 4171 invisam,
2265 4114 2604 4174 quocumque
2632 4096 2795 4154 modo
2837 4102 2999 4163 esset,
3030 4109 3132 4166 per
3178 4108 3238 4151 se
3262 4093 3432 4165 ipsam
3460 4107 3584 4152 esse

1991 4196 2251 4269 potuisse,
2288 4204 2541 4264 tanquam
2590 4198 2915 4246 comternam
2952 4194 3007 4242 et
3030 4199 3264 4241 comvam
3296 4186 3408 4241 Deo
3438 4201 3453 4239 :
3483 4184 3586 4241 sed

1992 4288 2283 4363 quemlibet
2308 4286 2525 4343 modum
2569 4300 2747 4349 suum,
2793 4296 2953 4353 quem
2983 4280 3235 4347 habebat,
3268 4287 3587 4351 utquoquon

1994 4382 2156 4439 modo
2180 4388 2359 4446 esset,
2409 4387 2465 4435 et
2513 4376 2881 4433 distinetarum
2932 4388 3113 4429 rerum
3165 4371 3365 4427 formas
3405 4380 3589 4443 posset

1995 4474 2259 4545 accipere,
2290 4486 2395 4527 non
2422 4468 2650 4524 habebat
2696 4466 2799 4522 nisi
2840 4466 2908 4523 ab
2932 4463 3300 4534 omnipotente
3327 4463 3459 4530 Deo,
3489 4476 3586 4518 cu-

1992 4566 2082 4638 jus
2106 4564 2366 4622 beneﬁcio
2389 4572 2472 4617 est
2505 4575 2591 4616 res
2627 4574 2731 4615 non
2756 4557 2932 4615 solum
2965 4571 3312 4628 quaecumque
3341 4556 3588 4623 formata,

1999 4656 2094 4715 sed
2146 4656 2306 4710 etiam
2353 4666 2702 4724 quaecumque
2762 4648 3077 4704 formabilis.
3116 4648 3259 4703 lnter
3303 4645 3594 4704 formatum

2000 4756 2178 4805 autem
2199 4756 2253 4803 et
2266 4744 2545 4801 formabile
2572 4743 2675 4799 hoc
2708 4743 2947 4807 interest,
2976 4741 3120 4811 quod
3162 4738 3447 4796 formatum
3477 4739 3591 4811 jam

2005 4843 2211 4915 accepit
2238 4844 2495 4907 formam,
2548 4838 2827 4896 formabile
2871 4848 3051 4894 autem
3096 4845 3273 4908 potest
3324 4837 3591 4906 accipere.

372 4927 608 4987 CAPUT
648 4924 713 4983 ll.
738 4924 878 4978 —2.
913 4920 1063 4988 Quod
1108 4918 1252 4973 nulla
1280 4915 1430 4987 fuerit
1445 4921 1629 4967 natura
1655 4918 1873 4965 cuiatem

2006 4936 2111 4993 Sed
2136 4936 2227 5009 qui
2268 4944 2483 5007 praestat
2534 4933 2696 4990 rebus
2724 4933 2972 5000 formam,
3002 4932 3118 5002 ipse
3168 4939 3385 5002 praestat
3425 4930 3593 4988 etiam

308 5024 439 5090 Deo,
462 5039 528 5079 ea:
544 5036 647 5094 qua
684 5017 929 5073 mundum
958 5013 1148 5087 fecerit.
1181 5007 1447 5079 Quomodo
1496 5004 1715 5059 mundus
1741 5020 1804 5058 ea:
1824 5005 1903 5057 ni-

311 5120 438 5185 hilo,
460 5117 507 5171 si
536 5131 599 5171 ea:
648 5112 859 5167 materia
896 5106 1103 5179 informi
1134 5109 1314 5177 factus.
1370 5098 1556 5155 Conati
1599 5106 1723 5153 sunt
1760 5096 1903 5152 enim

310 5209 533 5281 quidam
562 5203 893 5279 persuadere
922 5201 1087 5257 Deum
1111 5197 1325 5253 Patrem
1357 5207 1466 5250 non
1510 5207 1631 5248 esse
1659 5189 1906 5260 omnipo-

2010 5044 2165 5100 posse
2192 5028 2407 5083 formari
2432 5044 2446 5080 :
2489 5026 2740 5097 quoniam
2762 5024 2831 5080 de
2858 5024 2957 5081 illo
2991 5032 3045 5097 et
3065 5023 3118 5078 in
3142 5022 3233 5078 illo
3250 5029 3335 5077 est
3354 5021 3595 5078 omnium

2009 5121 2399 5195 speciosissima
2445 5121 2652 5191 species
2702 5116 3183 5182 incommutabilis;
3218 5122 3276 5170 et
3320 5112 3441 5169 ideo
3481 5112 3599 5186 ipse

2012 5230 2148 5270 unus
2169 5222 2251 5269 est
2280 5212 2369 5284 qui
2409 5212 2623 5268 cuilibet
2673 5210 2773 5277 rei,
2813 5224 2922 5265 non
2963 5206 3135 5263 solum
3163 5214 3222 5260 ut
3253 5202 3472 5276 pulchra
3504 5206 3600 5275 sit,

1489 5298 1771 5341 ADMONITIO
1810 5298 1891 5337 PP.
1932 5298 2405 5343 BENEDICTINORUM.

375 5369 676 5444 51¢
718 5357 1553 5444 [rigewe‘tg‘szmbolqheastlgavbuﬁus
1581 5354 1795 5444 subsidio
1826 5362 2052 5430 veterum
2098 5355 2452 5444 exemplarium
2485 5366 2547 5427 ei:
2566 5348 2899 5427 .bibliothecis
2920 5346 3064 5397 variis
3100 5345 3381 5421 Gallicanis;
3403 5346 3601 5400 scilicet

1359 5432 1373 5444 μ
1429 5429 1479 5444 υ.
1531 5431 1624 5444 Λιιιο
1658 5426 1920 5444 ὶαιυοιλιησιο
1963 5427 2081 5444 ..ΑΜ
2113 5431 2168 5444 ,ιη
2211 5430 2304 5444 nm.
2340 5419 2577 5444 ρηριιηηιηι
2623 5411 2816 5444 Μιιοσίἰ
2840 5408 3073 5444 Namnini
3120 5409 3449 5444 manarum-uie
3489 5417 3601 5444 ﬂor.

375 5385 570 5423 utrum
607 5385 676 5420 ae
719 5385 834 5416 nae
874 5385 928 5416 et
964 5385 1184 5426 aytuuutu
1215 5385 1553 5422 ωιιδινιιιιιω
1581 5385 1795 5405 suus-um
1833 5385 1873 5404 τι

318 5448 388 5487 ει
712 5426 1115 5509 3199939292
1123 5424 1338 5509 ξΡξξξιίΞε
1359 5418 1873 5509 imbrasides

1980 5385 2052 5408 IIII
2098 5385 2452 5417 GAUIulluuluul
2485 5385 2547 5403 On
2594 5385 2899 5401 νινυυιιινν-ι
2928 5385 3064 5397 nunc
3103 5385 3352 5398 ν-ιιινυιιιιυ
3403 5385 3601 5400 ..ν-...νυν

1984 5427 2084 5470 tem
2112 5416 2308 5479 collegii
2340 5415 2601 5474 Sorbonici,
2623 5411 2819 5475 collegii
2840 5408 3096 5470 savarrici,
3120 5385 3400 5461 monasterii
3420 5417 3466 5459 s.
3489 5417 3605 5461 Ger-

1980 5484 2069 5509 τηειρ
2123 5488 2149 5509 ρ
2200 5477 2418 5509 Διιηιιιῇῑιί
2444 5475 2691 5509 utnrnnciu,
2719 5471 3046 5509 lnndnnnneig
3062 5469 3303 5509 Pmlnstism
3333 5477 3384 5509 nt
3398 5472 3604 5509 dum-nm

712 5469 1273 5552 εἶ’κὲὦίῖξίῦιῖιῖιείίῇξζ
1280 5469 1345 5552 3;
1362 5469 1599 5552 Michaelis
1611 5480 1670 5552 in
1692 5479 1909 5552 ρειαίρυιο
1923 5469 2073 5552 ξηςιιίβ
2084 5515 2099 5542 ,
2123 5488 2168 5527 s.
2194 5469 2422 5552 πῇωρω
2444 5469 3046 5552 Μειθιίείειιτὶιιάιιιιθηείε
3062 5469 3306 5552 neglegas,
3333 5477 3385 5523 et
3398 5472 3606 5523 άυονυηι

324 5540 948 5621 ῖῑῑιίῶῐὼιίοωεωῖ
965 5540 1265 5621 iuvantibus
1281 5544 1591 5621 eumu‘variis
1611 5540 1902 5621 lectionibus
1923 5542 2056 5621 Erg

2057 5533 2223 5593 eorum
2248 5533 2454 5590 duorum
2476 5536 2906 5599 manuscriptorum
2925 5546 3053 5597 quos
3078 5533 3309 5599 Theologi
3339 5534 3608 5586 levamen.

1232 5596 1347 5660 ante
1370 5603 1597 5670 vulgatis,
1934 5596 2134 5691 arietini,
2160 5610 2220 5691 (ᾗ
2232 5601 2523 5691 Plantin‘iaga
2546 5596 2926 5691 Lo‘yaniensim‘n.

407 5657 1369 5763 ﬁﬂﬁﬁsﬁo‘wﬁm
1396 5657 1601 5733 mimi
1630 5664 1931 5730 editiones
1955 5657 2144 5730 initio
2175 5666 2345 5725 Retr.
2368 5666 2434 5724 et
2455 5660 2745 5722 Confess.
2782 5665 2830 5720 t.
2863 5659 2923 5732 1,
2953 5666 3345 5722 memoratae.
3433 5657 3522 5722 Μ.

394 5781 470 5845 (ο)
496 5781 709 5847 scriptus
729 5773 990 5829 mnam.

2090 5766 2114 5861 ζ
2145 5760 2489 5861 ἕξιίάῗῆωῶιὲ
2505 5764 2742 5815 mw.
2767 5766 2823 5817 At
2841 5765 2974 5827 uss.
2993 5758 3285 5819 ordinatim.

2146 5824 2497 5888 mduomui.
