4046 6332
479 495 576 552 sed
606 493 766 550 etiam
792 500 850 548 ut
892 493 1112 565 pulchra
1160 508 1278 550 esse
1325 493 1493 563 possit
1535 491 1792 547 attribuit.
1823 492 2064 560 Quapro-

476 597 599 657 pter
627 587 922 642 rectissime
969 587 1238 642 credimus
1261 585 1438 641 omnia
1469 585 1634 640 Deum
1672 584 1860 637 fecisse
1882 581 1946 636 de
1981 582 2065 635 ni-

476 679 589 734 hilo
623 699 636 736 :
667 681 789 751 quia
803 683 960 736 etiam
983 681 1028 735 si
1056 680 1124 735 de
1149 680 1320 750 aliqua
1348 680 1568 734 materia
1595 679 1768 734 factus
1789 685 1875 734 est
1903 693 2064 730 mun-

477 771 599 838 dus,
624 771 810 829 eadem
859 772 970 842 ipsa
1012 771 1234 826 materia
1263 771 1328 826 de
1374 770 1541 824 nihilo
1579 757 1718 826 iacta
1747 777 1860 834 est,
1891 777 1951 822 ut
1977 782 2066 821 or-

475 863 812 920 dinatissime
842 864 936 918 Dei
980 879 1204 918 munere
1229 862 1402 934 prima
1434 863 1452 894 ί
1475 862 1738 932 capacitas
1770 860 2061 916 formarum

475 956 651 1022 fleret,
699 970 763 1010 ac
801 955 994 1010 deinde
1034 955 1393 1010 formarentur
1443 968 1790 1024 qumcumque
1839 953 2067 1007 formata

475 1056 622 1104 sunt.
657 1047 769 1102 Iloc
816 1055 993 1102 autem
1016 1046 1269 1113 diximus,
1299 1061 1368 1100 ne
1396 1045 1518 1116 quis
1545 1045 1824 1119 existimet
1855 1053 2067 1099 contra-

473 1141 586 1196 rias
623 1137 725 1194 sibi
791 1153 912 1194 esse
954 1137 1255 1192 divinarum
1311 1137 1705 1206 Scripturarum
1751 1135 2062 1202 sententias,

474 1234 730 1304 quoniam
779 1240 832 1287 et
889 1232 1067 1286 omnia
1121 1231 1287 1286 Deum
1352 1230 1546 1286 fecisse
1597 1229 1665 1286 de
1712 1229 1880 1284 nihilo
1929 1229 2064 1283 scri-

475 1334 627 1397 ptum
676 1335 792 1394 est,
847 1333 900 1380 et
961 1323 1221 1380 mundum
1253 1323 1405 1380 'esse
1461 1323 1658 1379 factum
1718 1321 1786 1378 de
1853 1321 2066 1376 informi

474 1417 719 1472 materia.
737 1483 740 1486 ί
1050 1479 1054 1484 _
1347 1483 1350 1486 ,
1594 1487 1596 1489 _

549 1513 605 1564 5.
630 1509 924 1567 Credentes
953 1511 1132 1583 itaque
1151 1499 1153 1502 ’
1172 1511 1234 1588 ἰηΔ
1276 1510 1442 1566 Deum
1473 1509 1687 1565 Patrem
1725 1510 2065 1580 omnipoten-

478 1611 609 1668 tem,
667 1605 865 1658 nullam
917 1615 1215 1659 creaturam
1264 1618 1387 1659 esse
1422 1618 1542 1674 qua:
1593 1603 1661 1656 ab
1705 1605 2066 1671 omnipotente

477 1715 583 1754 non
612 1708 789 1753 creata
837 1699 923 1765 sit,
987 1699 1294 1754 existimare
1319 1683 1594 1753 debemus.
1629 1697 1696 1752 Et
1724 1697 1846 1766 quia
1887 1696 2065 1750 omnia

477 1806 575 1860 per
605 1791 839 1846 Verbum
884 1791 1105 1859 creavit,
1135 1790 1277 1861 quod
1307 1789 1542 1844 Verbum
1568 1799 1623 1844 ct
1646 1789 1853 1844 Veritas
1877 1789 2070 1843 dicitur

481 1882 680 1954 (Juan.
710 1901 816 1947 xxv,
853 1884 886 1938 6
915 1882 958 1955 ),
986 1893 1041 1939 et
1094 1883 1278 1939 Virtus
1321 1893 1375 1938 et
1409 1882 1679 1954 Sapientia
1727 1883 1818 1938 Dei
1846 1882 1901 1953 (I
1942 1882 2061 1936 Cor.

477 1987 518 2038 ι,
547 1973 618 2026 24
642 1972 682 2043 ),
711 1974 999 2043 multisque
1015 1973 1134 2028 aliis
1157 1975 1459 2029 insinuatur
1496 1974 1768 2029 vocabulis
1798 1975 1889 2044 qui
1921 1976 1942 2004 ²
1972 1989 2072 2028 no.

478 2073 606 2118 strtc
647 2064 766 2119 ﬁdei
809 2066 963 2120 Jcsus
991 2065 1238 2122 Christus
1268 2067 1524 2121 Dominus
1551 2065 1975 2132 commendatur,
2008 2065 2072 2119 li-

479 2157 698 2213 berator
741 2159 946 2214 scilicet
979 2168 1162 2214 noster
1212 2168 1266 2214 et
1318 2159 1529 2214 rector3
1561 2159 1728 2212 Filius
1776 2160 1907 2222 Dei;
1959 2158 2084 2212 non'

477 2252 624 2306 enim
661 2251 894 2307 Verbum
944 2253 1074 2307 illud
1119 2267 1216 2323 per
1255 2253 1394 2322 quod
1437 2262 1563 2306 sunt
1603 2253 1780 2307 omnia
1835 2251 2068 2317 condita,

479 2358 738 2413 generare
791 2346 962 2415 potuit
1013 2345 1117 2401 nisi
1167 2344 1254 2400 ille
1309 2346 1396 2416 qui
1452 2360 1548 2415 per
1606 2345 1777 2415 ipsum
1834 2345 2073 2400 condidit

480 2437 683 2490 omnia.

554 2529 784 2586 CAPUT
813 2529 899 2584 ill.
929 2561 999 2570 -—-
1030 2511 1422 2600 Verbum'qnare
1463 2533 1649 2587 dictum
1676 2533 1738 2587 de
1786 2533 1921 2588 Filio
1955 2528 2080 2587 Dei.

484 2623 638 2690 Quod
672 2620 887 2677 Verbum
916 2625 980 2676 sit
1004 2625 1225 2696 idipsnm
1251 2627 1386 2697 quod
1411 2626 1583 2681 Pater.
1609 2628 1890 2683 Credimus
1908 2630 2069 2683 etiam

486 2715 544 2768 in
573 2714 754 2770 Iesum
803 2715 1071 2771 Christum
1123 2719 1315 2773 Filium
1347 2721 1462 2784 Dei,
1494 2721 1665 2776 Patris
1715 2724 2068 2792 unigenitum,

484 2804 540 2859 id
569 2811 654 2859 est
676 2807 910 2872 unicum,
947 2808 1225 2863 Dominum
1253 2821 1516 2865 nostrum.
1549 2812 1700 2878 Quod
1737 2822 1912 2869 tmnen
1943 2814 2072 2869 Ver-

484 2895 614 2950 bum
643 2911 748 2950 non
785 2897 920 2953 sicut
946 2901 1106 2955 verba
1137 2911 1318 2956 nostra
1364 2903 1619 2960 debemus
1649 2906 1916 2976 accipere,
1949 2923 2068 2977 quae

486 3001 621 3042 voce
656 2997 814 3058 atque
843 3004 939 3044 ore
990 2993 1198 3060 prolata
1256 2993 1537 3050 verberato
1589 3011 1712 3050 acre
1770 3007 2070 3066 transeunt,

483 3063 798 3134 nccdiutius
820 3093 1036 3136 manent
1077 3100 1233 3153 quam
1288 3095 1497 3140 sonant.
1559 3087 1735 3142 Manet
1769 3091 1908 3142 enim
1943 3091 2075 3145 illud

483 3168 717 3226 Verbum
747 3172 1254 3230 inconunutabiliter
1291 3194 1302 3230 :
1333 3193 1454 3230 nam
1483 3178 1550 3233 dc
1586 3179 1700 3248 ipso
1743 3180 1936 3236 dictmn
1969 3192 2071 3249 est,

484 3274 606 3314 cum
653 3263 720 3318 de
743 3263 1010 3333 Sapientia
1037 3265 1323 3330 diceretur,
1357 3268 1424 3323 In
1468 3288 1521 3325 se
1545 3271 1655 3341 ipsa
1685 3290 1892 3327 umncns
1921 3276 2074 3329 inno-

482 3359 567 3403 vat
588 3353 756 3406 omnia
785 3352 806 3426 (
832 3352 962 3425 Sap.
992 3373 1084 3422 vu,
1135 3357 1203 3411 27
1229 3359 1269 3428 ).
1295 3359 1527 3414 Verbum
1555 3372 1732 3418 autem
1761 3365 1930 3419 Patris
1957 3366 2076 3422 ideo

485 3440 684 3496 dictum
713 3453 816 3513 cst,
860 3449 981 3517 quia
1025 3435 1118 3518 per
1151 3451 1323 3520 ipsum
1373 3453 1656 3511 innotescit
1701 3457 1876 3511 Pater.
1927 3459 2076 3514 Sicut

482 3547 614 3604 ergo
639 3536 818 3592 verbis
844 3541 1042 3594 nostris
1072 3541 1124 3595 id
1145 3545 1370 3612 agimus,
1399 3561 1518 3599 eum
1548 3562 1732 3601 verum
1783 3548 2072 3620 loquimur,

482 3634 544 3679 ut
571 3636 752 3682 noster
776 3630 986 3685 animus
1013 3635 1312 3689 innotescat
1349 3637 1609 3703 audienti,
1634 3650 1687 3692 et
1716 3640 1971 3710 quidquid
1999 3658 2077 3697 se-

485 3727 690 3772 cretum
720 3720 772 3774 in
796 3723 960 3777 corde
1007 3725 1262 3792 gerimus,
1317 3742 1412 3794 per
1459 3729 1608 3798 signa
1658 3727 1964 3800 hujusmodi
2008 3735 2076 3791 ad

483 3811 841 3879 cognitionem
884 3815 1102 3870 alterius
1166 3817 1498 3886 proferatur:
1527 3821 1604 3875 sic
1650 3821 1737 3875 illa
1775 3823 2070 3894 Sapientia,

482 3918 643 3972 quam
677 3903 815 3959 Deus
843 3905 1212 3976 Patcrgcnuit,
1241 3913 1491 3978 quoniam
1531 3927 1625 3980 per
1667 3912 1837 3981 ipsam
1867 3915 2076 3972 innote-

483 3995 586 4048 scit
636 3993 807 4064 dignis
859 3997 1051 4052 animis
1096 4002 1483 4055 secretissimus
1536 4003 1693 4058 Pater
1724 4003 1766 4072 *,
1824 4005 2056 4063 Verbum

485 4085 602 4152 ejus
619 4087 1122 4144 convcnientissime
1151 4089 1476 4146 nominatur.

557 4177 610 4230 4.
643 4177 785 4231 Inter
831 4179 1066 4234 animum
1119 4191 1296 4236 autem
1339 4193 1576 4240 nostrum
1601 4195 1655 4242 et
1680 4189 1839 4245 verba
1871 4201 2071 4260 nostra,

483 4268 679 4337 quibus
707 4269 952 4325 eumdem
985 4272 1220 4327 animum
1267 4275 1551 4332 ostendere
1601 4294 1877 4349 conamur,
1911 4283 2075 4354 pluri-

483 4375 630 4416 mum
653 4363 830 4418 distat.
857 4364 964 4420 Nos
1003 4367 1198 4437 quippe
1225 4383 1330 4423 non
1370 4368 1634 4439 gignimus
1676 4375 1916 4428 sonantia
1957 4392 2076 4432 ver-

480 4453 574 4518 ba,
618 4454 713 4508 sed
751 4456 1011 4524 facimus;
1040 4459 1232 4529 quibus
1284 4461 1538 4516 faciendis
1571 4465 1794 4520 materia
1834 4467 2076 4538 subjacet

482 4561 700 4618 corpus.
739 4550 1029 4607 Plurimum
1068 4565 1244 4610 autem
1295 4555 1518 4612 interest
1551 4558 1691 4614 inter
1733 4561 1971 4616 animum
2021 4572 2076 4618 ct

483 4655 698 4709 corpus.
733 4640 883 4698 Deus'
903 4659 1030 4700 vero
1058 4662 1177 4701 cum
1219 4647 1452 4702 Verbum
1483 4651 1686 4720 genuit,
1735 4652 1787 4706 id
1829 4654 1970 4722 quod
1993 4665 2077 4710 est

481 4730 597 4801 ipse
621 4736 833 4802 genuit;
867 4752 1038 4808 neque
1064 4739 1131 4793 de
1151 4739 1335 4807 nihilo,
1355 4757 1528 4812 neque
1555 4743 1622 4798 de
1659 4744 1832 4814 aliqua
1863 4747 1974 4816 jam
1998 4749 2077 4804 fa-

481 4836 567 4882 cta
603 4828 921 4900 conditaque
973 4834 1230 4898 materia;
1263 4833 1356 4889 sed
1388 4834 1455 4890 dc
1497 4837 1673 4906 seipso
1726 4838 1776 4892 id
1808 4840 1951 4908 quod
1995 4852 2076 4897 est

481 4921 616 4989 ipse.
643 4922 752 4980 lloc
767 4923 910 4978 enim
939 4935 991 4980 et
1017 4941 1114 4979 nos
1134 4941 1410 4993 conamur,
1438 4944 1559 4983 cum
1603 4929 1892 5000 loquimur,
1921 4933 1964 4988 si
1997 4933 2076 4989 di-

480 5010 708 5080 ligenter
733 5015 1130 5071 eonsiderenms
1170 5027 1370 5072 nostra:
1394 5019 1684 5074 voluntatis
1734 5025 2069 5092 appetitum;

479 5121 590 5161 non
619 5123 740 5163 cum
771 5111 1076 5178 mentimur,
1113 5111 1207 5166 sed
1237 5127 1359 5167 cum
1387 5128 1572 5168 verum
1613 5115 1904 5186 loquimur.
1932 5119 2070 5185 Quid

479 5201 624 5255 enim
651 5203 792 5258 aliud
817 5204 1084 5275 molimur,
1108 5205 1210 5262 nisi
1251 5206 1486 5262 animum
1516 5207 1686 5278 ipsum
1729 5219 1993 5279 nostrum,
2026 5212 2070 5268 si

544 5382 564 5451 ξ
598 5387 706 5431 Mss.
733 5392 955 5451 quatuor,
981 5390 1152 5451 primo.

453 5481 456 5484 .
543 5444 566 5513 ξ
599 5451 704 5513 tuss.
730 5444 963 5513 quinque,
981 5444 1174 5513 quibus.

545 5505 568 5568 ξι
597 5509 680 5553 Ms.
705 5505 1027 5568 (lelbertinus',
1054 5521 1259 5563 creator.

543 5566 566 5597 ἰ
586 5575 908 5640 ain.._et..t.ov.
935 5566 1182 5640 omnem;
1212 5576 1400 5627 aninms
1411 5577 1752 5630 secretissimus
1773 5579 1944 5630 Patris.
1971 5587 2066 5640 Er.,

476 5627 906 5701 innotescirsignis
942 5635 1286 5701 εεςιθρζίδεὺηιιδ
1326 5627 1487 5689 Pater.
1524 5627 1638 5690 nsi-3;
1667 5627 1786 5700 seu,
1822 5627 2069 5692 habuisti

478 5690 640 5754 dignis
661 5690 834 5742 animis
857 5693 1203 5746 secretissimus
1230 5705 1387 5749 Pater.
1416 5710 1542 5751 Hanc
1559 5690 1821 5753 lectionem
1845 5690 1964 5752 esse?
1981 5690 2066 5753 te?

475 5756 676 5824 ring-plu,
703 5754 747 5801 id
772 5756 943 5824 partim
971 5761 1209 5824 persuasit
1233 5763 1359 5822 quod
1392 5765 1615 5822 in‘erius,
1643 5781 1689 5812 ι).
1719 5766 1765 5818 4,
1789 5763 1992 5824 υἱωίὶιιν,
2019 5782 2068 5816 se

473 5814 598 5887 indit
614 5829 693 5865 are
719 5814 907 5886 annuis,
925 5814 1052 5887 ciem,
1070 5814 1462 5887 partinfqumliu
1487 5814 1678 5874 iacteris
1699 5814 1801 5875 uss.
1830 5836 1935 5887 post
1961 5814 2068 5876 vrr-

474 5875 609 5940 bim,
639 5879 894 5944 amate-sat,
925 5875 1149 5944 habetur,
1172 5875 1298 5945 ignis
1319 5885 1496 5948 (mimi;
1519 5896 1618 5950 aut,
1643 5888 1790 5950 signis
1810 5875 1976 5940 (inin—ti.

1474 377 1561 432 DE
1600 375 1756 432 FIDE
1796 373 1885 431 ET
1921 370 2252 441 SYMBOLD,
2294 365 2361 430 S.
2396 372 2764 432 AUGUSTIM

3640 358 3754 464 μμ

2177 488 2292 543 ﬁeri
2314 497 2508 559 potest,
2552 487 2981 562 cognoscendum
3023 494 3078 545 et
3113 487 3541 560 perspiciendum
3575 491 3749 550 animo

2173 580 2428 636 auditoris
2457 581 2654 637 inferre
2682 599 2697 637 :
2731 582 2860 637 utin
2890 581 3042 637 nobis
3064 581 3165 652 ipsi
3185 581 3396 652 quidem
3417 596 3740 653 maneamus,

2176 689 2275 728 nec
2300 674 2612 730 recedamus
2645 691 2676 730 a
2705 675 2878 740 nobis,
2911 684 2966 730 et
2993 685 3168 731 tamen
3197 677 3299 731 tale
3345 676 3616 745 indicium,
3646 695 3748 749 quo

2179 767 2342 822 liatin
2391 769 2556 824 altero
2594 778 2773 824 nostra
2813 770 3020 836 notitia,
3077 773 3438 842 proferamus;
3465 781 3543 838 ut,
3573 787 3740 842 quan-

2179 866 2287 914 tum
2303 859 2524 916 facultas
2553 861 2864 917 conceditur
2885 863 2926 928 ί,
2950 863 3102 933 quasi
3133 865 3267 918 alter
3287 865 3496 920 animus
3525 865 3593 920 ab
3634 866 3749 920 ani-

2176 966 2264 1004 mo
2291 966 2384 1020 per
2429 967 2586 1022 quem
2614 967 2672 1008 se
2716 953 2910 1010 indicet
2963 953 3304 1025 proferatur?
3333 957 3389 1011 Id
3415 956 3636 1014 facimus
3663 973 3756 1014 co-

2177 1051 2365 1097 nantes
2405 1051 2458 1099 et
2498 1045 2677 1100 verbis
2703 1047 2746 1112 ',
2776 1054 2830 1101 et
2882 1046 2998 1116 ipso
3041 1062 3173 1102 sono
3203 1048 3368 1115 vocis,
3400 1058 3454 1104 et
3500 1050 3670 1120 vultu,
3699 1059 3754 1107 et

2175 1143 2328 1203 gestu
2367 1137 2627 1205 corporis,
2675 1145 2751 1191 tot
2789 1138 2995 1194 scilicet
3024 1140 3471 1198 machinamentis
3516 1142 3569 1198 id
3615 1144 3753 1214 quod

2176 1227 2318 1282 intus
2365 1239 2448 1284 est
2501 1229 2870 1287 demonstrare
2913 1233 3185 1303 cupientes
3217 1253 3230 1288 :
3262 1236 3384 1306 quia
3435 1235 3538 1292 tale
3564 1237 3756 1308 aliquid

2175 1319 2416 1390 proferre
2439 1337 2548 1376 non
2577 1337 2880 1391 possumus,
2903 1333 2958 1379 et
2985 1324 3105 1381 ideo
3150 1341 3257 1382 non
3277 1334 3458 1397 potest
3488 1328 3753 1398 loquentis

2175 1411 2384 1467 animus
2412 1413 2620 1482 penitus
2665 1415 3030 1484 innotescere;
3063 1417 3203 1473 unde
3247 1419 3418 1474 .etiam
3445 1416 3755 1478 mendaciis

2174 1502 2322 1558 locus
2354 1513 2515 1574 patet.
2549 1507 2687 1561 Deus
2706 1515 2882 1563 autem
2924 1509 3102 1574 Pater,
3126 1510 3216 1580 qui
3239 1509 3523 1566 verissime
3544 1525 3603 1567 se
3633 1510 3771 1582 indis,

2180 1611 2302 1650 care
2323 1597 2513 1651 animis
2541 1599 2832 1667 cognituris
2856 1609 2911 1655 et
2931 1600 3099 1654 voluit
3122 1609 3175 1655 et
3205 1602 3395 1670 potuit,
3437 1603 3539 1658 hoc
3585 1601 3652 1658 ad
3700 1617 3757 1658 se

2181 1687 2353 1757 ipsum
2377 1689 2716 1745 indicandum
2741 1691 2942 1760 genuit,
2985 1692 3127 1762 quod
3157 1701 3238 1748 est
3264 1695 3377 1764 ipse
3409 1695 3501 1764 qui
3548 1695 3759 1765 genuit:

2178 1781 2268 1849 qui
2317 1782 2474 1836 etiam
2507 1781 2684 1837 Virtus
2733 1783 2847 1853 ejus
2893 1794 2945 1839 ct
2980 1784 3248 1854 Sapientia
3275 1786 3488 1852 dicitur,
3519 1787 3640 1858 quia
3672 1802 3764 1858 per

2179 1871 2352 1942 ipsum
2385 1883 2633 1944 operatus
2680 1885 2765 1930 est
2795 1884 2850 1930 et
2868 1859 3130 1946 disposuit
3157 1878 3371 1944 omnia;
3395 1878 3464 1936 de
3493 1895 3600 1950 quo
3638 1894 3766 1951 pro-

2180 1973 2360 2033 pterea
2389 1964 2602 2031 dicitur,
2631 1966 2841 2038 Attingit
2867 1985 2900 2020 a
2928 1969 3030 2037 [ine
3065 1987 3222 2040 usque
3243 1971 3311 2024 ad
3355 1971 3509 2040 ﬁnem
3547 1974 3760 2044 fortiter,

2181 2067 2227 2109 et
2253 2058 2471 2126 disponit
2502 2059 2669 2113 omnia
2689 2061 2907 2114 suaviter
2936 2063 2953 2132 (
2983 2062 3114 2134 Sap.
3137 2081 3248 2130 vul,
3282 2065 3374 2136 1).

2201 2185 2206 2188 -
2253 2149 2476 2204 CAPUT
2520 2151 2604 2204 IV.
2632 2182 2704 2192 —
2729 2154 2782 2209 5.
2817 2153 2864 2206 F
2867 2155 2983 2208 ilius
3020 2155 3114 2209 Dei
3149 2140 3249 2211 non
3288 2159 3454 2227 [actus
3483 2177 3575 2216 nec
3604 2161 3767 2216 minor

2181 2257 2212 2294 α
2242 2240 2416 2295 Patre.
2448 2241 2628 2298 Creare
2657 2253 2700 2298 et
2728 2246 2943 2299 condere
2975 2247 3126 2302 idem.
3157 2248 3207 2302 F
3209 2251 3324 2304 ilius
3354 2249 3454 2304 Dei
3478 2268 3566 2305 cur
3602 2257 3769 2324 factus

2183 2333 2348 2386 homo.
2373 2331 2560 2387 Contra
2597 2333 2996 2390 Manio/aeoru»:
3025 2338 3275 2394 [ιω-θείω.
3319 2340 3474 2396 Totas
3502 2343 3651 2396 homo
3677 2360 3769 2397 su-

2181 2434 2379 2494 sceptus
2418 2441 2450 2478 a
2495 2424 2670 2480 Verbo.
2716 2425 2970 2482 Nativilas
3006 2429 3194 2484 Christi
3234 2448 3297 2487 ex
3337 2433 3546 2503 fernina.
3583 2433 3771 2490 Contra

2183 2517 2516 2574 Maniclneos.
2556 2519 2909 2586 Quamobrem
2928 2523 3227 2593 unigenitus
3255 2525 3421 2582 Filius
3451 2527 3568 2594 Dei,
3601 2544 3772 2600 neque

2183 2606 2352 2663 factus
2381 2618 2462 2663 est
2489 2624 2520 2663 a
2550 2609 2708 2665 Patre
2739 2627 2753 2675 ;
2798 2612 2919 2681 quia
2950 2614 3085 2669 sicut
3113 2614 3614 2688 dicitevangclista,
3649 2618 3772 2674 Om-

2184 2699 2269 2751 nia
2299 2716 2388 2769 per
2411 2701 2579 2769 ipsum
2607 2707 2740 2783 facta
2761 2713 2877 2758 sunt
2903 2704 3086 2775 (Joan.
3117 2723 3154 2774 ι,
3187 2709 3256 2778 5)
3289 2726 3301 2762 :
3332 2725 3505 2780 neque
3540 2727 3607 2768 ex
3637 2721 3772 2768 tem-

2185 2807 2313 2861 pore
2353 2794 2560 2862 genitus
2593 2813 2605 2850 :
2648 2797 2896 2866 quoniam
2940 2804 3262 2870 sempiterne
3291 2803 3312 2833 ³
3343 2803 3485 2860 Deus
3525 2806 3770 2876 sapiens,

2185 2883 2560 2952 sempiternam
2591 2903 2772 2942 secum
2809 2889 2970 2946 habet
3007 2893 3322 2961 sapientiam
3365 2909 3517 2950 suam
3562 2916 3573 2951 :
3603 2911 3774 2969 neque

2185 2973 2357 3045 impar
2393 2987 2476 3032 est
2521 2979 2685 3047 Patri,
2719 2980 2770 3036 id
2814 2992 2913 3049 cst,
2952 2983 3005 3036 in
3053 2983 3230 3052 aliquo
3269 2987 3443 3041 minor
3485 3005 3500 3054 ;
3559 2990 3681 3060 quia
3723 2996 3776 3044 et

2186 3068 2473 3138 Apostolus
2502 3072 2646 3139 dicit,
2685 3074 2786 3141 Qui
2813 3091 2923 3128 cum
2958 3076 3203 3145 informa
3244 3077 3340 3134 Dei
3378 3093 3505 3136 esset
3531 3084 3775 3138 constitu—

2189 3168 2288 3227 tus,
2321 3177 2420 3216 non
2442 3165 2675 3232 rapinam
2711 3165 2982 3222 arbitratus
3005 3178 3074 3222 est
3103 3185 3207 3224 esse
3230 3173 3437 3243 wquatis
3467 3174 3576 3230 Deo
3611 3174 3773 3246 (Phi—

2189 3252 2315 3324 lipp.
2341 3271 2397 3321 ιι,
2425 3255 2512 3326 6).
2536 3256 2643 3312 Hac
2662 3257 2819 3327 igitur
2842 3259 2947 3316 fide
2970 3260 3226 3316 catholica
3248 3273 3302 3318 et
3328 3264 3402 3318 illi
3425 3267 3775 3322 excluduntur

2187 3347 2277 3414 qui
2318 3347 2566 3404 eumdem
2597 3350 2780 3406 dicunt
2808 3351 3001 3408 Filium
3027 3340 3146 3409 esSe
3175 3355 3264 3426 qui
3288 3357 3444 3414 Pater
3481 3368 3561 3414 est
3588 3376 3603 3424 ;
3654 3360 3776 3430 quia

2189 3444 2243 3490 et
2283 3435 2384 3492 hoc
2435 3437 2668 3494 Verbum
2717 3442 2855 3511 apud
2908 3444 3072 3498 Deum
3124 3460 3242 3501 esse
3291 3463 3396 3501 non
3431 3458 3633 3523 posset
3675 3448 3777 3504 nisi

2189 3527 2326 3595 apud
2353 3527 2565 3584 Patrem
2591 3532 2777 3598 Deum,
2803 3543 2857 3587 et
2883 3535 3014 3588 nulli
3042 3545 3124 3589 est
3149 3537 3364 3606 aequalis
3392 3539 3484 3608 qui
3504 3540 3650 3594 solus
3674 3549 3772 3595 est.

2190 3617 2555 3676 Excluduntur
2600 3623 2756 3676 etiam
2813 3623 2889 3677 illi
2937 3627 3030 3694 qui
3083 3635 3380 3682 creaturam
3435 3645 3555 3686 esse
3595 3631 3780 3689 dicunt

2122 3725 2125 3727 ·
2188 3708 2403 3775 Filium,
2435 3713 2675 3780 quamvis
2704 3728 2808 3766 non
2841 3714 3022 3780 talem,
3050 3716 3233 3786 quales
3259 3727 3382 3772 sunt
3405 3728 3613 3775 craterae
3637 3738 3781 3780 crea-

2190 3806 2341 3854 turte.
2399 3801 2888 3875 Quantumcumque
2939 3807 3080 3863 enim
3129 3818 3425 3866 creaturam
3468 3812 3678 3884 dicant,
3731 3818 3778 3874 si

2188 3901 2430 3947 creatura
2462 3904 2572 3964 est,
2605 3897 2819 3952 condita
2846 3907 2900 3952 et
2924 3898 3060 3954 facta
3086 3908 3186 3956 est.
3217 3901 3352 3958 Nam
3386 3903 3526 3961 idem
3547 3916 3628 3962 est
3648 3924 3777 3965 con-

2188 3983 2316 4040 dere
2339 4028 2354 4053 ,
2383 3989 2525 4057 quod
2558 4005 2742 4047 creare
2771 4009 2783 4045 :
2813 4007 3112 4064 quanquam
3145 3995 3198 4050 in
3226 3997 3403 4053 latina:
3429 3999 3626 4072 lingua:
3645 4018 3776 4058 con-

2188 4077 2471 4135 suetudine
2511 4080 2719 4137 dicatur
2746 4083 3032 4154 aliquando
3061 4101 3246 4144 creare
3269 4131 3285 4154 ,
3315 4105 3412 4160 pro
3442 4106 3506 4148 eo
3528 4094 3670 4167 quod
3696 4102 3776 4151 est

2187 4172 2403 4242 gignere
2426 4192 2440 4242 ;
2464 4175 2556 4231 sed
2581 4190 2752 4246 graeca
2779 4177 3048 4234 discernit.
3077 4182 3191 4238 Hoc
3215 4183 3356 4238 enim
3385 4184 3610 4243 dicimus
3629 4203 3777 4244 crea-

2189 4273 2396 4333 turam,
2429 4269 2569 4338 quod
2595 4269 2668 4323 illi
2695 4283 2868 4339 κτίσμα
2887 4274 2972 4328 vel
3000 4281 3150 4330 κτίσιν
3174 4287 3366 4333 vocant
3404 4297 3417 4333 :
3445 4289 3499 4335 et
3521 4297 3642 4337 cum
3663 4283 3777 4338 sine

2164 4358 2530 4429 ambiguitate
2568 4361 2713 4431 loqui
2743 4364 3017 4430 volumus,
3071 4382 3179 4422 non
3229 4369 3486 4438 dicimus,
3549 4389 3772 4440 creare;

2189 4451 2305 4519 sed,
2335 4455 2582 4510 condere.
2612 4455 2753 4527 Ergo
2793 4459 2835 4512 si
2875 4469 3117 4515 creatura
3145 4470 3228 4516 est
3263 4463 3459 4531 Filius,
3487 4469 3776 4537 quamlibet

2189 4561 2378 4616 magna
2409 4549 2496 4616 sit,
2526 4548 2662 4605 facta
2691 4559 2792 4604 cst.
2823 4551 2932 4607 Nos
2957 4565 3132 4610 autem
3159 4556 3212 4611 in
3239 4571 3362 4612 eum
3388 4547 3657 4618 credimus
3682 4576 3774 4631 per

2161 4654 2347 4708 .quem
2376 4640 2512 4696 facta
2542 4653 2664 4698 sunt
2687 4645 2863 4698 omnia
2885 4687 2898 4712 ,
2933 4661 3038 4702 non
3070 4648 3120 4702 in
3163 4664 3288 4704 eum
3327 4666 3424 4722 per
3453 4665 3612 4722 quem
3645 4653 3775 4708 facta

2191 4741 2314 4787 sunt
2343 4742 2534 4790 caetera
2578 4753 2590 4787 :
2633 4752 2805 4807 neque
2834 4739 2978 4794 enim
3008 4739 3095 4794 hic
3130 4741 3286 4797 aliter
3311 4743 3557 4815 accipere
3585 4760 3774 4818 possu—

2190 4838 2308 4878 mus
2329 4827 2503 4880 omnia
2525 4869 2539 4894 ,
2571 4829 2672 4882 nisi
2704 4846 3052 4901 quaecumque
3077 4843 3202 4889 sunt
3222 4834 3380 4890 facta.
3565 4899 3568 4902 ,

2261 4918 2313 4973 6.
2355 4919 2457 4975 Sed
2487 4923 2736 4992 quoniam
2773 4921 2989 4977 Verbum
3017 4941 3135 4979 caro
3165 4929 3357 4996 factum
3386 4941 3477 4999 est,
3508 4943 3556 4987 et
3587 4935 3777 4990 habita-

2189 5009 2256 5063 vit
2282 5011 2333 5064 in
2363 5011 2502 5066 nobis
2543 5011 2729 5084 (Joan.
2771 5029 2826 5080 ι,
2859 5012 2961 5086 14)
2993 5032 3008 5080 ;
3045 5016 3232 5074 eadem
3262 5019 3529 5092 Sapientia
3560 5042 3676 5097 quia
3712 5025 3776 5080 de

2191 5103 2299 5160 Dco
2328 5106 2501 5174 genita
2532 5114 2634 5170 est,
2663 5105 2876 5177 dignata
2900 5116 2983 5162 est
3021 5110 3180 5165 etiam
3208 5112 3262 5167 in
3287 5113 3600 5173 hominibus
3627 5133 3774 5172 crea-

2187 5196 2234 5250 ri
2259 5195 2299 5248 ‘.
2333 5196 2458 5270 Quo.
2476 5197 2707 5266 pertinet
2733 5197 2865 5254 illud
2889 5241 2902 5267 ,
2929 5198 3182 5258 Dominus
3209 5207 3394 5260 creavit
3415 5225 3494 5262 me
3518 5210 3570 5262 in
3592 5209 3775 5280 princi-

2188 5290 2272 5360 pio
2297 5291 2488 5342 viarum
2529 5306 2738 5344 suarum
2791 5291 2982 5363 (Prov.
3030 5309 3122 5350 vm
3151 5337 3166 5363 ,
3209 5295 3340 5369 22).
3375 5299 3589 5356 Viarum
3635 5301 3771 5356 cnim

2187 5382 2300 5449 ejus
2337 5382 2654 5452 principium
2684 5394 2844 5456 caput
2883 5394 2967 5443 est
2993 5387 3248 5445 Ecclesia:
3273 5433 3288 5458 ,
3333 5391 3473 5462 quod
3501 5401 3583 5448 est
3620 5393 3771 5448 Chri.

2249 5519 2267 5548 ³
2305 5517 2489 5581 Aliquot
2511 5526 2638 5581 Mss,
2664 5521 2896 5573 concedit.

2247 5582 2267 5610 ²
2299 5587 2404 5649 tuss.
2456 5589 2556 5630 tres
2583 5585 2798 5634 melioris
2830 5592 2973 5649 notte,
3001 5593 3200 5637 conante
3239 5591 3338 5649 retu
3367 5590 3513 5638 verbi.
3542 5597 3674 5638 Forte
3703 5587 3769 5632 law-

2182 5643 2410 5714 gendum,
2433 5652 2654 5714 conantes
2675 5649 2775 5714 fetu
2795 5647 2939 5698 verbi.
2960 5643 3194 5710 ὲ-Μοι-ει,
3219 5643 3364 5701 Ειεπι.
3384 5655 3507 5713 crit.,
3531 5667 3575 5714 p.
3595 5653 3670 5706 94,
3697 5649 3767 5696 lc-

2181 5707 2280 5767 git:
2308 5712 2500 5755 sonante
2531 5709 2622 5768 feta
2647 5707 2788 5758 verbi.
2857 5717 2912 5759 Μ.

2247 5770 2264 5796 ³
2298 5768 2432 5826 mai,
2451 5772 2777 5831 smnpiWnns.
2801 5781 2852 5821 At
2876 5781 2979 5823 Mss.
3008 5787 3197 5832 omnes,
3223 5774 3522 5826 semitrrwe.

2244 5835 2263 5859 ’⁵
2299 5837 2378 5878 bis.
2410 5835 2725 5898 Itetnigizmus,
2747 5834 2797 5884 in
2819 5835 3031 5888 omnibus
3056 5850 3072 5886 .'
3098 5838 3143 5887 id
3174 5846 3265 5898 est,
3289 5841 3413 5888 inter
3461 5838 3617 5889 munia
3660 5844 3766 5897 qua!

2185 5892 2305 5944 facta
2328 5899 2464 5954 sunt;
2492 5908 2583 5944 nec
2601 5897 2741 5946 male.
