4000 6336
168 439 258 507 185
1255 465 1266 508 1
1281 467 1308 508 ελ·
1615 448 1777 506 LlBEl

1885 447 2054 508 lNUS.

175 573 269 622 stus
298 563 314 595 ¹
343 559 584 618 homine
611 561 844 620 indutus
865 606 881 631 ,
909 573 1008 636 per
1049 577 1208 635 quem
1238 562 1450 620 vivendi
1478 564 1782 634 exemplum

185 657 310 714 nobis
333 654 593 720 daretur,
634 656 748 712 hoc
788 665 877 713 est
913 658 996 712 via
1024 659 1170 712 certa
1199 658 1220 689 ³
1249 673 1352 728 qua
1383 657 1783 728 perveniremus

189 753 240 808 ad
263 751 446 806 Deum.
481 750 611 808 Non
649 753 801 808 enim
826 751 1002 809 redire
1032 752 1300 824 potuimus
1338 753 1439 808 nisi
1467 753 1782 822 humilitate,

193 847 262 917 qui
281 845 533 914 superbia
571 845 716 917 lapsi
747 861 956 914 sumus,
983 847 1119 902 sicut
1145 846 1346 902 dictum
1373 856 1454 902 est
1481 849 1664 918 prima:
1689 863 1788 904 no-

193 949 294 994 stra:
313 945 610 1006 creaturas,
643 937 881 1004 Gustata,
912 947 961 992 et
985 939 1122 993 eritis
1157 949 1397 1010 tanquam
1425 940 1498 993 dii
1525 939 1675 1011 (Gen.
1704 957 1781 1009 Ill,

192 1030 266 1101 5).
293 1028 462 1099 Hujus
503 1030 681 1101 igitur
729 1029 1055 1086 humilitatis
1083 1031 1389 1101 exemplum
1415 1073 1427 1096 ,
1461 1031 1513 1085 id
1549 1039 1653 1098 est,
1683 1031 1784 1087 via:

191 1139 274 1194 qua
297 1123 645 1178 redeundum
675 1123 796 1188 fuit,
828 1124 942 1192 ipse
969 1123 1265 1194 lleparator
1283 1131 1469 1179 noster
1499 1123 1556 1178 in
1584 1137 1643 1178 se
1665 1123 1782 1193 ipso

189 1215 550 1271 demonstrare
579 1215 834 1285 dignatus
861 1222 964 1281 est,
993 1215 1080 1284 qui
1122 1231 1223 1269 non
1251 1217 1485 1285 rapinam
1513 1216 1784 1271 arbitratus

189 1318 245 1363 est
266 1325 367 1363 esse
393 1309 622 1378 aqualis
641 1308 769 1373 Deo,
802 1307 891 1362 sed
915 1309 1235 1380 semetipsum
1254 1310 1534 1375 evacuabit,
1566 1313 1782 1380 formam

187 1401 569 1470 sariaccipiens
595 1401 613 1470 (
637 1399 872 1470 Philipp.
901 1415 966 1465 ιι,
997 1400 1058 1466 6,
1091 1397 1160 1470 7)
1193 1415 1206 1464 ;
1237 1408 1293 1453 ut
1319 1407 1592 1456 crearetur
1612 1399 1774 1453 homo

186 1493 512 1563 inprincipio
543 1491 756 1546 viarum
781 1492 920 1562 ejus,
950 1491 1180 1546 Verbum
1210 1507 1306 1562 per
1329 1492 1470 1562 quod
1495 1493 1629 1548 facta
1655 1501 1780 1548 sunt

186 1586 366 1640 omnia.
401 1583 754 1652 QuaprOpter
780 1582 1072 1637 secundum
1098 1582 1152 1636 id
1181 1582 1322 1652 quod
1349 1583 1649 1652 unigenitus
1673 1592 1774 1652 est,

183 1692 280 1732 non
304 1675 462 1730 habet
490 1674 692 1730 fratres
724 1692 742 1727 :.
770 1674 1063 1729 secundum
1111 1673 1162 1728 id
1192 1683 1369 1729 autem
1406 1674 1546 1745 quod
1579 1675 1790 1746 primo-.

182 1769 376 1838 genitus
405 1776 526 1831 est,
577 1766 772 1822 fratres
803 1781 1002 1821 vocare
1049 1766 1295 1836 dignatus
1337 1775 1420 1821 est
1456 1782 1641 1822 omnes
1686 1768 1775 1838 qui

180 1869 287 1932 post
312 1862 432 1929 ejus
465 1870 525 1916 et
552 1876 652 1930 per
676 1860 792 1929 ejus
822 1861 1107 1930 primatum
1137 1860 1190 1914 in
1237 1860 1329 1914 Dei
1358 1861 1582 1930 gratiam
1613 1876 1773 1916 rena-

178 1965 384 2009 scuntur
410 1955 434 1985 ³
481 1970 581 2024 per
621 1953 966 2023 adeptionem
1008 1952 1235 2008 ﬁliorum
1265 1953 1428 2024 (Luc.
1461 1971 1584 2021 Vill,
1628 1953 1771 2028 2i),

179 2047 302 2101 sicut
327 2045 632 2116 apostolica
655 2045 935 2114 disciplina
958 2043 980 2076 ⁴
1009 2045 1346 2100 commendat
1373 2045 1554 2115 (Hebr.
1583 2045 1770 2119 ιι,11).

177 2139 444 2193 Naturalis
471 2153 598 2208 ergo
624 2137 792 2192 Filius
823 2137 892 2193 de
918 2138 1031 2208 ipsa
1055 2137 1226 2192 Patris
1256 2138 1554 2193 substantia
1582 2139 1774 2196 unicus

175 2240 328 2284 natus
349 2239 457 2292 est,
490 2229 538 2283 id
557 2229 790 2284 existens
819 2228 961 2300 quod
985 2229 1138 2285 Pater
1163 2238 1248 2285 est
1276 2231 1296 2262 ³
1326 2246 1341 2296 ;
1375 2230 1515 2285 Deus
1540 2229 1608 2286 de
1640 2232 1770 2300 Deo,

178 2323 372 2379 Lumen
404 2323 479 2379 de
507 2323 737 2378 Lumine
779 2341 791 2376 :
828 2338 926 2378 nos
953 2331 1129 2379 autem
1174 2339 1279 2379 non
1309 2325 1487 2380 lumen
1515 2325 1771 2380 naturali-

179 2429 252 2474 ter
277 2433 467 2473 sumus
490 2458 507 2483 ,
535 2416 636 2472 sed
665 2417 731 2472 ab
761 2418 852 2471 illo
892 2416 1118 2473 Lumine
1163 2419 1523 2475 illuminamur
1545 2461 1560 2487 ,
1593 2429 1651 2475 ut
1689 2434 1774 2474 sa-

180 2514 362 2582 pientia
402 2515 591 2571 lucere
635 2519 924 2586 possimus.
964 2515 1091 2572 Erat
1131 2519 1296 2586 enim,
1345 2519 1534 2589 inquit,
1579 2518 1772 2572 Lumen

180 2621 355 2671 rerum,
400 2612 542 2675 quod
589 2608 847 2662 illuminat
893 2626 1091 2664 onmem
1135 2609 1386 2664 hominem
1413 2610 1684 2664 cenientem
1719 2610 1772 2663 in

181 2695 298 2748 hanc
319 2697 575 2750 utendum
605 2697 799 2768 (Joan.
831 2716 880 2766 ι,
909 2697 1000 2772 9).
1032 2700 1291 2756 Addimus
1321 2701 1497 2771 itaque
1537 2700 1658 2756 fidei
1686 2717 1772 2756 re-

179 2803 280 2842 rum
329 2797 666 2846 aeternarum
713 2792 873 2847 etiam
920 2793 1267 2862 temporalem
1315 2792 1770 2863 dispensalionem

179 2879 372 2936 Domini
399 2883 600 2950 nostri,
639 2899 797 2951 quam
823 2900 1010 2955 gerere
1037 2886 1190 2941 nobis
1235 2893 1291 2941 et
1335 2887 1636 2942 ministrare
1676 2902 1772 2957 pro

177 2983 344 3029 nostra
389 2976 574 3032 salute
616 2976 865 3047 dignatus
903 2989 1004 3034 est.
1035 2979 1167 3034 Nam
1213 2980 1507 3035 secundum
1547 2981 1600 3035 id
1629 2981 1772 3051 quod

177 3068 467 3138 unigenitus
506 3077 594 3125 est
637 3070 729 3126 Dei
759 3072 964 3140 Filius,
1013 3088 1118 3128 non
1163 3082 1339 3144 potest
1381 3073 1485 3129 dici
1510 3115 1524 3141 ,
1569 3074 1691 3129 Fuit
1719 3082 1774 3129 et

179 3159 316 3227 Erit;
345 3163 442 3218 sed
475 3173 688 3219 tantum
716 3207 731 3231 ,
758 3167 852 3220 Est
883 3185 896 3221 :
934 3167 1056 3237 quia
1085 3177 1138 3223 ct
1163 3168 1304 3239 quod
1351 3169 1482 3236 luit,
1519 3169 1630 3238 jam
1665 3184 1771 3225 non

179 3263 286 3320 est;
313 3264 366 3311 et
411 3257 564 3327 quod
606 3257 729 3324 erit,
761 3259 998 3314 nondum
1031 3269 1129 3316 est.
1176 3261 1268 3316 llle
1309 3277 1435 3332 ergo
1461 3270 1542 3318 est
1571 3263 1775 3318 incom-

179 3347 434 3404 utabilis
456 3348 584 3404 sine
614 3349 924 3407 conditione
954 3360 1251 3423 temporum
1283 3363 1336 3408 et
1358 3355 1633 3410 varietate.
1666 3355 1776 3411 Nec

178 3438 376 3495 aliunde
402 3441 648 3496 arbitror
671 3459 892 3499 manare
917 3444 1046 3499 illud
1076 3446 1215 3516 quod
1241 3446 1442 3501 famulo
1477 3462 1575 3502 suo
1605 3447 1774 3518 Moysi

177 3535 272 3589 tale
299 3551 504 3591 noen
533 3551 693 3591 suum
734 3538 1041 3594 insinuavit.
1071 3539 1202 3594 Nam
1228 3556 1348 3595 cum
1376 3540 1444 3596 ab
1471 3556 1537 3596 eo
1565 3555 1775 3612 qurere-

179 3635 282 3690 ret,
309 3627 354 3680 si
381 3643 442 3682 se
471 3628 712 3698 populus
740 3628 805 3682 ad
833 3645 994 3699 quem
1033 3630 1340 3686 mittebatur
1383 3641 1768 3698 contemneret,

178 3729 204 3768 a
228 3732 329 3786 quo
365 3733 428 3772 se
467 3717 681 3772 diceret
725 3733 844 3774 esse
885 3719 1106 3774 missum
1142 3737 1157 3786 ;
1204 3735 1518 3791 responsum
1549 3722 1775 3778 dicentis

179 3810 387 3878 accepit,
421 3809 541 3878 Ego
569 3827 686 3864 sum
711 3811 797 3879 qui
818 3828 949 3866 sum.
999 3813 1198 3868 Deinde
1220 3814 1514 3885 subjunxit,
1545 3815 1672 3870 litae
1702 3817 1774 3870 (li-

178 3915 252 3954 ces
271 3901 388 3970 ﬁliis
406 3901 602 3968 Israel,
641 3903 744 3969 Qui
769 3913 860 3969 est,
881 3905 1014 3957 misit
1032 3922 1108 3959 me
1133 3906 1200 3959 ad
1229 3923 1312 3961 vos
1338 3906 1533 3977 (Exod.
1565 3907 1772 3979 111,”).

243 3993 294 4047 7.
323 3993 404 4048 Ex
431 4010 545 4064 quo
567 3995 680 4064 jam
710 3995 1074 4064 spiritualibus
1099 3997 1292 4052 animis
1318 4009 1500 4067 patere
1525 3999 1738 4055 conﬁdo
1755 4041 1771 4066 ,

180 4083 368 4138 nullam
392 4092 646 4138 naturam
677 4084 788 4139 Deo
823 4101 944 4140 esse
977 4101 1134 4155 posse
1163 4089 1506 4143 contrariam.
1541 4089 1599 4144 Si
1631 4091 1774 4146 enim

178 4175 260 4229 ille
293 4185 398 4240 est,
425 4185 484 4231 et
502 4175 572 4230 de
596 4175 717 4232 solo
740 4176 849 4231 Deo
875 4178 1086 4247 proprie
1109 4179 1210 4234 dici
1232 4189 1409 4250 potest
1431 4181 1531 4236 hoc
1553 4182 1777 4237 verbum

180 4266 199 4334 (
215 4267 356 4335 quod
387 4268 540 4323 enim
569 4282 698 4323 vere
727 4276 842 4335 est,
868 4269 1377 4326 incommutabilitcr
1407 4281 1610 4339 manet;
1643 4289 1778 4343 quo-

180 4361 312 4416 niam
340 4362 490 4431 quod
519 4369 777 4426 mutatur,
810 4361 910 4416 fuit
932 4362 1131 4430 aliquid
1160 4363 1300 4434 quod
1321 4364 1432 4434 jam
1454 4379 1557 4420 non
1589 4375 1692 4431 est,
1727 4373 1784 4420 ct

178 4453 274 4506 erit
297 4453 448 4524 quod
489 4454 734 4509 nondum
761 4456 915 4524 est),
949 4455 1082 4509 nihil
1123 4471 1250 4526 ergo
1281 4456 1439 4513 habet
1476 4459 1616 4514 Dens
1645 4473 1779 4514 con-

177 4547 418 4600 trarium.
466 4546 527 4602 Si
577 4547 722 4601 enim
765 4555 1098 4616 quaereretur
1124 4563 1155 4601 a
1185 4547 1340 4604 nobis
1382 4549 1507 4620 quid
1549 4550 1618 4604 sit
1659 4550 1782 4605 albo

177 4639 509 4692 contrarium
532 4679 548 4701 ,
587 4637 1040 4708 responderemus
1070 4639 1278 4709 nigrum
1324 4658 1336 4694 :
1381 4641 1426 4694 si
1455 4651 1783 4712 quaereretur

179 4727 296 4796 quid
326 4729 404 4782 sit
425 4727 609 4782 calido
635 4730 987 4793 contrarium,
1021 4731 1469 4798 reSpondcremus
1495 4731 1740 4802 frigidum
1765 4751 1778 4787 :

178 4819 219 4872 si
245 4831 589 4891 quaereretur
612 4820 740 4892 quid
767 4821 836 4876 sit
871 4821 1040 4877 veloci
1068 4823 1391 4878 contrarimn
1416 4823 1456 4888 °,
1486 4825 1780 4894 responde—

179 4929 354 4970 remus
400 4915 665 4982 tardum;
708 4925 763 4970 et
793 4930 1143 4987 quacumque
1187 4917 1398 4972 similia.
1446 4918 1577 4971 Cum
1605 4927 1782 4973 autem

178 5010 437 5077 quaeritur
466 5009 598 5080 quid
629 5010 699 5064 sit
736 5009 1062 5064 contrarium
1103 5010 1152 5065 ei
1196 5011 1338 5082 quod
1378 5018 1491 5080 cst,
1522 5019 1665 5068 recte
1693 5027 1783 5068 re-

181 5102 476 5170 spondetur
501 5100 647 5172 quod
673 5115 779 5156 non
803 5109 909 5157 est.

245 5197 298 5250 ε.
339 5195 451 5252 Sed
478 5195 735 5266 quoniam
763 5211 858 5267 per
887 5196 1272 5266 temporalem,
1312 5204 1370 5252 ut
1393 5195 1537 5263 dixi,
1564 5196 1783 5268 dispen-

207 5487 221 5514 '
241 5423 260 5452 '-
391 5429 503 5473 Mss.
534 5429 588 5474 At
610 5422 744 5483 editi,
762 5420 1059 5488 principium
1076 5428 1122 5473 et
1143 5430 1286 5489 caput
1311 5423 1536 5476 Ecclesia:
1556 5431 1625 5476 est
1645 5426 1785 5478 Chri-

181 5495 294 5534 55-518.

245 5548 262 5573 "
283 5548 438 5616 illiti,
455 5545 563 5597 hcce
585 5554 656 5614 est
681 5546 755 5598 via
775 5554 926 5599 certa.
956 5557 1060 5598 Mss.
1079 5562 1212 5610 vero,
1233 5549 1319 5600 hoc
1331 5556 1398 5601 est
1421 5548 1496 5600 cia
1506 5555 1654 5602 certa.
1668 5559 1788 5602 Tum

187 5617 242 5650 ϊ-’ς
265 5622 327 5657 us
349 5619 582 5671 quatuor,
605 5623 682 5659 ma
699 5618 852 5660 τέττα.

297 5678 526 5738 Fr.,_post
540 5675 643 5738 ejus
664 5671 909 5735 primitias
931 5671 980 5723 in
999 5671 1086 5723 Dei
1108 5673 1265 5738 gratia
1279 5673 1537 5738 nascimur.

249 5732 268 5798 ξ
297 5732 454 5785 miti.
480 5732 703 5785 doctrina
741 5748 758 5784 :
793 5749 883 5798 pro
915 5749 1011 5798 quo
1044 5732 1174 5798 Mss,
1199 5735 1476 5796 disciplina.

247 5797 268 5861 ξ
297 5801 374 5842 ste
391 5802 498 5845 Mss.
520 5805 572 5861 at
592 5795 957 5861 vulgatu'iclcn't
973 5795 1180 5861 existens
1203 5795 1334 5861 quod
1355 5806 1495 5849 Pater
1514 5809 1659 5852 Deus.

247 5855 266 5884 '
301 5863 353 5928 tn
393 5863 462 5916 8.,
485 5857 530 5908 si
547 5855 849 5928 quin-creua
874 5857 992 5922 quid
1017 5857 1164 5911 veloci
1184 5855 1479 5912 contrarium
1521 5869 1594 5914 llr.
1632 5863 1783 5928 Lugd.

81 5905 90 5924 ‘
185 5919 300 5967 seu.
327 5905 833 5974 assensum;
879 5905 960 5971 "ii.

713 6018 745 6038 κ

1893 566 2181 634 sationem,
2209 569 2277 625 ad
2301 575 2536 626 nostram
2566 568 2792 625 salutem
2819 575 2873 626 et
2889 575 3280 640 reparationem
3299 615 3315 643 ,
3344 591 3480 649 ope-

1891 667 2044 715 rante
2085 661 2179 716 Dei
2235 663 2600 734 benignitate,
2648 662 2716 718 ab
2767 663 2852 717 illa
2911 664 3330 724 incommutabili
3379 669 3477 730 Dei

1891 750 2159 822 Sapientia
2196 764 2384 811 natura
2411 755 2677 812 mutabilis
2707 765 2888 812 nostra
2917 768 3166 830 suscepta
3192 772 3273 817 est
3293 803 3306 827 ,
3335 771 3478 819 tem-

1890 847 2150 915 poralium
2176 864 2353 905 rerum
2378 851 2662 906 salubriter
2687 866 2785 921 pro
2809 851 2962 907 nobis
2989 861 3262 922 gestarum
3288 855 3480 926 adjun-

1890 938 2061 1008 gimus
2099 939 2255 996 ﬁdem
2278 984 2293 1008 ,
2323 942 2605 998 credentes
2640 942 2693 997 in
2721 957 2844 998 eum
2867 943 2960 998 Dei
2991 943 3182 1000 Filium
3208 947 3296 1018 qui
3324 957 3478 1004 natus

1889 1039 1972 1086 est
2018 1047 2113 1102 per
2157 1032 2410 1103 Spiritum
2454 1043 2694 1090 sanctum
2739 1049 2806 1090 ex
2849 1035 3052 1106 virgine
3095 1035 3279 1092 Maria.
3329 1038 3478 1095 Dono

1889 1125 2032 1178 enim
2063 1126 2190 1190 Dei,
2223 1127 2324 1182 hoc
2353 1137 2434 1183 est
2451 1169 2466 1195 ,
2494 1137 2678 1183 sancto
2704 1127 2906 1198 Spiritu
2932 1143 3188 1186 concessa
3214 1131 3370 1187 nobis
3392 1142 3476 1187 est

1888 1223 2031 1272 tanta
2062 1217 2328 1276 humilitas
2367 1222 2499 1276 tanti
2526 1221 2639 1288 Dei,
2683 1231 2740 1277 ut
2771 1230 2937 1277 totum
2981 1223 3254 1280 hominem
3300 1226 3476 1282 susci-

1887 1321 2013 1377 pere
2055 1309 2360 1380 dignaretur
2395 1313 2448 1366 in
2487 1321 2640 1368 utero
2674 1313 2890 1384 virginis
2910 1355 2925 1380 ,
2957 1323 3254 1370 maternum
3282 1331 3476 1386 corpus

1885 1399 2149 1470 integrum
2181 1402 2513 1469 inhabitans,
2546 1405 2812 1475 integrum
2840 1405 3094 1462 deserens
3122 1408 3161 1460 ¹.
3203 1407 3300 1462 Cui
3343 1416 3477 1462 tem-

1883 1492 2051 1561 porali
2070 1492 2454 1563 dispensationi
2474 1497 2655 1551 multis
2679 1496 2852 1553 modis
2873 1497 3191 1553 insidiantur
3213 1498 3471 1556 haeretici.

1882 1583 1990 1639 Sed
2033 1586 2076 1639 si
2115 1588 2232 1657 quis
2262 1589 2494 1644 tenuerit
2520 1589 2836 1646 catholicam
2861 1590 3018 1646 ﬁdem
3041 1633 3056 1659 ,
3086 1600 3142 1645 ut
3184 1599 3350 1646 totum
3376 1590 3477 1645 ho—

1881 1677 2080 1732 minem
2118 1679 2300 1734 credat
2337 1698 2367 1736 a
2405 1680 2578 1737 Verbo
2619 1683 2714 1737 Dei
2760 1698 2881 1738 esse
2918 1691 3222 1754 susceptum
3245 1725 3261 1748 ,
3306 1683 3358 1739 id
3395 1692 3478 1739 est

1881 1782 2094 1839 corpus,
2126 1772 2377 1839 animam,
2409 1775 2673 1844 spiritum,
2709 1777 2839 1830 satis
2873 1785 3057 1832 contra
3089 1777 3208 1832 illos
3237 1777 3476 1832 munitus

1879 1869 1978 1915 est.
2010 1861 2214 1932 Quippe
2238 1879 2358 1918 cum
2390 1865 2488 1920 ista
2519 1867 2786 1936 susceptio
2815 1882 2912 1936 pro
2952 1868 3120 1922 salute
3161 1877 3342 1924 nostra
3392 1870 3463 1924 sit

1879 1964 2046 2025 gesta,
2069 1955 2362 2012 cavendum
2386 1967 2465 2013 cst
2484 1973 2550 2014 ne
2569 1973 2688 2013 cum
2703 1957 2994 2014 crediderit
3012 1959 3209 2027 aliquid
3232 1967 3474 2014 nostrum

1879 2062 1985 2102 non
2015 2048 2283 2118 pertinere
2318 2049 2391 2104 ad
2427 2051 2582 2105 istam
2611 2051 3003 2121 susceptionem
3023 2092 3038 2116 ,
3071 2066 3178 2107 non
3203 2052 3471 2122 pertineat

1878 2141 1947 2195 ad
1984 2142 2230 2198 salutem.
2275 2143 2343 2198 Et
2371 2158 2491 2199 eum
2528 2143 2688 2199 homo
2729 2152 2951 2214 excepta
2990 2144 3162 2199 forma
3197 2144 3473 2200 membro‘

1876 2250 1992 2290 rum
2012 2277 2026 2302 ,
2059 2251 2178 2306 qua:
2196 2236 2422 2294 diversis
2441 2236 2724 2307 generibus
2754 2238 3104 2292 animantium
3135 2238 3345 2293 diversa
3377 2237 3478 2292 tri-

1876 2326 2002 2384 huta
2029 2338 2110 2385 est
2132 2371 2148 2396 ,
2197 2345 2304 2385 non
2334 2329 2494 2386 distet
2521 2347 2553 2385 a
2594 2345 2786 2401 pecore
2823 2331 2926 2386 nisi
2952 2331 3201 2386 rationali
3243 2331 3430 2402 spiritu
3452 2373 3468 2398 ,

1876 2436 1995 2491 qua:
2021 2437 2173 2477 mens
2198 2423 2358 2478 etiam
2397 2423 2702 2478 nominatur
2730 2440 2744 2490 ;
2777 2423 3045 2494 quomodo
3074 2439 3203 2480 sana
3228 2433 3312 2481 est
3337 2424 3474 2482 ﬁdes

1876 2528 1976 2583 qua
2003 2513 2238 2569 creditur
2264 2514 2405 2585 quod
2431 2514 2484 2569 id
2505 2524 2745 2571 nostrum
2771 2515 3065 2586 susceperit
3084 2516 3178 2572 Dei
3203 2515 3476 2586 Sapientia

1875 2605 2018 2677 quod
2057 2607 2311 2662 habemus
2341 2621 2626 2662 commune
2667 2623 2791 2663 cum
2835 2622 3062 2678 pecore,
3114 2607 3246 2663 illud
3287 2617 3468 2664 autem

1875 2712 1984 2752 non
2035 2699 2330 2768 susceperit
2367 2698 2510 2770 quod
2563 2699 2856 2755 illustratur
2904 2700 3023 2756 luce
3065 2700 3376 2770 sapientiaz,
3421 2711 3478 2756 et

1876 2790 2017 2860 quod
2049 2791 2281 2846 hominis
2313 2792 2587 2862 proprium
2614 2793 2737 2847 est?
3263 2864 3284 2867 _
3375 2863 3414 2868 __
3455 2864 3465 2874 _

1947 2881 2000 2937 9.
2047 2883 2356 2940 Detestandi
2383 2893 2564 2941 autem
2588 2886 2749 2941 etiam
2777 2885 2852 2940 illi
2891 2895 3042 2952 sunt,
3073 2887 3164 2957 qui
3190 2886 3475 2943 Dominum

1877 2983 2117 3030 nostrum
2154 2976 2337 3031 Jesum
2377 2975 2645 3034 Christum
2685 2987 2914 3034 matrem
2954 2979 3173 3034 Mariam
3224 2980 3276 3033 in
3320 2979 3476 3034 terris

1875 3065 2128 3123 habuisse
2180 3078 2418 3139 negant,
2475 3084 2598 3124 cum
2645 3070 2737 3124 illa
2790 3070 3120 3141 dispensatio
3189 3079 3476 3142 utrumque

1875 3171 2099 3224 sexum,
2141 3167 2194 3215 et
2238 3160 2590 3216 masculinum
2639 3168 2694 3216 et
2731 3161 3046 3217 femininum
3088 3162 3468 3229 honoraverit,

1878 3259 1933 3306 et
1974 3250 2042 3305 ad
2087 3265 2270 3306 curam
2313 3251 2407 3308 Dei
2451 3253 2720 3322 pertinere
2765 3254 3174 3322 monstraverit,
3216 3269 3322 3310 non
3369 3268 3474 3311 so-

1876 3342 1988 3400 lum
2015 3359 2174 3414 quem
2197 3345 2454 3414 suscepit,
2496 3345 2590 3400 scd
2619 3345 2769 3400 illum
2797 3346 2960 3400 etiam
2993 3361 3090 3416 per
3139 3363 3297 3416 quem
3346 3362 3476 3403 sus-

1877 3434 2037 3505 cepit,
2065 3435 2234 3489 virum
2271 3435 2542 3505 gerendo,
2581 3435 2848 3490 nascendo
2869 3435 2938 3490 de
2980 3435 3196 3490 femina.
3224 3437 3334 3492 Nec
3373 3451 3474 3492 nos

1878 3526 1945 3582 ad
1979 3527 2271 3598 negandam
2301 3526 2500 3582 Christi
2529 3536 2757 3582 matrem
2791 3527 2962 3598 cogit,
3008 3527 3152 3598 quod
3196 3528 3264 3584 ab
3299 3544 3366 3584 co
3392 3529 3475 3583 di-

1879 3629 2021 3676 ctum
2043 3630 2146 3686 est,
2180 3619 2317 3688 Quid
2347 3621 2470 3674 mihi
2495 3628 2539 3674 et
2573 3621 2659 3676 tibi
2684 3630 2758 3676 est
2782 3663 2796 3688 ,
2825 3620 3008 3676 mulier
3030 3624 3056 3676 ?
3082 3623 3308 3690 nondum
3342 3623 3475 3676 venit

1880 3714 2006 3768 hora
2047 3728 2157 3766 mea
2193 3711 2382 3782 (Joan.
2413 3727 2470 3776 ιι,
2498 3713 2532 3768 4
2557 3712 2598 3782 ).
2625 3712 2730 3768 Sed
2754 3712 3007 3768 admonet
3035 3713 3210 3784 potius
3239 3721 3298 3767 ut
3319 3713 3477 3769 intel-

1880 3804 2106 3876 ligamus
2130 3803 2422 3859 secundum
2452 3805 2619 3860 Deum
2641 3820 2748 3860 non
2782 3820 2906 3860 eum
2937 3805 3189 3860 habuisse
3225 3814 3473 3872 matrem,

1879 3896 2032 3966 cujus
2076 3895 2370 3965 majestatis
2398 3911 2680 3965 personam
2719 3897 2940 3966 parabat
2971 3895 3256 3952 ostendere
3283 3911 3476 3968 aquam

1882 3989 1937 4043 in
1966 3989 2149 4042 vinum
2172 3987 2448 4042 vertendo.
2477 3986 2630 4054 Quod
2649 3996 2828 4044 autem
2855 3988 3140 4044 cruciﬁxus
3164 3997 3264 4055 cst,
3294 4003 3476 4045 secun-

1883 4079 2009 4136 dum
2038 4078 2311 4134 hominem
2340 4078 2623 4134 cruciﬁxus
2646 4088 2765 4145 est;
2797 4088 2853 4135 et
2893 4080 2980 4134 illa
3006 4089 3120 4134 erat
3150 4080 3276 4134 hora
3298 4121 3313 4146 ,
3354 4095 3476 4150 quae

1883 4172 2117 4228 nondum
2145 4179 2397 4239 venerat,
2420 4171 2632 4242 quando
2655 4171 2854 4228 dictum
2881 4181 2982 4240 est,
3014 4171 3144 4226 Mihi
3167 4181 3214 4227 et
3237 4172 3325 4226 tibi
3352 4171 3476 4242 quid

1884 4275 1955 4322 est
1986 4266 2009 4318 ?
2047 4265 2273 4320 nondum
2317 4266 2446 4318 venit
2475 4266 2603 4320 hora
2629 4282 2738 4320 mea
2765 4307 2778 4330 ,
2825 4265 2879 4320 id
2905 4274 3006 4332 est,
3051 4281 3154 4336 qua
3198 4274 3247 4320 te
3275 4279 3477 4335 cogno-

1885 4371 2053 4413 scam.
2083 4357 2233 4412 Tunc
2259 4358 2400 4413 enim
2431 4365 2487 4413 ut
2518 4358 2677 4413 hmno
2707 4359 2992 4414 cruciﬁxus
3028 4359 3274 4429 cognovit
3300 4358 3477 4413 homi-

1885 4466 2009 4508 nem
2045 4459 2271 4506 matrem
2299 4493 2313 4518 ,
2346 4460 2400 4506 ct
2421 4450 2770 4506 dilectissimo
2795 4451 3055 4520 discipulo
3095 4450 3477 4507 humanissime

1885 4543 2278 4599 commendavit
2298 4543 2409 4612 (1d.
2441 4559 2552 4610 xix,
2573 4542 2663 4610 ‘36,
2687 4543 2801 4614 27).
2823 4543 2934 4600 Nec
2958 4543 3213 4611 illud_nos
3241 4551 3474 4612 moveat,

1887 4641 2026 4712 quod
2063 4656 2183 4696 cum
2231 4642 2281 4696 ei
2321 4642 2654 4696 nuntiaretur
2687 4650 2856 4695 mater
2879 4641 3027 4710 ejus,
3060 4639 3351 4706 etJratres,
3393 4654 3482 4695 re-

1886 4733 2118 4804 spondit,
2155 4734 2283 4801 Qua:
2308 4735 2431 4787 mihi
2459 4742 2635 4800 mater,
2665 4743 2752 4787 aut
2781 4734 2866 4803 qui
2896 4733 3099 4802 fratres,
3129 4741 3234 4789 ctc.
3259 4731 3476 4803 (Matth.

1887 4843 1979 4892 xu,
2013 4825 2172 4900 48)?
2218 4826 2323 4882 Sed
2375 4827 2546 4896 potius
2575 4825 2765 4882 doceat
2803 4827 3158 4882 ministerium
3201 4834 3472 4891 nostrum,

1887 4933 1995 4988 quo
2023 4918 2243 4973 verbum
2271 4918 2361 4972 Dei
2389 4917 2642 4973 fratribus
2667 4919 3051 4985 ministramus,
3079 4927 3330 4987 parentes
3351 4931 3472 4972 cum

1888 5010 2184 5080 impediunt
2204 5052 2218 5077 ,
2243 5025 2349 5064 non
2385 5025 2478 5065 eos
2505 5009 2706 5066 debere
2730 5011 2996 5080 cognosci.
3024 5011 3157 5064 Nam
3189 5010 3233 5064 si
3265 5017 3482 5079 propte-

1889 5117 1981 5158 rea
2006 5102 2232 5173 quisque
2276 5102 2540 5172 putaverit
2580 5117 2685 5158 non
2713 5118 2835 5157 eum
2882 5101 3128 5156 habuisse
3167 5107 3394 5153 matrem
3427 5100 3480 5154 in

1890 5197 2047 5254 terris
2067 5238 2082 5263 ,
2114 5196 2236 5266 quia
2264 5195 2396 5250 dixit
2415 5238 2429 5263 ,
2467 5196 2596 5264 Qua:
2619 5196 2740 5250 mihi
2771 5203 2930 5249 mater
2961 5195 2985 5246 Ρ
3009 5201 3230 5262 cogatur
3259 5207 3483 5248 necesse

1891 5297 1975 5344 est
1993 5297 2048 5343 et
2066 5286 2353 5357 Apostolos
2373 5301 2567 5357 negare
2591 5285 2840 5342 habuisse
2865 5291 3043 5354 patres
3063 5283 3116 5338 in
3147 5284 3325 5349 terris,
3350 5300 3485 5353 quo-

1891 5381 2033 5436 niam
2063 5380 2316 5450 przecepit
2351 5379 2429 5435 eis
2453 5379 2637 5434 dicens
2676 5394 2688 5430 :
2727 5375 2901 5430 Nolite
2925 5375 3062 5430 vobis
3089 5385 3282 5445 patrem
3318 5377 3486 5431 dicere

1891 5467 1946 5520 in
1983 5467 2170 5530 terris;
2214 5481 2346 5520 unus
2391 5473 2462 5520 est
2499 5465 2630 5518 enim
2657 5459 2814 5515 Pater
2837 5468 3001 5518 vester
3032 5461 3120 5532 qui
3151 5462 3208 5516 in
3239 5462 3376 5516 ccclis
3415 5469 3486 5518 cst

1893 5559 1913 5628 ί
1933 5557 2018 5612 1d.
2047 5571 2215 5612 xxxut
2231 5599 2246 5626 ,
2277 5557 2368 5628 9).

1958 5740 1975 5770 ί
2012 5737 2290 5802 Emmanuel
2311 5745 2370 5802 sa
2400 5736 2586 5802 putavit
2608 5734 2906 5800 legendum,
2931 5736 3170 5802 delerens.
3196 5743 3374 5802 verum
3397 5749 3477 5781 cn-

1892 5800 2028 5868 dices
2052 5814 2239 5868 _omn_es
2281 5795 2493 5868 habent,
2536 5795 2797 5868 deserens;
2849 5795 3144 5868 quoveer
3187 5795 3481 5868 signiﬁ_-atur

1891 5865 2065 5973 animi
2086 5862 2340 5915 nativitate
2372 5864 2643 5917 detractum
2663 5862 2782 5917 nihil
2809 5860 2919 5915 esse
2943 5860 3147 5925 Virginis
3169 5860 3334 5910 matris
3360 5861 3481 5908 iule-

1894 5937 1971 5989 ενι
2064 5959 2077 5975 .
