4046 6332
506 428 610 492 187

573 544 663 605 10.
694 543 802 602 Nec
826 544 983 601 nobis
1009 542 1171 601 ﬁdem
1198 541 1353 599 istam
1383 540 1587 597 minuat
1610 540 1863 612 cogitatio
1892 540 2083 596 mulie-

506 640 682 698 brium
724 640 1021 705 vlscerum,
1072 644 1130 691 ut
1177 644 1460 707 propterea
1500 633 1795 690 recusanda
1842 632 2090 689 videatur

505 734 626 790 talis
656 732 867 788 Domini
896 731 1060 785 nostri
1086 728 1361 801 generatio
1380 767 1396 795 ,
1433 726 1575 797 quod
1602 741 1719 782 eam
1746 725 1947 782 sordidi
1971 740 2089 781 sor-

502 827 680 881 didam
703 835 909 896 putant.
936 822 1068 891 Quia
1097 830 1151 877 et
1172 822 1380 877 stultum
1413 818 1510 875 Dei
1541 821 1825 891 sapientius
1849 834 1969 876 esse
1991 819 2086 873 ho-

505 920 718 973 minibus
744 917 795 992 (l
821 917 937 974 Cor.
967 932 1017 985 t,
1046 914 1153 977 25)
1175 958 1189 981 ,
1214 922 1267 970 et
1301 916 1469 969 omnia
1495 914 1685 969 munda
1714 916 1915 981 mundis
1941 914 2087 989 (Tit.

505 1027 542 1076 ι,
573 1010 711 1081 15),
741 1010 1017 1066 verissime
1043 1010 1333 1079 Apostolus
1375 1006 1522 1063 dicit.
1552 1008 1758 1064 Debent
1789 1009 1948 1079 igitur
2000 1008 2092 1062 in-.

505 1105 642 1160 tueri
661 1144 675 1171 ,
703 1104 791 1175 qui
816 1102 915 1159 hoc
940 1110 1155 1173 putant,
1184 1102 1313 1157 solis
1334 1100 1492 1171 hujus
1521 1100 1730 1166 radios,
1754 1115 1912 1171 quem
1938 1108 2087 1157 certe

504 1211 609 1252 non
660 1204 910 1266 tanquam
952 1202 1249 1251 creaturam
1280 1194 1373 1250 Dei
1413 1194 1646 1260 laudant,
1688 1191 1783 1249 sed
1832 1202 2084 1265 tanquam

502 1289 669 1344 Deum
685 1288 909 1344 adorant
928 1288 1026 1360 (α),
1042 1303 1137 1359 per
1151 1286 1451 1343 cloacarum
1470 1285 1664 1342 fetorcs
1677 1294 1729 1341 et
1740 1301 2088 1357 quaecumque

500 1380 775 1437 horribilia
824 1394 1201 1451 usquequaque
1242 1378 1503 1448 diiiundi,
1546 1387 1601 1433 et
1645 1379 1698 1433 in
1737 1378 1821 1434 his
1868 1378 2085 1449 operari

498 1471 791 1531 secundum
847 1483 1090 1528 naturam
1128 1488 1277 1529 suam
1306 1514 1322 1542 ,
1372 1487 1471 1529 nec
1517 1483 1693 1528 tamen
1735 1471 1859 1527 inde
1909 1471 2086 1543 aliqua

495 1567 949 1625 contaminatione
977 1566 1318 1634 sordescere,
1346 1579 1468 1620 cum
1495 1564 1721 1620 visibilis
1750 1564 1841 1620 lux
1865 1564 2088 1620 visibili-

497 1661 597 1717 bus
636 1660 881 1718 sordibus
930 1662 1001 1715 sit
1038 1669 1225 1716 natura
1266 1659 1599 1730 conjunctior
1627 1676 1642 1713 :
1675 1664 1874 1730 quanto
1906 1657 2085 1713 minus

497 1754 660 1826 igitur
681 1761 889 1824 poterat
909 1753 1075 1823 pollui
1103 1751 1339 1808 Verbum
1362 1752 1480 1819 Dei,
1503 1764 1611 1807 non
1635 1764 1953 1822 corporeum
1988 1762 2088 1806 nc-

495 1859 600 1918 que
642 1844 881 1911 visibile,
932 1845 1000 1900 de
1061 1843 1292 1900 femineo
1337 1858 1597 1915 corpore,
1650 1842 1741 1899 ubi
1793 1842 2081 1897 humanam

495 1949 710 1993 carnem
740 1936 975 2007 suscepit
1006 1950 1128 1992 cum
1153 1936 1328 1991 anima
1353 1944 1407 1992 et
1428 1936 1615 2007 spiritu
1635 1976 1651 2005 ,
1684 1935 1876 2008 quibus
1914 1935 2084 1991 inter-

496 2031 827 2088 venientibus
850 2030 1053 2087 babitat
1078 2028 1331 2101 maiestas
1355 2028 1513 2084 Verbi
1542 2028 1608 2083 ab
1636 2028 1855 2082 humani
1883 2041 2080 2098 corpo-

495 2123 572 2179 ris
604 2121 883 2193 fragilitatc
912 2122 930 2153 ¹
962 2120 1218 2177 secretius
1234 2121 1260 2175 Ἰ
1282 2119 1436 2177 Unde
1460 2119 1802 2174 manifestum
1827 2127 1912 2176 est
1937 2119 2086 2175 nullo

496 2215 657 2271 modo
686 2215 919 2286 potuisse
943 2213 1179 2268 Verbum
1211 2213 1307 2269 Dei
1331 2212 1590 2267 maculari
1618 2210 1853 2266 humano
1887 2225 2083 2279 corpo-

495 2322 573 2373 re,
603 2321 709 2378 quo
734 2320 833 2362 nec
870 2306 983 2376 ipsa
1019 2305 1195 2359 anima
1238 2304 1469 2359 humana
1513 2303 1772 2359 maculata
1818 2310 1919 2358 est.
1965 2301 2085 2357 Non

494 2400 637 2455 enim
668 2414 790 2455 cum
818 2399 954 2469 regit
990 2411 1186 2467 corpus
1210 2404 1369 2467 atque
1395 2396 1655 2462 viviticat,
1684 2395 1777 2452 sed
1804 2410 1927 2451 cum
1967 2396 2085 2465 ejus

494 2492 633 2548 bona
668 2490 911 2546 mortalia
937 2488 1298 2559 concupiscit,
1329 2489 1399 2544 de
1430 2502 1657 2559 corpore
1686 2488 1863 2544 anima
1900 2502 2086 2544 macu-

493 2582 649 2640 latur.
679 2581 833 2651 Quod
873 2584 917 2637 si
943 2582 1136 2637 animae
1161 2581 1397 2635 maculas
1428 2578 1503 2637 illi
1533 2580 1700 2636 vitare
1724 2580 1943 2649 vellent,
1968 2576 2089 2639 haec

494 2677 770 2733 mendacia
798 2677 976 2746 potius
1007 2684 1061 2731 et
1086 2674 1360 2745 sacrilegia
1402 2675 1770 2731 formidarent.

563 2769 791 2826 CAPUT
829 2768 1089 2825 V.—H.
1131 2769 1313 2824 Passio
1356 2769 1544 2825 Christi
1589 2779 1636 2825 et
1668 2771 1953 2843 sepultura.
1983 2771 2087 2827 Re.

494 2863 735 2918 surrectio
784 2860 992 2918 Christi.
1033 2861 1138 2918 Sed
1175 2876 1337 2932 parva
1376 2871 1492 2919 erat
1541 2879 1636 2933 pro
1679 2863 1833 2921 nobis
1873 2864 2085 2919 Domini

494 2954 662 3011 nostri
694 2955 961 3011 humilitas
998 2955 1050 3009 in
1088 2956 1356 3011 nascendo
1386 2956 1647 3011 :accessit
1673 2956 1831 3013 etiam
1862 2965 1920 3013 ut
1948 2956 2087 3013 mori

494 3060 591 3117 pro
616 3046 930 3103 mortalibus
954 3046 1290 3117 dignaretur.
1319 3046 1618 3102 IIumitiavit
1641 3048 1785 3103 enim
1810 3065 1882 3114 se,
1921 3052 2087 3121 factus

493 3140 721 3194 subditus
749 3155 907 3214 usque
940 3139 1011 3193 ad
1048 3148 1256 3194 mortem
1277 3180 1292 3207 ,
1320 3148 1531 3194 mortem
1554 3149 1723 3196 autent
1755 3141 1917 3197 crucis
1940 3140 2088 3215 (Plii-

496 3229 622 3302 tipp.
666 3245 723 3297 ιι,
757 3229 866 3303 8);
896 3246 964 3287 ue
1000 3230 1282 3302 quisquam
1310 3239 1552 3286 nostrum
1596 3232 1806 3288 etiamsi
1854 3241 2084 3289 mortem

495 3333 675 3395 posset
689 3338 796 3380 non
817 3325 1024 3390 timere,
1044 3324 1255 3394 aliquod
1271 3339 1435 3395 genus
1456 3326 1662 3394 mortis,
1684 3326 1828 3396 quod
1843 3327 2088 3383 homines

496 3416 1057 3486 ignominiosissimum
1096 3416 1421 3472 arbitrantur
1444 3458 1460 3484 ,
1508 3416 1767 3474 horreret.
1807 3418 2087 3476 Credimus

494 3509 675 3580 itaque
701 3509 754 3563 in
792 3524 913 3564 eum
953 3509 1041 3580 qui
1068 3509 1167 3564 sub
1222 3508 1412 3564 Pontio
1443 3508 1613 3564 Pilato
1655 3510 1938 3568 crucifixus
1966 3518 2085 3580 est,

494 3608 549 3656 et
601 3601 857 3671 sepultus.
899 3600 1215 3655 Addendum
1260 3600 1405 3654 enim
1443 3608 1557 3654 erat
1592 3600 1790 3669 judicis
1850 3616 2084 3669 nomen,

496 3700 717 3762 propter
759 3700 1059 3761 temporum
1093 3690 1473 3762 cognitionem.
1496 3690 1796 3767 \Sepultura
1834 3706 1962 3747 vero
2001 3693 2086 3746 illa

495 3796 617 3838 cum
638 3780 873 3837 creditur
892 3823 907 3849 ,
937 3780 997 3836 fit
1036 3781 1335 3837 recordatio
1360 3780 1482 3836 novi
1512 3781 1913 3849 monumenti’,
1940 3783 2087 3853 quod

497 3882 867 3929 resurrecturo
918 3873 985 3927 ad
1032 3873 1155 3928 vitae
1200 3873 1488 3929 novitatem
1527 3873 1796 3942 prceberet
1833 3875 2087 3930 testimo-

498 3967 675 4034 nium,
711 3965 847 4023 sicut
889 3966 1160 4021 nascituro
1211 3973 1393 4022 uterus
1443 3965 1735 4037 virginalis.
1775 3966 1909 4023 Nam
1949 3969 2089 4025 sicut

498 4061 555 4117 in
592 4060 683 4115 illo
708 4067 1055 4115 monumento
1082 4058 1260 4114 nullus
1293 4057 1428 4114 alius
1457 4067 1699 4115 mortuus
1737 4062 1979 4130 sepultus
2007 4073 2089 4119 est

503 4151 695 4225 (latin.
726 4167 824 4207 xxx
846 4193 859 4219 ,
892 4148 997 4224 41)
1026 4192 1039 4216 ,
1072 4164 1171 4206 uec
1200 4158 1343 4215 ante,
1385 4165 1483 4207 nec
1512 4160 1695 4220 postea
1731 4167 1745 4218 ;
1792 4151 1871 4209 sic
1915 4153 1967 4208 in
1998 4154 2089 4208 illo

499 4256 655 4304 utero
694 4260 794 4302 nec
822 4254 945 4301 ante
964 4286 979 4314 ,
1016 4258 1115 4301 nec
1143 4251 1350 4316 postea,
1381 4243 1671 4315 quidquam
1710 4245 1939 4303 mortale
1961 4260 2089 4303 cou-

498 4346 711 4410 ccptum
737 4346 838 4393 est.

574 4431 662 4486 12.
691 4430 972 4486 Credimus
993 4429 1155 4487 etiam
1196 4429 1345 4485 illum
1373 4428 1532 4485 tertio
1557 4428 1644 4485 die
1668 4430 2031 4488 resurrexisse
2059 4438 2090 4488 a

502 4522 749 4588 mortuis,
776 4522 1192 4593 primogenitum
1232 4521 1602 4575 consecuturis
1636 4520 1889 4577 fratribus
1910 4563 1924 4591 ,
1955 4537 2091 4594 quos

499 4614 558 4671 in
601 4613 943 4685 adoptionem
993 4613 1224 4669 filiorum
1268 4613 1363 4669 Dei
1407 4613 1617 4669 vocavit
1660 4613 1878 4686 (Ep/tes.
1911 4631 1951 4685 l,
1995 4614 2087 4685 5),

498 4722 639 4780 quos
665 4707 1075 4779 comparticipes
1103 4714 1157 4764 et
1183 4705 1493 4763 cohaercdes
1529 4720 1655 4763 suos
1694 4719 1816 4763 esse
1842 4708 2093 4779 dignatus

500 4808 605 4858 εει.

571 4891 801 4950 CAPUT
848 4890 936 4949 VI.
965 4921 1036 4933 —
1079 4892 1168 4948 15.
1198 4891 1450 4949 Ascensus
1475 4892 1531 4946 in
1576 4892 1776 4947 cozlum.
1808 4890 2091 4949 Credimus

502 4987 560 5043 in
584 4985 781 5042 cmlum
801 4983 1137 5051 ascendisse,
1166 4999 1325 5055 quem
1354 4983 1699 5039 beatitudinis
1727 4984 1901 5038 locum
1928 4984 2091 5040 etiam

504 5079 662 5136 nobis
686 5078 970 5149 promisit,
1018 5077 1240 5143 dicens,
1286 5075 1454 5131 Erunt
1496 5079 1624 5133 sicut
1660 5078 1841 5149 Augeli
1865 5078 1915 5132 in
1955 5079 2093 5134 oculis

504 5168 721 5243 (Matth.
738 5185 867 5237 χχιι,
884 5168 999 5242 30),
1016 5169 1067 5224 in
1083 5169 1174 5224 illa
1190 5169 1421 5234 civitate,
1442 5184 1560 5239 quae
1573 5178 1656 5225 est
1670 5179 1839 5225 mater
1856 5173 2093 5226 omnium

505 5269 749 5315 nostrum
778 5261 1074 5317 Jerusalem
1104 5272 1304 5316 aeterna
1345 5261 1398 5316 in
1446 5262 1596 5317 etelis
1641 5260 1838 5335 (Galat.
1875 5278 1949 5330 1v,
1973 5264 2090 5336 26).

506 5352 657 5409 Solet
697 5361 873 5409 autem
912 5354 1171 5426 quosdam
1209 5352 1481 5409 otienderc
1509 5355 1593 5409 vel
1639 5354 1830 5425 impios
1855 5353 2097 5412 Gentiles

506 5445 595 5501 vel
621 5444 902 5500 haereticos
922 5487 936 5514 ,
967 5446 1108 5516 quod
1129 5444 1409 5501 credamus
1447 5454 1780 5516 assumptum
1822 5453 2093 5502 terrenum

509 5551 707 5609 corpus
732 5536 787 5593 in
815 5538 1030 5592 ctelum.
1066 5537 1172 5594 Sed
1207 5537 1446 5595 Gentiles
1495 5538 1808 5609 plerumque
1853 5538 2095 5608 philoso-

510 5627 742 5697 phorum
768 5625 1095 5696 argumentis
1116 5627 1394 5683 nobiscum
1439 5640 1599 5697 agere
1636 5624 1886 5691 student,
1919 5632 1977 5679 ut
2004 5624 2094 5680 di-

578 5740 595 5771 ι
630 5738 703 5789 sic
721 5743 831 5787 ων.
859 5742 911 5787 et
940 5734 1157 5787 nonnulli
1189 5744 1296 5789 Mss.
1324 5736 1410 5789 Alii
1427 5748 1547 5788 vero
1564 5741 1785 5798 cumEr.,
1811 5734 1877 5788 ad
1899 5732 2100 5787 humani

578 5798 731 5847 moris
754 5798 1079 5847 fragilitatem.

1112 5863 1284 5918 Verius
1304 5868 1435 5931 Mss,
1456 5860 1763 5916 monumenti.

576 5925 652 5988 (a)
686 5924 944 5978 Manichaei.

1439 427 1531 484 DE
1568 426 1726 483 FIDE
1764 426 1852 483 ET
1890 422 2227 494 SYMBOLO,
2268 424 2327 482 S.
2368 427 2735 486 AUGUSTlNl

3668 426 3771 505 iss

2194 548 2317 594 cant
2342 548 2609 597 terrenum
2640 543 2838 616 aliquid
2869 546 2921 602 in
2967 547 3105 603 omlo
3146 562 3266 605 esse
3302 564 3406 607 non
3435 567 3609 625 posse.
3650 540 3767 615 No?

2195 640 2333 689 stras
2386 637 2527 689 enim
2577 635 2878 707 Scripturas
2934 654 3044 694 non
3090 652 3384 709 noverunt,
3436 658 3535 701 nec
3598 648 3772 708 sciunt

2194 725 2464 796 quomodo
2486 726 2686 782 dictum
2713 729 2802 798 sit,
2833 729 3125 786 Seminatur
3140 748 3322 803 corpus
3346 734 3583 804 animale,
3606 741 3769 812 surgit

2195 833 2376 889 corpus
2403 819 2682 889 spirituale.
2724 820 2840 876 Non
2890 822 3035 878 enim
3078 822 3150 878 ita
3201 823 3403 881 dictum
3451 837 3572 894 est,
3624 831 3773 901 quasi

2192 926 2388 983 corpus
2417 920 2654 968 vertatur
2679 913 2732 969 in
2757 915 3027 986 spiritum,
3057 925 3111 971 et
3138 917 3355 987 spiritus
3376 920 3506 987 ﬁat;
3548 922 3671 992 quia
3716 930 3771 980 et

2193 1019 2336 1061 nunc
2351 1019 2546 1075 corpus
2579 1015 2818 1062 nostrum
2854 1008 2997 1078 quod
3033 1009 3263 1066 animale
3306 1011 3534 1079 dicitur,
3569 1028 3675 1068 non
3715 1016 3774 1071 in

2192 1098 2423 1154 animam
2452 1114 2664 1155 versum
2691 1109 2773 1156 est
2796 1109 2851 1157 et
2874 1102 3049 1157 anima
3079 1104 3297 1159 factum.
3343 1104 3453 1161 Sed
3496 1107 3772 1175 spirituale

2191 1206 2386 1263 corpus
2411 1193 2742 1264 intelligitur,
2773 1194 2916 1265 quod
2944 1196 3015 1251 ita
3057 1195 3266 1267 spiritui
3310 1198 3578 1254 subditum
3606 1208 3688 1255 est
3716 1202 3730 1231 ³
3757 1236 3776 1267 ,

2192 1295 2249 1343 ut
2273 1286 2477 1343 caelesti
2509 1287 2824 1345 habitationi
2868 1289 3187 1358 conveniat,
3214 1292 3362 1345 omni
3405 1290 3689 1363 fragilitate
3717 1301 3783 1349 ac

2192 1379 2309 1436 labe
2335 1388 2545 1436 terrena
2578 1380 2631 1435 in
2677 1382 2951 1437 etelestem
2997 1382 3281 1452 puritatem
3329 1389 3385 1439 et
3435 1385 3779 1440 stabilitatem

2189 1481 2393 1529 mutata
2412 1483 2572 1545 atque
2600 1488 2880 1532 conversa.
2919 1474 3047 1531 Haec
3074 1483 3161 1532 est
3202 1475 3537 1545 immutatio,
3566 1477 3634 1533 de
3673 1490 3776 1548 qua

2190 1564 2317 1621 item
2366 1566 2498 1621 dicit
2540 1566 2871 1637 Apostolus:
2902 1565 3089 1623 Omnes
3137 1584 3461 1639 resurgcmus
3483 1611 3503 1638 ,
3552 1569 3641 1625 sed
3682 1585 3787 1624 non

2189 1672 2359 1712 omnes
2388 1658 2786 1713 immutabimur.
2820 1658 2990 1727 Quam
3017 1659 3444 1717 immutationem
3472 1675 3580 1716 non
3604 1662 3661 1717 in
3689 1662 3787 1719 de-

2192 1750 2355 1806 terius
2374 1792 2388 1817 ,
2418 1750 2513 1806 sed
2536 1751 2588 1806 in
2616 1752 2808 1808 melius
2835 1752 2950 1808 fieri
2976 1752 3133 1809 docet
3165 1753 3308 1809 idem
3326 1794 3342 1820 ,
3387 1769 3511 1810 cum
3538 1753 3688 1820 dicit,
3716 1753 3785 1808 Et

2189 1861 2282 1900 nos
2308 1845 2686 1900 immutabimur
2713 1845 2756 1915 (l
2785 1845 2902 1900 Cor.
2931 1860 3005 1900 xv
3029 1888 3045 1914 ,
3094 1847 3184 1914 44,
3216 1847 3307 1916 51,
3337 1843 3452 1920 52).
3480 1846 3592 1903 Sed
3618 1846 3703 1902 ubi
3730 1853 3787 1903 et

2189 1936 2457 2007 quomodo
2484 1937 2555 1991 sit
2582 1938 2633 1991 in
2661 1936 2800 1993 etelo
2840 1951 3035 2008 corpus
3065 1937 3408 1993 Dominicqu
3427 1978 3444 2006 ,
3478 1937 3781 1994 curiosissi-

2189 2043 2336 2084 mum
2366 2036 2419 2083 et
2446 2042 2903 2100 supervacaneum
2941 2036 3026 2085 est
3072 2043 3354 2099 quaerere;
3402 2029 3779 2085 tantummodo

2190 2119 2243 2176 in
2270 2121 2407 2177 coelo
2434 2135 2555 2177 esse
2577 2120 2904 2176 credendum
2934 2129 3037 2175 est.
3070 2120 3184 2175 Non
3210 2121 3356 2177 enim
3400 2129 3489 2177 est
3529 2120 3788 2193 fragilita-

2188 2215 2258 2270 tis
2288 2222 2485 2270 nostra:
2500 2214 2758 2270 caelorum
2784 2222 2989 2269 secreta
3016 2212 3302 2281 discutere,
3343 2213 3439 2270 sed
3474 2222 3559 2270 est
3585 2220 3789 2269 nostra

2191 2304 2312 2361 fidei
2337 2305 2404 2361 de
2433 2306 2694 2360 Dominici
2717 2304 2960 2377 corporis
2980 2304 3239 2375 dignitate
3280 2304 3535 2361 sublimia
3576 2312 3633 2362 et
3678 2305 3784 2362 ho-

2190 2406 2340 2454 nesta
2366 2398 2587 2454 sentire.

2260 2487 2486 2545 CAPUT
2517 2487 2703 2544 Vll.-——
2725 2488 2814 2544 14.
2843 2486 3019 2543 Sestio
3050 2486 3122 2542 ad
3139 2486 3402 2543 dexteram
3428 2487 3628 2544 Patris.
3659 2488 3791 2546 Cre-

2189 2581 2370 2636 dimus
2398 2580 2561 2636 etiam
2606 2580 2748 2652 quod
2798 2578 2952 2636 sedet
2993 2579 3065 2635 ad
3120 2580 3395 2637 dexteram
3448 2581 3647 2637 Patris.
3678 2579 3792 2638 Nec

2190 2671 2311 2727 ideo
2337 2679 2516 2727 tamen
2539 2671 2691 2743 quasi
2718 2671 2955 2726 humana
2976 2670 3151 2728 forma
3174 2671 3649 2744 circumscriptum
3667 2686 3792 2731 esse

2192 2762 2358 2819 Deum
2379 2762 2595 2819 Patrem
2630 2762 2996 2820 arbitrandum
3045 2772 3149 2831 est,
3187 2772 3247 2819 ut
3274 2763 3343 2821 de
3371 2764 3467 2822 illo
3500 2764 3792 2836 cogitanti-

2190 2854 2290 2911 bus
2328 2853 2573 2910 dextrum
2599 2863 2691 2910 aut
2719 2854 2995 2911 sinistrum
3021 2856 3165 2912 latus
3180 2857 3361 2913 animo
3382 2865 3666 2925 occurrat;
3693 2865 3788 2916 aut

2193 2947 2427 3017 idipsum
2465 2945 2610 3018 quod
2637 2946 2827 3004 sedere
2856 2947 3017 3004 Pater
3044 2948 3262 3015 dicitur,
3308 2947 3465 3005 ﬂexis
3493 2949 3793 3020 poplitibus

2191 3039 2307 3095 ﬁeri
2328 3038 2619 3109 putandum
2640 3048 2744 3106 est,
2772 3054 2842 3095 ne
2867 3038 2921 3094 in
2944 3038 3072 3095 illud
3094 3038 3393 3095 incidamus
3413 3040 3784 3113 sacrilegium,

2191 3130 2245 3186 in
2276 3144 2383 3201 quo
2406 3137 2718 3186 exsecratur
2754 3131 3046 3201 Apostolus
3070 3145 3167 3190 eos
3196 3133 3286 3202 qui
3313 3140 3791 3191 eommutaverunt

2191 3221 2415 3293 gloriam
2454 3221 2876 3292 incorruptibilis
2921 3221 3019 3278 Dei
3066 3222 3122 3278 in
3162 3223 3577 3281 similitudinem
3602 3239 3793 3281 corru-

2192 3314 2390 3386 ptibilis
2418 3313 2650 3372 hominis
2682 3314 2864 3386 (Rom.
2893 3331 2931 3381 l,
2960 3313 3077 3387 23).
3111 3314 3240 3372 Tale
3263 3316 3409 3371 enim
3441 3316 3788 3373 simulacrum

2194 3408 2307 3465 Deo
2333 3408 2481 3464 nefas
2507 3420 2591 3465 est
2617 3407 2911 3465 christiano
2960 3409 3016 3464 in
3059 3409 3261 3479 templo
3284 3410 3589 3477 collocare;
3621 3410 3795 3466 multo

2193 3500 2362 3570 magis
2390 3499 2445 3553 in
2473 3498 2638 3555 corde
2669 3498 2933 3555 nefarium
2974 3508 3093 3563 est,
3137 3498 3225 3554 ubi
3254 3515 3382 3554 vere
3407 3510 3493 3556 est
3530 3501 3795 3573 templum

2192 3590 2325 3656 Dei,
2356 3590 2399 3644 si
2426 3604 2459 3643 a
2481 3598 2694 3645 terrena
2735 3587 3028 3658 cupiditate
3067 3597 3229 3658 atque
3256 3604 3444 3646 errore
3472 3592 3797 3648 mundetur.

2192 3681 2274 3736 Ad
2302 3680 2576 3736 dexteram
2601 3694 2731 3750 ergo
2752 3680 3159 3751 intelligendum
3184 3689 3269 3735 est
3304 3680 3386 3736 sic
3412 3681 3616 3737 dictum
3645 3698 3797 3753 esse,

2192 3772 2247 3826 in
2277 3786 2485 3828 summa
2509 3770 2867 3838 beatitudine,
2896 3772 2987 3826 ubi
3009 3770 3215 3841 justitia
3243 3781 3299 3827 et
3322 3786 3424 3843 pax
3452 3780 3509 3829 et
3528 3776 3796 3846 gaudium

2193 3872 2313 3919 est:
2342 3862 2481 3917 sicut
2516 3861 2584 3917 ad
2631 3861 2903 3917 sinistram
2947 3862 3085 3917 inedi
3115 3864 3516 3919 constituuntur
3560 3866 3795 3936 (Matth.

2192 3969 2325 4017 xxv,
2358 3952 2448 4024 55)
2468 3996 2483 4020 ,
2513 3953 2566 4010 id
2591 3962 2673 4010 est
2701 3954 2753 4008 in
2785 3954 3033 4020 miseria,
3062 3965 3283 4025 propter
3327 3955 3662 4027 iniquitates,
3711 3959 3797 4015 la-

2193 4050 2351 4106 bores
2379 4051 2400 4083 ²
2440 4060 2599 4121 atque
2637 4051 2925 4107 cruciatus.
2968 4049 3170 4108 Sedere
3217 4065 3346 4122 ergo
3398 4052 3544 4122 quod
3594 4052 3797 4110 dicitur

2195 4143 2355 4207 Deus,
2386 4158 2493 4197 non
2523 4143 2887 4199 membrorum
2935 4144 3287 4214 positionem,
3318 4143 3413 4200 sed
3438 4143 3790 4215 judiciariam

2193 4235 2458 4307 signiﬁcat
2483 4244 2833 4309 potestatem,
2862 4251 2964 4307 qua
2997 4236 3089 4291 illa
3119 4236 3373 4307 maiestas
3394 4252 3677 4309 nunquam
3705 4252 3798 4295 ca-

2193 4336 2277 4385 ret
2299 4370 2313 4395 ,
2344 4342 2556 4399 semper
2578 4327 2739 4399 digna
2776 4327 2953 4399 dignis
2983 4327 3302 4396 tribuendo;
3333 4329 3582 4399 quamvis
3612 4331 3668 4385 in
3698 4344 3795 4386 ex-

2194 4429 2367 4478 tremo
2385 4420 2588 4492 judicio
2613 4421 2785 4477 multo
2829 4420 3168 4477 manifestius
3206 4420 3350 4476 inter
3377 4420 3632 4478 homines
3669 4422 3795 4478 uni-

2195 4514 2357 4586 geniti
2385 4513 2505 4569 Filii
2552 4513 2649 4569 Dei
2696 4512 2894 4583 judicis
2946 4513 3191 4570 vivorum
3231 4522 3393 4585 atque
3444 4520 3793 4571 mortuorum
3844 4544 3853 4551 ν

2194 4607 2408 4663 claritas
2429 4605 2718 4663 indubitata
2737 4606 2915 4662 futura
2935 4606 3006 4661 sit
3020 4605 3063 4659 ⁸.

2266 4718 2493 4775 CAPUT
2514 4710 2815 4774 Vim—45.
2845 4717 3099 4772 Adventus
3122 4715 3192 4771 ad
3205 4715 3483 4788 judicium.
3505 4714 3794 4773 Credimus

2092 4822 2093 4825 ‘
2196 4811 2356 4871 etiam
2384 4810 2507 4866 inde
2547 4821 2832 4865 venturum
2877 4808 3387 4864 convenientissimo
3422 4815 3707 4880 tempore,
3739 4812 3794 4863 et

2193 4904 2549 4976 judicatnrum
2587 4905 2743 4959 vivos
2769 4910 2825 4958 et
2868 4911 3132 4959 mortuos.
3161 4901 3288 4958 Sive
3326 4901 3445 4957 istis
3484 4901 3792 4958 nominibus

2193 4996 2322 5067 justi
2347 5004 2403 5052 et
2429 5004 2734 5066 peccatores
2753 4993 3156 5065 signiﬁcentur;
3196 4994 3311 5050 sive
3337 5008 3472 5065 quos
3510 5002 3641 5050 tunc
3666 4996 3795 5049 ante

2199 5086 2468 5144 mortem‘
2494 5086 2549 5141 in
2591 5086 2746 5143 terris
2793 5086 3105 5140 inventurus
3134 5092 3218 5141 est
3236 5084 3489 5155 appellati
3516 5084 3627 5141 sint
3651 5082 3791 5149 vivi,

2200 5186 2395 5243 mortui
2425 5198 2552 5240 vero
2578 5182 2668 5255 qui
2698 5183 2749 5237 in
2776 5181 2893 5252 ejus
2935 5180 3167 5238 adventu
3214 5180 3567 5237 resurrecturi
3613 5188 3743 5236 sunt
3774 5194 3788 5231 :

2203 5280 2318 5337 base
2359 5278 2685 5348 dispensatio
2714 5274 3058 5346 temporalis,
3092 5291 3198 5331 non
3244 5282 3453 5330 tantum
3496 5281 3607 5340 est,
3656 5271 3795 5327 sicut

2202 5372 2291 5429 illa
2316 5369 2588 5442 generatio
2616 5367 2910 5425 secundum
2930 5368 3120 5434 Deum;
3139 5366 3233 5423 sed
3259 5367 3419 5422 etiam
3440 5365 3559 5431 fuit,
3582 5374 3639 5421 et
3664 5363 3788 5419 erit.

2203 5463 2335 5520 Nam
2378 5462 2475 5518 fuit
2497 5460 2757 5518 Dominus
2798 5468 2980 5516 noster
3018 5460 3073 5515 in
3119 5459 3311 5524 terris.
3347 5466 3403 5515 et
3446 5472 3587 5514 nunc
3626 5455 3791 5513 estin

2205 5556 2364 5626 caelo,
2394 5565 2447 5614 et
2473 5555 2577 5611 erit
2622 5554 2677 5609 in
2714 5553 2953 5609 claritate
2980 5551 3143 5623 judex
3174 5550 3421 5607 vivorum
3447 5560 3611 5623 atque
3644 5562 3794 5604 mor-

2271 5734 2289 5802 ξ
2322 5738 2397 5785 Er.
2419 5737 2598 5802 ettres
2619 5737 2751 5802 tuas,
2770 5725 3316 5802 quiaitafoqptandwu
3336 5726 3426 5776 est.

2271 5798 2292 5859 ξ
2324 5802 2446 5859 ἠοξ
2460 5800 2588 5854 Mss,
2612 5788 3095 5859 propter
3119 5788 3324 5859 labores.

2272 5858 2296 5891 ³
2327 5864 2391 5906 tta
2411 5858 2461 5905 in
2475 5852 2581 5905 Mss.
2605 5852 2659 5904 At
2681 5852 2732 5903 in
2748 5852 2960 5913 excusis,
2982 5852 3174 5915 [uisum
3193 5852 3271 5901 sit.

2272 5919 2296 5953 δ
2325 5920 2409 5972 Hic
2428 5918 2547 5973 editi
2568 5916 2766 5979 addunt.
2787 5912 2999 5970 Munati
3021 5927 3038 5971 :
3069 5912 3397 5971 renitentibus
3412 5917 3523 5965 ω.
