4046 6332
240 540 343 603 ιειι

250 670 485 717 tuorum.
535 654 623 714 ita
661 656 808 713 enim
856 657 1049 724 veniet,
1095 656 1232 713 sicut
1258 653 1515 721 ascendit,
1546 652 1838 711 secundum

248 754 630 811 auctoritatem
655 769 778 826 quas
806 753 860 809 in
888 753 1106 809 Actibus
1133 751 1511 823 Apostolorum
1535 750 1838 806 continetur

252 846 383 920 (Act.
412 861 454 913 ι,
481 844 603 917 Η).
635 847 719 902 Ex
760 847 860 901 hac
910 847 1084 918 itaque
1129 846 1403 916 temporali
1450 844 1845 914 dispensatione

258 938 491 1008 loquitur
528 938 584 993 in
615 938 938 1009 Apocalypsi
959 980 975 1004 .
1005 938 1093 993 ubi
1122 937 1376 1007 scriptum
1406 944 1525 992 est:
1559 933 1681 990 Haec
1720 934 1843 989 dicit

251 1033 334 1101 qui
362 1040 466 1097 est,
489 1040 539 1084 et
566 1032 655 1099 qui
687 1032 803 1099 fuit,
830 1040 875 1085 et
899 1031 985 1102 qui
1008 1040 1243 1084 venturus
1272 1042 1343 1084 est
1370 1030 1385 1060 ί
1419 1027 1602 1099 (Apoc.
1631 1043 1671 1094 l,
1698 1025 1777 1099 8).

322 1121 554 1178 CAPUT
589 1121 884 1178 lX.-—-16.
919 1122 998 1176 De
1048 1123 1149 1192 ﬁde
1192 1122 1246 1175 in
1290 1120 1544 1191 Spiritum
1591 1127 1840 1175 sanctum.

251 1214 521 1270 Trinitatis
542 1214 857 1285 mysterium.
890 1212 1317 1269 Similitudinibus
1355 1212 1656 1283 explicatur.
1705 1209 1843 1265 Pro-

254 1308 406 1375 [εεάο
454 1306 751 1361 christiana:
793 1306 933 1375 fidei.
970 1304 1048 1359 De
1091 1305 1293 1375 Spiritu
1316 1314 1490 1359 sancto
1526 1304 1695 1376 Opinio
1720 1319 1845 1375 quo-

251 1400 514 1465 rumdam,
538 1398 672 1469 quod
690 1398 755 1452 sit
776 1399 885 1467 ipsa
910 1398 1067 1451 deitas
1089 1396 1258 1452 Patris
1283 1408 1328 1453 et
1346 1396 1475 1452 Filii
1496 1413 1515 1451 :
1534 1397 1792 1453 Sanctitas
1811 1413 1845 1450 a

252 1491 550 1545 smiciendo.
584 1490 795 1561 Digesta
831 1490 1009 1559 itaque
1036 1489 1265 1561 ﬁdeique
1284 1489 1658 1546 commendata
1685 1498 1738 1543 ct
1764 1488 1846 1543 di-

252 1584 413 1636 \‘ina’
437 1582 785 1653 generatione
814 1583 1022 1637 Domini
1062 1583 1228 1639 nostri
1272 1591 1326 1638 et
1366 1582 1597 1637 humana
1633 1582 1848 1653 dispen-

250 1674 483 1738 satione,
515 1673 821 1745 adjungitur
848 1673 1176 1730 confessioni
1208 1684 1435 1740 nostrae,
1468 1674 1534 1730 ad
1563 1674 1844 1745 perﬁcien-

248 1762 376 1819 dam
408 1762 570 1820 ﬁdem
599 1782 717 1836 qua:
744 1765 901 1821 nobis
929 1764 995 1821 de
1026 1766 1134 1822 Deo
1160 1777 1276 1832 est,
1338 1767 1571 1838 Spiritus
1589 1776 1807 1823 sanctus
1826 1805 1844 1834 ,

250 1872 358 1911 non
388 1856 599 1913 minore
620 1856 641 1889 ³
672 1867 859 1913 natura
884 1873 1042 1929 quam
1065 1859 1221 1914 Pater
1245 1867 1300 1914 et
1330 1858 1517 1925 Filius,
1543 1858 1636 1915 sed
1656 1899 1672 1925 ,
1696 1867 1753 1913 ut
1774 1860 1846 1914 ita

246 1947 428 2003 dicam
454 1992 471 2017 ,
499 1950 971 2007 consubstantialis
996 1960 1050 2007 et
1078 1963 1414 2018 coaeternus;
1443 1954 1567 2023 quia
1598 1952 1699 2008 ista
1727 1951 1847 2008 Tri-

249 2040 391 2095 nitas
419 2057 559 2096 unus
578 2052 659 2097 est
704 2040 844 2097 Deus
871 2061 883 2098 :
911 2058 1017 2097 non
1060 2052 1117 2097 ut
1172 2042 1314 2099 idem
1353 2045 1422 2100 sit
1462 2044 1622 2101 Pater
1663 2045 1753 2115 qui
1793 2052 1850 2101 et

246 2130 428 2185 Filius
455 2141 512 2187 et
536 2132 757 2204 Spiritus
783 2142 1031 2200 sanctus;
1056 2134 1150 2189 sed
1182 2144 1238 2188 nt
1261 2135 1417 2191 Pater
1461 2136 1531 2191 sit
1569 2135 1748 2203 Pater,
1792 2144 1849 2194 et

245 2221 425 2281 Filius
448 2226 520 2280 sit
548 2225 708 2281 Filius
729 2269 745 2295 ,
774 2234 832 2282 et
855 2226 1085 2298 Spiritus
1112 2238 1329 2284 sanctus
1359 2229 1429 2284 sit
1458 2230 1687 2299 Spiritus
1713 2244 1840 2285 san-

243 2324 392 2381 ctus,
424 2325 479 2371 et
507 2316 621 2373 hrcc
647 2317 884 2374 Trinitas
913 2334 1047 2374 unus
1074 2320 1216 2376 Deus
1234 2361 1249 2387 ,
1273 2321 1411 2376 sicut
1432 2321 1688 2391 scriptum
1728 2330 1845 2391 est,

246 2406 413 2471 Audi,
436 2404 620 2473 Israel,
646 2407 897 2464 Dominus
924 2410 1059 2466 Deus
1081 2421 1213 2480 tuus,
1240 2412 1379 2467 Deus
1406 2430 1535 2468 unus
1557 2424 1630 2469 est
1660 2414 1841 2487 (Deut.

246 2504 326 2563 vi,
352 2499 432 2569 4).
464 2497 668 2555 Tamen
693 2501 739 2555 si
765 2501 1155 2575 interrogemur
1180 2503 1248 2560 de
1275 2506 1496 2576 singulis
1520 2547 1533 2571 ,
1558 2515 1613 2563 et
1635 2506 1845 2563 dicatur

243 2590 442 2659 nobis,
488 2590 631 2648 Deus
677 2603 761 2649 est
806 2593 1001 2650 Pater?
1048 2597 1520 2665 respondebimus,
1571 2600 1733 2656 Deus.
1784 2600 1845 2658 Si

238 2694 519 2752 (pueratur
546 2693 723 2739 utrum
752 2686 892 2741 Deus
918 2687 987 2740 sit
1015 2686 1181 2742 Filius
1202 2729 1216 2753 ,
1248 2688 1350 2744 hoc
1371 2690 1840 2759 respondebimus.

239 2774 353 2830 Nec
378 2818 394 2842 ,
427 2776 471 2832 si
509 2776 668 2832 fuerit
710 2777 778 2834 dc
826 2778 1024 2851 Spiritu
1075 2791 1261 2836 saneto
1304 2782 1423 2838 talis
1470 2783 1843 2854 interrogatio,

241 2867 387 2922 aliud
419 2884 544 2924 eum
594 2886 714 2926 esse
756 2868 1013 2927 debemus
1062 2872 1386 2944 respondere
1425 2890 1584 2945 quam
1633 2876 1842 2933 Deum:

240 2960 598 3019 vehementer
623 2976 872 3020 caventes
894 2965 970 3021 sic
993 2966 1257 3038 accipere,
1273 2967 1540 3038 quomodo
1578 2969 1645 3025 de
1671 2967 1845 3026 homi-

241 3056 401 3112 nibus
433 3057 635 3113 dictum
665 3067 747 3113 est
776 3100 789 3122 ,
833 3057 922 3112 Dii
967 3060 1086 3114 estis
1141 3060 1311 3130 (Psal.
1363 3076 1544 3135 Lxxxt,
1601 3060 1680 3133 6).
1726 3061 1841 3119 Non

240 3149 385 3204 enim
419 3160 544 3203 sunt
572 3150 882 3205 naturaliter
905 3151 1009 3216 dii,
1039 3150 1362 3222 quicumque
1387 3161 1512 3207 sunt
1534 3152 1657 3209 lacti
1680 3161 1842 3225 atque

241 3240 447 3295 conditi
501 3257 565 3294 ex
611 3240 773 3297 Patre
820 3257 915 3311 per
953 3242 1149 3298 Filium
1190 3242 1332 3299 dono
1368 3244 1595 3314 Spiritus
1648 3243 1840 3301 sancti.

241 3330 358 3402 Ipsa
390 3333 537 3388 enim
564 3332 895 3404 signiﬂcatur
924 3334 1159 3390 Trinitas
1178 3375 1194 3401 ,
1222 3348 1347 3391 cum
1372 3334 1658 3405 Apostolus
1687 3333 1838 3402 dicit,

245 3420 506 3493 Quoniam
533 3443 595 3481 ex
616 3427 747 3497 ipso,
771 3437 819 3480 et
847 3427 899 3481 in
920 3427 1052 3497 ipso,
1097 3438 1143 3483 et
1183 3446 1274 3499 per
1312 3430 1480 3498 ipsum
1514 3439 1630 3484 sunt
1668 3431 1841 3484 omnia

246 3514 426 3588 (Rom.
456 3535 533 3584 xl,
562 3519 675 3592 56).
706 3519 1020 3590 Quanquam
1046 3534 1174 3592 ergo
1200 3522 1268 3577 de
1315 3520 1536 3592 singulis
1564 3520 1585 3552 δ
1609 3521 1841 3580 interro-

240 3612 346 3680 gati
394 3610 818 3681 respondeamus
844 3612 1010 3667 Deum
1035 3628 1155 3669 esse
1198 3612 1266 3668 de
1295 3627 1400 3684 quo
1427 3614 1702 3685 qumritur,
1726 3613 1841 3670 sive

242 3702 459 3759 Patrem
483 3748 499 3772 ,
531 3705 644 3761 sive
672 3705 901 3774 Filium,
951 3707 1063 3761 sive
1110 3706 1367 3778 Spiritum
1406 3716 1688 3774 sanetum;
1730 3722 1840 3764 non

242 3804 424 3851 tamen
463 3806 574 3852 tres
621 3796 754 3854 deos
796 3812 828 3853 a
876 3797 1030 3854 nobis
1079 3798 1183 3855 coli
1230 3798 1512 3871 quisquam
1553 3800 1838 3857 existima-

239 3890 397 3944 verit.

308 3982 402 4036 17.
432 3979 544 4038 Nec
569 3982 765 4039 mirum
794 3982 935 4054 quod
972 3983 1085 4038 haec
1125 3980 1193 4039 de
1222 3982 1477 4039 ineﬂabili
1521 3992 1709 4040 natura
1748 3985 1836 4043 di-

239 4084 458 4142 cuntur,
488 4091 613 4131 cum
646 4077 699 4132 in
728 4076 794 4131 iis
831 4075 993 4131 etiam
1020 4076 1181 4132 rebus
1210 4091 1342 4147 quas
1368 4078 1643 4148 corporeis
1666 4078 1837 4135 oculis

238 4170 536 4237 cernimus,
576 4176 633 4227 et
658 4184 922 4242 corporeo
957 4186 1119 4228 sensu
1145 4171 1537 4243 dijudicamus,
1588 4173 1692 4229 tale
1729 4172 1833 4228 ali-

239 4260 365 4331 quid
388 4262 616 4317 accidat.
645 4261 777 4317 Nam
806 4277 928 4318 cum
950 4261 1018 4320 de
1044 4264 1189 4319 fonte
1216 4264 1541 4335 interrogati,
1568 4280 1673 4320 non
1706 4280 1830 4337 pos-

239 4351 410 4407 simus
440 4350 624 4408 dicere
651 4352 791 4423 quod
835 4353 950 4424 ipse
997 4354 1067 4410 sit
1090 4354 1282 4409 ﬂuvius
1305 4372 1318 4421 ;
1345 4370 1447 4412 nec
1471 4354 1539 4412 de
1562 4355 1723 4413 ﬂuvio
1751 4359 1834 4414 in-

240 4447 789 4518 terrogatipossimus
839 4462 962 4503 eum
1003 4447 1206 4505 fontem
1254 4463 1480 4517 vocare;
1525 4459 1583 4506 et
1621 4466 1835 4508 rursum

238 4539 517 4609 potionem
549 4555 669 4611 quae
706 4539 774 4597 de
818 4539 964 4597 fonte
1005 4541 1092 4598 vel
1138 4540 1300 4598 ﬂuvio
1327 4552 1412 4599 est
1434 4583 1451 4611 ,
1482 4558 1585 4600 nec
1611 4544 1834 4600 ﬂuvium

240 4631 509 4701 possimus
535 4631 806 4703 appellare
829 4647 931 4688 nec
956 4633 1157 4690 fontem
1188 4652 1203 4690 :
1235 4644 1411 4692 tamen
1455 4637 1510 4691 in
1537 4636 1639 4693 hac
1678 4636 1832 4693 trini-

240 4730 343 4781 tate
368 4740 569 4796 aquam
594 4729 935 4783 nominamus
953 4768 968 4793 ,
991 4737 1193 4785 etcum
1220 4729 1286 4785 de
1305 4730 1528 4800 singulis
1553 4731 1832 4801 quaeritur,

240 4814 546 4888 singillatim
575 4832 768 4890 aquam
796 4820 1201 4891 respondemus.
1224 4820 1356 4876 Nam
1378 4822 1422 4876 si
1443 4837 1625 4892 quaero
1653 4831 1834 4881 utrum

242 4921 372 4981 aqua
403 4911 458 4965 in
481 4910 628 4967 fonte
658 4912 749 4978 sit,
773 4912 1129 4983 respondetur
1157 4928 1329 4984 aqua;
1360 4922 1415 4969 et
1454 4913 1497 4969 si
1526 4928 1830 4985 quaeramus

242 5008 420 5057 utrum
444 5017 586 5073 aqua
610 5003 681 5058 sit
721 5003 776 5059 in
828 5004 1011 5073 ﬂuvio,
1040 5004 1169 5060 nihil
1202 5004 1345 5061 aliud
1373 5005 1749 5077 respondetur,
1778 5017 1834 5065 et

243 5088 295 5147 in
322 5091 413 5147 illa
461 5092 679 5164 potione
726 5109 832 5150 non
871 5096 1064 5165 p0terit
1090 5111 1211 5153 esse
1235 5097 1338 5152 alia
1362 5099 1642 5169 responsio
1678 5117 1692 5154 :
1731 5104 1833 5157 nec

243 5190 421 5240 tamen
447 5199 541 5242 eas
567 5194 677 5243 tres
694 5201 881 5257 aquas,
909 5187 1003 5243 sed
1027 5204 1185 5243 unam
1206 5189 1450 5246 dicimus.
1477 5191 1619 5246 Sane
1638 5206 1832 5247 caven-

245 5272 367 5332 dum
398 5284 484 5334 est
529 5293 599 5336 ne
647 5280 929 5351 quisquam
973 5280 1297 5338 ineﬂabilem
1347 5283 1493 5338 illius
1534 5284 1831 5355 majestatis

247 5370 597 5429 substaan
627 5373 764 5430 sicut
800 5371 1002 5431 fontem
1028 5375 1190 5432 istum
1221 5376 1484 5433 visibilem
1519 5386 1678 5450 atque
1702 5393 1825 5435 cor-

245 5478 463 5534 porcum
485 5467 570 5523 vel
594 5467 811 5523 ﬂuvium
838 5469 923 5525 vel
944 5469 1215 5541 potionem
1235 5471 1452 5542 cogitet.
1481 5470 1539 5527 ln
1566 5471 1650 5528 his
1674 5472 1826 5531 enim

244 5567 381 5625 aqua
402 5556 495 5613 illa
514 5572 636 5629 quae
660 5561 882 5615 nuncin
911 5558 1058 5617 fonte
1084 5567 1206 5628 est,
1233 5562 1343 5617 exit
1369 5562 1423 5618 in
1450 5561 1696 5632 ﬂuvium,
1722 5579 1826 5623 nec

246 5715 510 5827 οὲγεᾶίιί,
962 5726 1163 5783 Λωίδι,
1185 5719 1617 5786 mmmam.
1639 5730 1825 5789 mace,

304 5840 414 5932 1's:
434 5842 841 5932 inruisse
856 5840 1623 5932 semimarem
1642 5847 1823 5904 αέυίπσυ

1679 536 1875 594 LIBER
1915 536 2111 594 UNL‘S.

3430 541 3534 602 190

1952 650 2006 705 in
2032 664 2090 705 se
2117 658 2329 717 manet;
2362 658 2415 706 et
2443 666 2563 707 cum
2590 648 2657 708 de
2680 648 2841 708 ﬂuvio
2870 651 2952 708 vel
2977 650 3045 708 de
3081 649 3234 709 fonte
3275 651 3329 709 in
3360 654 3534 724 potio-

1949 758 2070 798 nem
2104 744 2321 809 transit,
2346 760 2451 797 non
2484 743 2552 797 ibi
2582 753 2875 814 permanet,
2906 743 3045 800 unde
3068 744 3319 799 sumitur.
3349 741 3532 814 Itaque

1950 837 2062 892 ﬁeri
2092 845 2263 907 potest
2290 844 2345 890 ut
2372 836 2559 892 eadem
2587 852 2722 908 aqua
2752 852 2891 893 nunc
2919 835 2985 892 ad
3020 836 3182 891 fontis
3211 836 3528 906 appellatio-

1950 945 2071 985 nem
2113 930 2393 999 pertincat,
2424 945 2563 984 nunc
2609 928 2675 985 ad
2716 930 2894 997 ﬂuvii,
2950 944 3093 985 nunc
3132 929 3199 983 ad
3250 927 3530 999 potionis:

1950 1038 2069 1079 cum
2100 1024 2151 1080 in
2194 1023 2279 1077 illa
2328 1022 2583 1077 Trinitate
2622 1021 2911 1077 dixerimus
2959 1037 3062 1077 non
3112 1037 3272 1093 posse
3323 1020 3437 1076 ﬁeri
3474 1028 3531 1075 ut

1950 1115 2108 1171 Pater
2136 1114 2419 1191 aliquando
2443 1114 2511 1169 sit
2552 1115 2713 1171 Filius
2734 1157 2748 1183 ,
2800 1113 3087 1185 aliquando
3144 1114 3376 1183 Spiritus
3409 1128 3533 1168 san-

1950 1219 2095 1276 ctus;
2124 1210 2257 1264 sicut
2284 1210 2335 1263 in
2362 1208 2552 1264 arbore
2574 1224 2680 1264 non
2708 1218 2790 1265 est
2816 1209 2969 1264 radix
2991 1209 3089 1263 nisi
3115 1207 3285 1273 radix,
3317 1224 3415 1263 nec
3440 1222 3531 1263 ro-

1951 1300 2051 1356 bur
2078 1309 2160 1355 est
2188 1299 2327 1355 aliud
2354 1316 2508 1370 quam
2538 1300 2716 1367 robur,
2748 1316 2847 1357 nec
2871 1314 3049 1356 ramos
3076 1301 3175 1355 nisi
3204 1315 3380 1355 ramos
3412 1314 3534 1369 pos-

1951 1410 2134 1451 sumus
2154 1395 2333 1452 dicere
2362 1413 2374 1450 :
2404 1410 2511 1451 non
2541 1396 2683 1451 enim
2712 1394 2852 1467 quod
2880 1395 3072 1450 dicitur
3114 1394 3263 1449 radix
3286 1437 3301 1461 ,
3346 1393 3397 1450 id
3439 1409 3534 1464 po-

1951 1493 2055 1544 test
2082 1487 2183 1544 dici
2207 1490 2367 1543 robur
2402 1496 2455 1544 et
2485 1488 2651 1554 rami;
2684 1503 2781 1544 nec
2811 1488 3012 1558 lignum
3040 1487 3181 1558 quod
3213 1487 3442 1558 pertinet
3467 1483 3535 1542 ad

1950 1584 2183 1640 radicem
2204 1627 2217 1651 ,
2249 1592 2421 1655 potest
2447 1586 2623 1655 aliquo
2646 1584 2872 1639 transitu
2902 1598 3045 1639 nunc
3072 1580 3125 1637 in
3154 1580 3333 1636 radice
3373 1594 3493 1635 esse
3514 1618 3530 1646 ,

1952 1693 2091 1733 nunc
2119 1678 2172 1733 in
2196 1678 2388 1733 robore
2409 1720 2424 1743 ,
2452 1693 2592 1734 nunc
2621 1678 2675 1733 in
2706 1678 2889 1744 ramis,
2937 1675 3031 1733 sed
3075 1671 3441 1730 tantummodo
3482 1671 3535 1727 in

1950 1770 2131 1826 radice
2156 1790 2169 1826 z
2193 1786 2312 1827 cum
2337 1771 2425 1826 illa
2454 1772 2635 1843 regula
2673 1771 2905 1826 nominis
2930 1778 3175 1835 maneat,
3208 1777 3265 1823 ut
3293 1767 3443 1822 radix
3471 1767 3538 1822 li-

1950 1878 2112 1933 gnum
2142 1862 2239 1928 sit,
2266 1871 2320 1918 et
2338 1863 2503 1918 robur
2522 1864 2754 1933 lignum,
2785 1872 2840 1919 et
2886 1860 3021 1916 rami
3050 1860 3286 1930 lignum;
3320 1872 3419 1913 nec
3456 1866 3537 1911 ta-

1951 1970 2073 2011 men
2103 1956 2199 2011 tria
2222 1955 2361 2027 ligna
2383 1941 2650 2023 dicantur,
2684 1955 2778 2011 sed
2806 1970 2989 2010 unum.
3009 1955 3114 2007 Ant
3134 1952 3179 2007 si
3201 1952 3314 2007 iure
3341 1950 3540 2005 habent

1950 2048 2181 2119 aliquam
2228 2048 2749 2114 dissimilitudinem,
2794 2057 2853 2102 ut
2898 2045 3102 2116 possint
3151 2059 3256 2099 non
3307 2040 3537 2097 absurde

1951 2140 2051 2197 tria
2080 2141 2219 2211 ligna
2258 2139 2380 2205 dici,
2414 2148 2630 2211 propter
2670 2138 2937 2193 ﬁrmitatis
2964 2135 3362 2199 diversitatem;
3405 2130 3537 2188 illud

1950 2240 2098 2288 certe
2132 2246 2318 2287 omnes
2343 2231 2673 2298 concedunt,
2704 2231 2747 2286 si
2774 2246 2841 2284 cx
2880 2244 2987 2284 uno
3026 2226 3174 2282 fonte
3204 2225 3306 2280 tria
3349 2223 3538 2295 poeula

1950 2324 2290 2395 impleantur,
2321 2338 2476 2394 posse
2496 2323 2598 2379 dici
2637 2323 2735 2378 tria
2768 2322 2951 2392 pocula
2972 2360 2989 2388 ,
3022 2329 3130 2375 tres
3159 2326 3336 2373 autem
3375 2330 3541 2388 aquas

1950 2430 2059 2472 non
2086 2429 2242 2486 posse
2262 2414 2398 2479 dici,
2431 2413 2526 2469 sed
2554 2412 2771 2468 omnino
2798 2426 2957 2467 uuam
2987 2425 3209 2481 aquam;
3234 2420 3537 2478 quanquam

1949 2506 2018 2563 de
2062 2506 2283 2576 singulis
2312 2505 2516 2576 poculis
2559 2504 2913 2574 interrogatus
2954 2501 3007 2556 in
3058 2498 3298 2571 quolibet
3344 2496 3536 2552 horum

1949 2614 2141 2671 aquam
2171 2612 2290 2655 esse
2314 2596 2640 2669 respondeas
2665 2615 2678 2651 :
2714 2595 2957 2667 quamvis
2980 2593 3154 2649 nullus
3173 2594 3256 2648 hic
3283 2591 3539 2647 transitus

1951 2692 2060 2758 ﬂat,
2094 2690 2320 2747 sicutdc
2356 2692 2502 2746 fonte
2546 2690 2601 2744 in
2643 2687 2860 2744 ﬂuvium
2890 2686 3220 2743 dicebamus.
3270 2684 3375 2740 Sed
3419 2683 3537 2739 haec

1950 2800 2057 2841 non
2092 2794 2307 2855 propter
2336 2784 2477 2839 illius
2512 2782 2709 2838 divina:
2744 2790 2947 2838 naturae
2980 2780 3419 2845 similitudinem,
3444 2777 3541 2834 sed

1952 2887 2167 2948 pr0pter
2195 2876 2480 2931 visibilium
2506 2876 2665 2932 etiam
2695 2874 2948 2930 unitatem
2972 2872 3271 2945 corporalia
3292 2868 3537 2942 exempla

1949 2967 2073 3024 data
2104 2978 2263 3036 sunt,
2289 2978 2349 3023 ut
2384 2968 2767 3039 intelligeretur
2793 2966 2907 3023 lieri
2946 2981 3103 3037 posse
3142 2974 3200 3020 ut
3240 2964 3412 3034 aliqua
3440 2962 3541 3017 tria

1948 3077 2057 3117 non
2091 3071 2292 3117 tantum
2319 3061 2657 3132 singillatim,
2682 3059 2777 3117 sed
2812 3060 2976 3116 etiam
3021 3059 3180 3115 simul
3218 3073 3382 3115 unum
3424 3057 3541 3113 sin-

1948 3153 2129 3224 gulare
2155 3168 2350 3210 nomen
2377 3154 2687 3219 obtineant;
2736 3167 2836 3208 nec
2873 3152 3154 3223 quisquam
3214 3151 3436 3206 miretur
3483 3157 3540 3207 et

1948 3244 2237 3301 absurdum
2282 3254 2431 3316 putet
2473 3245 2615 3316 quod
2647 3244 2812 3301 Deum
2842 3244 3073 3299 dicimus
3100 3244 3333 3311 Patrem,
3372 3242 3542 3301 Deum

1948 3335 2179 3403 Filium,
2221 3337 2388 3391 Deum
2428 3335 2687 3407 Spiritum
2738 3344 3020 3401 sanctum,
3063 3351 3163 3391 nec
3211 3344 3389 3392 tamen
3431 3344 3541 3392 tres

1947 3425 2078 3482 deos
2108 3428 2161 3481 in
2186 3427 2286 3482 ista
2312 3427 2595 3497 Trinitate,
2619 3426 2715 3483 sed
2732 3442 2896 3482 unum
2919 3426 3087 3483 Deum
3115 3442 3381 3500 unamque
3405 3427 3538 3483 sub-

1946 3517 2195 3574 stantiam
2225 3520 2266 3573 ί.

2021 3612 2109 3667 18.
2143 3612 2209 3668 Et
2232 3610 2298 3669 de
2328 3612 2485 3669 Patre
2512 3612 2730 3685 quidem
2760 3628 2822 3670 ac
2853 3613 2991 3670 Filio
3030 3613 3211 3669 multis
3248 3613 3396 3669 libris
3421 3611 3535 3669 dis-

1947 3712 2234 3760 seruerunt
2279 3703 2425 3760 docti
2462 3714 2517 3761 et
2556 3705 2860 3777 spirituales
2886 3706 2907 3737 ³
2935 3705 3075 3773 viri,
3124 3705 3318 3777 quibus
3361 3719 3535 3776 quan-

1948 3804 2060 3852 tum
2086 3796 2327 3853 homines
2354 3796 2658 3853 hominibus
2687 3806 2963 3868 poterant,
2998 3806 3051 3854 et
3086 3797 3537 3868 quemadmodum

1947 3902 2055 3944 non
2075 3904 2211 3945 unus
2236 3899 2378 3945 esset
2404 3889 2560 3944 Pater
2580 3897 2635 3944 et
2664 3889 2864 3958 Filius,
2894 3888 2989 3945 sed
3019 3905 3181 3946 unum
3222 3897 3440 3954 essent;
3482 3896 3539 3945 et

1946 3981 2075 4055 quid
2096 3983 2306 4054 proprie
2330 3982 2488 4038 Pater
2512 3992 2687 4049 esset,
2704 3992 2758 4038 et
2784 3983 2910 4054 quid
2940 3982 3106 4038 Filius
3137 3983 3408 4039 insinuare
3446 3996 3541 4038 co-

1945 4074 2058 4130 nati
2082 4084 2243 4131 sunt:
2275 4074 2416 4146 quod
2448 4075 2536 4131 ille
2560 4076 2787 4147 genitor,
2822 4077 2908 4132 hic
2934 4077 3179 4148 genitus;
3208 4077 3300 4132 ille
3336 4090 3444 4132 non
3468 4076 3539 4133 de

1946 4165 2102 4235 Filio,
2132 4167 2219 4224 hic
2244 4167 2310 4225 de
2328 4168 2483 4225 Patre
2506 4185 2521 4234 ;
2542 4167 2699 4239 hujus
2728 4169 2817 4225 ille
2842 4152 3184 4241 principium,
3205 4170 3346 4226 unde
3372 4180 3427 4227 et
3444 4184 3535 4226 ca-

1943 4268 2040 4329 put
2070 4258 2269 4315 Christi
2296 4259 2487 4314 dicitur
2527 4260 2578 4332 (l
2602 4261 2717 4315 Cor.
2752 4278 2829 4329 χι,
2853 4259 2932 4334 5),
2960 4263 3201 4333 quamvis
3218 4272 3271 4319 et
3290 4262 3539 4319 Christus

1945 4350 2262 4420 principium
2292 4349 2468 4421 (loan.
2500 4368 2594 4411 vut
2615 4394 2629 4419 ,
2663 4352 2777 4425 ‘25),
2808 4353 2901 4409 sed
2929 4371 3034 4409 non
3055 4356 3260 4422 Patris;
3294 4356 3380 4412 hic
3408 4370 3555 4437 vero.

1944 4440 2087 4496 illius
2116 4442 2289 4512 imago
2317 4441 2535 4511 (Coloss.
2573 4445 2622 4510 1,
2658 4443 2787 4514 15),
2830 4446 3071 4516 quamvis
3097 4447 3241 4502 nulla
3271 4462 3338 4503 ex
3384 4456 3539 4517 parte

1944 4529 2217 4586 dissimilis
2244 4541 2297 4586 et
2328 4534 2548 4589 omnino
2568 4534 2936 4593 indtﬂ‘erenter
2957 4537 3197 4608 aequalis.
3220 4539 3537 4597 Tractentur

1942 4619 2060 4678 haec
2087 4622 2247 4678 latius
2274 4623 2342 4679 ab
2369 4624 2447 4679 eis
2472 4627 2561 4695 qui
2595 4643 2700 4681 non
2729 4638 2833 4683 tam
2865 4628 3100 4686 breviter
3126 4646 3282 4703 quam
3306 4647 3427 4700 nos,
3462 4643 3537 4688 to-

1942 4712 2048 4769 tius
2063 4712 2367 4770 christiana:
2383 4715 2504 4772 lidei
2520 4717 2904 4787 professionem
2915 4722 3103 4779 volunt
3117 4725 3405 4795 explicare.
3441 4726 3535 4780 ita-

1942 4822 2047 4880 que
2072 4806 2127 4862 in
2147 4816 2405 4878 quantum
2421 4807 2586 4865 Filius
2602 4819 2703 4878 est,
2723 4811 2790 4871 de
2812 4813 2969 4871 Patre
2994 4817 3201 4886 accepit
3223 4825 3281 4873 ut
3301 4818 3389 4884 sit,
3405 4832 3531 4872 cum

1942 4897 2033 4953 ille
2061 4896 2128 4953 de
2154 4897 2291 4953 Filio
2310 4898 2361 4955 id
2381 4914 2490 4955 non
2506 4903 2775 4974 acceperit
2796 4923 2809 4960 :
2834 4906 2961 4965 etin
2980 4916 3234 4977 quantum
3254 4907 3530 4963 hominem

1940 4990 2252 5047 mutabilem
2265 4992 2472 5049 scilicet
2488 5002 2786 5053 creaturam
2802 4998 2858 5053 in
2874 5000 3066 5056 melius
3078 5000 3531 5069 commutandam,

1940 5082 2199 5139 ineﬂabili
2225 5085 2595 5144 misericordia
2620 5131 2635 5157 ,
2666 5084 2947 5163 temporali
2974 5091 3373 5165 dispensatione
3402 5108 3529 5149 sus-

1938 5176 2113 5246 cepit,
2146 5176 2313 5233 multa
2349 5177 2417 5235 de
2452 5179 2544 5236 illo
2574 5181 2627 5236 in
2658 5181 2950 5255 Scripturis
2978 5184 3318 5239 inveniuntur
3346 5184 3420 5241 ita
3450 5184 3532 5241 di-

1936 5275 2043 5333 cta,
2072 5276 2129 5323 ut
2154 5268 2344 5340 impias
2368 5268 2739 5329 haereticorum
2765 5286 2971 5331 mentes
2994 5277 3140 5345 prius
3164 5275 3406 5334 volentes
3435 5279 3532 5335 do-

1936 5373 2062 5418 cere
2098 5378 2259 5435 quam
2290 5380 2449 5423 nosse
2472 5408 2490 5435 ,
2528 5366 2584 5424 iu
2612 5383 2851 5425 errorem
2888 5368 3167 5437 miserint,
3197 5378 3255 5425 ut
3284 5380 3557 5441 putareut~

1936 5469 2059 5513 eum
2080 5473 2185 5514 non
2207 5460 2466 5531 aequalem
2488 5460 2652 5527 Patri,
2672 5477 2771 5518 nec
2794 5460 3033 5532 ejusdem
3054 5476 3172 5519 esse
3191 5463 3529 5537 substantiis,

1934 5553 2110 5623 qualia
2138 5562 2263 5610 sunt
2304 5555 2425 5623 illa,
2458 5555 2712 5622 Quoniam
2741 5554 2900 5611 Pater
2929 5558 3095 5628 major
3120 5576 3199 5614 me
3226 5568 3297 5615 est
3325 5561 3344 5634 (
3367 5561 3527 5617 Joan.

1934 5660 2048 5712 XIV,
2081 5644 2189 5717 28)
2222 5663 2236 5713 ;
2268 5656 2351 5714 et,
2383 5646 2547 5719 Caput
2587 5647 2812 5704 mulieris
2832 5650 2910 5705 vir
2933 5691 2948 5717 ,
2980 5664 3130 5723 caput
3155 5654 3247 5708 viri
3271 5652 3527 5722 Christus,

1934 5749 2088 5810 caput
2106 5749 2275 5795 autem
2297 5739 2487 5797 Christi
2516 5740 2651 5798 Deus
2676 5742 2732 5815 (Ι
2760 5744 2878 5801 Cor.
2905 5747 3031 5813 x1,5
3056 5744 3075 5819 )
3106 5765 3121 5814 ;
3145 5758 3220 5818 et,
3253 5748 3398 5804 Tunc
3416 5751 3529 5819 ipsa

2052 5917 2459 5993 ﬁssis‘iedlmmn
2490 5920 2702 5993 99W!“
2737 5939 2800 5993 ιφ

2048 5984 2101 6029 In
2138 5978 2384 6045 vulgatis,
2437 5984 2668 6053 religiosi.
2697 5990 2845 6052 αιδιιε

2917 5941 2973 5978 ue
3006 5927 3332 5978 substantiam.

1994 5918 2016 6010 ξ
2052 5918 2281 5976 Mss.,sed
2309 5930 2459 5993 unum
2490 5920 2702 5998 celamys
2737 5939 2986 6041 trimum
3006 5927 3332 5978 substmitiam.
3488 5990 3491 5993 γ

1928 6033 2018 6091 ω.
2048 5984 2101 6029 In
2138 5978 2384 6045 vulgatis,
2437 5984 2668 6053 reliqum.
2697 5995 2845 6052 unus
3032 5991 3083 6041 in
3122 5992 3253 6049 νεεδ
3295 5985 3526 6052 surm-
