4046 6332
499 449 598 508 191
1472 446 1561 504 DE
1601 445 1759 504 FIDE
1797 443 1884 502 ΕΤ
1924 437 2254 504 SYMBOLO,
2295 437 2349 494 S.
2392 438 2762 496 AUGUSTINI

498 569 751 640 subjectus
777 567 869 623 erit
890 566 936 621 ei
955 566 1038 638 qui
1061 565 1134 620 illi
1160 567 1368 638 subjecit
1385 564 1576 636 omnia(
1598 565 1617 619 l
1648 564 1764 620 Cor.
1792 579 1886 631 xv,
1917 561 1989 618 28
2015 560 2032 629 )
2064 575 2079 625 ;

500 673 586 732 et,
625 663 766 717 Vada
807 663 872 716 ad
897 661 1102 714 Patrem
1129 679 1294 715 meum
1322 671 1367 714 et
1397 659 1602 714 Patrem
1641 667 1888 724 vestrum,
1925 655 2088 709 Deum

503 775 666 811 meum
693 767 740 811 et
781 757 943 810 Deum
981 766 1196 809 vestrum
1231 754 1417 827 (Joan.
1445 771 1510 808 xx
1533 795 1546 818 ,
1583 753 1680 824 17)
1709 769 1723 818 ;
1754 761 1808 808 et
1834 748 2088 804 nonnulla

502 849 804 920 hujusmodi
840 868 850 903 :
885 865 1002 918 qua:
1028 849 1203 902 omnia
1235 847 1404 916 posita
1444 855 1604 912 sunt,
1650 860 1755 898 non
1793 851 1850 896 ut
1887 850 2087 895 natura:

500 951 658 1011 atque
689 941 996 995 substantia:
1027 939 1436 1010 inchualitatcm
1469 937 1768 1007 signiﬁcent
1789 980 1802 1004 ,
1852 951 1920 990 ne
1959 933 2088 988 falsa

500 1032 608 1086 sint.
632 1031 718 1085 illa
746 1073 760 1096 ,
790 1029 902 1101 Ego
929 1039 974 1084 et
1005 1029 1162 1083 Pater
1191 1047 1345 1083 unum
1369 1046 1540 1083 sumus
1563 1029 1581 1100 (
1604 1027 1688 1082 Id.
1712 1045 1764 1092 Χ,
1809 1026 1912 1096 ’50)
1944 1043 1957 1091 ;
1999 1034 2052 1081 et
2071 1068 2085 1095 ,

505 1123 604 1189 Qui
633 1139 710 1176 me
729 1124 871 1188 vidit,
899 1123 1018 1176 vidit
1040 1133 1084 1176 et
1114 1120 1322 1175 Patrem
1355 1138 1520 1176 meum
1549 1119 1666 1192 (Id.
1695 1136 1787 1174 xlv
1808 1161 1822 1183 ,
1849 1118 1923 1190 9)
1949 1135 1962 1184 ;
1995 1129 2083 1184 et,

502 1215 640 1270 Deus
669 1226 776 1270 erat
821 1215 1077 1284 Verbum;
1107 1232 1212 1271 non
1239 1217 1381 1272 enim
1413 1215 1579 1270 factus
1601 1223 1682 1269 est
1702 1256 1716 1278 ,
1749 1229 1870 1268 cum
1909 1212 2088 1267 omnia

499 1323 597 1380 per
626 1309 797 1377 ipsum
827 1309 961 1363 facta
990 1310 1094 1364 sint
1125 1309 1250 1381 (1d.
1276 1325 1312 1376 ι,
1347 1310 1396 1374 1,
1430 1307 1499 1377 5)
1535 1326 1547 1362 :
1575 1315 1627 1362 et
1650 1349 1664 1374 ,
1697 1305 1817 1359 Non
1855 1307 2088 1376 rapinam

501 1400 774 1454 arbitratus
815 1410 886 1455 est
914 1419 1019 1456 esse
1053 1402 1264 1472 wqualis
1293 1400 1443 1464 Deo;
1485 1409 1538 1455 ct
1573 1409 1760 1454 caetera
1793 1399 1912 1452 talia
1948 1416 1962 1454 :
1994 1399 2088 1454 sed

501 1491 588 1546 illa
624 1493 790 1563 posita
809 1502 951 1560 sunt,
971 1495 1163 1564 partim
1197 1504 1412 1564 propter
1432 1492 1942 1546 administrationem
1967 1506 2087 1546 sus-

500 1586 640 1653 ccpti
681 1586 944 1652 hominis,
1001 1603 1103 1657 qua
1149 1587 1377 1650 dicitur,
1438 1586 1776 1657 Semetipsum
1813 1585 2087 1640 exinauivit

503 1676 522 1746 (
549 1676 779 1748 Philipp,
811 1695 866 1744 ιι,
901 1680 933 1733 6
963 1678 980 1749 )
1009 1696 1022 1744 ;
1053 1694 1156 1733 non
1185 1680 1304 1748 quia
1346 1688 1549 1734 mutata
1572 1687 1652 1733 est
1681 1678 1771 1732 illa
1796 1677 2085 1746 Sapientia,

502 1785 624 1825 cum
654 1771 722 1826 sit
745 1772 964 1826 omnino
991 1771 1435 1827 incommutabilis
1465 1789 1479 1838 ;
1509 1771 1602 1826 sed
1633 1771 1753 1842 quia
1787 1779 1890 1824 tam
1916 1770 2088 1850 humi-

503 1862 624 1919 liter
665 1863 967 1920 hominibus
995 1866 1330 1920 innotescere
1357 1865 1522 1918 voluit
1553 1883 1564 1918 :
1595 1863 1783 1934 partim
1812 1877 1937 1932 ergo
1963 1877 2090 1933 pro-

500 1963 622 2025 pter
648 1957 784 2013 hanc
820 1957 1332 2013 administrationem
1366 1959 1452 2012 illa
1486 1958 1567 2011 'ila
1595 1958 1788 2028 scripta
1831 1965 1990 2020 sunt,
2023 1955 2090 2010 dc

499 2049 692 2118 quibus
721 2048 963 2104 lueretici.
993 2050 1388 2104 cahunuiantur
1421 2070 1433 2116 ;
1481 2051 1673 2120 partim
1707 2057 1920 2118 propter
1951 2048 2051 2103 hoc
2072 2090 2085 2114 ,

499 2141 621 2208 quia
649 2140 813 2196 Filius
852 2142 994 2196 Patri
1023 2142 1182 2198 debet
1213 2142 1354 2212 quod
1395 2152 1507 2208 est,
1561 2143 1662 2195 hoc
1701 2143 1859 2196 etiam
1890 2141 2089 2195 debens

500 2231 684 2300 utique
721 2232 862 2286 Patri
888 2233 1025 2302 quod
1071 2233 1241 2287 eidem
1287 2233 1428 2286 Patri
1458 2233 1676 2302 aequalis
1722 2241 1813 2285 aut
1843 2247 1937 2301 par
1964 2241 2084 2297 est;

500 2320 660 2376 Pater
687 2331 862 2378 autem
892 2323 1020 2377 nulli
1047 2322 1205 2378 debet
1235 2322 1488 2393 quidquid
1515 2332 1614 2377 est.

570 2414 656 2470 19.
700 2414 775 2468 Dc
817 2413 1016 2484 Spiritu
1045 2424 1230 2470 sancto
1264 2423 1440 2469 autem
1471 2414 1705 2469 nomium
1737 2423 1842 2469 tam
1874 2415 2089 2484 copiose

497 2520 561 2562 ac
597 2507 878 2578 diligenter
906 2507 1231 2578 disputatum
1261 2517 1345 2562 est
1373 2523 1401 2560 a
1429 2507 1599 2562 doctis
1639 2515 1692 2562 et
1722 2508 1925 2578 magnis
1956 2507 2087 2562 divi-

497 2616 687 2656 narum
728 2600 1119 2671 Seripturarum
1163 2602 1556 2667 traetatoribus,
1587 2609 1644 2656 ut
1675 2601 1893 2672 intelligi
1935 2600 2087 2659 facile

495 2693 668 2762 possit
696 2702 748 2748 et
774 2693 888 2763 ejus
910 2695 1202 2764 proprium,
1233 2710 1339 2764 quo
1361 2695 1573 2765 proprio
1605 2694 1660 2748 lit
1682 2702 1738 2748 ut
1765 2708 1885 2748 cum
1915 2709 2087 2764 neque

495 2786 688 2841 Filium
734 2803 906 2858 neque
936 2789 1145 2845 Patrem
1187 2790 1363 2846 dicere
1415 2791 1699 2860 possimus,
1747 2790 1841 2845 sed
1881 2798 2086 2845 tantum

493 2877 748 2949 Spiritum
785 2891 1064 2946 sanctum;
1097 2882 1196 2936 nisi
1241 2882 1380 2952 quod
1418 2897 1540 2936 eum
1585 2881 1781 2936 donum
1827 2882 1917 2936 Dei
1967 2897 2088 2937 esse

493 2970 804 3040 prredieant,
850 2982 906 3026 ut
945 2973 1112 3029 Deum
1156 2973 1437 3029 credamus
1467 2989 1570 3028 non
1601 2989 1660 3029 se
1702 2974 1816 3044 ipso
1864 2972 2087 3030 inferius

493 3059 692 3116 donum
738 3062 885 3118 dare.
927 3063 1150 3120 Servant
1196 3076 1371 3119 tamen
1413 3074 1470 3119 ut
1515 3080 1619 3130 non
1649 3066 1883 3136 genitum
1913 3065 2084 3135 Spiri-

492 3159 608 3207 tum
648 3162 890 3209 sanctum
935 3165 1184 3225 tanquam
1213 3156 1405 3210 Filium
1445 3155 1513 3210 de
1560 3156 1715 3211 Patre
1759 3155 2082 3226 prrcdiccnt;

492 3244 680 3300 unicus
722 3247 864 3301 enim
893 3255 976 3301 est
1020 3246 1306 3302 Christus:
1340 3263 1511 3318 neque
1549 3247 1616 3303 de
1656 3248 1791 3303 Filio
1837 3257 2086 3319 tanquam

492 3345 740 3407 nepotem
771 3339 962 3394 summi
993 3339 1164 3395 Patris
1193 3359 1205 3394 :
1240 3355 1338 3396 nec
1365 3349 1539 3395 tamen
1570 3341 1623 3396 id
1650 3341 1793 3412 quod
1822 3351 1924 3409 est,
1957 3344 2087 3398 nulli

489 3428 709 3498 debere,
741 3432 836 3488 sed
866 3432 1031 3501 Patri,
1077 3450 1140 3489 ex
1183 3450 1287 3505 quo
1326 3437 1502 3490 omnia
1529 3453 1542 3501 ;
1573 3453 1639 3492 nc
1665 3436 1771 3492 duo
1797 3439 2086 3492 constitua-

490 3534 612 3576 mus
640 3522 898 3593 principia
927 3524 1043 3579 sine
1071 3525 1354 3595 principio,
1387 3526 1528 3595 quod
1562 3526 1904 3582 falsissimum
1927 3535 2008 3582 est
2033 3538 2086 3582 et

489 3613 954 3682 absurdissimum,
997 3624 1184 3670 etnon
1221 3617 1494 3672 catholicae
1525 3618 1668 3685 lidei,
1709 3619 1803 3674 sed
1834 3635 2086 3688 quorum-

490 3705 613 3761 dam
645 3705 1020 3762 hmreticorum
1062 3710 1231 3762 errori
1261 3711 1558 3779 proprium.
1601 3712 1730 3766 Ausi
1757 3720 1880 3766 sunt
1909 3722 2080 3767 tamen

491 3795 707 3866 quidam
735 3798 900 3866 ipsam
931 3799 1361 3853 communionem
1385 3800 1556 3854 Patris
1579 3809 1632 3854 et
1659 3800 1797 3868 Filii,
1823 3810 2000 3872 atque,
2027 3812 2084 3858 ut

491 3887 565 3943 ita
593 3888 786 3956 dicam,
833 3888 1104 3957 deitatem,
1151 3905 1307 3960 quam
1336 3892 1504 3946 Grmci
1531 3901 1730 3954 θεότητος
1771 3895 2037 3962 appellant
2066 3937 2081 3960 ,

491 3981 746 4052 Spiritum
775 3991 1016 4038 sanctmn
1053 3983 1276 4039 credere
1306 4003 1317 4038 :
1347 3995 1424 4052 ut,
1469 3986 1718 4053 quoniam
1758 3987 1915 4042 Pater
1946 3988 2084 4042 Deus

492 4086 546 4132 ct
573 4077 739 4130 Filius
773 4078 928 4145 Deus,
953 4078 1067 4148 ipsa
1093 4079 1283 4144 deitas,
1313 4095 1414 4151 qua
1441 4079 1543 4135 sibi
1573 4081 1890 4152 copulantur
1915 4092 1970 4136 et
1992 4083 2080 4138 ille

491 4169 758 4240 gignendo
783 4170 976 4225 Filium
1003 4181 1056 4226 ct
1083 4172 1172 4227 ille
1205 4172 1347 4227 Patri
1369 4172 1706 4239 cohmrendo,
1740 4176 1786 4228 ei
1809 4190 1839 4228 a
1869 4190 1974 4244 quo
2001 4183 2084 4230 est

489 4262 702 4332 genitus
739 4270 996 4332 sequetur.
1040 4263 1187 4318 Hanc
1229 4280 1356 4334 ergo
1401 4264 1672 4331 deitatem,
1720 4281 1876 4336 quam
1924 4267 2083 4322 etiam

491 4349 830 4408 dilectionem
876 4354 928 4408 in
974 4369 1031 4409 se
1074 4355 1298 4409 invicem
1340 4356 1615 4410 amborum
1661 4358 2084 4430 ebaritatemque

489 4444 676 4498 volunt
703 4445 943 4516 intelligi,
977 4447 1231 4516 Spiritum
1262 4459 1501 4503 sanetum
1529 4451 1850 4520 appellatum
1878 4451 2079 4520 dicunt,

491 4534 777 4604 multisque
799 4535 1192 4605 Scripturarum
1232 4538 1566 4595 documentis
1591 4540 1784 4596 adsunt
1814 4541 1936 4596 huic
1963 4545 2081 4614 epi-

491 4625 635 4680 nioni
661 4640 802 4691 sua};
832 4627 945 4683 sive
969 4629 1056 4682 illo
1079 4630 1217 4698 quod
1241 4631 1439 4685 dictum
1462 4641 1562 4698 est,
1591 4633 1840 4700 Quoniam
1864 4634 2082 4690 Charitas

489 4714 590 4770 Dei
615 4715 804 4783 (li/fusa
823 4727 897 4772 est
921 4719 972 4772 in
1004 4721 1235 4774 cordibus
1264 4725 1446 4776 nostris
1474 4739 1560 4793 per
1583 4724 1831 4792 Spiritum
1853 4735 2083 4779 sanctum

489 4808 576 4878 qui
600 4809 747 4862 datus
783 4819 854 4862 est
892 4809 1034 4864 nobis
1062 4810 1233 4880 (Rom.
1268 4829 1318 4875 v,
1349 4812 1440 4882 5);
1471 4815 1581 4867 sive
1607 4814 1724 4868 aliis
1754 4815 1934 4870 multis
1965 4816 2084 4871 tali-

489 4902 589 4958 bus
615 4903 930 4959 testimoniis
953 4921 966 4968 ;
989 4914 1042 4959 et
1063 4921 1127 4960 eo
1151 4905 1263 4974 ipso
1285 4907 1424 4974 quod
1453 4923 1547 4976 per
1567 4907 1818 4977 Spiritum
1837 4918 2082 4964 sanctum

490 4994 899 5050 reeonciliamur
925 4995 1057 5061 Deo,
1089 4995 1231 5051 unde
1256 4997 1414 5050 etiam
1447 5012 1565 5052 cum
1597 4998 1794 5053 donum
1825 5000 1918 5054 Dei
1946 4999 2080 5055 dici-

489 5094 592 5153 tur,
641 5089 768 5143 satis
800 5087 1084 5158 signilicari
1127 5090 1309 5144 volunt
1333 5090 1644 5146 charitatcm
1680 5093 1776 5147 Dei
1807 5109 1927 5149 esse
1957 5093 2080 5164 Spi-

491 5177 648 5230 ritum
675 5189 938 5235 sanctum.
977 5179 1092 5235 Non
1122 5182 1263 5236 enim
1299 5182 1702 5238 reeonciliamur
1732 5186 1828 5253 illi,
1859 5187 1961 5242 nisi
1989 5203 2081 5258 per

489 5265 850 5336 dilectionem,
887 5287 988 5341 qua
1019 5272 1178 5326 etiam
1211 5271 1300 5326 lilii
1333 5275 1346 5303 ¹
1375 5273 1702 5343 appellamur
1744 5276 1788 5346 (Ι
1813 5275 1968 5331 Joan.
2001 5294 2076 5346 ιιι,

490 5358 547 5428 1)
579 5375 592 5411 :
626 5373 730 5412 non
750 5360 859 5429 jam
881 5364 980 5418 sub
1007 5365 1197 5419 timore
1225 5373 1471 5435 tanquam
1502 5366 1658 5430 servi,
1686 5369 1804 5436 quia
1827 5384 2079 5424 consum-

488 5458 633 5506 mata
663 5451 876 5508 dilectio
923 5453 1065 5511 foras
1110 5458 1270 5513 mittit
1313 5459 1554 5513 timorem
1606 5458 1713 5531 (Id.
1747 5477 1816 5528 iv,
1864 5462 1994 5531 18);
2028 5471 2081 5516 et

490 5545 746 5617 Spiritum
777 5547 1035 5604 libertatis
1065 5554 1383 5621 accepimus,
1413 5554 1464 5605 in
1494 5570 1592 5622 quo
1619 5555 1914 5619 clamamus,
1943 5555 2079 5610 Abba

494 5643 652 5696 Pater
675 5640 851 5711 (Rom.
884 5657 998 5709 vm,
1035 5643 1144 5708 15).
1188 5645 1255 5697 Et
1283 5646 1400 5714 quia
1429 5647 1753 5701 reconciliati
1786 5658 1837 5702 et
1867 5649 1915 5701 iu
1949 5650 2079 5702 ami-

495 5729 672 5783 citiam
703 5732 936 5786 revocati
977 5746 1072 5801 per
1100 5732 1412 5790 charitatem
1443 5725 1550 5803 (let.
1583 5753 1635 5800 v,
1670 5739 1826 5810 8-10)
1874 5741 2077 5809 poteri-

492 5837 615 5885 mus
662 5824 838 5877 omnia
889 5825 982 5879 Dei
1031 5835 1233 5879 secreta
1280 5842 1639 5897 cognoscere,
1689 5842 1962 5902 propterea
2011 5834 2075 5890 de

561 5938 577 5965 ³
609 5939 660 5984 tu
684 5931 888 5998 vulgatis
905 5937 1093 5995 additur
1109 5973 1126 6003 μ
1153 5938 1271 6002 Dei;
1288 5942 1418 6004 quod
1439 5944 1580 5996 abest
1605 5959 1631 5997 a
1659 5955 1758 6000 uss.

3663 448 3767 506 192

2198 553 2391 625 Spiritu
2418 565 2598 614 sancto
2626 559 2836 627 dicitur,
2870 561 2993 631 Ipse
3010 577 3095 618 vos
3120 562 3322 620 inducet
3341 564 3396 620 in
3419 581 3612 624 omnem
3635 574 3767 627 veri-

2194 658 2341 702 tatem
2363 649 2541 720 (Joan.
2571 668 2682 719 xw,
2715 653 2825 725 15).
2869 655 3153 727 Propterea
3171 667 3222 712 et
3239 651 3556 718 confidentia
3577 665 3769 733 praedi-

2194 744 2376 800 candm
2397 745 2651 814 veritatis,
2670 761 2771 818 qua
2790 749 2990 819 impleti
3009 760 3133 805 sunt
3159 752 3210 806 in
3237 751 3466 809 adventu
3495 756 3608 825 ejus
3629 757 3772 830 Apo-

2193 839 2314 893 stoli
2363 838 2495 910 (Act.
2537 855 2594 905 ιι,
2644 840 2720 910 4),
2771 852 2917 898 reetc
2959 842 3205 899 charitati
3243 845 3528 913 tribuitur;
3560 847 3682 918 quia
3723 859 3776 907 et

2193 931 2485 1004 diffidentia
2513 934 2688 989 timori
2708 934 2885 1001 datur,
2911 952 3066 1007 quem
3089 939 3478 994 consummatio
3499 941 3772 998 charitatis

2195 1024 2444 1078 excludit.
2486 1024 2608 1081 Ideo
2635 1028 2794 1082 etiam
2825 1027 3022 1084 donum
3069 1030 3165 1086 Dei
3209 1030 3403 1086 dicitur
3435 1031 3646 1104 (Ephes.
3683 1050 3772 1103 ιιι,

2195 1116 2270 1184 7),
2302 1118 2422 1186 quia
2452 1133 2516 1173 eo
2545 1119 2686 1190 quod
2711 1122 2935 1192 quisque
2963 1124 3110 1178 novit
3140 1139 3247 1180 non
3277 1125 3488 1192 fruitur,
3522 1128 3623 1183 nisi
3649 1136 3701 1183 et
3725 1129 3775 1184 id

2194 1205 2396 1277 diligat.
2430 1209 2551 1265 Frui
2570 1219 2746 1267 autem
2770 1213 3029 1283 sapientia
3057 1215 3172 1283 Dei,
3197 1215 3327 1271 nihil
3353 1227 3438 1272 est
3464 1217 3604 1273 aliud
3625 1233 3782 1289 quam

2195 1299 2243 1354 ei
2265 1300 2548 1356 dilectione
2560 1302 2830 1359 cohaerere
2852 1323 2864 1359 :
2883 1320 3056 1377 neque
3069 1308 3345 1378 quisquam
3362 1308 3416 1363 in
3435 1324 3500 1364 co
3517 1310 3656 1380 quod
3671 1325 3784 1380 per-

2194 1390 2323 1461 cipit
2347 1403 2642 1462 permanet,
2676 1395 2775 1450 nisi
2802 1395 3084 1454 dilectione
3109 1416 3122 1465 ;
3171 1408 3226 1454 et
3257 1399 3378 1456 ideo
3405 1401 3636 1471 Spiritus
3662 1417 3782 1456 san-

2194 1491 2312 1538 ctus
2358 1484 2570 1552 dicitur,
2616 1489 2864 1557 quoniam
2906 1491 2970 1545 ad
3015 1494 3438 1561 permanendum
3479 1496 3780 1551 sanciuntur

2195 1593 2541 1649 quascumque
2567 1582 2879 1637 sanciuntur
2899 1586 2940 1650 ³,
2967 1601 3065 1640 nec
3090 1585 3307 1643 dubium
3338 1597 3420 1643 est
3441 1605 3472 1645 a
3498 1587 3780 1645 sanciendo

2195 1674 2526 1728 sanctitatem
2582 1673 2780 1732 vocari.
2829 1678 3052 1734 Maxime
3101 1691 3277 1737 autem
3327 1683 3420 1738 illo
3477 1685 3781 1741 testimonio

2197 1772 2415 1820 utuntur
2456 1776 2752 1826 assertores
2793 1769 2950 1840 hujus
2991 1775 3290 1842 sententia),
3336 1776 3481 1846 quod
3526 1777 3781 1848 scriptum

2196 1867 2297 1926 est,
2334 1859 2482 1926 Quod
2510 1871 2680 1915 natum
2719 1872 2793 1917 est
2819 1865 2880 1918 de
2905 1881 3075 1934 carne,
3100 1884 3217 1921 caro
3239 1877 3311 1922 est
3332 1884 3352 1933 ,'
3378 1879 3426 1923 et
3449 1871 3586 1941 quod
3610 1881 3781 1926 natum

2195 1961 2267 2006 est
2292 1953 2353 2006 de
2377 1953 2593 2024 Spiritu,
2625 1957 2835 2026 spiritus
2856 1968 2926 2012 est
2949 1958 3126 2031 (Joan.
3155 1978 3230 2026 ιιι,
3260 1962 3314 2033 6)
3345 1980 3358 2016 :
3387 1965 3626 2033 quoniam
3646 1964 3780 2020 Deus

2197 2041 2423 2112 Spiritus
2471 2056 2544 2100 est
2584 2046 2696 2114 (Id.
2738 2065 2811 2116 ιν,
2844 2049 2960 2120 24).
3006 2051 3100 2106 llic
3139 2054 3280 2108 enim
3319 2057 3779 2125 regenerationem

2195 2146 2428 2191 nostram
2472 2139 2601 2194 dicit
2627 2143 2668 2206 ²,
2701 2157 2820 2211 qua:
2859 2158 2962 2197 non
2993 2145 3282 2200 secundum
3322 2146 3490 2202 Adam
3529 2147 3596 2204 de
3622 2163 3782 2205 carne

2194 2233 2294 2291 est,
2325 2227 2416 2280 sed
2442 2229 2735 2284 secundum
2774 2231 3044 2286 Christum
3074 2233 3140 2288 de
3169 2234 3364 2304 Spiritu
3387 2245 3594 2292 sancto.
3641 2238 3782 2305 Qua-

2193 2327 2410 2386 pr0ptcr
2435 2318 2479 2372 si
2511 2319 2738 2389 Spiritus
2773 2324 2940 2376 sancti
2971 2323 3072 2378 hoc
3101 2324 3218 2380 loco
3259 2325 3393 2380 facta
3425 2336 3507 2382 est
3548 2343 3786 2385 commce

2193 2410 2441 2476 moratio,
2471 2427 2590 2467 cum
2619 2413 2818 2469 dictum
2847 2425 2946 2482 est,
2983 2417 3234 2484 Quoniam
3257 2418 3394 2474 Deus
3424 2420 3650 2490 Spiritus
3670 2432 3780 2478 est:

2192 2501 2718 2560 animadvertendum
2745 2506 2948 2576 dicunt,
2977 2523 3081 2562 non
3109 2509 3309 2566 dictum
3347 2526 3488 2578 esse,
3518 2513 3780 2580 Quoniam

2191 2592 2419 2663 Spiritus
2451 2596 2590 2652 Deus
2620 2607 2702 2654 est
2727 2600 2780 2665 ³;
2813 2599 2928 2665 sed,
2965 2600 3216 2666 Quoniam
3245 2603 3382 2659 Deus
3418 2604 3643 2676 Spiritus
3668 2617 3780 2673 est;

2191 2695 2251 2740 ut
2280 2687 2391 2757 ipsa
2423 2689 2594 2744 dcitas
2625 2690 2795 2748 Patris
2822 2702 2870 2747 et
2903 2693 3023 2748 Filii
3054 2692 3155 2750 hoc
3186 2695 3304 2750 loco
3333 2695 3474 2751 dicta
3515 2698 3588 2753 sit
3617 2699 3777 2767 Deus,

2191 2778 2333 2848 quod
2359 2788 2441 2834 est
2469 2780 2696 2850 Spiritus
2725 2793 2958 2839 sanctus.
3003 2785 3118 2839 Huc
3143 2786 3348 2842 accedit
3372 2787 3515 2842 aliud
3547 2789 3781 2844 testimo-

2192 2873 2336 2926 nium
2377 2873 2518 2944 quod
2560 2875 2688 2929 dicit
2723 2876 2955 2932 Joannes
2998 2879 3289 2948 apOstolus,
3337 2880 3592 2948 Quoniam
3635 2883 3774 2938 Deus

2192 2963 2391 3016 dilectio
2415 2975 2484 3018 est
2514 2964 2556 3036 (l
2579 2965 2736 3020 Joan.
2778 2985 2852 3036 1v,
2888 2968 3000 3039 16).
3045 2970 3216 3025 Etiam
3245 2972 3331 3026 hic
3361 2974 3502 3028 enim
3527 2991 3634 3029 non
3663 2976 3737 3029 ait
3761 3016 3777 3042 ,

2191 3053 2414 3109 Dilectio
2435 3056 2575 3112 Deus
2596 3067 2676 3112 est
2701 3075 2713 3124 ;
2748 3058 2862 3127 sed,
2894 3059 3030 3114 Deus
3057 3061 3256 3116 dilectio
3277 3071 3379 3128 est;
3403 3074 3460 3118 ut
3480 3064 3594 3135 ipsa
3614 3065 3780 3121 deitas

2192 3144 2406 3200 dilectio
2454 3147 2798 3219 intelligatur.
2848 3151 2914 3204 Et
2959 3151 3101 3222 quod
3150 3153 3204 3206 in
3250 3152 3336 3208 illa
3379 3157 3780 3212 enumeratione

2191 3253 2552 3295 connexarum
2599 3242 2698 3297 sibi
2751 3257 2951 3308 rcrmn,
3003 3243 3088 3298 ubi
3132 3244 3346 3312 dicitur,
3399 3245 3584 3302 Omnia
3622 3256 3780 3302 vestra

2189 3342 2325 3401 sunt,
2349 3350 2434 3387 vos
2471 3343 2638 3387 autem
2678 3332 2885 3404 Christi,
2916 3336 3145 3392 Christus
3167 3349 3332 3392 autem
3355 3337 3453 3394 Dei
3483 3340 3524 3414 (Ι
3551 3340 3666 3395 Cor.
3691 3356 3777 3410 ιιι,

2189 3423 2280 3490 22,
2325 3423 2416 3496 25)
2447 3442 2461 3491 ;
2495 3435 2566 3494 ct,
2601 3425 2764 3498 Caput
2796 3429 3019 3483 mulieris
3066 3430 3160 3495 vir,
3203 3440 3353 3500 caput
3391 3433 3486 3486 viri
3515 3432 3774 3500 Christus,
3831 3485 3834 3487 .

2191 3526 2341 3586 caput
2366 3526 2532 3570 autent
2561 3517 2746 3572 Christi
2769 3519 2926 3584 Deus,
2961 3520 3101 3574 nulla
3129 3520 3188 3575 ﬁt
3213 3525 3650 3581 commemoratio
3671 3524 3782 3596 Spi-

2188 3608 2323 3662 ritus
2353 3611 2554 3674 sancti;
2599 3611 2664 3664 ad
2694 3610 2794 3665 hoc
2822 3612 3090 3680 pertinere
3133 3613 3334 3681 dicunt,
3364 3615 3488 3684 quia
3530 3633 3638 3670 non
3668 3617 3780 3673 fere

2189 3696 2244 3750 in
2271 3697 2336 3751 iis
2366 3714 2483 3767 quzc
2511 3699 2611 3752 sibi
2639 3715 2878 3755 connexa
2903 3711 3027 3755 sunt
3056 3704 3325 3758 numerari
3356 3706 3490 3760 solet
3516 3706 3628 3776 ipsa
3650 3723 3780 3762 con-

2188 3787 2366 3841 nexio.
2405 3788 2552 3843 Unde
2597 3790 2647 3842 in
2681 3790 2770 3845 illo
2798 3791 2958 3845 etiam
3003 3793 3122 3847 loco
3149 3793 3460 3850 Trinitatem
3501 3797 3672 3866 ipsam
3702 3798 3780 3853 vi-

2189 3878 2382 3934 dentur
2409 3896 2696 3951 agnoscere
2723 3884 2810 3953 qui
2842 3883 3023 3954 legunt
3065 3887 3337 3954 attentius,
3387 3904 3510 3944 cum
3541 3890 3736 3948 dicitur
3759 3935 3774 3961 ,

2191 3973 2442 4038 Quoniam
2486 3993 2548 4029 ex
2571 3978 2698 4048 ipso,
2735 3988 2779 4032 et
2815 3996 2903 4050 per
2924 3981 3109 4050 ipsum,
3139 3989 3184 4035 et
3213 3981 3265 4034 in
3305 3981 3414 4053 ipso
3447 3993 3567 4038 sunt
3611 3985 3778 4039 omnia

2189 4067 2365 4140 (Rom.
2390 4085 2464 4135 xi,
2496 4070 2606 4140 56).
2657 4070 2739 4126 Ea;
2781 4073 2912 4143 ipso,
2946 4083 3194 4145 tanquam
3224 4091 3290 4130 ex
3315 4090 3380 4132 eo
3407 4077 3496 4146 qui
3523 4077 3652 4132 nulli
3682 4077 3776 4133 dc-

2191 4159 2279 4214 bet
2306 4161 2446 4230 quod
2487 4173 2602 4228 est;
2637 4179 2725 4233 per
2764 4165 2953 4234 ipsum,
2985 4174 3233 4238 tanquam
3266 4183 3362 4238 per
3386 4157 3774 4236 mediatorem;

2187 4251 2239 4304 in
2263 4253 2392 4323 ipso,
2444 4264 2691 4324 tanquam
2722 4257 2776 4312 in
2818 4273 2884 4314 eo
2915 4260 3004 4330 qui
3046 4262 3301 4330 continet,
3335 4261 3389 4319 id
3418 4273 3522 4334 est,
3554 4264 3772 4336 copula-

2189 4341 2334 4399 tione
2359 4346 2651 4417 conjungit.
3611 4387 3618 4392 ~
3793 4419 3798 4424 _

2255 4433 2345 4490 20.
2381 4435 2514 4492 Huic
2553 4442 2828 4496 sentcntire
2873 4443 3262 4514 contradicunt,
3315 4448 3407 4517 qui
3451 4441 3800 4522 arbitrantur:

2187 4529 2342 4584 istam
2387 4534 2840 4603 communionem,
2869 4552 3029 4607 quam
3077 4539 3194 4593 sive
3223 4539 3474 4595 deitatem
3504 4543 3615 4597 sive
3642 4541 3774 4596 dile-

2186 4622 2415 4678 ctionem
2461 4625 2572 4679 sive
2599 4625 2912 4682 charitatem
2953 4629 3299 4700 appellamus,
3349 4646 3454 4686 non
3491 4647 3612 4688 esse
3654 4631 3775 4687 sub-

2187 4712 2436 4768 stantiam
2472 4733 2484 4769 :
2516 4726 2761 4786 qumrunt
2786 4727 2962 4774 autem
2990 4721 3280 4775 secundum
3308 4722 3656 4778 substantiam
3677 4721 3772 4778 sibi

2187 4808 2379 4876 exponi
2405 4807 2660 4878 Spiritum
2689 4820 2954 4878 sanctum,
3002 4828 3103 4868 nec
3133 4814 3432 4884 intelligunt
3474 4832 3582 4872 non
3624 4815 3774 4870 aliter

2187 4899 2424 4967 potuisse
2464 4899 2587 4966 dici,
2638 4901 2777 4954 Deus
2825 4901 3025 4956 dilectio
3079 4912 3169 4971 est,
3221 4905 3320 4960 nisi
3372 4918 3517 4962 esset
3565 4905 3773 4962 dilectio

2187 4989 2498 5044 substantia.
2557 4991 2830 5046 Ducuntur
2889 4994 3084 5063 quippe
3149 4998 3534 5056 consuetudine
3593 5011 3768 5054 rerum

2187 5084 2578 5153 corporalium;
2619 5085 2868 5154 quoniam
2907 5086 2951 5140 si
2987 5086 3091 5141 duo
3121 5087 3222 5142 sibi
3267 5105 3489 5160 corpora
3518 5091 3770 5163 copulen-

2189 5183 2293 5242 tur,
2324 5176 2394 5230 ita
2435 5184 2492 5230 ut
2528 5176 2677 5245 juxta
2709 5176 2937 5232 invicem
2966 5179 3317 5250 collocentur,
3366 5183 3480 5254 ipsa
3507 5181 3769 5255 copulatio

2187 5279 2292 5320 non
2316 5275 2397 5320 est
2419 5281 2648 5336 corpus;
2677 5269 3126 5340 quandoquidem,
3161 5275 3417 5344 separatis
3447 5276 3551 5331 illis
3578 5288 3764 5342 corpo-

2185 5359 2333 5414 ribus
2362 5375 2478 5428 qua:
2504 5361 2746 5429 copulata
2776 5361 3003 5430 fuerant,
3035 5365 3176 5419 nulla
3207 5366 3476 5422 invenitur
3505 5386 3516 5421 :
3552 5381 3648 5422 nec
3689 5374 3766 5418 ta—

2187 5466 2310 5506 men
2335 5451 2482 5522 quasi
2523 5451 2833 5508 discessisse
2861 5464 2913 5509 ct
2953 5456 3212 5527 migrasse
3256 5457 3588 5528 intelligitur,
3635 5456 3764 5509 sicut

2186 5543 2273 5598 illa
2303 5557 2545 5613 corpora.
2587 5542 2688 5598 Sed
2719 5544 2771 5598 hi
2802 5547 2938 5602 tales
2965 5563 3058 5602 cor
3085 5547 3337 5604 mundum
3365 5548 3574 5615 faciant,
3606 5561 3757 5616 quan-

2253 5702 2266 5731 ί
2305 5701 2422 5750 Editi
2442 5735 2455 5760 ,
2479 5702 2858 5766 sanctificatum.
2882 5713 2932 5754 At
2950 5713 3056 5755 Mss.
3083 5713 3360 5755 constanter
3377 5741 3391 5766 ,
3411 5705 3703 5756 sanciuntur.

2250 5765 2268 5793 θ
2306 5771 2368 5810 tta
2403 5770 2505 5813 Mss.
2542 5765 2655 5812 Editi
2678 5780 2797 5815 vero
2822 5781 2833 5815 :
2857 5777 2953 5816 Hoc
2985 5768 3190 5817 enim...
3217 5765 3400 5817 dicunt.

2251 5825 2271 5856 ³
2303 5825 2418 5873 η(ιίιὶ
2445 5834 2494 5874 et
2517 5827 2698 5888 aliquot
2723 5835 2847 5896 Mss,
2883 5828 3086 5899 Spiritus
3115 5829 3202 5880 Dei
3239 5837 3324 5878 est.
3348 5830 3591 5892 [idemque
3627 5820 3763 5938 paulo

2251 5893 2324 5938 st,
2345 5900 2436 5935 non
2468 5887 2533 5935 ait
2553 5923 2565 5938 .
2602 5888 2802 5937 Itilectto
2833 5900 2912 5938 net
2945 5899 3030 5938 est.
3069 5891 3151 5938 Alii
3177 5892 3595 5938 codicesutroauo
3647 5897 3757 5938 οοο.

2184 5893 2324 5949 post,
2345 5900 2436 5935 non
2468 5887 2533 5935 ait
2553 5923 2565 5944 ,
2601 5887 2802 5954 ttilectio
2833 5887 2921 5940 Dei
2945 5899 3030 5942 est.
3069 5891 3151 5942 Alii
3177 5892 3370 5946 codices
3385 5887 3595 5954 utroduc
3627 5887 3757 5944 Ιοοοο

2185 5957 2316 6002 Deus
2337 5957 2406 6000 est
2433 5963 2449 5998 .·
2475 5964 2566 6000 uec
2588 5951 2746 6000 nanus
2768 5952 2915 6002 bene.
