  <div class='ocr_page' id='page_1' title='image "/cluster/home/n/w/nwhite01/storage/ocr_20150623/40/hvd.32044024147290/102.png"; bbox 0 0 4046 6332; ppageno 0'>
   <div class='ocr_carea' id='block_1_1' title="bbox 241 375 1824 452">
    <p class='ocr_par' dir='ltr' id='par_1_1' title="bbox 241 375 1823 452">
     <span class='ocr_line' id='line_1_1' title="bbox 241 375 1823 452; baseline -0.005 0"><span class='ocrx_word' id='word_1_1' title='bbox 241 388 336 452; x_wconf 68' lang='grc' dir='ltr'><strong>ωδ</strong></span> <span class='ocrx_word' id='word_1_2' title='bbox 1032 375 1065 419; x_wconf 54' lang='grc' dir='ltr'><strong>λ’</strong></span> <span class='ocrx_word' id='word_1_3' title='bbox 1118 376 1124 421; x_wconf 77' lang='grc' dir='ltr'><em>λ</em></span> <span class='ocrx_word' id='word_1_4' title='bbox 1344 386 1377 395; x_wconf 79' lang='lat'>&quot;</span> <span class='ocrx_word' id='word_1_5' title='bbox 1430 386 1437 420; x_wconf 66' lang='lat'><strong>’-</strong></span> <span class='ocrx_word' id='word_1_6' title='bbox 1668 386 1823 445; x_wconf 85' lang='lat' dir='ltr'><strong>LIBE</strong></span> 
     </span>
    </p>
   </div>
   <div class='ocr_carea' id='block_1_2' title="bbox 1931 375 2114 452">
    <p class='ocr_par' dir='ltr' id='par_1_2' title="bbox 1931 388 2114 448">
     <span class='ocr_line' id='line_1_2' title="bbox 1931 388 2114 448; baseline 0.005 -1"><span class='ocrx_word' id='word_1_7' title='bbox 1931 388 2114 448; x_wconf 72' lang='lat' dir='ltr'><strong>JNUS.</strong></span> 
     </span>
    </p>
   </div>
   <div class='ocr_carea' id='block_1_3' title="bbox 238 492 1889 580">
    <p class='ocr_par' dir='ltr' id='par_1_3' title="bbox 238 492 1889 580">
     <span class='ocr_line' id='line_1_3' title="bbox 238 492 1889 580; baseline -0.001 -13"><span class='ocrx_word' id='word_1_8' title='bbox 238 521 342 567; x_wconf 87' lang='lat' dir='ltr'><strong>tum</strong></span> <span class='ocrx_word' id='word_1_9' title='bbox 367 513 624 580; x_wconf 81' lang='lat' dir='ltr'><strong>possunt,</strong></span> <span class='ocrx_word' id='word_1_10' title='bbox 653 515 715 566; x_wconf 89' lang='lat' dir='ltr'><strong>ut</strong></span> <span class='ocrx_word' id='word_1_11' title='bbox 743 508 925 567; x_wconf 91' lang='lat' dir='ltr'><strong>videre</strong></span> <span class='ocrx_word' id='word_1_12' title='bbox 955 509 1163 565; x_wconf 84' lang='lat' dir='ltr'><strong>valeant</strong></span> <span class='ocrx_word' id='word_1_13' title='bbox 1190 509 1245 566; x_wconf 90' lang='lat' dir='ltr'><strong>in</strong></span> <span class='ocrx_word' id='word_1_14' title='bbox 1275 508 1368 566; x_wconf 91' lang='lat' dir='ltr'><strong>Dei</strong></span> <span class='ocrx_word' id='word_1_15' title='bbox 1398 509 1691 565; x_wconf 71' lang='lat' dir='ltr'><strong>substantia</strong></span> <span class='ocrx_word' id='word_1_16' title='bbox 1720 526 1828 566; x_wconf 92' lang='lat' dir='ltr'><strong>non</strong></span> <span class='ocrx_word' id='word_1_17' title='bbox 1884 492 1889 497; x_wconf 36' lang='grc'><strong>”</strong></span> 
     </span>
    </p>
   </div>
   <div class='ocr_carea' id='block_1_4' title="bbox 238 604 1832 675">
    <p class='ocr_par' dir='ltr' id='par_1_4' title="bbox 238 604 1832 675">
     <span class='ocr_line' id='line_1_4' title="bbox 238 604 1832 675; baseline -0.001 -14"><span class='ocrx_word' id='word_1_18' title='bbox 238 620 345 661; x_wconf 85' lang='lat' dir='ltr'><strong>esse</strong></span> <span class='ocrx_word' id='word_1_19' title='bbox 373 604 582 674; x_wconf 90' lang='lat' dir='ltr'><strong>aliquid</strong></span> <span class='ocrx_word' id='word_1_20' title='bbox 608 604 742 673; x_wconf 88' lang='lat' dir='ltr'><strong>tale,</strong></span> <span class='ocrx_word' id='word_1_21' title='bbox 775 604 925 675; x_wconf 88' lang='lat' dir='ltr'><strong>quasi</strong></span> <span class='ocrx_word' id='word_1_22' title='bbox 950 604 1092 661; x_wconf 83' lang='lat' dir='ltr'><strong>aliud</strong></span> <span class='ocrx_word' id='word_1_23' title='bbox 1122 605 1193 660; x_wconf 86' lang='lat' dir='ltr'><strong>ibi</strong></span> <span class='ocrx_word' id='word_1_24' title='bbox 1221 605 1289 659; x_wconf 89' lang='lat' dir='ltr'><strong>sit</strong></span> <span class='ocrx_word' id='word_1_25' title='bbox 1336 605 1649 671; x_wconf 90' lang='lat' dir='ltr'><strong>substantia,</strong></span> <span class='ocrx_word' id='word_1_26' title='bbox 1690 604 1832 659; x_wconf 85' lang='lat' dir='ltr'><strong>aliud</strong></span> 
     </span>
    </p>
   </div>
   <div class='ocr_carea' id='block_1_5' title="bbox 236 696 1832 767">
    <p class='ocr_par' dir='ltr' id='par_1_5' title="bbox 236 696 1832 767">
     <span class='ocr_line' id='line_1_5' title="bbox 236 696 1832 767; baseline 0.001 -16"><span class='ocrx_word' id='word_1_27' title='bbox 236 697 372 767; x_wconf 85' lang='lat' dir='ltr'><strong>quod</strong></span> <span class='ocrx_word' id='word_1_28' title='bbox 414 696 629 752; x_wconf 87' lang='lat' dir='ltr'><strong>accidat</strong></span> <span class='ocrx_word' id='word_1_29' title='bbox 667 696 1001 762; x_wconf 63' lang='lat' dir='ltr'><strong>substantiae,</strong></span> <span class='ocrx_word' id='word_1_30' title='bbox 1050 707 1103 752; x_wconf 91' lang='lat' dir='ltr'><strong>et</strong></span> <span class='ocrx_word' id='word_1_31' title='bbox 1146 713 1250 752; x_wconf 93' lang='lat' dir='ltr'><strong>non</strong></span> <span class='ocrx_word' id='word_1_32' title='bbox 1280 699 1348 752; x_wconf 90' lang='lat' dir='ltr'><strong>sit</strong></span> <span class='ocrx_word' id='word_1_33' title='bbox 1372 698 1703 762; x_wconf 89' lang='lat' dir='ltr'><strong>substantia;</strong></span> <span class='ocrx_word' id='word_1_34' title='bbox 1737 697 1832 752; x_wconf 89' lang='lat' dir='ltr'><strong>sed</strong></span> 
     </span>
    </p>
   </div>
   <div class='ocr_carea' id='block_1_6' title="bbox 237 788 1829 859">
    <p class='ocr_par' dir='ltr' id='par_1_6' title="bbox 237 788 1829 859">
     <span class='ocr_line' id='line_1_6' title="bbox 237 788 1829 859; baseline 0.002 -18"><span class='ocrx_word' id='word_1_35' title='bbox 237 788 489 859; x_wconf 86' lang='lat' dir='ltr'><strong>quidquid</strong></span> <span class='ocrx_word' id='word_1_36' title='bbox 534 788 610 843; x_wconf 89' lang='lat' dir='ltr'><strong>ibi</strong></span> <span class='ocrx_word' id='word_1_37' title='bbox 652 789 875 859; x_wconf 83' lang='lat' dir='ltr'><strong>intelligi</strong></span> <span class='ocrx_word' id='word_1_38' title='bbox 922 798 1116 858; x_wconf 90' lang='lat' dir='ltr'><strong>potest,</strong></span> <span class='ocrx_word' id='word_1_39' title='bbox 1148 789 1442 844; x_wconf 83' lang='lat' dir='ltr'><strong>substantia</strong></span> <span class='ocrx_word' id='word_1_40' title='bbox 1487 799 1587 845; x_wconf 92' lang='lat' dir='ltr'><strong>est.</strong></span> <span class='ocrx_word' id='word_1_41' title='bbox 1630 789 1829 845; x_wconf 83' lang='lat' dir='ltr'><strong>Verum</strong></span> 
     </span>
    </p>
   </div>
   <div class='ocr_carea' id='block_1_7' title="bbox 239 878 1831 949">
    <p class='ocr_par' dir='ltr' id='par_1_7' title="bbox 239 878 1831 949">
     <span class='ocr_line' id='line_1_7' title="bbox 239 878 1831 949; baseline 0.001 -18"><span class='ocrx_word' id='word_1_42' title='bbox 239 880 345 932; x_wconf 63' lang='lat' dir='ltr'><strong>haec</strong></span> <span class='ocrx_word' id='word_1_43' title='bbox 373 878 477 932; x_wconf 88' lang='lat' dir='ltr'><strong>dici</strong></span> <span class='ocrx_word' id='word_1_44' title='bbox 522 886 752 949; x_wconf 91' lang='lat' dir='ltr'><strong>possunt</strong></span> <span class='ocrx_word' id='word_1_45' title='bbox 799 879 971 945; x_wconf 83' lang='lat' dir='ltr'><strong>facile,</strong></span> <span class='ocrx_word' id='word_1_46' title='bbox 1018 888 1071 934; x_wconf 90' lang='lat' dir='ltr'><strong>et</strong></span> <span class='ocrx_word' id='word_1_47' title='bbox 1110 879 1253 935; x_wconf 87' lang='lat' dir='ltr'><strong>credi</strong></span> <span class='ocrx_word' id='word_1_48' title='bbox 1285 898 1297 932; x_wconf 90' lang='lat'>:</span> <span class='ocrx_word' id='word_1_49' title='bbox 1325 879 1491 933; x_wconf 89' lang='lat' dir='ltr'><strong>videri</strong></span> <span class='ocrx_word' id='word_1_50' title='bbox 1522 888 1699 934; x_wconf 90' lang='lat' dir='ltr'><strong>autem</strong></span> <span class='ocrx_word' id='word_1_51' title='bbox 1728 880 1831 936; x_wconf 92' lang='lat' dir='ltr'><strong>nisi</strong></span> 
     </span>
    </p>
   </div>
   <div class='ocr_carea' id='block_1_8' title="bbox 235 971 1827 1042">
    <p class='ocr_par' dir='ltr' id='par_1_8' title="bbox 235 971 1827 1042">
     <span class='ocr_line' id='line_1_8' title="bbox 235 971 1827 1042; baseline 0 -17"><span class='ocrx_word' id='word_1_52' title='bbox 235 971 393 1026; x_wconf 80' lang='lat' dir='ltr'><strong>corde</strong></span> <span class='ocrx_word' id='word_1_53' title='bbox 415 987 552 1041; x_wconf 90' lang='lat' dir='ltr'><strong>puro</strong></span> <span class='ocrx_word' id='word_1_54' title='bbox 573 971 844 1042; x_wconf 90' lang='lat' dir='ltr'><strong>quomodo</strong></span> <span class='ocrx_word' id='word_1_55' title='bbox 866 986 921 1026; x_wconf 90' lang='lat' dir='ltr'><strong>se</strong></span> <span class='ocrx_word' id='word_1_56' title='bbox 940 971 1188 1039; x_wconf 81' lang='lat' dir='ltr'><strong>habeant,</strong></span> <span class='ocrx_word' id='word_1_57' title='bbox 1216 972 1433 1027; x_wconf 88' lang='lat' dir='ltr'><strong>omnino</strong></span> <span class='ocrx_word' id='word_1_58' title='bbox 1460 986 1565 1026; x_wconf 89' lang='lat' dir='ltr'><strong>non</strong></span> <span class='ocrx_word' id='word_1_59' title='bbox 1589 980 1827 1041; x_wconf 90' lang='lat' dir='ltr'><strong>possunt.</strong></span> 
     </span>
    </p>
   </div>
   <div class='ocr_carea' id='block_1_9' title="bbox 233 1065 1829 1134">
    <p class='ocr_par' dir='ltr' id='par_1_9' title="bbox 233 1065 1829 1134">
     <span class='ocr_line' id='line_1_9' title="bbox 233 1065 1829 1134; baseline 0.002 -16"><span class='ocrx_word' id='word_1_60' title='bbox 233 1068 572 1134; x_wconf 82' lang='lat' dir='ltr'><strong>Quapropter</strong></span> <span class='ocrx_word' id='word_1_61' title='bbox 618 1066 732 1121; x_wconf 88' lang='lat' dir='ltr'><strong>sive</strong></span> <span class='ocrx_word' id='word_1_62' title='bbox 773 1065 871 1119; x_wconf 91' lang='lat' dir='ltr'><strong>ista</strong></span> <span class='ocrx_word' id='word_1_63' title='bbox 918 1080 1040 1120; x_wconf 88' lang='lat' dir='ltr'><strong>vera</strong></span> <span class='ocrx_word' id='word_1_64' title='bbox 1086 1066 1153 1119; x_wconf 90' lang='lat' dir='ltr'><strong>sit</strong></span> <span class='ocrx_word' id='word_1_65' title='bbox 1199 1065 1483 1133; x_wconf 88' lang='lat' dir='ltr'><strong>sententia,</strong></span> <span class='ocrx_word' id='word_1_66' title='bbox 1532 1066 1643 1120; x_wconf 90' lang='lat' dir='ltr'><strong>sive</strong></span> <span class='ocrx_word' id='word_1_67' title='bbox 1687 1065 1829 1121; x_wconf 89' lang='lat' dir='ltr'><strong>aliud</strong></span> 
     </span>
    </p>
   </div>
   <div class='ocr_carea' id='block_1_10' title="bbox 232 1157 1830 1227">
    <p class='ocr_par' dir='ltr' id='par_1_10' title="bbox 232 1157 1830 1227">
     <span class='ocr_line' id='line_1_10' title="bbox 232 1157 1830 1227; baseline 0.001 -16"><span class='ocrx_word' id='word_1_68' title='bbox 232 1157 428 1227; x_wconf 87' lang='lat' dir='ltr'><strong>aliquid</strong></span> <span class='ocrx_word' id='word_1_69' title='bbox 458 1158 548 1223; x_wconf 90' lang='lat' dir='ltr'><strong>sit,</strong></span> <span class='ocrx_word' id='word_1_70' title='bbox 583 1158 714 1213; x_wconf 89' lang='lat' dir='ltr'><strong>ﬁdes</strong></span> <span class='ocrx_word' id='word_1_71' title='bbox 736 1158 1048 1213; x_wconf 89' lang='lat' dir='ltr'><strong>inconcussa</strong></span> <span class='ocrx_word' id='word_1_72' title='bbox 1077 1158 1303 1214; x_wconf 88' lang='lat' dir='ltr'><strong>tenenda</strong></span> <span class='ocrx_word' id='word_1_73' title='bbox 1328 1167 1429 1223; x_wconf 88' lang='lat' dir='ltr'><strong>est,</strong></span> <span class='ocrx_word' id='word_1_74' title='bbox 1460 1169 1518 1214; x_wconf 91' lang='lat' dir='ltr'><strong>ut</strong></span> <span class='ocrx_word' id='word_1_75' title='bbox 1548 1159 1711 1214; x_wconf 88' lang='lat' dir='ltr'><strong>Deum</strong></span> <span class='ocrx_word' id='word_1_76' title='bbox 1744 1159 1830 1213; x_wconf 87' lang='lat' dir='ltr'><strong>di-</strong></span> 
     </span>
    </p>
   </div>
   <div class='ocr_carea' id='block_1_11' title="bbox 231 1250 1830 1321">
    <p class='ocr_par' dir='ltr' id='par_1_11' title="bbox 231 1250 1830 1321">
     <span class='ocr_line' id='line_1_11' title="bbox 231 1250 1830 1321; baseline 0.004 -19"><span class='ocrx_word' id='word_1_77' title='bbox 231 1266 417 1303; x_wconf 83' lang='lat' dir='ltr'><strong>camus</strong></span> <span class='ocrx_word' id='word_1_78' title='bbox 461 1250 699 1317; x_wconf 87' lang='lat' dir='ltr'><strong>Patrem,</strong></span> <span class='ocrx_word' id='word_1_79' title='bbox 745 1252 908 1305; x_wconf 91' lang='lat' dir='ltr'><strong>Deum</strong></span> <span class='ocrx_word' id='word_1_80' title='bbox 940 1251 1150 1317; x_wconf 87' lang='lat' dir='ltr'><strong>Filium,</strong></span> <span class='ocrx_word' id='word_1_81' title='bbox 1195 1252 1363 1307; x_wconf 90' lang='lat' dir='ltr'><strong>Deum</strong></span> <span class='ocrx_word' id='word_1_82' title='bbox 1408 1252 1662 1321; x_wconf 85' lang='lat' dir='ltr'><strong>Spiritum</strong></span> <span class='ocrx_word' id='word_1_83' title='bbox 1706 1268 1830 1308; x_wconf 90' lang='lat' dir='ltr'><strong>sau-</strong></span> 
     </span>
    </p>
   </div>
   <div class='ocr_carea' id='block_1_12' title="bbox 230 1341 1827 1411">
    <p class='ocr_par' dir='ltr' id='par_1_12' title="bbox 230 1341 1827 1411">
     <span class='ocr_line' id='line_1_12' title="bbox 230 1341 1827 1411; baseline 0.003 -18"><span class='ocrx_word' id='word_1_84' title='bbox 230 1349 375 1394; x_wconf 84' lang='lat' dir='ltr'><strong>ctum</strong></span> <span class='ocrx_word' id='word_1_85' title='bbox 404 1357 417 1405; x_wconf 95' lang='lat'><strong>;</strong></span> <span class='ocrx_word' id='word_1_86' title='bbox 447 1356 623 1411; x_wconf 90' lang='lat' dir='ltr'><strong>neque</strong></span> <span class='ocrx_word' id='word_1_87' title='bbox 669 1349 776 1397; x_wconf 88' lang='lat' dir='ltr'><strong>tres</strong></span> <span class='ocrx_word' id='word_1_88' title='bbox 806 1341 961 1409; x_wconf 90' lang='lat' dir='ltr'><strong>deos,</strong></span> <span class='ocrx_word' id='word_1_89' title='bbox 993 1342 1085 1397; x_wconf 86' lang='lat' dir='ltr'><strong>sed</strong></span> <span class='ocrx_word' id='word_1_90' title='bbox 1124 1343 1278 1397; x_wconf 90' lang='lat' dir='ltr'><strong>istam</strong></span> <span class='ocrx_word' id='word_1_91' title='bbox 1306 1343 1619 1398; x_wconf 87' lang='lat' dir='ltr'><strong>Trinitatem</strong></span> <span class='ocrx_word' id='word_1_92' title='bbox 1667 1360 1827 1399; x_wconf 92' lang='lat' dir='ltr'><strong>unum</strong></span> 
     </span>
    </p>
   </div>
   <div class='ocr_carea' id='block_1_13' title="bbox 232 1431 1828 1505">
    <p class='ocr_par' dir='ltr' id='par_1_13' title="bbox 232 1431 1828 1505">
     <span class='ocr_line' id='line_1_13' title="bbox 232 1431 1828 1505; baseline 0.004 -21"><span class='ocrx_word' id='word_1_93' title='bbox 232 1431 403 1486; x_wconf 88' lang='lat' dir='ltr'><strong>Deum</strong></span> <span class='ocrx_word' id='word_1_94' title='bbox 428 1449 443 1498; x_wconf 88' lang='lat'><strong>;</strong></span> <span class='ocrx_word' id='word_1_95' title='bbox 473 1448 649 1503; x_wconf 88' lang='lat' dir='ltr'><strong>neque</strong></span> <span class='ocrx_word' id='word_1_96' title='bbox 678 1433 919 1489; x_wconf 86' lang='lat' dir='ltr'><strong>diversos</strong></span> <span class='ocrx_word' id='word_1_97' title='bbox 946 1444 1153 1501; x_wconf 90' lang='lat' dir='ltr'><strong>natura,</strong></span> <span class='ocrx_word' id='word_1_98' title='bbox 1191 1434 1285 1489; x_wconf 87' lang='lat' dir='ltr'><strong>sed</strong></span> <span class='ocrx_word' id='word_1_99' title='bbox 1313 1436 1550 1505; x_wconf 86' lang='lat' dir='ltr'><strong>ejusdem</strong></span> <span class='ocrx_word' id='word_1_100' title='bbox 1582 1436 1828 1491; x_wconf 87' lang='lat' dir='ltr'><strong>substan-</strong></span> 
     </span>
    </p>
   </div>
   <div class='ocr_carea' id='block_1_14' title="bbox 231 1524 1827 1596">
    <p class='ocr_par' dir='ltr' id='par_1_14' title="bbox 231 1524 1827 1596">
     <span class='ocr_line' id='line_1_14' title="bbox 231 1524 1827 1596; baseline 0.004 -20"><span class='ocrx_word' id='word_1_101' title='bbox 231 1524 355 1589; x_wconf 61' lang='lat' dir='ltr'><strong>tiae;</strong></span> <span class='ocrx_word' id='word_1_102' title='bbox 405 1540 583 1594; x_wconf 89' lang='lat' dir='ltr'><strong>neque</strong></span> <span class='ocrx_word' id='word_1_103' title='bbox 622 1533 680 1580; x_wconf 94' lang='lat' dir='ltr'><strong>ut</strong></span> <span class='ocrx_word' id='word_1_104' title='bbox 720 1525 879 1581; x_wconf 88' lang='lat' dir='ltr'><strong>Pater</strong></span> <span class='ocrx_word' id='word_1_105' title='bbox 903 1525 1184 1595; x_wconf 85' lang='lat' dir='ltr'><strong>aliquando</strong></span> <span class='ocrx_word' id='word_1_106' title='bbox 1214 1526 1283 1580; x_wconf 88' lang='lat' dir='ltr'><strong>sit</strong></span> <span class='ocrx_word' id='word_1_107' title='bbox 1310 1525 1493 1594; x_wconf 86' lang='lat' dir='ltr'><strong>Filius,</strong></span> <span class='ocrx_word' id='word_1_108' title='bbox 1545 1527 1827 1596; x_wconf 85' lang='lat' dir='ltr'><strong>aliquando</strong></span> 
     </span>
    </p>
   </div>
   <div class='ocr_carea' id='block_1_15' title="bbox 228 1616 1828 1691">
    <p class='ocr_par' dir='ltr' id='par_1_15' title="bbox 228 1616 1828 1691">
     <span class='ocr_line' id='line_1_15' title="bbox 228 1616 1828 1691; baseline 0.003 -20"><span class='ocrx_word' id='word_1_109' title='bbox 228 1618 300 1671; x_wconf 86' lang='lat' dir='ltr'><strong>sit</strong></span> <span class='ocrx_word' id='word_1_110' title='bbox 318 1616 552 1687; x_wconf 89' lang='lat' dir='ltr'><strong>Spiritus</strong></span> <span class='ocrx_word' id='word_1_111' title='bbox 576 1628 794 1675; x_wconf 88' lang='lat' dir='ltr'><strong>sanctus</strong></span> <span class='ocrx_word' id='word_1_112' title='bbox 819 1635 834 1686; x_wconf 91' lang='lat'><strong>;</strong></span> <span class='ocrx_word' id='word_1_113' title='bbox 858 1618 951 1674; x_wconf 90' lang='lat' dir='ltr'><strong>sed</strong></span> <span class='ocrx_word' id='word_1_114' title='bbox 979 1618 1134 1675; x_wconf 91' lang='lat' dir='ltr'><strong>Pater</strong></span> <span class='ocrx_word' id='word_1_115' title='bbox 1159 1634 1373 1691; x_wconf 88' lang='lat' dir='ltr'><strong>semper</strong></span> <span class='ocrx_word' id='word_1_116' title='bbox 1396 1620 1575 1688; x_wconf 90' lang='lat' dir='ltr'><strong>Pater,</strong></span> <span class='ocrx_word' id='word_1_117' title='bbox 1594 1629 1648 1675; x_wconf 88' lang='lat' dir='ltr'><strong>et</strong></span> <span class='ocrx_word' id='word_1_118' title='bbox 1664 1620 1828 1675; x_wconf 87' lang='lat' dir='ltr'><strong>Filius</strong></span> 
     </span>
    </p>
   </div>
   <div class='ocr_carea' id='block_1_16' title="bbox 227 1711 1827 1782">
    <p class='ocr_par' dir='ltr' id='par_1_16' title="bbox 227 1711 1827 1782">
     <span class='ocr_line' id='line_1_16' title="bbox 227 1711 1827 1782; baseline 0.003 -17"><span class='ocrx_word' id='word_1_119' title='bbox 227 1724 445 1782; x_wconf 80' lang='lat' dir='ltr'><strong>semper</strong></span> <span class='ocrx_word' id='word_1_120' title='bbox 484 1711 676 1780; x_wconf 88' lang='lat' dir='ltr'><strong>Filius,</strong></span> <span class='ocrx_word' id='word_1_121' title='bbox 722 1721 779 1768; x_wconf 90' lang='lat' dir='ltr'><strong>et</strong></span> <span class='ocrx_word' id='word_1_122' title='bbox 822 1711 1050 1782; x_wconf 88' lang='lat' dir='ltr'><strong>Spiritus</strong></span> <span class='ocrx_word' id='word_1_123' title='bbox 1090 1722 1306 1769; x_wconf 83' lang='lat' dir='ltr'><strong>sanctus</strong></span> <span class='ocrx_word' id='word_1_124' title='bbox 1352 1727 1562 1781; x_wconf 88' lang='lat' dir='ltr'><strong>semper</strong></span> <span class='ocrx_word' id='word_1_125' title='bbox 1598 1712 1827 1782; x_wconf 86' lang='lat' dir='ltr'><strong>Spiritus</strong></span> 
     </span>
    </p>
   </div>
   <div class='ocr_carea' id='block_1_17' title="bbox 227 1802 1826 1875">
    <p class='ocr_par' dir='ltr' id='par_1_17' title="bbox 227 1802 1826 1875">
     <span class='ocr_line' id='line_1_17' title="bbox 227 1802 1826 1875; baseline 0.003 -19"><span class='ocrx_word' id='word_1_126' title='bbox 227 1812 469 1857; x_wconf 83' lang='lat' dir='ltr'><strong>sanctus.</strong></span> <span class='ocrx_word' id='word_1_127' title='bbox 512 1802 624 1858; x_wconf 91' lang='lat' dir='ltr'><strong>Nec</strong></span> <span class='ocrx_word' id='word_1_128' title='bbox 649 1812 853 1859; x_wconf 90' lang='lat' dir='ltr'><strong>temere</strong></span> <span class='ocrx_word' id='word_1_129' title='bbox 882 1803 947 1859; x_wconf 92' lang='lat' dir='ltr'><strong>de</strong></span> <span class='ocrx_word' id='word_1_130' title='bbox 986 1804 1336 1859; x_wconf 78' lang='lat' dir='ltr'><strong>invisibilibus</strong></span> <span class='ocrx_word' id='word_1_131' title='bbox 1366 1803 1563 1875; x_wconf 89' lang='lat' dir='ltr'><strong>aliquid</strong></span> <span class='ocrx_word' id='word_1_132' title='bbox 1590 1804 1826 1861; x_wconf 88' lang='lat' dir='ltr'><strong>afﬁrme-</strong></span> 
     </span>
    </p>
   </div>
   <div class='ocr_carea' id='block_1_18' title="bbox 226 1896 1828 1967">
    <p class='ocr_par' dir='ltr' id='par_1_18' title="bbox 226 1896 1828 1967">
     <span class='ocr_line' id='line_1_18' title="bbox 226 1896 1828 1967; baseline 0.002 -18"><span class='ocrx_word' id='word_1_133' title='bbox 226 1910 352 1949; x_wconf 89' lang='lat' dir='ltr'><strong>mus</strong></span> <span class='ocrx_word' id='word_1_134' title='bbox 381 1906 635 1967; x_wconf 87' lang='lat' dir='ltr'><strong>tanquam</strong></span> <span class='ocrx_word' id='word_1_135' title='bbox 662 1898 912 1962; x_wconf 87' lang='lat' dir='ltr'><strong>scientes,</strong></span> <span class='ocrx_word' id='word_1_136' title='bbox 945 1896 1037 1951; x_wconf 89' lang='lat' dir='ltr'><strong>sed</strong></span> <span class='ocrx_word' id='word_1_137' title='bbox 1070 1906 1320 1967; x_wconf 88' lang='lat' dir='ltr'><strong>tanquam</strong></span> <span class='ocrx_word' id='word_1_138' title='bbox 1349 1896 1667 1964; x_wconf 88' lang='lat' dir='ltr'><strong>credentes;</strong></span> <span class='ocrx_word' id='word_1_139' title='bbox 1696 1912 1828 1967; x_wconf 88' lang='lat' dir='ltr'><strong>quo-</strong></span> 
     </span>
    </p>
   </div>
   <div class='ocr_carea' id='block_1_19' title="bbox 225 1987 1826 2060">
    <p class='ocr_par' dir='ltr' id='par_1_19' title="bbox 225 1987 1826 2060">
     <span class='ocr_line' id='line_1_19' title="bbox 225 1987 1826 2060; baseline 0.002 -19"><span class='ocrx_word' id='word_1_140' title='bbox 225 1987 374 2043; x_wconf 87' lang='lat' dir='ltr'><strong>niam</strong></span> <span class='ocrx_word' id='word_1_141' title='bbox 402 1988 573 2045; x_wconf 88' lang='lat' dir='ltr'><strong>videri</strong></span> <span class='ocrx_word' id='word_1_142' title='bbox 609 1989 711 2044; x_wconf 92' lang='lat' dir='ltr'><strong>nisi</strong></span> <span class='ocrx_word' id='word_1_143' title='bbox 739 1989 992 2045; x_wconf 87' lang='lat' dir='ltr'><strong>mundato</strong></span> <span class='ocrx_word' id='word_1_144' title='bbox 1019 1989 1179 2046; x_wconf 86' lang='lat' dir='ltr'><strong>corde</strong></span> <span class='ocrx_word' id='word_1_145' title='bbox 1211 2005 1318 2045; x_wconf 92' lang='lat' dir='ltr'><strong>non</strong></span> <span class='ocrx_word' id='word_1_146' title='bbox 1351 1999 1576 2060; x_wconf 88' lang='lat' dir='ltr'><strong>possunt</strong></span> <span class='ocrx_word' id='word_1_147' title='bbox 1607 2008 1618 2043; x_wconf 93' lang='lat'>:</span> <span class='ocrx_word' id='word_1_148' title='bbox 1658 1999 1712 2044; x_wconf 91' lang='lat' dir='ltr'><strong>et</strong></span> <span class='ocrx_word' id='word_1_149' title='bbox 1736 1992 1826 2060; x_wconf 92' lang='lat' dir='ltr'><strong>qui</strong></span> 
     </span>
    </p>
   </div>
   <div class='ocr_carea' id='block_1_20' title="bbox 223 2081 1826 2153">
    <p class='ocr_par' dir='ltr' id='par_1_20' title="bbox 223 2081 1826 2153">
     <span class='ocr_line' id='line_1_20' title="bbox 223 2081 1826 2153; baseline 0.002 -18"><span class='ocrx_word' id='word_1_150' title='bbox 223 2096 290 2135; x_wconf 80' lang='lat' dir='ltr'><strong>ea</strong></span> <span class='ocrx_word' id='word_1_151' title='bbox 318 2081 467 2136; x_wconf 85' lang='lat' dir='ltr'><strong>videt</strong></span> <span class='ocrx_word' id='word_1_152' title='bbox 492 2082 546 2135; x_wconf 94' lang='lat' dir='ltr'><strong>in</strong></span> <span class='ocrx_word' id='word_1_153' title='bbox 574 2082 673 2136; x_wconf 87' lang='lat' dir='ltr'><strong>hac</strong></span> <span class='ocrx_word' id='word_1_154' title='bbox 698 2083 805 2137; x_wconf 90' lang='lat' dir='ltr'><strong>vita</strong></span> <span class='ocrx_word' id='word_1_155' title='bbox 834 2098 898 2138; x_wconf 83' lang='lat' dir='ltr'><strong>ex</strong></span> <span class='ocrx_word' id='word_1_156' title='bbox 930 2092 1099 2152; x_wconf 89' lang='lat' dir='ltr'><strong>parte,</strong></span> <span class='ocrx_word' id='word_1_157' title='bbox 1132 2091 1186 2138; x_wconf 90' lang='lat' dir='ltr'><strong>ut</strong></span> <span class='ocrx_word' id='word_1_158' title='bbox 1216 2084 1414 2139; x_wconf 90' lang='lat' dir='ltr'><strong>dictum</strong></span> <span class='ocrx_word' id='word_1_159' title='bbox 1438 2093 1540 2149; x_wconf 94' lang='lat' dir='ltr'><strong>est,</strong></span> <span class='ocrx_word' id='word_1_160' title='bbox 1572 2093 1731 2153; x_wconf 89' lang='lat' dir='ltr'><strong>atque</strong></span> <span class='ocrx_word' id='word_1_161' title='bbox 1771 2084 1826 2139; x_wconf 90' lang='lat' dir='ltr'><strong>in</strong></span> 
     </span>
    </p>
   </div>
   <div class='ocr_carea' id='block_1_21' title="bbox 223 2172 1827 2246">
    <p class='ocr_par' dir='ltr' id='par_1_21' title="bbox 223 2172 1827 2246">
     <span class='ocr_line' id='line_1_21' title="bbox 223 2172 1827 2246; baseline 0.004 -21"><span class='ocrx_word' id='word_1_162' title='bbox 223 2172 522 2243; x_wconf 61' lang='lat' dir='ltr'><strong>aenigmate</strong></span> <span class='ocrx_word' id='word_1_163' title='bbox 551 2172 593 2242; x_wconf 85' lang='lat'><strong>(1</strong></span> <span class='ocrx_word' id='word_1_164' title='bbox 618 2173 734 2227; x_wconf 85' lang='lat' dir='ltr'><strong>Cor.</strong></span> <span class='ocrx_word' id='word_1_165' title='bbox 775 2190 893 2241; x_wconf 71' lang='grc' dir='ltr'>χιιι,</span> <span class='ocrx_word' id='word_1_166' title='bbox 936 2175 1049 2245; x_wconf 77' lang='grc'><strong>12),</strong></span> <span class='ocrx_word' id='word_1_167' title='bbox 1084 2190 1188 2229; x_wconf 95' lang='lat' dir='ltr'><strong>non</strong></span> <span class='ocrx_word' id='word_1_168' title='bbox 1229 2184 1405 2246; x_wconf 81' lang='lat' dir='ltr'><strong>potest</strong></span> <span class='ocrx_word' id='word_1_169' title='bbox 1439 2175 1652 2231; x_wconf 89' lang='lat' dir='ltr'><strong>efﬁcere</strong></span> <span class='ocrx_word' id='word_1_170' title='bbox 1691 2185 1748 2231; x_wconf 91' lang='lat' dir='ltr'><strong>ut</strong></span> <span class='ocrx_word' id='word_1_171' title='bbox 1766 2183 1827 2239; x_wconf 66' lang='lat' dir='ltr'><strong>,ct</strong></span> 
     </span>
    </p>
   </div>
   <div class='ocr_carea' id='block_1_22' title="bbox 224 2262 1821 2339">
    <p class='ocr_par' dir='ltr' id='par_1_22' title="bbox 224 2262 1821 2339">
     <span class='ocr_line' id='line_1_22' title="bbox 224 2262 1821 2339; baseline 0.003 -22"><span class='ocrx_word' id='word_1_172' title='bbox 224 2262 319 2318; x_wconf 87' lang='lat' dir='ltr'><strong>ille</strong></span> <span class='ocrx_word' id='word_1_173' title='bbox 362 2264 545 2319; x_wconf 80' lang='lat' dir='ltr'><strong>videat</strong></span> <span class='ocrx_word' id='word_1_174' title='bbox 572 2266 653 2319; x_wconf 92' lang='lat' dir='ltr'><strong>cui</strong></span> <span class='ocrx_word' id='word_1_175' title='bbox 678 2266 935 2337; x_wconf 87' lang='lat' dir='ltr'><strong>loquitur,</strong></span> <span class='ocrx_word' id='word_1_176' title='bbox 968 2267 1013 2322; x_wconf 91' lang='lat' dir='ltr'><strong>si</strong></span> <span class='ocrx_word' id='word_1_177' title='bbox 1042 2267 1217 2322; x_wconf 89' lang='lat' dir='ltr'><strong>cordis</strong></span> <span class='ocrx_word' id='word_1_178' title='bbox 1242 2268 1487 2323; x_wconf 85' lang='lat' dir='ltr'><strong>sordibus</strong></span> <span class='ocrx_word' id='word_1_179' title='bbox 1514 2267 1821 2339; x_wconf 88' lang='lat' dir='ltr'><strong>impeditur.</strong></span> 
     </span>
    </p>
   </div>
   <div class='ocr_carea' id='block_1_23' title="bbox 222 2353 1826 2430">
    <p class='ocr_par' dir='ltr' id='par_1_23' title="bbox 222 2353 1826 2430">
     <span class='ocr_line' id='line_1_23' title="bbox 222 2353 1826 2430; baseline 0.005 -23"><span class='ocrx_word' id='word_1_180' title='bbox 222 2353 376 2409; x_wconf 82' lang='lat' dir='ltr'><strong>Beati</strong></span> <span class='ocrx_word' id='word_1_181' title='bbox 406 2366 585 2412; x_wconf 87' lang='lat' dir='ltr'><strong>autem</strong></span> <span class='ocrx_word' id='word_1_182' title='bbox 611 2360 798 2413; x_wconf 88' lang='lat' dir='ltr'><strong>mundo</strong></span> <span class='ocrx_word' id='word_1_183' title='bbox 818 2361 985 2425; x_wconf 87' lang='lat' dir='ltr'><strong>corde,</strong></span> <span class='ocrx_word' id='word_1_184' title='bbox 1013 2361 1253 2430; x_wconf 87' lang='lat' dir='ltr'><strong>quoniam</strong></span> <span class='ocrx_word' id='word_1_185' title='bbox 1277 2361 1376 2429; x_wconf 87' lang='lat' dir='ltr'><strong>ipsi</strong></span> <span class='ocrx_word' id='word_1_186' title='bbox 1404 2359 1565 2414; x_wconf 87' lang='lat' dir='ltr'><strong>Deum</strong></span> <span class='ocrx_word' id='word_1_187' title='bbox 1592 2362 1826 2415; x_wconf 82' lang='lat' dir='ltr'><strong>videbunt</strong></span> 
     </span>
    </p>
   </div>
   <div class='ocr_carea' id='block_1_24' title="bbox 222 2448 1826 2523">
    <p class='ocr_par' dir='ltr' id='par_1_24' title="bbox 222 2448 1826 2523">
     <span class='ocr_line' id='line_1_24' title="bbox 222 2448 1826 2523; baseline 0.007 -21"><span class='ocrx_word' id='word_1_188' title='bbox 222 2448 444 2519; x_wconf 70' lang='lat' dir='ltr'><strong>(Matth.</strong></span> <span class='ocrx_word' id='word_1_189' title='bbox 476 2468 530 2519; x_wconf 81' lang='grc' dir='ltr'><strong>ν,</strong></span> <span class='ocrx_word' id='word_1_190' title='bbox 572 2452 653 2523; x_wconf 90' lang='grc'><strong>8).</strong></span> <span class='ocrx_word' id='word_1_191' title='bbox 695 2453 820 2509; x_wconf 64' lang='lat' dir='ltr'><strong>llaec</strong></span> <span class='ocrx_word' id='word_1_192' title='bbox 846 2454 977 2510; x_wconf 87' lang='lat' dir='ltr'><strong>ﬁdes</strong></span> <span class='ocrx_word' id='word_1_193' title='bbox 1002 2464 1085 2511; x_wconf 89' lang='lat' dir='ltr'><strong>est</strong></span> <span class='ocrx_word' id='word_1_194' title='bbox 1122 2455 1189 2511; x_wconf 93' lang='lat' dir='ltr'><strong>de</strong></span> <span class='ocrx_word' id='word_1_195' title='bbox 1215 2455 1328 2511; x_wconf 88' lang='lat' dir='ltr'><strong>Deo</strong></span> <span class='ocrx_word' id='word_1_196' title='bbox 1355 2456 1632 2513; x_wconf 89' lang='lat' dir='ltr'><strong>conditore</strong></span> <span class='ocrx_word' id='word_1_197' title='bbox 1658 2468 1710 2513; x_wconf 91' lang='lat' dir='ltr'><strong>et</strong></span> <span class='ocrx_word' id='word_1_198' title='bbox 1740 2473 1826 2515; x_wconf 77' lang='lat' dir='ltr'><strong>re~</strong></span> 
     </span>
    </p>
   </div>
   <div class='ocr_carea' id='block_1_25' title="bbox 219 2557 803 2609">
    <p class='ocr_par' dir='ltr' id='par_1_25' title="bbox 219 2557 803 2609">
     <span class='ocr_line' id='line_1_25' title="bbox 219 2557 803 2609; baseline 0.003 -9"><span class='ocrx_word' id='word_1_199' title='bbox 219 2557 485 2602; x_wconf 85' lang='lat' dir='ltr'><strong>novatore</strong></span> <span class='ocrx_word' id='word_1_200' title='bbox 509 2557 715 2604; x_wconf 79' lang='lat' dir='ltr'><strong>DOSll&#39;O.</strong></span> <span class='ocrx_word' id='word_1_201' title='bbox 800 2608 803 2609; x_wconf 23' lang='grc' dir='ltr'><em>ν</em></span> 
     </span>
    </p>
   </div>
   <div class='ocr_carea' id='block_1_26' title="bbox 294 2638 1822 2711">
    <p class='ocr_par' dir='ltr' id='par_1_26' title="bbox 294 2638 1822 2711">
     <span class='ocr_line' id='line_1_26' title="bbox 294 2638 1822 2711; baseline 0.006 -19"><span class='ocrx_word' id='word_1_202' title='bbox 294 2638 386 2693; x_wconf 77' lang='lat' dir='ltr'><strong>2i.</strong></span> <span class='ocrx_word' id='word_1_203' title='bbox 432 2639 536 2695; x_wconf 88' lang='lat' dir='ltr'><strong>Sed</strong></span> <span class='ocrx_word' id='word_1_204' title='bbox 563 2641 812 2711; x_wconf 90' lang='lat' dir='ltr'><strong>quoniam</strong></span> <span class='ocrx_word' id='word_1_205' title='bbox 839 2642 1052 2698; x_wconf 87' lang='lat' dir='ltr'><strong>dilectio</strong></span> <span class='ocrx_word' id='word_1_206' title='bbox 1077 2658 1183 2699; x_wconf 93' lang='lat' dir='ltr'><strong>non</strong></span> <span class='ocrx_word' id='word_1_207' title='bbox 1214 2642 1419 2699; x_wconf 89' lang='lat' dir='ltr'><strong>tantum</strong></span> <span class='ocrx_word' id='word_1_208' title='bbox 1447 2646 1499 2700; x_wconf 93' lang='lat' dir='ltr'><strong>in</strong></span> <span class='ocrx_word' id='word_1_209' title='bbox 1532 2646 1696 2701; x_wconf 89' lang='lat' dir='ltr'><strong>Deum</strong></span> <span class='ocrx_word' id='word_1_210' title='bbox 1726 2661 1822 2701; x_wconf 89' lang='lat' dir='ltr'><strong>no-</strong></span> 
     </span>
    </p>
   </div>
   <div class='ocr_carea' id='block_1_27' title="bbox 216 2729 1825 2808">
    <p class='ocr_par' dir='ltr' id='par_1_27' title="bbox 216 2729 1825 2808">
     <span class='ocr_line' id='line_1_27' title="bbox 216 2729 1825 2808; baseline 0.004 -23"><span class='ocrx_word' id='word_1_211' title='bbox 216 2729 306 2785; x_wconf 87' lang='lat' dir='ltr'><strong>bis</strong></span> <span class='ocrx_word' id='word_1_212' title='bbox 342 2730 608 2801; x_wconf 86' lang='lat' dir='ltr'><strong>imperata</strong></span> <span class='ocrx_word' id='word_1_213' title='bbox 638 2742 741 2800; x_wconf 90' lang='lat' dir='ltr'><strong>est,</strong></span> <span class='ocrx_word' id='word_1_214' title='bbox 783 2749 903 2788; x_wconf 92' lang='lat' dir='ltr'><strong>cum</strong></span> <span class='ocrx_word' id='word_1_215' title='bbox 932 2734 1131 2790; x_wconf 90' lang='lat' dir='ltr'><strong>dictum</strong></span> <span class='ocrx_word' id='word_1_216' title='bbox 1178 2744 1279 2801; x_wconf 90' lang='lat' dir='ltr'><strong>est,</strong></span> <span class='ocrx_word' id='word_1_217' title='bbox 1313 2736 1507 2808; x_wconf 77' lang='lat' dir='ltr'><strong>Diliges</strong></span> <span class='ocrx_word' id='word_1_218' title='bbox 1545 2737 1825 2793; x_wconf 88' lang='lat' dir='ltr'><strong>Dominum</strong></span> 
     </span>
    </p>
   </div>
   <div class='ocr_carea' id='block_1_28' title="bbox 219 2820 1824 2898">
    <p class='ocr_par' dir='ltr' id='par_1_28' title="bbox 219 2820 1824 2898">
     <span class='ocr_line' id='line_1_28' title="bbox 219 2820 1824 2898; baseline 0.007 -25"><span class='ocrx_word' id='word_1_219' title='bbox 219 2820 389 2874; x_wconf 82' lang='lat' dir='ltr'><strong>Deum</strong></span> <span class='ocrx_word' id='word_1_220' title='bbox 417 2831 561 2876; x_wconf 84' lang='lat' dir='ltr'><strong>tuum</strong></span> <span class='ocrx_word' id='word_1_221' title='bbox 597 2840 660 2878; x_wconf 73' lang='lat' dir='ltr'><strong>ea:</strong></span> <span class='ocrx_word' id='word_1_222' title='bbox 699 2834 800 2879; x_wconf 87' lang='lat' dir='ltr'><strong>toto</strong></span> <span class='ocrx_word' id='word_1_223' title='bbox 828 2826 976 2880; x_wconf 84' lang='lat' dir='ltr'><strong>corde</strong></span> <span class='ocrx_word' id='word_1_224' title='bbox 1006 2836 1111 2895; x_wconf 86' lang='lat' dir='ltr'><strong>tuo,</strong></span> <span class='ocrx_word' id='word_1_225' title='bbox 1139 2836 1185 2881; x_wconf 88' lang='lat' dir='ltr'><strong>et</strong></span> <span class='ocrx_word' id='word_1_226' title='bbox 1209 2841 1274 2882; x_wconf 77' lang='lat' dir='ltr'><strong>ea:</strong></span> <span class='ocrx_word' id='word_1_227' title='bbox 1302 2837 1405 2882; x_wconf 90' lang='lat' dir='ltr'><strong>tota</strong></span> <span class='ocrx_word' id='word_1_228' title='bbox 1430 2830 1606 2883; x_wconf 87' lang='lat' dir='ltr'><strong>anima</strong></span> <span class='ocrx_word' id='word_1_229' title='bbox 1633 2840 1738 2898; x_wconf 86' lang='lat' dir='ltr'><strong>tua,</strong></span> <span class='ocrx_word' id='word_1_230' title='bbox 1775 2840 1824 2885; x_wconf 88' lang='lat' dir='ltr'><strong>et</strong></span> 
     </span>
    </p>
   </div>
   <div class='ocr_carea' id='block_1_29' title="bbox 218 2917 1820 2990">
    <p class='ocr_par' dir='ltr' id='par_1_29' title="bbox 218 2917 1820 2990">
     <span class='ocr_line' id='line_1_29' title="bbox 218 2917 1820 2990; baseline 0.007 -25"><span class='ocrx_word' id='word_1_231' title='bbox 218 2928 285 2966; x_wconf 76' lang='lat' dir='ltr'><strong>ea:</strong></span> <span class='ocrx_word' id='word_1_232' title='bbox 313 2922 421 2967; x_wconf 85' lang='lat' dir='ltr'><strong>tota</strong></span> <span class='ocrx_word' id='word_1_233' title='bbox 462 2924 629 2969; x_wconf 88' lang='lat' dir='ltr'><strong>mente</strong></span> <span class='ocrx_word' id='word_1_234' title='bbox 674 2924 804 2981; x_wconf 85' lang='lat' dir='ltr'><strong>tua;</strong></span> <span class='ocrx_word' id='word_1_235' title='bbox 849 2917 943 2973; x_wconf 91' lang='lat' dir='ltr'><strong>sed</strong></span> <span class='ocrx_word' id='word_1_236' title='bbox 987 2918 1147 2973; x_wconf 89' lang='lat' dir='ltr'><strong>etiam</strong></span> <span class='ocrx_word' id='word_1_237' title='bbox 1192 2919 1246 2973; x_wconf 89' lang='lat' dir='ltr'><strong>in</strong></span> <span class='ocrx_word' id='word_1_238' title='bbox 1288 2921 1623 2989; x_wconf 79' lang='lat' dir='ltr'><strong>proximum;</strong></span> <span class='ocrx_word' id='word_1_239' title='bbox 1656 2938 1778 2977; x_wconf 91' lang='lat' dir='ltr'><strong>nam</strong></span> <span class='ocrx_word' id='word_1_240' title='bbox 1804 2964 1820 2990; x_wconf 94' lang='lat'><strong>,</strong></span> 
     </span>
    </p>
   </div>
   <div class='ocr_carea' id='block_1_30' title="bbox 218 2999 1819 3085">
    <p class='ocr_par' dir='ltr' id='par_1_30' title="bbox 218 2999 1819 3085">
     <span class='ocr_line' id='line_1_30' title="bbox 218 2999 1819 3085; baseline 0.008 -30"><span class='ocrx_word' id='word_1_241' title='bbox 218 2999 440 3074; x_wconf 75' lang='lat' dir='ltr'><strong>Diliges,</strong></span> <span class='ocrx_word' id='word_1_242' title='bbox 463 3005 658 3076; x_wconf 87' lang='lat' dir='ltr'><strong>inquit,</strong></span> <span class='ocrx_word' id='word_1_243' title='bbox 678 3009 963 3077; x_wconf 75' lang='lat' dir='ltr'><strong>proximum</strong></span> <span class='ocrx_word' id='word_1_244' title='bbox 983 3019 1126 3063; x_wconf 88' lang='lat' dir='ltr'><strong>tuum</strong></span> <span class='ocrx_word' id='word_1_245' title='bbox 1151 3019 1391 3079; x_wconf 83' lang='lat' dir='ltr'><strong>tanquam</strong></span> <span class='ocrx_word' id='word_1_246' title='bbox 1413 3021 1459 3065; x_wconf 88' lang='lat' dir='ltr'><strong>te</strong></span> <span class='ocrx_word' id='word_1_247' title='bbox 1480 3014 1646 3082; x_wconf 85' lang='lat' dir='ltr'><strong>ipsum</strong></span> <span class='ocrx_word' id='word_1_248' title='bbox 1669 3012 1819 3085; x_wconf 86' lang='lat' dir='ltr'><strong>(Luc.</strong></span> 
     </span>
    </p>
   </div>
   <div class='ocr_carea' id='block_1_31' title="bbox 218 3090 1822 3174">
    <p class='ocr_par' dir='ltr' id='par_1_31' title="bbox 218 3090 1822 3174">
     <span class='ocr_line' id='line_1_31' title="bbox 218 3090 1822 3174; baseline 0.009 -26"><span class='ocrx_word' id='word_1_249' title='bbox 218 3109 272 3161; x_wconf 73' lang='grc' dir='ltr'><strong>ι,</strong></span> <span class='ocrx_word' id='word_1_250' title='bbox 305 3095 401 3169; x_wconf 78' lang='grc'><strong>27)</strong></span> <span class='ocrx_word' id='word_1_251' title='bbox 436 3115 450 3150; x_wconf 90' lang='lat'><strong>:</strong></span> <span class='ocrx_word' id='word_1_252' title='bbox 483 3098 529 3152; x_wconf 91' lang='lat' dir='ltr'><strong>si</strong></span> <span class='ocrx_word' id='word_1_253' title='bbox 556 3107 738 3154; x_wconf 88' lang='lat' dir='ltr'><strong>autem</strong></span> <span class='ocrx_word' id='word_1_254' title='bbox 781 3100 880 3155; x_wconf 88' lang='lat' dir='ltr'><strong>ista</strong></span> <span class='ocrx_word' id='word_1_255' title='bbox 921 3100 1053 3156; x_wconf 88' lang='lat' dir='ltr'><strong>ﬁdes</strong></span> <span class='ocrx_word' id='word_1_256' title='bbox 1098 3090 1569 3174; x_wconf 83' lang='lat' dir='ltr'><strong>congregationem</strong></span> <span class='ocrx_word' id='word_1_257' title='bbox 1592 3107 1822 3162; x_wconf 85' lang='lat' dir='ltr'><strong>societa-</strong></span> 
     </span>
    </p>
   </div>
   <div class='ocr_carea' id='block_1_32' title="bbox 220 3190 1820 3267">
    <p class='ocr_par' dir='ltr' id='par_1_32' title="bbox 220 3190 1820 3267">
     <span class='ocr_line' id='line_1_32' title="bbox 220 3190 1820 3267; baseline 0.009 -24"><span class='ocrx_word' id='word_1_258' title='bbox 220 3195 436 3260; x_wconf 84' lang='lat' dir='ltr'><strong>temque</strong></span> <span class='ocrx_word' id='word_1_259' title='bbox 465 3190 749 3248; x_wconf 84' lang='lat' dir='ltr'><strong>hominum</strong></span> <span class='ocrx_word' id='word_1_260' title='bbox 777 3208 884 3248; x_wconf 93' lang='lat' dir='ltr'><strong>non</strong></span> <span class='ocrx_word' id='word_1_261' title='bbox 904 3202 1100 3264; x_wconf 86' lang='lat' dir='ltr'><strong>teneat,</strong></span> <span class='ocrx_word' id='word_1_262' title='bbox 1124 3196 1176 3251; x_wconf 90' lang='lat' dir='ltr'><strong>in</strong></span> <span class='ocrx_word' id='word_1_263' title='bbox 1203 3213 1304 3267; x_wconf 90' lang='lat' dir='ltr'><strong>qua</strong></span> <span class='ocrx_word' id='word_1_264' title='bbox 1333 3198 1567 3255; x_wconf 86' lang='lat' dir='ltr'><strong>fraterna</strong></span> <span class='ocrx_word' id='word_1_265' title='bbox 1587 3200 1820 3259; x_wconf 83' lang='lat' dir='ltr'><strong>charitas</strong></span> 
     </span>
    </p>
   </div>
   <div class='ocr_carea' id='block_1_33' title="bbox 219 3286 1146 3354">
    <p class='ocr_par' dir='ltr' id='par_1_33' title="bbox 219 3286 1146 3354">
     <span class='ocr_line' id='line_1_33' title="bbox 219 3286 1146 3354; baseline 0.005 -17"><span class='ocrx_word' id='word_1_266' title='bbox 219 3295 495 3354; x_wconf 85' lang='lat' dir='ltr'><strong>operetur,</strong></span> <span class='ocrx_word' id='word_1_267' title='bbox 529 3287 707 3342; x_wconf 87' lang='lat' dir='ltr'><strong>minus</strong></span> <span class='ocrx_word' id='word_1_268' title='bbox 736 3286 1002 3343; x_wconf 82' lang='lat' dir='ltr'><strong>fructuosa</strong></span> <span class='ocrx_word' id='word_1_269' title='bbox 1043 3296 1146 3345; x_wconf 90' lang='lat' dir='ltr'><strong>est.</strong></span> 
     </span>
    </p>
   </div>
   <div class='ocr_carea' id='block_1_34' title="bbox 289 3373 1823 3455">
    <p class='ocr_par' dir='ltr' id='par_1_34' title="bbox 289 3373 1823 3455">
     <span class='ocr_line' id='line_1_34' title="bbox 289 3373 1823 3455; baseline 0.008 -26"><span class='ocrx_word' id='word_1_270' title='bbox 289 3373 519 3431; x_wconf 76' lang='lat' dir='ltr'><strong>CAPUT</strong></span> <span class='ocrx_word' id='word_1_271' title='bbox 562 3376 631 3430; x_wconf 76' lang='grc' dir='ltr'><strong>Χ.</strong></span> <span class='ocrx_word' id='word_1_272' title='bbox 670 3406 744 3418; x_wconf 92' lang='lat'><strong>-—-</strong></span> <span class='ocrx_word' id='word_1_273' title='bbox 780 3377 1009 3433; x_wconf 74' lang='lat' dir='ltr'><strong>Ecclesia</strong></span> <span class='ocrx_word' id='word_1_274' title='bbox 1048 3381 1318 3436; x_wconf 79' lang='lat' dir='ltr'><strong>catholica.</strong></span> <span class='ocrx_word' id='word_1_275' title='bbox 1364 3382 1613 3440; x_wconf 85' lang='lat' dir='ltr'><strong>Remissio</strong></span> <span class='ocrx_word' id='word_1_276' title='bbox 1645 3403 1823 3455; x_wconf 86' lang='lat' dir='ltr'><strong>pecca-</strong></span> 
     </span>
    </p>
   </div>
   <div class='ocr_carea' id='block_1_35' title="bbox 217 3464 1821 3533">
    <p class='ocr_par' dir='ltr' id='par_1_35' title="bbox 217 3464 1821 3533">
     <span class='ocr_line' id='line_1_35' title="bbox 217 3464 1821 3533; baseline 0.009 -15"><span class='ocrx_word' id='word_1_277' title='bbox 217 3471 404 3519; x_wconf 79' lang='lat' dir='ltr'><strong>torum.</strong></span> <span class='ocrx_word' id='word_1_278' title='bbox 440 3464 623 3521; x_wconf 86' lang='lat' dir='ltr'><strong>Totius</strong></span> <span class='ocrx_word' id='word_1_279' title='bbox 654 3468 869 3523; x_wconf 77' lang='lat' dir='ltr'><strong>hominis</strong></span> <span class='ocrx_word' id='word_1_280' title='bbox 910 3470 964 3523; x_wconf 88' lang='lat' dir='ltr'><strong>in</strong></span> <span class='ocrx_word' id='word_1_281' title='bbox 1007 3471 1186 3527; x_wconf 87' lang='lat' dir='ltr'><strong>melius</strong></span> <span class='ocrx_word' id='word_1_282' title='bbox 1224 3476 1548 3528; x_wconf 87' lang='lat' dir='ltr'><strong>commutatio</strong></span> <span class='ocrx_word' id='word_1_283' title='bbox 1594 3493 1821 3533; x_wconf 79' lang='lat' dir='ltr'><strong>resurre-</strong></span> 
     </span>
    </p>
   </div>
   <div class='ocr_carea' id='block_1_36' title="bbox 219 3558 1822 3629">
    <p class='ocr_par' dir='ltr' id='par_1_36' title="bbox 219 3558 1822 3629">
     <span class='ocr_line' id='line_1_36' title="bbox 219 3558 1822 3629; baseline 0.009 -19"><span class='ocrx_word' id='word_1_284' title='bbox 219 3558 383 3612; x_wconf 79' lang='lat' dir='ltr'><strong>ctione</strong></span> <span class='ocrx_word' id='word_1_285' title='bbox 425 3560 759 3629; x_wconf 81' lang='lat' dir='ltr'><strong>per/icienda.</strong></span> <span class='ocrx_word' id='word_1_286' title='bbox 820 3560 999 3616; x_wconf 82' lang='lat' dir='ltr'><strong>Carnis</strong></span> <span class='ocrx_word' id='word_1_287' title='bbox 1051 3567 1367 3620; x_wconf 84' lang='lat' dir='ltr'><strong>resurrectio.</strong></span> <span class='ocrx_word' id='word_1_288' title='bbox 1421 3563 1822 3624; x_wconf 86' lang='lat' dir='ltr'><strong>Resurrectionis</strong></span> 
     </span>
    </p>
   </div>
   <div class='ocr_carea' id='block_1_37' title="bbox 220 3652 1821 3724">
    <p class='ocr_par' dir='ltr' id='par_1_37' title="bbox 220 3652 1821 3724">
     <span class='ocr_line' id='line_1_37' title="bbox 220 3652 1821 3724; baseline 0.012 -22"><span class='ocrx_word' id='word_1_289' title='bbox 220 3654 409 3721; x_wconf 65' lang='lat' dir='ltr'><strong>futura</strong></span> <span class='ocrx_word' id='word_1_290' title='bbox 471 3652 658 3707; x_wconf 78' lang='lat' dir='ltr'><strong>vetitas</strong></span> <span class='ocrx_word' id='word_1_291' title='bbox 730 3656 1081 3724; x_wconf 83' lang='lat' dir='ltr'><strong>confirmatur.</strong></span> <span class='ocrx_word' id='word_1_292' title='bbox 1140 3659 1421 3716; x_wconf 86' lang='lat' dir='ltr'><strong>Credimus</strong></span> <span class='ocrx_word' id='word_1_293' title='bbox 1479 3670 1533 3717; x_wconf 91' lang='lat' dir='ltr'><strong>et</strong></span> <span class='ocrx_word' id='word_1_294' title='bbox 1582 3672 1821 3722; x_wconf 87' lang='lat' dir='ltr'><strong>sanctam</strong></span> 
     </span>
    </p>
   </div>
   <div class='ocr_carea' id='block_1_38' title="bbox 220 3740 1823 3815">
    <p class='ocr_par' dir='ltr' id='par_1_38' title="bbox 220 3740 1823 3815">
     <span class='ocr_line' id='line_1_38' title="bbox 220 3740 1823 3815; baseline 0.01 -19"><span class='ocrx_word' id='word_1_295' title='bbox 220 3740 513 3797; x_wconf 82' lang='lat' dir='ltr'><strong>Ecclesiam</strong></span> <span class='ocrx_word' id='word_1_296' title='bbox 548 3745 589 3812; x_wconf 74' lang='grc'><strong>⁸,</strong></span> <span class='ocrx_word' id='word_1_297' title='bbox 622 3745 808 3815; x_wconf 86' lang='lat' dir='ltr'><strong>utique</strong></span> <span class='ocrx_word' id='word_1_298' title='bbox 850 3748 1184 3804; x_wconf 86' lang='lat' dir='ltr'><strong>catholicam.</strong></span> <span class='ocrx_word' id='word_1_299' title='bbox 1224 3749 1358 3805; x_wconf 88' lang='lat' dir='ltr'><strong>Nam</strong></span> <span class='ocrx_word' id='word_1_300' title='bbox 1405 3761 1459 3808; x_wconf 92' lang='lat' dir='ltr'><strong>ct</strong></span> <span class='ocrx_word' id='word_1_301' title='bbox 1504 3752 1740 3810; x_wconf 72' lang='lat' dir='ltr'><strong>hmretici</strong></span> <span class='ocrx_word' id='word_1_302' title='bbox 1770 3764 1823 3812; x_wconf 87' lang='lat' dir='ltr'><strong>et</strong></span> 
     </span>
    </p>
   </div>
   <div class='ocr_carea' id='block_1_39' title="bbox 219 3833 1821 3907">
    <p class='ocr_par' dir='ltr' id='par_1_39' title="bbox 219 3833 1821 3907">
     <span class='ocr_line' id='line_1_39' title="bbox 219 3833 1821 3907; baseline 0.01 -20"><span class='ocrx_word' id='word_1_303' title='bbox 219 3833 544 3890; x_wconf 84' lang='lat' dir='ltr'><strong>schismatici</strong></span> <span class='ocrx_word' id='word_1_304' title='bbox 573 3839 1017 3907; x_wconf 83' lang='lat' dir='ltr'><strong>congregationes</strong></span> <span class='ocrx_word' id='word_1_305' title='bbox 1044 3855 1167 3896; x_wconf 89' lang='lat' dir='ltr'><strong>suas</strong></span> <span class='ocrx_word' id='word_1_306' title='bbox 1187 3842 1443 3897; x_wconf 90' lang='lat' dir='ltr'><strong>ecclesias</strong></span> <span class='ocrx_word' id='word_1_307' title='bbox 1470 3856 1681 3900; x_wconf 90' lang='lat' dir='ltr'><strong>vocant.</strong></span> <span class='ocrx_word' id='word_1_308' title='bbox 1714 3848 1821 3903; x_wconf 89' lang='lat' dir='ltr'><strong>Sed</strong></span> 
     </span>
    </p>
   </div>
   <div class='ocr_carea' id='block_1_40' title="bbox 219 3923 1817 4009">
    <p class='ocr_par' dir='ltr' id='par_1_40' title="bbox 219 3923 1817 4009">
     <span class='ocr_line' id='line_1_40' title="bbox 219 3923 1817 4009; baseline 0.011 -31"><span class='ocrx_word' id='word_1_309' title='bbox 219 3923 455 3983; x_wconf 68' lang='lat' dir='ltr'><strong>haeretici</strong></span> <span class='ocrx_word' id='word_1_310' title='bbox 483 3928 554 3984; x_wconf 88' lang='lat' dir='ltr'><strong>de</strong></span> <span class='ocrx_word' id='word_1_311' title='bbox 582 3930 696 3985; x_wconf 90' lang='lat' dir='ltr'><strong>Deo</strong></span> <span class='ocrx_word' id='word_1_312' title='bbox 723 3930 854 3986; x_wconf 87' lang='lat' dir='ltr'><strong>falsa</strong></span> <span class='ocrx_word' id='word_1_313' title='bbox 889 3934 1169 3989; x_wconf 90' lang='lat' dir='ltr'><strong>sentiendo</strong></span> <span class='ocrx_word' id='word_1_314' title='bbox 1199 3936 1367 4006; x_wconf 89' lang='lat' dir='ltr'><strong>ipsam</strong></span> <span class='ocrx_word' id='word_1_315' title='bbox 1396 3937 1552 3993; x_wconf 89' lang='lat' dir='ltr'><strong>ﬁdem</strong></span> <span class='ocrx_word' id='word_1_316' title='bbox 1582 3941 1817 4009; x_wconf 87' lang='lat' dir='ltr'><strong>violant;</strong></span> 
     </span>
    </p>
   </div>
   <div class='ocr_carea' id='block_1_41' title="bbox 219 4018 1819 4098">
    <p class='ocr_par' dir='ltr' id='par_1_41' title="bbox 219 4018 1819 4098">
     <span class='ocr_line' id='line_1_41' title="bbox 219 4018 1819 4098; baseline 0.008 -25"><span class='ocrx_word' id='word_1_317' title='bbox 219 4018 549 4075; x_wconf 87' lang='lat' dir='ltr'><strong>schismatici</strong></span> <span class='ocrx_word' id='word_1_318' title='bbox 596 4031 779 4077; x_wconf 89' lang='lat' dir='ltr'><strong>autem</strong></span> <span class='ocrx_word' id='word_1_319' title='bbox 825 4023 1228 4082; x_wconf 89' lang='lat' dir='ltr'><strong>discissionibus</strong></span> <span class='ocrx_word' id='word_1_320' title='bbox 1274 4029 1467 4098; x_wconf 88' lang='lat' dir='ltr'><strong>iniquis</strong></span> <span class='ocrx_word' id='word_1_321' title='bbox 1513 4047 1542 4085; x_wconf 92' lang='lat' dir='ltr'><strong>a</strong></span> <span class='ocrx_word' id='word_1_322' title='bbox 1587 4031 1819 4087; x_wconf 83' lang='lat' dir='ltr'><strong>fraterna</strong></span> 
     </span>
    </p>
   </div>
   <div class='ocr_carea' id='block_1_42' title="bbox 219 4108 1817 4192">
    <p class='ocr_par' dir='ltr' id='par_1_42' title="bbox 219 4108 1817 4192">
     <span class='ocr_line' id='line_1_42' title="bbox 219 4108 1817 4192; baseline 0.009 -31"><span class='ocrx_word' id='word_1_323' title='bbox 219 4108 478 4166; x_wconf 81' lang='lat' dir='ltr'><strong>charitate</strong></span> <span class='ocrx_word' id='word_1_324' title='bbox 520 4111 809 4181; x_wconf 90' lang='lat' dir='ltr'><strong>dissiliunt,</strong></span> <span class='ocrx_word' id='word_1_325' title='bbox 860 4117 1105 4184; x_wconf 88' lang='lat' dir='ltr'><strong>quamvis</strong></span> <span class='ocrx_word' id='word_1_326' title='bbox 1136 4132 1195 4171; x_wconf 91' lang='lat' dir='ltr'><strong>ea</strong></span> <span class='ocrx_word' id='word_1_327' title='bbox 1238 4118 1455 4173; x_wconf 87' lang='lat' dir='ltr'><strong>credant</strong></span> <span class='ocrx_word' id='word_1_328' title='bbox 1499 4137 1615 4192; x_wconf 71' lang='lat' dir='ltr'><strong>qurc</strong></span> <span class='ocrx_word' id='word_1_329' title='bbox 1645 4123 1817 4176; x_wconf 87' lang='lat' dir='ltr'><strong>credi-</strong></span> 
     </span>
    </p>
   </div>
   <div class='ocr_carea' id='block_1_43' title="bbox 218 4202 1819 4279">
    <p class='ocr_par' dir='ltr' id='par_1_43' title="bbox 218 4202 1819 4279">
     <span class='ocr_line' id='line_1_43' title="bbox 218 4202 1819 4279; baseline 0.009 -25"><span class='ocrx_word' id='word_1_330' title='bbox 218 4215 355 4255; x_wconf 87' lang='lat' dir='ltr'><strong>mus.</strong></span> <span class='ocrx_word' id='word_1_331' title='bbox 389 4202 734 4273; x_wconf 86' lang='lat' dir='ltr'><strong>Quapropter</strong></span> <span class='ocrx_word' id='word_1_332' title='bbox 762 4219 859 4260; x_wconf 87' lang='lat' dir='ltr'><strong>nec</strong></span> <span class='ocrx_word' id='word_1_333' title='bbox 882 4205 1115 4261; x_wconf 73' lang='lat' dir='ltr'><strong>htcretici</strong></span> <span class='ocrx_word' id='word_1_334' title='bbox 1143 4210 1411 4279; x_wconf 89' lang='lat' dir='ltr'><strong>pertinent</strong></span> <span class='ocrx_word' id='word_1_335' title='bbox 1437 4212 1501 4265; x_wconf 88' lang='lat' dir='ltr'><strong>ad</strong></span> <span class='ocrx_word' id='word_1_336' title='bbox 1525 4213 1819 4269; x_wconf 74' lang='lat' dir='ltr'><strong>Ecclesium</strong></span> 
     </span>
    </p>
   </div>
   <div class='ocr_carea' id='block_1_44' title="bbox 220 4292 1855 4374">
    <p class='ocr_par' dir='ltr' id='par_1_44' title="bbox 220 4292 1855 4374">
     <span class='ocr_line' id='line_1_44' title="bbox 220 4292 1855 4374; baseline 0.009 -29"><span class='ocrx_word' id='word_1_337' title='bbox 220 4292 563 4360; x_wconf 83' lang='lat' dir='ltr'><strong>catholicam,</strong></span> <span class='ocrx_word' id='word_1_338' title='bbox 596 4311 717 4364; x_wconf 65' lang='lat' dir='ltr'><strong>quae</strong></span> <span class='ocrx_word' id='word_1_339' title='bbox 743 4295 911 4367; x_wconf 80' lang='lat' dir='ltr'><strong>diligit</strong></span> <span class='ocrx_word' id='word_1_340' title='bbox 948 4298 1109 4353; x_wconf 88' lang='lat' dir='ltr'><strong>Deum</strong></span> <span class='ocrx_word' id='word_1_341' title='bbox 1136 4316 1150 4365; x_wconf 92' lang='lat'><strong>;</strong></span> <span class='ocrx_word' id='word_1_342' title='bbox 1179 4316 1277 4355; x_wconf 90' lang='lat' dir='ltr'><strong>nec</strong></span> <span class='ocrx_word' id='word_1_343' title='bbox 1306 4302 1651 4369; x_wconf 84' lang='lat' dir='ltr'><strong>schismatici,</strong></span> <span class='ocrx_word' id='word_1_344' title='bbox 1682 4321 1817 4374; x_wconf 85' lang='lat' dir='ltr'><strong>quo-</strong></span> <span class='ocrx_word' id='word_1_345' title='bbox 1854 4298 1855 4301; x_wconf 40' lang='grc'><em>“</em></span> 
     </span>
    </p>
   </div>
   <div class='ocr_carea' id='block_1_45' title="bbox 221 4384 1820 4463">
    <p class='ocr_par' dir='ltr' id='par_1_45' title="bbox 221 4384 1820 4463">
     <span class='ocr_line' id='line_1_45' title="bbox 221 4384 1820 4463; baseline 0.009 -27"><span class='ocrx_word' id='word_1_346' title='bbox 221 4384 357 4437; x_wconf 86' lang='lat' dir='ltr'><strong>uiam</strong></span> <span class='ocrx_word' id='word_1_347' title='bbox 382 4384 561 4454; x_wconf 82' lang='lat' dir='ltr'><strong>diligit</strong></span> <span class='ocrx_word' id='word_1_348' title='bbox 580 4388 918 4455; x_wconf 82' lang='lat' dir='ltr'><strong>proximum;</strong></span> <span class='ocrx_word' id='word_1_349' title='bbox 947 4397 1000 4443; x_wconf 90' lang='lat' dir='ltr'><strong>et</strong></span> <span class='ocrx_word' id='word_1_350' title='bbox 1021 4389 1139 4444; x_wconf 91' lang='lat' dir='ltr'><strong>ideo</strong></span> <span class='ocrx_word' id='word_1_351' title='bbox 1167 4394 1397 4459; x_wconf 88' lang='lat' dir='ltr'><strong>peccatis</strong></span> <span class='ocrx_word' id='word_1_352' title='bbox 1426 4395 1649 4463; x_wconf 84' lang='lat' dir='ltr'><strong>proximi</strong></span> <span class='ocrx_word' id='word_1_353' title='bbox 1670 4397 1820 4451; x_wconf 79' lang='lat' dir='ltr'><strong>facile</strong></span> 
     </span>
    </p>
   </div>
   <div class='ocr_carea' id='block_1_46' title="bbox 221 4473 1820 4557">
    <p class='ocr_par' dir='ltr' id='par_1_46' title="bbox 221 4473 1820 4557">
     <span class='ocr_line' id='line_1_46' title="bbox 221 4473 1820 4557; baseline 0.01 -29"><span class='ocrx_word' id='word_1_354' title='bbox 221 4473 473 4543; x_wconf 80' lang='lat' dir='ltr'><strong>ignoscit,</strong></span> <span class='ocrx_word' id='word_1_355' title='bbox 519 4478 645 4546; x_wconf 86' lang='lat' dir='ltr'><strong>quia</strong></span> <span class='ocrx_word' id='word_1_356' title='bbox 690 4479 788 4534; x_wconf 89' lang='lat' dir='ltr'><strong>sibi</strong></span> <span class='ocrx_word' id='word_1_357' title='bbox 840 4490 1084 4549; x_wconf 87' lang='lat' dir='ltr'><strong>precatur</strong></span> <span class='ocrx_word' id='word_1_358' title='bbox 1128 4482 1329 4553; x_wconf 80' lang='lat' dir='ltr'><strong>ignosci</strong></span> <span class='ocrx_word' id='word_1_359' title='bbox 1368 4486 1434 4539; x_wconf 86' lang='lat' dir='ltr'><strong>ab</strong></span> <span class='ocrx_word' id='word_1_360' title='bbox 1464 4486 1553 4541; x_wconf 88' lang='lat' dir='ltr'><strong>illo</strong></span> <span class='ocrx_word' id='word_1_361' title='bbox 1587 4488 1673 4557; x_wconf 88' lang='lat' dir='ltr'><strong>qui</strong></span> <span class='ocrx_word' id='word_1_362' title='bbox 1722 4504 1820 4545; x_wconf 91' lang='lat' dir='ltr'><strong>nos</strong></span> 
     </span>
    </p>
   </div>
   <div class='ocr_carea' id='block_1_47' title="bbox 222 4568 1820 4647">
    <p class='ocr_par' dir='ltr' id='par_1_47' title="bbox 222 4568 1820 4647">
     <span class='ocr_line' id='line_1_47' title="bbox 222 4568 1820 4647; baseline 0.011 -27"><span class='ocrx_word' id='word_1_363' title='bbox 222 4568 590 4623; x_wconf 72' lang='lat' dir='ltr'><strong>reconciliavit</strong></span> <span class='ocrx_word' id='word_1_364' title='bbox 633 4570 755 4638; x_wconf 89' lang='lat' dir='ltr'><strong>sibi,</strong></span> <span class='ocrx_word' id='word_1_365' title='bbox 801 4571 986 4627; x_wconf 88' lang='lat' dir='ltr'><strong>delens</strong></span> <span class='ocrx_word' id='word_1_366' title='bbox 1031 4576 1204 4628; x_wconf 80' lang='lat' dir='ltr'><strong>omnia</strong></span> <span class='ocrx_word' id='word_1_367' title='bbox 1239 4579 1526 4647; x_wconf 66' lang='lat' dir='ltr'><strong>prmterita,</strong></span> <span class='ocrx_word' id='word_1_368' title='bbox 1567 4589 1619 4635; x_wconf 89' lang='lat' dir='ltr'><strong>ct</strong></span> <span class='ocrx_word' id='word_1_369' title='bbox 1647 4582 1711 4635; x_wconf 91' lang='lat' dir='ltr'><strong>ad</strong></span> <span class='ocrx_word' id='word_1_370' title='bbox 1743 4583 1820 4637; x_wconf 86' lang='lat' dir='ltr'><strong>vi-</strong></span> 
     </span>
    </p>
   </div>
   <div class='ocr_carea' id='block_1_48' title="bbox 224 4664 1819 4743">
    <p class='ocr_par' dir='ltr' id='par_1_48' title="bbox 224 4664 1819 4743">
     <span class='ocr_line' id='line_1_48' title="bbox 224 4664 1819 4743; baseline 0.012 -34"><span class='ocrx_word' id='word_1_371' title='bbox 224 4664 326 4711; x_wconf 85' lang='lat' dir='ltr'><strong>tam</strong></span> <span class='ocrx_word' id='word_1_372' title='bbox 369 4674 569 4714; x_wconf 87' lang='lat' dir='ltr'><strong>novam</strong></span> <span class='ocrx_word' id='word_1_373' title='bbox 618 4676 714 4716; x_wconf 90' lang='lat' dir='ltr'><strong>nos</strong></span> <span class='ocrx_word' id='word_1_374' title='bbox 759 4678 955 4719; x_wconf 88' lang='lat' dir='ltr'><strong>vocans</strong></span> <span class='ocrx_word' id='word_1_375' title='bbox 988 4682 1001 4718; x_wconf 91' lang='lat'><strong><em>:</em></strong></span> <span class='ocrx_word' id='word_1_376' title='bbox 1031 4680 1186 4735; x_wconf 90' lang='lat' dir='ltr'><strong>quam</strong></span> <span class='ocrx_word' id='word_1_377' title='bbox 1237 4669 1396 4722; x_wconf 89' lang='lat' dir='ltr'><strong>vitam</strong></span> <span class='ocrx_word' id='word_1_378' title='bbox 1428 4669 1598 4726; x_wconf 90' lang='lat' dir='ltr'><strong>donec</strong></span> <span class='ocrx_word' id='word_1_379' title='bbox 1642 4673 1819 4743; x_wconf 84' lang='lat' dir='ltr'><strong>perle-</strong></span> 
     </span>
    </p>
   </div>
   <div class='ocr_carea' id='block_1_49' title="bbox 223 4753 1816 4833">
    <p class='ocr_par' dir='ltr' id='par_1_49' title="bbox 223 4753 1816 4833">
     <span class='ocr_line' id='line_1_49' title="bbox 223 4753 1816 4833; baseline 0.013 -30"><span class='ocrx_word' id='word_1_380' title='bbox 223 4758 357 4804; x_wconf 80' lang='lat' dir='ltr'><strong>ctam</strong></span> <span class='ocrx_word' id='word_1_381' title='bbox 403 4753 704 4823; x_wconf 87' lang='lat' dir='ltr'><strong>capiamus,</strong></span> <span class='ocrx_word' id='word_1_382' title='bbox 755 4756 870 4811; x_wconf 88' lang='lat' dir='ltr'><strong>sine</strong></span> <span class='ocrx_word' id='word_1_383' title='bbox 913 4759 1142 4826; x_wconf 86' lang='lat' dir='ltr'><strong>peccatis</strong></span> <span class='ocrx_word' id='word_1_384' title='bbox 1174 4774 1294 4817; x_wconf 91' lang='lat' dir='ltr'><strong>esse</strong></span> <span class='ocrx_word' id='word_1_385' title='bbox 1337 4776 1443 4817; x_wconf 91' lang='lat' dir='ltr'><strong>non</strong></span> <span class='ocrx_word' id='word_1_386' title='bbox 1484 4778 1768 4833; x_wconf 90' lang='lat' dir='ltr'><strong>possumus</strong></span> <span class='ocrx_word' id='word_1_387' title='bbox 1802 4785 1816 4823; x_wconf 90' lang='lat'><strong>:</strong></span> 
     </span>
    </p>
   </div>
   <div class='ocr_carea' id='block_1_50' title="bbox 227 4838 1011 4916">
    <p class='ocr_par' dir='ltr' id='par_1_50' title="bbox 227 4838 1011 4916">
     <span class='ocr_line' id='line_1_50' title="bbox 227 4838 1011 4916; baseline 0.011 -21"><span class='ocrx_word' id='word_1_388' title='bbox 227 4838 449 4898; x_wconf 84' lang='lat' dir='ltr'><strong>interest</strong></span> <span class='ocrx_word' id='word_1_389' title='bbox 475 4852 652 4901; x_wconf 87' lang='lat' dir='ltr'><strong>tamen</strong></span> <span class='ocrx_word' id='word_1_390' title='bbox 683 4847 859 4916; x_wconf 90' lang='lat' dir='ltr'><strong>qualia</strong></span> <span class='ocrx_word' id='word_1_391' title='bbox 885 4849 1011 4904; x_wconf 92' lang='lat' dir='ltr'><strong>sint.</strong></span> 
     </span>
    </p>
   </div>
   <div class='ocr_carea' id='block_1_51' title="bbox 289 4932 1817 5008">
    <p class='ocr_par' dir='ltr' id='par_1_51' title="bbox 289 4932 1817 5008">
     <span class='ocr_line' id='line_1_51' title="bbox 289 4932 1817 5008; baseline 0.013 -21"><span class='ocrx_word' id='word_1_392' title='bbox 289 4932 381 4986; x_wconf 58' lang='grc' dir='ltr'><strong>εξ.</strong></span> <span class='ocrx_word' id='word_1_393' title='bbox 424 4934 539 4991; x_wconf 80' lang='lat' dir='ltr'><strong>Nec</strong></span> <span class='ocrx_word' id='word_1_394' title='bbox 582 4936 648 4993; x_wconf 90' lang='lat' dir='ltr'><strong>de</strong></span> <span class='ocrx_word' id='word_1_395' title='bbox 680 4948 1017 5008; x_wconf 88' lang='lat' dir='ltr'><strong>peccatorum</strong></span> <span class='ocrx_word' id='word_1_396' title='bbox 1049 4942 1346 5000; x_wconf 87' lang='lat' dir='ltr'><strong>diﬁ&#39;erentia</strong></span> <span class='ocrx_word' id='word_1_397' title='bbox 1376 4948 1535 5005; x_wconf 91' lang='lat' dir='ltr'><strong>modo</strong></span> <span class='ocrx_word' id='word_1_398' title='bbox 1583 4957 1817 5007; x_wconf 78' lang='lat' dir='ltr'><strong>tractan-</strong></span> 
     </span>
    </p>
   </div>
   <div class='ocr_carea' id='block_1_52' title="bbox 223 5022 1819 5105">
    <p class='ocr_par' dir='ltr' id='par_1_52' title="bbox 223 5022 1819 5105">
     <span class='ocr_line' id='line_1_52' title="bbox 223 5022 1819 5105; baseline 0.014 -27"><span class='ocrx_word' id='word_1_399' title='bbox 223 5022 345 5080; x_wconf 86' lang='lat' dir='ltr'><strong>dum</strong></span> <span class='ocrx_word' id='word_1_400' title='bbox 377 5036 484 5095; x_wconf 87' lang='lat' dir='ltr'><strong>est,</strong></span> <span class='ocrx_word' id='word_1_401' title='bbox 517 5029 613 5084; x_wconf 90' lang='lat' dir='ltr'><strong>sed</strong></span> <span class='ocrx_word' id='word_1_402' title='bbox 657 5031 980 5089; x_wconf 88' lang='lat' dir='ltr'><strong>credendum</strong></span> <span class='ocrx_word' id='word_1_403' title='bbox 1019 5036 1257 5105; x_wconf 90' lang='lat' dir='ltr'><strong>omnino,</strong></span> <span class='ocrx_word' id='word_1_404' title='bbox 1285 5040 1434 5096; x_wconf 90' lang='lat' dir='ltr'><strong>nullo</strong></span> <span class='ocrx_word' id='word_1_405' title='bbox 1476 5042 1635 5097; x_wconf 91' lang='lat' dir='ltr'><strong>modo</strong></span> <span class='ocrx_word' id='word_1_406' title='bbox 1666 5044 1819 5100; x_wconf 92' lang='lat' dir='ltr'><strong>nobis</strong></span> 
     </span>
    </p>
   </div>
   <div class='ocr_carea' id='block_1_53' title="bbox 226 5116 1819 5195">
    <p class='ocr_par' dir='ltr' id='par_1_53' title="bbox 226 5116 1819 5195">
     <span class='ocr_line' id='line_1_53' title="bbox 226 5116 1819 5195; baseline 0.014 -26"><span class='ocrx_word' id='word_1_407' title='bbox 226 5116 425 5186; x_wconf 78' lang='lat' dir='ltr'><strong>ignosci</strong></span> <span class='ocrx_word' id='word_1_408' title='bbox 475 5136 540 5176; x_wconf 77' lang='lat' dir='ltr'><strong>ea</strong></span> <span class='ocrx_word' id='word_1_409' title='bbox 586 5138 704 5193; x_wconf 68' lang='lat' dir='ltr'><strong>quso</strong></span> <span class='ocrx_word' id='word_1_410' title='bbox 750 5141 1066 5195; x_wconf 86' lang='lat' dir='ltr'><strong>peccamus,</strong></span> <span class='ocrx_word' id='word_1_411' title='bbox 1116 5130 1162 5184; x_wconf 91' lang='lat' dir='ltr'><strong>si</strong></span> <span class='ocrx_word' id='word_1_412' title='bbox 1206 5145 1304 5186; x_wconf 93' lang='lat' dir='ltr'><strong>nos</strong></span> <span class='ocrx_word' id='word_1_413' title='bbox 1349 5133 1705 5191; x_wconf 82' lang='lat' dir='ltr'><strong>inexorabiles</strong></span> <span class='ocrx_word' id='word_1_414' title='bbox 1752 5137 1819 5192; x_wconf 89' lang='lat' dir='ltr'><strong>ad</strong></span> 
     </span>
    </p>
   </div>
   <div class='ocr_carea' id='block_1_54' title="bbox 226 5207 1819 5299">
    <p class='ocr_par' dir='ltr' id='par_1_54' title="bbox 226 5207 1819 5299">
     <span class='ocr_line' id='line_1_54' title="bbox 226 5207 1819 5299; baseline 0.013 -34"><span class='ocrx_word' id='word_1_415' title='bbox 226 5207 549 5278; x_wconf 71' lang='lat' dir='ltr'><strong>ignoscenda</strong></span> <span class='ocrx_word' id='word_1_416' title='bbox 576 5224 793 5285; x_wconf 86' lang='lat' dir='ltr'><strong>peccata</strong></span> <span class='ocrx_word' id='word_1_417' title='bbox 837 5216 1090 5275; x_wconf 80' lang='lat' dir='ltr'><strong>fuerimus</strong></span> <span class='ocrx_word' id='word_1_418' title='bbox 1121 5221 1329 5292; x_wconf 79' lang='lat' dir='ltr'><strong>(Matth.</strong></span> <span class='ocrx_word' id='word_1_419' title='bbox 1358 5239 1432 5292; x_wconf 87' lang='lat' dir='ltr'><strong>vr,</strong></span> <span class='ocrx_word' id='word_1_420' title='bbox 1478 5226 1589 5298; x_wconf 80' lang='grc'><strong>15).</strong></span> <span class='ocrx_word' id='word_1_421' title='bbox 1638 5227 1819 5299; x_wconf 86' lang='lat' dir='ltr'><strong>Itaque</strong></span> 
     </span>
    </p>
   </div>
   <div class='ocr_carea' id='block_1_55' title="bbox 224 5302 1356 5382">
    <p class='ocr_par' dir='ltr' id='par_1_55' title="bbox 224 5302 1356 5382">
     <span class='ocr_line' id='line_1_55' title="bbox 224 5302 1356 5382; baseline 0.016 -29"><span class='ocrx_word' id='word_1_422' title='bbox 224 5302 492 5360; x_wconf 85' lang='lat' dir='ltr'><strong>credimus</strong></span> <span class='ocrx_word' id='word_1_423' title='bbox 516 5315 571 5361; x_wconf 88' lang='lat' dir='ltr'><strong>et</strong></span> <span class='ocrx_word' id='word_1_424' title='bbox 595 5308 971 5365; x_wconf 90' lang='lat' dir='ltr'><strong>remissionem</strong></span> <span class='ocrx_word' id='word_1_425' title='bbox 998 5324 1356 5382; x_wconf 89' lang='lat' dir='ltr'><strong>peccatorum.</strong></span> 
     </span>
    </p>
   </div>
   <div class='ocr_carea' id='block_1_56' title="bbox 294 5394 1816 5485">
    <p class='ocr_par' dir='ltr' id='par_1_56' title="bbox 294 5394 1816 5485">
     <span class='ocr_line' id='line_1_56' title="bbox 294 5394 1816 5485; baseline 0.014 -34"><span class='ocrx_word' id='word_1_426' title='bbox 294 5394 385 5452; x_wconf 68' lang='grc'><strong>23.</strong></span> <span class='ocrx_word' id='word_1_427' title='bbox 429 5398 498 5453; x_wconf 82' lang='lat' dir='ltr'><strong>Et</strong></span> <span class='ocrx_word' id='word_1_428' title='bbox 539 5402 787 5470; x_wconf 86' lang='lat' dir='ltr'><strong>quoniam</strong></span> <span class='ocrx_word' id='word_1_429' title='bbox 837 5404 936 5458; x_wconf 87' lang='lat' dir='ltr'><strong>tria</strong></span> <span class='ocrx_word' id='word_1_430' title='bbox 980 5416 1104 5461; x_wconf 90' lang='lat' dir='ltr'><strong>sunt</strong></span> <span class='ocrx_word' id='word_1_431' title='bbox 1144 5409 1333 5480; x_wconf 86' lang='lat' dir='ltr'><strong>quibus</strong></span> <span class='ocrx_word' id='word_1_432' title='bbox 1380 5411 1541 5469; x_wconf 91' lang='lat' dir='ltr'><strong>homo</strong></span> <span class='ocrx_word' id='word_1_433' title='bbox 1571 5425 1816 5485; x_wconf 86' lang='lat' dir='ltr'><strong>constat,</strong></span> 
     </span>
    </p>
   </div>
   <div class='ocr_carea' id='block_1_57' title="bbox 225 5487 1813 5576">
    <p class='ocr_par' dir='ltr' id='par_1_57' title="bbox 225 5487 1813 5576">
     <span class='ocr_line' id='line_1_57' title="bbox 225 5487 1813 5576; baseline 0.016 -36"><span class='ocrx_word' id='word_1_434' title='bbox 225 5487 466 5556; x_wconf 87' lang='lat' dir='ltr'><strong>spiritus,</strong></span> <span class='ocrx_word' id='word_1_435' title='bbox 494 5492 669 5549; x_wconf 90' lang='lat' dir='ltr'><strong>anima</strong></span> <span class='ocrx_word' id='word_1_436' title='bbox 694 5503 749 5551; x_wconf 90' lang='lat' dir='ltr'><strong>et</strong></span> <span class='ocrx_word' id='word_1_437' title='bbox 772 5510 971 5566; x_wconf 89' lang='lat' dir='ltr'><strong>corpus</strong></span> <span class='ocrx_word' id='word_1_438' title='bbox 1003 5513 1019 5550; x_wconf 88' lang='lat'><strong>:</strong></span> <span class='ocrx_word' id='word_1_439' title='bbox 1048 5515 1165 5569; x_wconf 67' lang='lat' dir='ltr'><strong>qua:</strong></span> <span class='ocrx_word' id='word_1_440' title='bbox 1204 5517 1390 5558; x_wconf 91' lang='lat' dir='ltr'><strong>rursus</strong></span> <span class='ocrx_word' id='word_1_441' title='bbox 1415 5504 1521 5560; x_wconf 89' lang='lat' dir='ltr'><strong>duo</strong></span> <span class='ocrx_word' id='word_1_442' title='bbox 1547 5506 1813 5576; x_wconf 91' lang='lat' dir='ltr'><strong>dicuntur,</strong></span> 
     </span>
    </p>
   </div>
   <div class='ocr_carea' id='block_1_58' title="bbox 225 5580 1819 5671">
    <p class='ocr_par' dir='ltr' id='par_1_58' title="bbox 225 5580 1819 5671">
     <span class='ocr_line' id='line_1_58' title="bbox 225 5580 1819 5671; baseline 0.015 -39"><span class='ocrx_word' id='word_1_443' title='bbox 225 5580 347 5649; x_wconf 82' lang='lat' dir='ltr'><strong>quia</strong></span> <span class='ocrx_word' id='word_1_444' title='bbox 374 5595 520 5653; x_wconf 76' lang='lat' dir='ltr'><strong>saepe</strong></span> <span class='ocrx_word' id='word_1_445' title='bbox 555 5586 731 5642; x_wconf 86' lang='lat' dir='ltr'><strong>anima</strong></span> <span class='ocrx_word' id='word_1_446' title='bbox 756 5587 917 5644; x_wconf 89' lang='lat' dir='ltr'><strong>simul</strong></span> <span class='ocrx_word' id='word_1_447' title='bbox 958 5603 1078 5645; x_wconf 91' lang='lat' dir='ltr'><strong>cum</strong></span> <span class='ocrx_word' id='word_1_448' title='bbox 1106 5592 1293 5662; x_wconf 88' lang='lat' dir='ltr'><strong>spiritu</strong></span> <span class='ocrx_word' id='word_1_449' title='bbox 1319 5598 1661 5665; x_wconf 90' lang='lat' dir='ltr'><strong>nominatur;</strong></span> <span class='ocrx_word' id='word_1_450' title='bbox 1694 5616 1819 5671; x_wconf 89' lang='lat' dir='ltr'><strong>pars</strong></span> 
     </span>
    </p>
   </div>
   <div class='ocr_carea' id='block_1_59' title="bbox 232 5734 1814 5819">
    <p class='ocr_par' dir='ltr' id='par_1_59' title="bbox 232 5734 1814 5819">
     <span class='ocr_line' id='line_1_59' title="bbox 232 5734 1814 5819; baseline 0 0"><span class='ocrx_word' id='word_1_451' title='bbox 232 5734 586 5819; x_wconf 46' lang='lat'><strong>£33???»</strong></span> <span class='ocrx_word' id='word_1_452' title='bbox 605 5742 657 5794; x_wconf 64' lang='grc' dir='ltr'><strong>θη</strong></span> <span class='ocrx_word' id='word_1_453' title='bbox 678 5748 903 5819; x_wconf 67' lang='lat' dir='ltr'><strong>mm</strong></span> <span class='ocrx_word' id='word_1_454' title='bbox 925 5744 1333 5819; x_wconf 60' lang='grc' dir='ltr'><strong>εεειρριατηιθιοοῑ</strong></span> <span class='ocrx_word' id='word_1_455' title='bbox 1352 5759 1404 5819; x_wconf 69' lang='grc' dir='ltr'><strong>(ξι</strong></span> <span class='ocrx_word' id='word_1_456' title='bbox 1425 5752 1669 5819; x_wconf 67' lang='lat' dir='ltr'><strong>aliquanto</strong></span> <span class='ocrx_word' id='word_1_457' title='bbox 1686 5766 1814 5819; x_wconf 73' lang='lat' dir='ltr'><strong>post.</strong></span> 
     </span>
    </p>
   </div>
   <div class='ocr_carea' id='block_1_60' title="bbox 224 5806 1818 5927">
    <p class='ocr_par' dir='ltr' id='par_1_60' title="bbox 224 5806 1818 5927">
     <span class='ocr_line' id='line_1_60' title="bbox 224 5806 1818 5927; baseline 0.015 -77"><span class='ocrx_word' id='word_1_458' title='bbox 224 5806 627 5927; x_wconf 63' lang='lat' dir='ltr'><em>W</em></span> <span class='ocrx_word' id='word_1_459' title='bbox 656 5812 990 5873; x_wconf 82' lang='lat' dir='ltr'><strong>peccatorum.</strong></span> <span class='ocrx_word' id='word_1_460' title='bbox 1022 5811 1096 5879; x_wconf 79' lang='lat' dir='ltr'><strong>sic</strong></span> <span class='ocrx_word' id='word_1_461' title='bbox 1139 5806 1289 5867; x_wconf 78' lang='lat' dir='ltr'><strong>etiam</strong></span> <span class='ocrx_word' id='word_1_462' title='bbox 1309 5806 1543 5881; x_wconf 66' lang='lat' dir='ltr'><strong>inferius,</strong></span> <span class='ocrx_word' id='word_1_463' title='bbox 1580 5806 1818 5875; x_wconf 68' lang='lat' dir='ltr'><strong>incuruis</strong></span> 
     </span>
    </p>
   </div>
   <div class='ocr_carea' id='block_1_61' title="bbox 3420 416 3528 478">
    <p class='ocr_par' dir='ltr' id='par_1_61' title="bbox 3420 416 3528 478">
     <span class='ocr_line' id='line_1_61' title="bbox 3420 416 3528 478; baseline 0.009 -2"><span class='ocrx_word' id='word_1_464' title='bbox 3420 416 3528 478; x_wconf 68' lang='grc'><strong>194</strong></span> 
     </span>
    </p>
   </div>
   <div class='ocr_carea' id='block_1_62' title="bbox 1940 514 3520 615">
    <p class='ocr_par' dir='ltr' id='par_1_62' title="bbox 1940 514 3520 615">
     <span class='ocr_line' id='line_1_62' title="bbox 1940 514 3520 615; baseline 0.022 -48"><span class='ocrx_word' id='word_1_465' title='bbox 1940 514 2081 569; x_wconf 91' lang='lat' dir='ltr'><strong>enim</strong></span> <span class='ocrx_word' id='word_1_466' title='bbox 2108 516 2351 586; x_wconf 85' lang='lat' dir='ltr'><strong>quaedam</strong></span> <span class='ocrx_word' id='word_1_467' title='bbox 2379 520 2617 591; x_wconf 90' lang='lat' dir='ltr'><strong>ejusdem</strong></span> <span class='ocrx_word' id='word_1_468' title='bbox 2648 525 2942 596; x_wconf 88' lang='lat' dir='ltr'><strong>rationalis,</strong></span> <span class='ocrx_word' id='word_1_469' title='bbox 2975 544 3077 603; x_wconf 86' lang='lat' dir='ltr'><strong>qua</strong></span> <span class='ocrx_word' id='word_1_470' title='bbox 3100 547 3285 595; x_wconf 90' lang='lat' dir='ltr'><strong>carent</strong></span> <span class='ocrx_word' id='word_1_471' title='bbox 3314 540 3520 615; x_wconf 85' lang='lat' dir='ltr'><strong>bestiae,</strong></span> 
     </span>
    </p>
   </div>
   <div class='ocr_carea' id='block_1_63' title="bbox 1938 606 3521 703">
    <p class='ocr_par' dir='ltr' id='par_1_63' title="bbox 1938 606 3521 703">
     <span class='ocr_line' id='line_1_63' title="bbox 1938 606 3521 703; baseline 0.021 -45"><span class='ocrx_word' id='word_1_472' title='bbox 1938 606 2155 675; x_wconf 85' lang='lat' dir='ltr'><strong>spiritus</strong></span> <span class='ocrx_word' id='word_1_473' title='bbox 2196 609 2389 666; x_wconf 90' lang='lat' dir='ltr'><strong>dicitur</strong></span> <span class='ocrx_word' id='word_1_474' title='bbox 2441 634 2452 668; x_wconf 92' lang='lat'><strong>:</strong></span> <span class='ocrx_word' id='word_1_475' title='bbox 2497 616 2789 690; x_wconf 87' lang='lat' dir='ltr'><strong>principale</strong></span> <span class='ocrx_word' id='word_1_476' title='bbox 2832 632 3074 681; x_wconf 91' lang='lat' dir='ltr'><strong>nostrum</strong></span> <span class='ocrx_word' id='word_1_477' title='bbox 3122 630 3339 699; x_wconf 89' lang='lat' dir='ltr'><strong>spiritus</strong></span> <span class='ocrx_word' id='word_1_478' title='bbox 3389 606 3521 703; x_wconf 56' lang='lat' dir='ltr'><strong>est;</strong></span> 
     </span>
    </p>
   </div>
   <div class='ocr_carea' id='block_1_64' title="bbox 1938 695 3519 793">
    <p class='ocr_par' dir='ltr' id='par_1_64' title="bbox 1938 695 3519 793">
     <span class='ocr_line' id='line_1_64' title="bbox 1938 695 3519 793; baseline 0.02 -44"><span class='ocrx_word' id='word_1_479' title='bbox 1938 695 2131 753; x_wconf 91' lang='lat' dir='ltr'><strong>deinde</strong></span> <span class='ocrx_word' id='word_1_480' title='bbox 2157 700 2263 755; x_wconf 87' lang='lat' dir='ltr'><strong>vita</strong></span> <span class='ocrx_word' id='word_1_481' title='bbox 2290 718 2391 772; x_wconf 88' lang='lat' dir='ltr'><strong>qua</strong></span> <span class='ocrx_word' id='word_1_482' title='bbox 2434 706 2803 778; x_wconf 89' lang='lat' dir='ltr'><strong>conjungimur</strong></span> <span class='ocrx_word' id='word_1_483' title='bbox 2831 717 3065 784; x_wconf 87' lang='lat' dir='ltr'><strong>corpori,</strong></span> <span class='ocrx_word' id='word_1_484' title='bbox 3096 720 3269 775; x_wconf 91' lang='lat' dir='ltr'><strong>anima</strong></span> <span class='ocrx_word' id='word_1_485' title='bbox 3297 723 3519 793; x_wconf 89' lang='lat' dir='ltr'><strong>dicitur;</strong></span> 
     </span>
    </p>
   </div>
   <div class='ocr_carea' id='block_1_65' title="bbox 1938 792 3520 878">
    <p class='ocr_par' dir='ltr' id='par_1_65' title="bbox 1938 792 3520 878">
     <span class='ocr_line' id='line_1_65' title="bbox 1938 792 3520 878; baseline 0.021 -39"><span class='ocrx_word' id='word_1_486' title='bbox 1938 796 2207 855; x_wconf 89' lang='lat' dir='ltr'><strong>postremo</strong></span> <span class='ocrx_word' id='word_1_487' title='bbox 2238 792 2409 862; x_wconf 83' lang='lat' dir='ltr'><strong>ipsum</strong></span> <span class='ocrx_word' id='word_1_488' title='bbox 2434 810 2625 867; x_wconf 91' lang='lat' dir='ltr'><strong>corpus</strong></span> <span class='ocrx_word' id='word_1_489' title='bbox 2646 803 2892 869; x_wconf 87' lang='lat' dir='ltr'><strong>quoniam</strong></span> <span class='ocrx_word' id='word_1_490' title='bbox 2914 807 3122 864; x_wconf 90' lang='lat' dir='ltr'><strong>visibile</strong></span> <span class='ocrx_word' id='word_1_491' title='bbox 3152 822 3253 878; x_wconf 88' lang='lat' dir='ltr'><strong>est,</strong></span> <span class='ocrx_word' id='word_1_492' title='bbox 3280 815 3520 873; x_wconf 90' lang='lat' dir='ltr'><strong>ultimum</strong></span> 
     </span>
    </p>
   </div>
   <div class='ocr_carea' id='block_1_66' title="bbox 1936 884 3522 973">
    <p class='ocr_par' dir='ltr' id='par_1_66' title="bbox 1936 884 3522 973">
     <span class='ocr_line' id='line_1_66' title="bbox 1936 884 3522 973; baseline 0.021 -42"><span class='ocrx_word' id='word_1_493' title='bbox 1936 888 2178 935; x_wconf 88' lang='lat' dir='ltr'><strong>nostrum</strong></span> <span class='ocrx_word' id='word_1_494' title='bbox 2202 892 2301 937; x_wconf 88' lang='lat' dir='ltr'><strong>est.</strong></span> <span class='ocrx_word' id='word_1_495' title='bbox 2328 884 2638 944; x_wconf 82' lang='lat' dir='ltr'><strong>llaccautem</strong></span> <span class='ocrx_word' id='word_1_496' title='bbox 2658 894 2831 948; x_wconf 87' lang='lat' dir='ltr'><strong>omnis</strong></span> <span class='ocrx_word' id='word_1_497' title='bbox 2859 906 3102 954; x_wconf 80' lang='lat' dir='ltr'><strong>creatura</strong></span> <span class='ocrx_word' id='word_1_498' title='bbox 3125 904 3139 933; x_wconf 85' lang='grc'>¹</span> <span class='ocrx_word' id='word_1_499' title='bbox 3161 902 3522 973; x_wconf 86' lang='lat' dir='ltr'><strong>ingemiscith</strong></span> 
     </span>
    </p>
   </div>
   <div class='ocr_carea' id='block_1_67' title="bbox 1936 974 3506 1068">
    <p class='ocr_par' dir='ltr' id='par_1_67' title="bbox 1936 974 3506 1068">
     <span class='ocr_line' id='line_1_67' title="bbox 1936 974 3506 1068; baseline 0.022 -46"><span class='ocrx_word' id='word_1_500' title='bbox 1936 974 2159 1040; x_wconf 86' lang='lat' dir='ltr'><strong>parturit</strong></span> <span class='ocrx_word' id='word_1_501' title='bbox 2176 990 2341 1044; x_wconf 90' lang='lat' dir='ltr'><strong>usque</strong></span> <span class='ocrx_word' id='word_1_502' title='bbox 2367 994 2504 1034; x_wconf 92' lang='lat' dir='ltr'><strong>nunc</strong></span> <span class='ocrx_word' id='word_1_503' title='bbox 2525 981 2822 1053; x_wconf 87' lang='lat' dir='ltr'><strong>(Rom.vm,</strong></span> <span class='ocrx_word' id='word_1_504' title='bbox 2843 987 2936 1058; x_wconf 72' lang='grc'><strong>22)</strong></span> <span class='ocrx_word' id='word_1_505' title='bbox 2954 1008 2965 1043; x_wconf 89' lang='lat'>:</span> <span class='ocrx_word' id='word_1_506' title='bbox 2982 991 3126 1048; x_wconf 88' lang='lat' dir='ltr'><strong>dedit</strong></span> <span class='ocrx_word' id='word_1_507' title='bbox 3151 1004 3325 1053; x_wconf 88' lang='lat' dir='ltr'><strong>tamen</strong></span> <span class='ocrx_word' id='word_1_508' title='bbox 3350 1002 3506 1068; x_wconf 86' lang='lat' dir='ltr'><strong>primi</strong></span> 
     </span>
    </p>
   </div>
   <div class='ocr_carea' id='block_1_68' title="bbox 1938 1062 3518 1156">
    <p class='ocr_par' dir='ltr' id='par_1_68' title="bbox 1938 1062 3518 1156">
     <span class='ocr_line' id='line_1_68' title="bbox 1938 1062 3518 1156; baseline 0.024 -41"><span class='ocrx_word' id='word_1_509' title='bbox 1938 1062 2036 1117; x_wconf 89' lang='lat' dir='ltr'><strong>tias</strong></span> <span class='ocrx_word' id='word_1_510' title='bbox 2056 1066 2290 1134; x_wconf 90' lang='lat' dir='ltr'><strong>spiritus,</strong></span> <span class='ocrx_word' id='word_1_511' title='bbox 2311 1072 2430 1139; x_wconf 88' lang='lat' dir='ltr'><strong>quia</strong></span> <span class='ocrx_word' id='word_1_512' title='bbox 2448 1073 2671 1130; x_wconf 90' lang='lat' dir='ltr'><strong>credidit</strong></span> <span class='ocrx_word' id='word_1_513' title='bbox 2696 1078 2826 1146; x_wconf 90' lang='lat' dir='ltr'><strong>Deo,</strong></span> <span class='ocrx_word' id='word_1_514' title='bbox 2844 1093 2894 1135; x_wconf 92' lang='lat' dir='ltr'><strong>et</strong></span> <span class='ocrx_word' id='word_1_515' title='bbox 2913 1083 3064 1139; x_wconf 69' lang='lat' dir='ltr'><strong>bona:</strong></span> <span class='ocrx_word' id='word_1_516' title='bbox 3086 1087 3195 1156; x_wconf 90' lang='lat' dir='ltr'><strong>jam</strong></span> <span class='ocrx_word' id='word_1_517' title='bbox 3228 1062 3518 1153; x_wconf 75' lang='lat' dir='ltr'><strong>voluntatis</strong></span> 
     </span>
    </p>
   </div>
   <div class='ocr_carea' id='block_1_69' title="bbox 1935 1157 3523 1257">
    <p class='ocr_par' dir='ltr' id='par_1_69' title="bbox 1935 1157 3523 1257">
     <span class='ocr_line' id='line_1_69' title="bbox 1935 1157 3523 1257; baseline 0.021 -47"><span class='ocrx_word' id='word_1_518' title='bbox 1935 1166 2035 1210; x_wconf 89' lang='lat' dir='ltr'><strong>est.</strong></span> <span class='ocrx_word' id='word_1_519' title='bbox 2062 1157 2156 1211; x_wconf 82' lang='lat' dir='ltr'><strong>llic</strong></span> <span class='ocrx_word' id='word_1_520' title='bbox 2179 1161 2394 1230; x_wconf 84' lang='lat' dir='ltr'><strong>spiritus</strong></span> <span class='ocrx_word' id='word_1_521' title='bbox 2414 1164 2575 1219; x_wconf 87' lang='lat' dir='ltr'><strong>etiam</strong></span> <span class='ocrx_word' id='word_1_522' title='bbox 2594 1179 2815 1225; x_wconf 82' lang='lat' dir='ltr'><strong>vocatur</strong></span> <span class='ocrx_word' id='word_1_523' title='bbox 2834 1188 3005 1241; x_wconf 90' lang='lat' dir='ltr'><strong>meus,</strong></span> <span class='ocrx_word' id='word_1_524' title='bbox 3024 1177 3091 1232; x_wconf 87' lang='lat' dir='ltr'><strong>de</strong></span> <span class='ocrx_word' id='word_1_525' title='bbox 3107 1195 3211 1249; x_wconf 91' lang='lat' dir='ltr'><strong>quo</strong></span> <span class='ocrx_word' id='word_1_526' title='bbox 3238 1183 3364 1239; x_wconf 90' lang='lat' dir='ltr'><strong>dicit</strong></span> <span class='ocrx_word' id='word_1_527' title='bbox 3379 1187 3523 1257; x_wconf 84' lang='lat' dir='ltr'><strong>Apo-</strong></span> 
     </span>
    </p>
   </div>
   <div class='ocr_carea' id='block_1_70' title="bbox 1936 1247 3520 1343">
    <p class='ocr_par' dir='ltr' id='par_1_70' title="bbox 1936 1247 3520 1343">
     <span class='ocr_line' id='line_1_70' title="bbox 1936 1247 3520 1343; baseline 0.023 -44"><span class='ocrx_word' id='word_1_528' title='bbox 1936 1247 2122 1314; x_wconf 90' lang='lat' dir='ltr'><strong>stolus,</strong></span> <span class='ocrx_word' id='word_1_529' title='bbox 2156 1249 2324 1305; x_wconf 83' lang='lat' dir='ltr'><strong>Mente</strong></span> <span class='ocrx_word' id='word_1_530' title='bbox 2352 1257 2509 1310; x_wconf 86' lang='lat' dir='ltr'><strong>serrio</strong></span> <span class='ocrx_word' id='word_1_531' title='bbox 2540 1258 2638 1328; x_wconf 80' lang='lat' dir='ltr'><strong>legi</strong></span> <span class='ocrx_word' id='word_1_532' title='bbox 2661 1258 2758 1315; x_wconf 88' lang='lat' dir='ltr'><strong>Dei</strong></span> <span class='ocrx_word' id='word_1_533' title='bbox 2787 1262 2959 1334; x_wconf 75' lang='lat' dir='ltr'><strong>(Hom.</strong></span> <span class='ocrx_word' id='word_1_534' title='bbox 2993 1284 3086 1335; x_wconf 87' lang='lat' dir='ltr'><strong>vn,</strong></span> <span class='ocrx_word' id='word_1_535' title='bbox 3118 1247 3233 1341; x_wconf 54' lang='lat'><strong>95).</strong></span> <span class='ocrx_word' id='word_1_536' title='bbox 3262 1274 3361 1343; x_wconf 90' lang='lat' dir='ltr'><strong>Qui</strong></span> <span class='ocrx_word' id='word_1_537' title='bbox 3392 1247 3520 1335; x_wconf 62' lang='lat' dir='ltr'><strong>item</strong></span> 
     </span>
    </p>
   </div>
   <div class='ocr_carea' id='block_1_71' title="bbox 1934 1341 3521 1431">
    <p class='ocr_par' dir='ltr' id='par_1_71' title="bbox 1934 1341 3521 1431">
     <span class='ocr_line' id='line_1_71' title="bbox 1934 1341 3521 1431; baseline 0.023 -38"><span class='ocrx_word' id='word_1_538' title='bbox 1934 1341 2038 1394; x_wconf 86' lang='lat' dir='ltr'><strong>alio</strong></span> <span class='ocrx_word' id='word_1_539' title='bbox 2066 1342 2181 1399; x_wconf 85' lang='lat' dir='ltr'><strong>loco</strong></span> <span class='ocrx_word' id='word_1_540' title='bbox 2208 1345 2353 1413; x_wconf 88' lang='lat' dir='ltr'><strong>dicit,</strong></span> <span class='ocrx_word' id='word_1_541' title='bbox 2381 1348 2542 1405; x_wconf 86' lang='lat' dir='ltr'><strong>Testis</strong></span> <span class='ocrx_word' id='word_1_542' title='bbox 2571 1362 2643 1407; x_wconf 86' lang='lat' dir='ltr'><strong>est</strong></span> <span class='ocrx_word' id='word_1_543' title='bbox 2680 1357 2813 1410; x_wconf 87' lang='lat' dir='ltr'><strong>enint</strong></span> <span class='ocrx_word' id='word_1_544' title='bbox 2840 1360 2963 1414; x_wconf 87' lang='lat' dir='ltr'><strong>mihi</strong></span> <span class='ocrx_word' id='word_1_545' title='bbox 2990 1362 3145 1431; x_wconf 86' lang='lat' dir='ltr'><strong>Deus,</strong></span> <span class='ocrx_word' id='word_1_546' title='bbox 3176 1370 3257 1422; x_wconf 87' lang='lat' dir='ltr'><strong>cui</strong></span> <span class='ocrx_word' id='word_1_547' title='bbox 3284 1373 3444 1426; x_wconf 82' lang='lat' dir='ltr'><strong>servio</strong></span> <span class='ocrx_word' id='word_1_548' title='bbox 3469 1374 3521 1428; x_wconf 89' lang='lat' dir='ltr'><strong>in</strong></span> 
     </span>
    </p>
   </div>
   <div class='ocr_carea' id='block_1_72' title="bbox 1933 1433 3513 1522">
    <p class='ocr_par' dir='ltr' id='par_1_72' title="bbox 1933 1433 3513 1522">
     <span class='ocr_line' id='line_1_72' title="bbox 1933 1433 3513 1522; baseline 0.023 -38"><span class='ocrx_word' id='word_1_549' title='bbox 1933 1433 2111 1501; x_wconf 85' lang='lat' dir='ltr'><strong>spiritu</strong></span> <span class='ocrx_word' id='word_1_550' title='bbox 2140 1453 2247 1490; x_wconf 87' lang='lat' dir='ltr'><strong>meo</strong></span> <span class='ocrx_word' id='word_1_551' title='bbox 2270 1436 2377 1508; x_wconf 86' lang='lat' dir='ltr'><strong>(1d.</strong></span> <span class='ocrx_word' id='word_1_552' title='bbox 2408 1457 2446 1508; x_wconf 81' lang='grc' dir='ltr'><strong>ι,</strong></span> <span class='ocrx_word' id='word_1_553' title='bbox 2480 1443 2557 1514; x_wconf 84' lang='grc'><strong>9).</strong></span> <span class='ocrx_word' id='word_1_554' title='bbox 2602 1447 2791 1502; x_wconf 89' lang='lat' dir='ltr'><strong>Anima</strong></span> <span class='ocrx_word' id='word_1_555' title='bbox 2821 1465 2952 1507; x_wconf 86' lang='lat' dir='ltr'><strong>vero</strong></span> <span class='ocrx_word' id='word_1_556' title='bbox 2975 1469 3095 1511; x_wconf 93' lang='lat' dir='ltr'><strong>cum</strong></span> <span class='ocrx_word' id='word_1_557' title='bbox 3122 1462 3351 1516; x_wconf 87' lang='lat' dir='ltr'><strong>carnalia</strong></span> <span class='ocrx_word' id='word_1_558' title='bbox 3377 1464 3513 1522; x_wconf 89' lang='lat' dir='ltr'><strong>bona</strong></span> 
     </span>
    </p>
   </div>
   <div class='ocr_carea' id='block_1_73' title="bbox 1932 1524 3518 1625">
    <p class='ocr_par' dir='ltr' id='par_1_73' title="bbox 1932 1524 3518 1625">
     <span class='ocr_line' id='line_1_73' title="bbox 1932 1524 3518 1625; baseline 0.023 -49"><span class='ocrx_word' id='word_1_559' title='bbox 1932 1524 2104 1580; x_wconf 91' lang='lat' dir='ltr'><strong>adhuc</strong></span> <span class='ocrx_word' id='word_1_560' title='bbox 2129 1531 2346 1598; x_wconf 89' lang='lat' dir='ltr'><strong>appetit,</strong></span> <span class='ocrx_word' id='word_1_561' title='bbox 2377 1548 2501 1589; x_wconf 90' lang='lat' dir='ltr'><strong>caro</strong></span> <span class='ocrx_word' id='word_1_562' title='bbox 2529 1540 2849 1596; x_wconf 90' lang='lat' dir='ltr'><strong>nominatur.</strong></span> <span class='ocrx_word' id='word_1_563' title='bbox 2891 1543 3021 1601; x_wconf 85' lang='lat' dir='ltr'><strong>Pars</strong></span> <span class='ocrx_word' id='word_1_564' title='bbox 3050 1550 3191 1604; x_wconf 92' lang='lat' dir='ltr'><strong>enim</strong></span> <span class='ocrx_word' id='word_1_565' title='bbox 3221 1553 3334 1623; x_wconf 89' lang='lat' dir='ltr'><strong>ejus</strong></span> <span class='ocrx_word' id='word_1_566' title='bbox 3369 1572 3518 1625; x_wconf 69' lang='lat' dir='ltr'><strong>qua:-</strong></span> 
     </span>
    </p>
   </div>
   <div class='ocr_carea' id='block_1_74' title="bbox 1931 1613 3518 1703">
    <p class='ocr_par' dir='ltr' id='par_1_74' title="bbox 1931 1613 3518 1703">
     <span class='ocr_line' id='line_1_74' title="bbox 1931 1613 3518 1703; baseline 0.022 -36"><span class='ocrx_word' id='word_1_567' title='bbox 1931 1613 2053 1669; x_wconf 90' lang='lat' dir='ltr'><strong>dam</strong></span> <span class='ocrx_word' id='word_1_568' title='bbox 2084 1619 2283 1674; x_wconf 89' lang='lat' dir='ltr'><strong>resistit</strong></span> <span class='ocrx_word' id='word_1_569' title='bbox 2310 1624 2516 1692; x_wconf 77' lang='lat' dir='ltr'><strong>Spiritui</strong></span> <span class='ocrx_word' id='word_1_570' title='bbox 2546 1629 2587 1694; x_wconf 76' lang='lat'><strong>’,</strong></span> <span class='ocrx_word' id='word_1_571' title='bbox 2616 1644 2720 1685; x_wconf 87' lang='lat' dir='ltr'><strong>non</strong></span> <span class='ocrx_word' id='word_1_572' title='bbox 2753 1642 2964 1703; x_wconf 92' lang='lat' dir='ltr'><strong>natura,</strong></span> <span class='ocrx_word' id='word_1_573' title='bbox 3009 1638 3103 1693; x_wconf 91' lang='lat' dir='ltr'><strong>sed</strong></span> <span class='ocrx_word' id='word_1_574' title='bbox 3133 1613 3518 1703; x_wconf 73' lang='lat' dir='ltr'><strong>consuetudine</strong></span> 
     </span>
    </p>
   </div>
   <div class='ocr_carea' id='block_1_75' title="bbox 1931 1716 3517 1804">
    <p class='ocr_par' dir='ltr' id='par_1_75' title="bbox 1931 1716 3517 1804">
     <span class='ocr_line' id='line_1_75' title="bbox 1931 1716 3517 1804; baseline 0.021 -43"><span class='ocrx_word' id='word_1_575' title='bbox 1931 1719 2291 1778; x_wconf 88' lang='lat' dir='ltr'><strong>peccatorum.</strong></span> <span class='ocrx_word' id='word_1_576' title='bbox 2319 1716 2470 1773; x_wconf 88' lang='lat' dir='ltr'><strong>Unde</strong></span> <span class='ocrx_word' id='word_1_577' title='bbox 2491 1719 2701 1790; x_wconf 90' lang='lat' dir='ltr'><strong>dicitur,</strong></span> <span class='ocrx_word' id='word_1_578' title='bbox 2728 1724 2899 1781; x_wconf 81' lang='lat' dir='ltr'><strong>Mente</strong></span> <span class='ocrx_word' id='word_1_579' title='bbox 2916 1731 3074 1785; x_wconf 85' lang='lat' dir='ltr'><strong>servio</strong></span> <span class='ocrx_word' id='word_1_580' title='bbox 3104 1732 3203 1804; x_wconf 83' lang='lat' dir='ltr'><strong>legi</strong></span> <span class='ocrx_word' id='word_1_581' title='bbox 3224 1734 3341 1803; x_wconf 85' lang='lat' dir='ltr'><strong>Dei,</strong></span> <span class='ocrx_word' id='word_1_582' title='bbox 3366 1755 3517 1796; x_wconf 87' lang='lat' dir='ltr'><strong>carne</strong></span> 
     </span>
    </p>
   </div>
   <div class='ocr_carea' id='block_1_76' title="bbox 1931 1802 3519 1887">
    <p class='ocr_par' dir='ltr' id='par_1_76' title="bbox 1931 1802 3519 1887">
     <span class='ocr_line' id='line_1_76' title="bbox 1931 1802 3519 1887; baseline 0.023 -36"><span class='ocrx_word' id='word_1_583' title='bbox 1931 1810 2095 1855; x_wconf 86' lang='lat' dir='ltr'><strong>autem</strong></span> <span class='ocrx_word' id='word_1_584' title='bbox 2110 1802 2206 1874; x_wconf 83' lang='lat' dir='ltr'><strong>legi</strong></span> <span class='ocrx_word' id='word_1_585' title='bbox 2225 1810 2433 1875; x_wconf 82' lang='lat' dir='ltr'><strong>peccati.</strong></span> <span class='ocrx_word' id='word_1_586' title='bbox 2455 1810 2583 1877; x_wconf 69' lang='lat' dir='ltr'><strong>Qua:</strong></span> <span class='ocrx_word' id='word_1_587' title='bbox 2598 1818 2928 1873; x_wconf 90' lang='lat' dir='ltr'><strong>consuetudo</strong></span> <span class='ocrx_word' id='word_1_588' title='bbox 2946 1820 2997 1874; x_wconf 91' lang='lat' dir='ltr'><strong>in</strong></span> <span class='ocrx_word' id='word_1_589' title='bbox 3014 1802 3256 1880; x_wconf 81' lang='lat' dir='ltr'><strong>naturam</strong></span> <span class='ocrx_word' id='word_1_590' title='bbox 3270 1844 3423 1884; x_wconf 85' lang='lat' dir='ltr'><strong>versa</strong></span> <span class='ocrx_word' id='word_1_591' title='bbox 3435 1841 3519 1887; x_wconf 88' lang='lat' dir='ltr'><strong>est</strong></span> 
     </span>
    </p>
   </div>
   <div class='ocr_carea' id='block_1_77' title="bbox 1931 1896 3519 1987">
    <p class='ocr_par' dir='ltr' id='par_1_77' title="bbox 1931 1896 3519 1987">
     <span class='ocr_line' id='line_1_77' title="bbox 1931 1896 3519 1987; baseline 0.021 -41"><span class='ocrx_word' id='word_1_592' title='bbox 1931 1896 2220 1949; x_wconf 90' lang='lat' dir='ltr'><strong>secundum</strong></span> <span class='ocrx_word' id='word_1_593' title='bbox 2239 1904 2632 1968; x_wconf 88' lang='lat' dir='ltr'><strong>generationem</strong></span> <span class='ocrx_word' id='word_1_594' title='bbox 2653 1911 2932 1966; x_wconf 87' lang='lat' dir='ltr'><strong>mortalem</strong></span> <span class='ocrx_word' id='word_1_595' title='bbox 2950 1925 3166 1982; x_wconf 88' lang='lat' dir='ltr'><strong>peccato</strong></span> <span class='ocrx_word' id='word_1_596' title='bbox 3184 1920 3335 1987; x_wconf 89' lang='lat' dir='ltr'><strong>primi</strong></span> <span class='ocrx_word' id='word_1_597' title='bbox 3354 1922 3519 1979; x_wconf 80' lang='lat' dir='ltr'><strong>homi-</strong></span> 
     </span>
    </p>
   </div>
   <div class='ocr_carea' id='block_1_78' title="bbox 1930 1984 3519 2079">
    <p class='ocr_par' dir='ltr' id='par_1_78' title="bbox 1930 1984 3519 2079">
     <span class='ocr_line' id='line_1_78' title="bbox 1930 1984 3519 2079; baseline 0.021 -43"><span class='ocrx_word' id='word_1_598' title='bbox 1930 1984 2033 2038; x_wconf 89' lang='lat' dir='ltr'><strong>nis.</strong></span> <span class='ocrx_word' id='word_1_599' title='bbox 2068 1986 2294 2059; x_wconf 88' lang='lat' dir='ltr'><strong>Ideoque</strong></span> <span class='ocrx_word' id='word_1_600' title='bbox 2321 1993 2573 2063; x_wconf 90' lang='lat' dir='ltr'><strong>scriptum</strong></span> <span class='ocrx_word' id='word_1_601' title='bbox 2604 2006 2703 2063; x_wconf 90' lang='lat' dir='ltr'><strong>est,</strong></span> <span class='ocrx_word' id='word_1_602' title='bbox 2732 1999 2793 2053; x_wconf 84' lang='lat' dir='ltr'><strong>Et</strong></span> <span class='ocrx_word' id='word_1_603' title='bbox 2815 2019 2903 2057; x_wconf 88' lang='lat' dir='ltr'><strong>nos</strong></span> <span class='ocrx_word' id='word_1_604' title='bbox 2924 1984 3199 2076; x_wconf 81' lang='lat' dir='ltr'><strong>aliquando</strong></span> <span class='ocrx_word' id='word_1_605' title='bbox 3220 2010 3406 2079; x_wconf 79' lang='lat' dir='ltr'><strong>fuimus</strong></span> <span class='ocrx_word' id='word_1_606' title='bbox 3426 2031 3519 2068; x_wconf 86' lang='lat' dir='ltr'><strong>na-</strong></span> 
     </span>
    </p>
   </div>
   <div class='ocr_carea' id='block_1_79' title="bbox 1931 2077 3517 2175">
    <p class='ocr_par' dir='ltr' id='par_1_79' title="bbox 1931 2077 3517 2175">
     <span class='ocr_line' id='line_1_79' title="bbox 1931 2077 3517 2175; baseline 0.023 -48"><span class='ocrx_word' id='word_1_607' title='bbox 1931 2077 2159 2132; x_wconf 84' lang='lat' dir='ltr'><strong>turaliter</strong></span> <span class='ocrx_word' id='word_1_608' title='bbox 2173 2080 2269 2148; x_wconf 83' lang='lat' dir='ltr'><strong>ﬁlii</strong></span> <span class='ocrx_word' id='word_1_609' title='bbox 2307 2083 2398 2136; x_wconf 73' lang='lat' dir='ltr'><strong>ira!</strong></span> <span class='ocrx_word' id='word_1_610' title='bbox 2428 2086 2448 2116; x_wconf 73' lang='grc'><strong>³</strong></span> <span class='ocrx_word' id='word_1_611' title='bbox 2470 2086 2681 2157; x_wconf 78' lang='lat' dir='ltr'><strong>(Ep/tes.</strong></span> <span class='ocrx_word' id='word_1_612' title='bbox 2708 2107 2774 2158; x_wconf 85' lang='grc' dir='ltr'><strong>ιι,</strong></span> <span class='ocrx_word' id='word_1_613' title='bbox 2806 2094 2860 2162; x_wconf 80' lang='lat'><strong>5)</strong></span> <span class='ocrx_word' id='word_1_614' title='bbox 2883 2138 2895 2161; x_wconf 93' lang='lat'><strong>,</strong></span> <span class='ocrx_word' id='word_1_615' title='bbox 2919 2095 2969 2151; x_wconf 91' lang='lat' dir='ltr'><strong>id</strong></span> <span class='ocrx_word' id='word_1_616' title='bbox 3008 2108 3091 2154; x_wconf 86' lang='lat' dir='ltr'><strong>est</strong></span> <span class='ocrx_word' id='word_1_617' title='bbox 3115 2077 3388 2172; x_wconf 59' lang='lat' dir='ltr'><strong>vindictae,</strong></span> <span class='ocrx_word' id='word_1_618' title='bbox 3421 2121 3517 2175; x_wconf 86' lang='lat' dir='ltr'><strong>per</strong></span> 
     </span>
    </p>
   </div>
   <div class='ocr_carea' id='block_1_80' title="bbox 1930 2173 3514 2259">
    <p class='ocr_par' dir='ltr' id='par_1_80' title="bbox 1930 2173 3514 2259">
     <span class='ocr_line' id='line_1_80' title="bbox 1930 2173 3514 2259; baseline 0.021 -36"><span class='ocrx_word' id='word_1_619' title='bbox 1930 2185 2088 2240; x_wconf 89' lang='lat' dir='ltr'><strong>quam</strong></span> <span class='ocrx_word' id='word_1_620' title='bbox 2118 2173 2314 2231; x_wconf 90' lang='lat' dir='ltr'><strong>factum</strong></span> <span class='ocrx_word' id='word_1_621' title='bbox 2341 2188 2424 2233; x_wconf 89' lang='lat' dir='ltr'><strong>est</strong></span> <span class='ocrx_word' id='word_1_622' title='bbox 2453 2189 2505 2235; x_wconf 93' lang='lat' dir='ltr'><strong>ut</strong></span> <span class='ocrx_word' id='word_1_623' title='bbox 2530 2185 2822 2240; x_wconf 85' lang='lat' dir='ltr'><strong>serviamus</strong></span> <span class='ocrx_word' id='word_1_624' title='bbox 2847 2188 2947 2258; x_wconf 79' lang='lat' dir='ltr'><strong>legi</strong></span> <span class='ocrx_word' id='word_1_625' title='bbox 2975 2196 3196 2259; x_wconf 88' lang='lat' dir='ltr'><strong>peccati.</strong></span> <span class='ocrx_word' id='word_1_626' title='bbox 3223 2195 3320 2251; x_wconf 87' lang='lat' dir='ltr'><strong>Est</strong></span> <span class='ocrx_word' id='word_1_627' title='bbox 3338 2173 3514 2255; x_wconf 79' lang='lat' dir='ltr'><strong>autem</strong></span> 
     </span>
    </p>
   </div>
   <div class='ocr_carea' id='block_1_81' title="bbox 1930 2266 3513 2362">
    <p class='ocr_par' dir='ltr' id='par_1_81' title="bbox 1930 2266 3513 2362">
     <span class='ocr_line' id='line_1_81' title="bbox 1930 2266 3513 2362; baseline 0.02 -44"><span class='ocrx_word' id='word_1_628' title='bbox 1930 2266 2121 2321; x_wconf 69' lang='lat' dir='ltr'><strong>anima:</strong></span> <span class='ocrx_word' id='word_1_629' title='bbox 2161 2278 2349 2326; x_wconf 89' lang='lat' dir='ltr'><strong>natura</strong></span> <span class='ocrx_word' id='word_1_630' title='bbox 2387 2273 2620 2343; x_wconf 84' lang='lat' dir='ltr'><strong>perfecta</strong></span> <span class='ocrx_word' id='word_1_631' title='bbox 2646 2319 2659 2343; x_wconf 94' lang='lat'><strong>,</strong></span> <span class='ocrx_word' id='word_1_632' title='bbox 2702 2292 2821 2334; x_wconf 91' lang='lat' dir='ltr'><strong>cum</strong></span> <span class='ocrx_word' id='word_1_633' title='bbox 2862 2283 3068 2351; x_wconf 83' lang='lat' dir='ltr'><strong>spiritui</strong></span> <span class='ocrx_word' id='word_1_634' title='bbox 3107 2301 3204 2341; x_wconf 88' lang='lat' dir='ltr'><strong>suo</strong></span> <span class='ocrx_word' id='word_1_635' title='bbox 3233 2289 3513 2362; x_wconf 88' lang='lat' dir='ltr'><strong>subditur,</strong></span> 
     </span>
    </p>
   </div>
   <div class='ocr_carea' id='block_1_82' title="bbox 1928 2365 3515 2443">
    <p class='ocr_par' dir='ltr' id='par_1_82' title="bbox 1928 2365 3515 2443">
     <span class='ocr_line' id='line_1_82' title="bbox 1928 2365 3515 2443; baseline 0.017 -28"><span class='ocrx_word' id='word_1_636' title='bbox 1928 2368 1983 2415; x_wconf 89' lang='lat' dir='ltr'><strong>et</strong></span> <span class='ocrx_word' id='word_1_637' title='bbox 2010 2375 2129 2416; x_wconf 90' lang='lat' dir='ltr'><strong>cum</strong></span> <span class='ocrx_word' id='word_1_638' title='bbox 2158 2365 2395 2433; x_wconf 89' lang='lat' dir='ltr'><strong>sequitur</strong></span> <span class='ocrx_word' id='word_1_639' title='bbox 2423 2380 2730 2438; x_wconf 87' lang='lat' dir='ltr'><strong>sequentem</strong></span> <span class='ocrx_word' id='word_1_640' title='bbox 2757 2374 2941 2430; x_wconf 90' lang='lat' dir='ltr'><strong>Deum.</strong></span> <span class='ocrx_word' id='word_1_641' title='bbox 2966 2376 3089 2434; x_wconf 90' lang='lat' dir='ltr'><strong>Ideo</strong></span> <span class='ocrx_word' id='word_1_642' title='bbox 3108 2383 3344 2439; x_wconf 85' lang='lat' dir='ltr'><strong>animalis</strong></span> <span class='ocrx_word' id='word_1_643' title='bbox 3368 2388 3515 2443; x_wconf 82' lang='lat' dir='ltr'><strong>homo</strong></span> 
     </span>
    </p>
   </div>
   <div class='ocr_carea' id='block_1_83' title="bbox 1928 2456 3515 2547">
    <p class='ocr_par' dir='ltr' id='par_1_83' title="bbox 1928 2456 3515 2547">
     <span class='ocr_line' id='line_1_83' title="bbox 1928 2456 3515 2547; baseline 0.019 -42"><span class='ocrx_word' id='word_1_644' title='bbox 1928 2468 2029 2507; x_wconf 85' lang='lat' dir='ltr'><strong>non</strong></span> <span class='ocrx_word' id='word_1_645' title='bbox 2064 2456 2277 2526; x_wconf 82' lang='lat' dir='ltr'><strong>percipit</strong></span> <span class='ocrx_word' id='word_1_646' title='bbox 2301 2475 2413 2527; x_wconf 70' lang='lat' dir='ltr'><strong>qua:</strong></span> <span class='ocrx_word' id='word_1_647' title='bbox 2441 2471 2557 2514; x_wconf 86' lang='lat' dir='ltr'><strong>sunt</strong></span> <span class='ocrx_word' id='word_1_648' title='bbox 2588 2462 2813 2534; x_wconf 82' lang='lat' dir='ltr'><strong>Spiritus</strong></span> <span class='ocrx_word' id='word_1_649' title='bbox 2838 2464 2934 2520; x_wconf 88' lang='lat' dir='ltr'><strong>Dei</strong></span> <span class='ocrx_word' id='word_1_650' title='bbox 2961 2468 3004 2539; x_wconf 90' lang='grc' dir='ltr'>(Ι</span> <span class='ocrx_word' id='word_1_651' title='bbox 3036 2470 3151 2525; x_wconf 82' lang='lat' dir='ltr'><strong>Cor.</strong></span> <span class='ocrx_word' id='word_1_652' title='bbox 3183 2476 3374 2547; x_wconf 70' lang='lat'><strong>11,14).</strong></span> <span class='ocrx_word' id='word_1_653' title='bbox 3409 2478 3515 2535; x_wconf 89' lang='lat' dir='ltr'><strong>Sed</strong></span> 
     </span>
    </p>
   </div>
   <div class='ocr_carea' id='block_1_84' title="bbox 1928 2550 3515 2639">
    <p class='ocr_par' dir='ltr' id='par_1_84' title="bbox 1928 2550 3515 2639">
     <span class='ocr_line' id='line_1_84' title="bbox 1928 2550 3515 2639; baseline 0.016 -40"><span class='ocrx_word' id='word_1_654' title='bbox 1928 2560 2033 2601; x_wconf 94' lang='lat' dir='ltr'><strong>non</strong></span> <span class='ocrx_word' id='word_1_655' title='bbox 2070 2556 2171 2602; x_wconf 90' lang='lat' dir='ltr'><strong>tam</strong></span> <span class='ocrx_word' id='word_1_656' title='bbox 2193 2550 2298 2604; x_wconf 92' lang='lat' dir='ltr'><strong>cito</strong></span> <span class='ocrx_word' id='word_1_657' title='bbox 2320 2552 2495 2607; x_wconf 89' lang='lat' dir='ltr'><strong>anima</strong></span> <span class='ocrx_word' id='word_1_658' title='bbox 2516 2556 2826 2626; x_wconf 86' lang='lat' dir='ltr'><strong>subjugatur</strong></span> <span class='ocrx_word' id='word_1_659' title='bbox 2846 2560 3051 2628; x_wconf 88' lang='lat' dir='ltr'><strong>spiritui</strong></span> <span class='ocrx_word' id='word_1_660' title='bbox 3075 2563 3141 2618; x_wconf 93' lang='lat' dir='ltr'><strong>ad</strong></span> <span class='ocrx_word' id='word_1_661' title='bbox 3165 2564 3357 2621; x_wconf 88' lang='lat' dir='ltr'><strong>bonam</strong></span> <span class='ocrx_word' id='word_1_662' title='bbox 3380 2584 3515 2639; x_wconf 89' lang='lat' dir='ltr'><strong>ope-</strong></span> 
     </span>
    </p>
   </div>
   <div class='ocr_carea' id='block_1_85' title="bbox 1928 2639 3516 2717">
    <p class='ocr_par' dir='ltr' id='par_1_85' title="bbox 1928 2639 3516 2717">
     <span class='ocr_line' id='line_1_85' title="bbox 1928 2639 3516 2717; baseline 0.016 -26"><span class='ocrx_word' id='word_1_663' title='bbox 1928 2639 2222 2705; x_wconf 88' lang='lat' dir='ltr'><strong>rationem,</strong></span> <span class='ocrx_word' id='word_1_664' title='bbox 2268 2658 2425 2712; x_wconf 88' lang='lat' dir='ltr'><strong>quam</strong></span> <span class='ocrx_word' id='word_1_665' title='bbox 2456 2646 2560 2699; x_wconf 90' lang='lat' dir='ltr'><strong>cito</strong></span> <span class='ocrx_word' id='word_1_666' title='bbox 2587 2648 2802 2715; x_wconf 81' lang='lat' dir='ltr'><strong>Spiritus</strong></span> <span class='ocrx_word' id='word_1_667' title='bbox 2834 2651 2944 2706; x_wconf 90' lang='lat' dir='ltr'><strong>Deo</strong></span> <span class='ocrx_word' id='word_1_668' title='bbox 2974 2654 3038 2707; x_wconf 92' lang='lat' dir='ltr'><strong>ad</strong></span> <span class='ocrx_word' id='word_1_669' title='bbox 3069 2671 3245 2711; x_wconf 88' lang='lat' dir='ltr'><strong>veram</strong></span> <span class='ocrx_word' id='word_1_670' title='bbox 3277 2657 3434 2715; x_wconf 90' lang='lat' dir='ltr'><strong>ﬁdem</strong></span> <span class='ocrx_word' id='word_1_671' title='bbox 3462 2674 3516 2717; x_wconf 89' lang='lat' dir='ltr'><strong>et</strong></span> 
     </span>
    </p>
   </div>
   <div class='ocr_carea' id='block_1_86' title="bbox 1928 2730 3513 2821">
    <p class='ocr_par' dir='ltr' id='par_1_86' title="bbox 1928 2730 3513 2821">
     <span class='ocr_line' id='line_1_86' title="bbox 1928 2730 3513 2821; baseline 0.015 -37"><span class='ocrx_word' id='word_1_672' title='bbox 1928 2730 2120 2786; x_wconf 90' lang='lat' dir='ltr'><strong>bonam</strong></span> <span class='ocrx_word' id='word_1_673' title='bbox 2147 2735 2472 2791; x_wconf 80' lang='lat' dir='ltr'><strong>voluntatem</strong></span> <span class='ocrx_word' id='word_1_674' title='bbox 2501 2757 2511 2791; x_wconf 93' lang='lat'>:</span> <span class='ocrx_word' id='word_1_675' title='bbox 2538 2739 2630 2794; x_wconf 91' lang='lat' dir='ltr'><strong>sed</strong></span> <span class='ocrx_word' id='word_1_676' title='bbox 2661 2741 2945 2811; x_wconf 89' lang='lat' dir='ltr'><strong>aliquando</strong></span> <span class='ocrx_word' id='word_1_677' title='bbox 2979 2747 3179 2803; x_wconf 87' lang='lat' dir='ltr'><strong>tardius</strong></span> <span class='ocrx_word' id='word_1_678' title='bbox 3200 2749 3314 2820; x_wconf 90' lang='lat' dir='ltr'><strong>ejus</strong></span> <span class='ocrx_word' id='word_1_679' title='bbox 3344 2751 3513 2821; x_wconf 89' lang='lat' dir='ltr'><strong>impe-</strong></span> 
     </span>
    </p>
   </div>
   <div class='ocr_carea' id='block_1_87' title="bbox 1930 2827 3513 2906">
    <p class='ocr_par' dir='ltr' id='par_1_87' title="bbox 1930 2827 3513 2906">
     <span class='ocr_line' id='line_1_87' title="bbox 1930 2827 3513 2906; baseline 0.014 -29"><span class='ocrx_word' id='word_1_680' title='bbox 1930 2833 2014 2879; x_wconf 92' lang='lat' dir='ltr'><strong>tus</strong></span> <span class='ocrx_word' id='word_1_681' title='bbox 2034 2866 2047 2889; x_wconf 92' lang='lat'><strong>,</strong></span> <span class='ocrx_word' id='word_1_682' title='bbox 2071 2842 2176 2896; x_wconf 91' lang='lat' dir='ltr'><strong>quo</strong></span> <span class='ocrx_word' id='word_1_683' title='bbox 2198 2827 2251 2881; x_wconf 88' lang='lat' dir='ltr'><strong>in</strong></span> <span class='ocrx_word' id='word_1_684' title='bbox 2281 2831 2511 2884; x_wconf 87' lang='lat' dir='ltr'><strong>carnalia</strong></span> <span class='ocrx_word' id='word_1_685' title='bbox 2545 2843 2599 2887; x_wconf 90' lang='lat' dir='ltr'><strong>et</strong></span> <span class='ocrx_word' id='word_1_686' title='bbox 2627 2836 2935 2905; x_wconf 87' lang='lat' dir='ltr'><strong>temporalia</strong></span> <span class='ocrx_word' id='word_1_687' title='bbox 2965 2838 3167 2906; x_wconf 84' lang='lat' dir='ltr'><strong>deﬂuit,</strong></span> <span class='ocrx_word' id='word_1_688' title='bbox 3195 2843 3513 2899; x_wconf 77' lang='lat' dir='ltr'><strong>refrenatur.</strong></span> 
     </span>
    </p>
   </div>
   <div class='ocr_carea' id='block_1_88' title="bbox 1928 2914 3515 3001">
    <p class='ocr_par' dir='ltr' id='par_1_88' title="bbox 1928 2914 3515 3001">
     <span class='ocr_line' id='line_1_88' title="bbox 1928 2914 3515 3001; baseline 0.014 -31"><span class='ocrx_word' id='word_1_689' title='bbox 1928 2914 2032 2971; x_wconf 89' lang='lat' dir='ltr'><strong>Sed</strong></span> <span class='ocrx_word' id='word_1_690' title='bbox 2073 2920 2322 2987; x_wconf 91' lang='lat' dir='ltr'><strong>quoniam</strong></span> <span class='ocrx_word' id='word_1_691' title='bbox 2368 2931 2421 2976; x_wconf 91' lang='lat' dir='ltr'><strong>et</strong></span> <span class='ocrx_word' id='word_1_692' title='bbox 2456 2924 2567 2993; x_wconf 89' lang='lat' dir='ltr'><strong>ipsa</strong></span> <span class='ocrx_word' id='word_1_693' title='bbox 2604 2926 2892 2983; x_wconf 82' lang='lat' dir='ltr'><strong>mandatur</strong></span> <span class='ocrx_word' id='word_1_694' title='bbox 2915 2970 2928 2991; x_wconf 90' lang='lat'><strong>,</strong></span> <span class='ocrx_word' id='word_1_695' title='bbox 2962 2931 3226 3001; x_wconf 89' lang='lat' dir='ltr'><strong>recipiens</strong></span> <span class='ocrx_word' id='word_1_696' title='bbox 3253 2936 3515 2992; x_wconf 83' lang='lat' dir='ltr'><strong>stabilita-</strong></span> 
     </span>
    </p>
   </div>
   <div class='ocr_carea' id='block_1_89' title="bbox 1928 3014 3518 3100">
    <p class='ocr_par' dir='ltr' id='par_1_89' title="bbox 1928 3014 3518 3100">
     <span class='ocr_line' id='line_1_89' title="bbox 1928 3014 3518 3100; baseline 0.016 -39"><span class='ocrx_word' id='word_1_697' title='bbox 1928 3015 2033 3063; x_wconf 89' lang='lat' dir='ltr'><strong>tem</strong></span> <span class='ocrx_word' id='word_1_698' title='bbox 2077 3019 2279 3065; x_wconf 81' lang='lat' dir='ltr'><strong>naturae</strong></span> <span class='ocrx_word' id='word_1_699' title='bbox 2322 3028 2430 3068; x_wconf 74' lang='lat' dir='ltr'><strong>sua:</strong></span> <span class='ocrx_word' id='word_1_700' title='bbox 2465 3014 2772 3073; x_wconf 89' lang='lat' dir='ltr'><strong>dominante</strong></span> <span class='ocrx_word' id='word_1_701' title='bbox 2802 3021 2989 3089; x_wconf 88' lang='lat' dir='ltr'><strong>spiritu</strong></span> <span class='ocrx_word' id='word_1_702' title='bbox 3014 3065 3029 3091; x_wconf 94' lang='lat'><strong>,</strong></span> <span class='ocrx_word' id='word_1_703' title='bbox 3060 3025 3200 3094; x_wconf 88' lang='lat' dir='ltr'><strong>quod</strong></span> <span class='ocrx_word' id='word_1_704' title='bbox 3230 3028 3331 3083; x_wconf 83' lang='lat' dir='ltr'><strong>sibi</strong></span> <span class='ocrx_word' id='word_1_705' title='bbox 3357 3040 3518 3100; x_wconf 89' lang='lat' dir='ltr'><strong>caput</strong></span> 
     </span>
    </p>
   </div>
   <div class='ocr_carea' id='block_1_90' title="bbox 1926 3101 3516 3190">
    <p class='ocr_par' dir='ltr' id='par_1_90' title="bbox 1926 3101 3516 3190">
     <span class='ocr_line' id='line_1_90' title="bbox 1926 3101 3516 3190; baseline 0.013 -35"><span class='ocrx_word' id='word_1_706' title='bbox 1926 3109 2008 3155; x_wconf 88' lang='lat' dir='ltr'><strong>est</strong></span> <span class='ocrx_word' id='word_1_707' title='bbox 2032 3143 2045 3168; x_wconf 97' lang='lat'><strong>,</strong></span> <span class='ocrx_word' id='word_1_708' title='bbox 2073 3101 2155 3155; x_wconf 91' lang='lat' dir='ltr'><strong>cui</strong></span> <span class='ocrx_word' id='word_1_709' title='bbox 2178 3101 2293 3170; x_wconf 90' lang='lat' dir='ltr'><strong>ejus</strong></span> <span class='ocrx_word' id='word_1_710' title='bbox 2318 3105 2475 3174; x_wconf 92' lang='lat' dir='ltr'><strong>capiti</strong></span> <span class='ocrx_word' id='word_1_711' title='bbox 2499 3116 2656 3177; x_wconf 89' lang='lat' dir='ltr'><strong>caput</strong></span> <span class='ocrx_word' id='word_1_712' title='bbox 2678 3116 2759 3164; x_wconf 90' lang='lat' dir='ltr'><strong>est</strong></span> <span class='ocrx_word' id='word_1_713' title='bbox 2781 3102 3023 3167; x_wconf 84' lang='lat' dir='ltr'><strong>Christus</strong></span> <span class='ocrx_word' id='word_1_714' title='bbox 3046 3156 3059 3181; x_wconf 95' lang='lat'><strong>,</strong></span> <span class='ocrx_word' id='word_1_715' title='bbox 3090 3131 3195 3171; x_wconf 91' lang='lat' dir='ltr'><strong>non</strong></span> <span class='ocrx_word' id='word_1_716' title='bbox 3220 3128 3303 3173; x_wconf 87' lang='lat' dir='ltr'><strong>est</strong></span> <span class='ocrx_word' id='word_1_717' title='bbox 3324 3119 3516 3190; x_wconf 89' lang='lat' dir='ltr'><strong>despe-</strong></span> 
     </span>
    </p>
   </div>
   <div class='ocr_carea' id='block_1_91' title="bbox 1926 3194 3514 3279">
    <p class='ocr_par' dir='ltr' id='par_1_91' title="bbox 1926 3194 3514 3279">
     <span class='ocr_line' id='line_1_91' title="bbox 1926 3194 3514 3279; baseline 0.013 -31"><span class='ocrx_word' id='word_1_718' title='bbox 1926 3194 2147 3249; x_wconf 85' lang='lat' dir='ltr'><strong>randum</strong></span> <span class='ocrx_word' id='word_1_719' title='bbox 2198 3197 2356 3251; x_wconf 91' lang='lat' dir='ltr'><strong>ctiam</strong></span> <span class='ocrx_word' id='word_1_720' title='bbox 2406 3213 2598 3269; x_wconf 88' lang='lat' dir='ltr'><strong>corpus</strong></span> <span class='ocrx_word' id='word_1_721' title='bbox 2642 3203 2850 3257; x_wconf 89' lang='lat' dir='ltr'><strong>restitui</strong></span> <span class='ocrx_word' id='word_1_722' title='bbox 2881 3214 3082 3261; x_wconf 69' lang='lat' dir='ltr'><strong>natura:</strong></span> <span class='ocrx_word' id='word_1_723' title='bbox 3112 3211 3341 3279; x_wconf 76' lang='lat' dir='ltr'><strong>proprim</strong></span> <span class='ocrx_word' id='word_1_724' title='bbox 3372 3231 3384 3267; x_wconf 89' lang='lat'><strong>:</strong></span> <span class='ocrx_word' id='word_1_725' title='bbox 3418 3214 3514 3269; x_wconf 87' lang='lat' dir='ltr'><strong>sed</strong></span> 
     </span>
    </p>
   </div>
   <div class='ocr_carea' id='block_1_92' title="bbox 1927 3286 3514 3373">
    <p class='ocr_par' dir='ltr' id='par_1_92' title="bbox 1927 3286 3514 3373">
     <span class='ocr_line' id='line_1_92' title="bbox 1927 3286 3514 3373; baseline 0.016 -35"><span class='ocrx_word' id='word_1_726' title='bbox 1927 3286 2106 3356; x_wconf 91' lang='lat' dir='ltr'><strong>utique</strong></span> <span class='ocrx_word' id='word_1_727' title='bbox 2134 3302 2239 3342; x_wconf 91' lang='lat' dir='ltr'><strong>non</strong></span> <span class='ocrx_word' id='word_1_728' title='bbox 2270 3299 2375 3343; x_wconf 88' lang='lat' dir='ltr'><strong>tam</strong></span> <span class='ocrx_word' id='word_1_729' title='bbox 2404 3292 2511 3345; x_wconf 91' lang='lat' dir='ltr'><strong>cito</strong></span> <span class='ocrx_word' id='word_1_730' title='bbox 2541 3308 2697 3362; x_wconf 88' lang='lat' dir='ltr'><strong>quam</strong></span> <span class='ocrx_word' id='word_1_731' title='bbox 2725 3294 2900 3351; x_wconf 89' lang='lat' dir='ltr'><strong>anima</strong></span> <span class='ocrx_word' id='word_1_732' title='bbox 2925 3340 2939 3365; x_wconf 97' lang='lat'><strong>,</strong></span> <span class='ocrx_word' id='word_1_733' title='bbox 2973 3300 3109 3355; x_wconf 90' lang='lat' dir='ltr'><strong>sicut</strong></span> <span class='ocrx_word' id='word_1_734' title='bbox 3137 3318 3309 3373; x_wconf 91' lang='lat' dir='ltr'><strong>neque</strong></span> <span class='ocrx_word' id='word_1_735' title='bbox 3338 3306 3514 3363; x_wconf 86' lang='lat' dir='ltr'><strong>anima</strong></span> 
     </span>
    </p>
   </div>
   <div class='ocr_carea' id='block_1_93' title="bbox 1927 3379 3512 3463">
    <p class='ocr_par' dir='ltr' id='par_1_93' title="bbox 1927 3379 3512 3463">
     <span class='ocr_line' id='line_1_93' title="bbox 1927 3379 3512 3463; baseline 0.016 -34"><span class='ocrx_word' id='word_1_736' title='bbox 1927 3384 2034 3431; x_wconf 87' lang='lat' dir='ltr'><strong>tam</strong></span> <span class='ocrx_word' id='word_1_737' title='bbox 2078 3379 2184 3433; x_wconf 93' lang='lat' dir='ltr'><strong>cito</strong></span> <span class='ocrx_word' id='word_1_738' title='bbox 2226 3395 2384 3450; x_wconf 89' lang='lat' dir='ltr'><strong>quam</strong></span> <span class='ocrx_word' id='word_1_739' title='bbox 2424 3383 2677 3451; x_wconf 88' lang='lat' dir='ltr'><strong>spiritus;</strong></span> <span class='ocrx_word' id='word_1_740' title='bbox 2729 3387 2823 3441; x_wconf 90' lang='lat' dir='ltr'><strong>sed</strong></span> <span class='ocrx_word' id='word_1_741' title='bbox 2866 3397 3102 3459; x_wconf 87' lang='lat' dir='ltr'><strong>tempore</strong></span> <span class='ocrx_word' id='word_1_742' title='bbox 3132 3404 3429 3463; x_wconf 91' lang='lat' dir='ltr'><strong>opportuno</strong></span> <span class='ocrx_word' id='word_1_743' title='bbox 3457 3400 3512 3455; x_wconf 90' lang='lat' dir='ltr'><strong>in</strong></span> 
     </span>
    </p>
   </div>
   <div class='ocr_carea' id='block_1_94' title="bbox 1927 3473 3514 3558">
    <p class='ocr_par' dir='ltr' id='par_1_94' title="bbox 1927 3473 3514 3558">
     <span class='ocr_line' id='line_1_94' title="bbox 1927 3473 3514 3558; baseline 0.012 -33"><span class='ocrx_word' id='word_1_744' title='bbox 1927 3473 2215 3528; x_wconf 88' lang='lat' dir='ltr'><strong>novissima</strong></span> <span class='ocrx_word' id='word_1_745' title='bbox 2260 3475 2383 3531; x_wconf 89' lang='lat' dir='ltr'><strong>tuba</strong></span> <span class='ocrx_word' id='word_1_746' title='bbox 2403 3518 2417 3542; x_wconf 93' lang='lat'><strong>,</strong></span> <span class='ocrx_word' id='word_1_747' title='bbox 2461 3492 2582 3532; x_wconf 89' lang='lat' dir='ltr'><strong>cum</strong></span> <span class='ocrx_word' id='word_1_748' title='bbox 2622 3482 2806 3533; x_wconf 87' lang='lat' dir='ltr'><strong>ntorlut&#39;</strong></span> <span class='ocrx_word' id='word_1_749' title='bbox 2834 3493 3093 3554; x_wconf 85' lang='lat' dir='ltr'><strong>resurgent</strong></span> <span class='ocrx_word' id='word_1_750' title='bbox 3121 3487 3399 3558; x_wconf 87' lang='lat' dir='ltr'><strong>incorrupti</strong></span> <span class='ocrx_word' id='word_1_751' title='bbox 3424 3532 3437 3555; x_wconf 95' lang='lat'><strong>,</strong></span> <span class='ocrx_word' id='word_1_752' title='bbox 3466 3500 3514 3545; x_wconf 88' lang='lat' dir='ltr'><strong>et</strong></span> 
     </span>
    </p>
   </div>
   <div class='ocr_carea' id='block_1_95' title="bbox 1926 3566 3511 3638">
    <p class='ocr_par' dir='ltr' id='par_1_95' title="bbox 1926 3566 3511 3638">
     <span class='ocr_line' id='line_1_95' title="bbox 1926 3566 3511 3638; baseline 0.013 -21"><span class='ocrx_word' id='word_1_753' title='bbox 1926 3580 2017 3619; x_wconf 86' lang='lat' dir='ltr'><strong>nos</strong></span> <span class='ocrx_word' id='word_1_754' title='bbox 2040 3566 2431 3621; x_wconf 86' lang='lat' dir='ltr'><strong>immutabimttr.</strong></span> <span class='ocrx_word' id='word_1_755' title='bbox 2465 3569 2532 3623; x_wconf 90' lang='lat' dir='ltr'><strong>Et</strong></span> <span class='ocrx_word' id='word_1_756' title='bbox 2558 3570 2678 3625; x_wconf 92' lang='lat' dir='ltr'><strong>ideo</strong></span> <span class='ocrx_word' id='word_1_757' title='bbox 2699 3572 2966 3630; x_wconf 87' lang='lat' dir='ltr'><strong>credimus</strong></span> <span class='ocrx_word' id='word_1_758' title='bbox 2989 3586 3042 3630; x_wconf 93' lang='lat' dir='ltr'><strong>et</strong></span> <span class='ocrx_word' id='word_1_759' title='bbox 3065 3580 3242 3633; x_wconf 75' lang='lat' dir='ltr'><strong>carnis</strong></span> <span class='ocrx_word' id='word_1_760' title='bbox 3274 3596 3511 3638; x_wconf 84' lang='lat' dir='ltr'><strong>resurre-</strong></span> 
     </span>
    </p>
   </div>
   <div class='ocr_carea' id='block_1_96' title="bbox 1926 3657 3512 3744">
    <p class='ocr_par' dir='ltr' id='par_1_96' title="bbox 1926 3657 3512 3744">
     <span class='ocr_line' id='line_1_96' title="bbox 1926 3657 3512 3744; baseline 0.013 -34"><span class='ocrx_word' id='word_1_761' title='bbox 1926 3657 2155 3713; x_wconf 90' lang='lat' dir='ltr'><strong>ctionem</strong></span> <span class='ocrx_word' id='word_1_762' title='bbox 2192 3675 2206 3724; x_wconf 92' lang='lat'><strong>;</strong></span> <span class='ocrx_word' id='word_1_763' title='bbox 2247 3674 2352 3714; x_wconf 91' lang='lat' dir='ltr'><strong>non</strong></span> <span class='ocrx_word' id='word_1_764' title='bbox 2396 3669 2596 3716; x_wconf 90' lang='lat' dir='ltr'><strong>tantum</strong></span> <span class='ocrx_word' id='word_1_765' title='bbox 2642 3664 2762 3734; x_wconf 87' lang='lat' dir='ltr'><strong>quia</strong></span> <span class='ocrx_word' id='word_1_766' title='bbox 2807 3676 3082 3735; x_wconf 88' lang='lat' dir='ltr'><strong>reparatur</strong></span> <span class='ocrx_word' id='word_1_767' title='bbox 3124 3671 3299 3726; x_wconf 90' lang='lat' dir='ltr'><strong>anima</strong></span> <span class='ocrx_word' id='word_1_768' title='bbox 3330 3714 3345 3741; x_wconf 96' lang='lat'><strong>,</strong></span> <span class='ocrx_word' id='word_1_769' title='bbox 3393 3690 3512 3744; x_wconf 66' lang='lat' dir='ltr'><strong>quae</strong></span> 
     </span>
    </p>
   </div>
   <div class='ocr_carea' id='block_1_97' title="bbox 1926 3755 3507 3834">
    <p class='ocr_par' dir='ltr' id='par_1_97' title="bbox 1926 3755 3507 3834">
     <span class='ocr_line' id='line_1_97' title="bbox 1926 3755 3507 3834; baseline 0.011 -32"><span class='ocrx_word' id='word_1_770' title='bbox 1926 3764 2066 3804; x_wconf 91' lang='lat' dir='ltr'><strong>nunc</strong></span> <span class='ocrx_word' id='word_1_771' title='bbox 2117 3761 2331 3821; x_wconf 90' lang='lat' dir='ltr'><strong>propter</strong></span> <span class='ocrx_word' id='word_1_772' title='bbox 2369 3755 2613 3810; x_wconf 89' lang='lat' dir='ltr'><strong>carnales</strong></span> <span class='ocrx_word' id='word_1_773' title='bbox 2652 3756 2959 3813; x_wconf 86' lang='lat' dir='ltr'><strong>aﬁ&#39;ectiones</strong></span> <span class='ocrx_word' id='word_1_774' title='bbox 2998 3775 3123 3816; x_wconf 89' lang='lat' dir='ltr'><strong>caro</strong></span> <span class='ocrx_word' id='word_1_775' title='bbox 3165 3764 3507 3834; x_wconf 88' lang='lat' dir='ltr'><strong>nominatur;</strong></span> 
     </span>
    </p>
   </div>
   <div class='ocr_carea' id='block_1_98' title="bbox 1927 3840 3508 3925">
    <p class='ocr_par' dir='ltr' id='par_1_98' title="bbox 1927 3840 3508 3925">
     <span class='ocr_line' id='line_1_98' title="bbox 1927 3840 3508 3925; baseline 0.013 -32"><span class='ocrx_word' id='word_1_776' title='bbox 1927 3840 2021 3894; x_wconf 90' lang='lat' dir='ltr'><strong>sed</strong></span> <span class='ocrx_word' id='word_1_777' title='bbox 2052 3842 2165 3896; x_wconf 86' lang='lat' dir='ltr'><strong>haec</strong></span> <span class='ocrx_word' id='word_1_778' title='bbox 2185 3843 2343 3897; x_wconf 91' lang='lat' dir='ltr'><strong>etiam</strong></span> <span class='ocrx_word' id='word_1_779' title='bbox 2366 3845 2586 3903; x_wconf 87' lang='lat' dir='ltr'><strong>visibilis</strong></span> <span class='ocrx_word' id='word_1_780' title='bbox 2616 3863 2742 3903; x_wconf 89' lang='lat' dir='ltr'><strong>caro</strong></span> <span class='ocrx_word' id='word_1_781' title='bbox 2766 3865 2884 3919; x_wconf 78' lang='lat' dir='ltr'><strong>quae</strong></span> <span class='ocrx_word' id='word_1_782' title='bbox 2911 3853 3221 3909; x_wconf 90' lang='lat' dir='ltr'><strong>naturaliter</strong></span> <span class='ocrx_word' id='word_1_783' title='bbox 3244 3864 3325 3910; x_wconf 90' lang='lat' dir='ltr'><strong>est</strong></span> <span class='ocrx_word' id='word_1_784' title='bbox 3350 3872 3475 3914; x_wconf 86' lang='lat' dir='ltr'><strong>caro</strong></span> <span class='ocrx_word' id='word_1_785' title='bbox 3493 3900 3508 3925; x_wconf 90' lang='lat'><strong>,</strong></span> 
     </span>
    </p>
   </div>
   <div class='ocr_carea' id='block_1_99' title="bbox 1926 3936 3512 4021">
    <p class='ocr_par' dir='ltr' id='par_1_99' title="bbox 1926 3936 3512 4021">
     <span class='ocr_line' id='line_1_99' title="bbox 1926 3936 3512 4021; baseline 0.011 -32"><span class='ocrx_word' id='word_1_786' title='bbox 1926 3936 2077 4004; x_wconf 85' lang='lat' dir='ltr'><strong>cujus</strong></span> <span class='ocrx_word' id='word_1_787' title='bbox 2126 3951 2317 3992; x_wconf 93' lang='lat' dir='ltr'><strong>nomen</strong></span> <span class='ocrx_word' id='word_1_788' title='bbox 2366 3941 2538 3993; x_wconf 87' lang='lat' dir='ltr'><strong>anima</strong></span> <span class='ocrx_word' id='word_1_789' title='bbox 2570 3956 2674 3994; x_wconf 92' lang='lat' dir='ltr'><strong>non</strong></span> <span class='ocrx_word' id='word_1_790' title='bbox 2706 3953 2922 4012; x_wconf 89' lang='lat' dir='ltr'><strong>propter</strong></span> <span class='ocrx_word' id='word_1_791' title='bbox 2952 3956 3192 4002; x_wconf 85' lang='lat' dir='ltr'><strong>naturam</strong></span> <span class='ocrx_word' id='word_1_792' title='bbox 3217 3991 3232 4016; x_wconf 90' lang='lat'><strong>,</strong></span> <span class='ocrx_word' id='word_1_793' title='bbox 3265 3950 3356 4004; x_wconf 90' lang='lat' dir='ltr'><strong>sed</strong></span> <span class='ocrx_word' id='word_1_794' title='bbox 3387 3966 3512 4021; x_wconf 73' lang='lat' dir='ltr'><strong>pro~</strong></span> 
     </span>
    </p>
   </div>
   <div class='ocr_carea' id='block_1_100' title="bbox 1926 4029 3509 4110">
    <p class='ocr_par' dir='ltr' id='par_1_100' title="bbox 1926 4029 3509 4110">
     <span class='ocr_line' id='line_1_100' title="bbox 1926 4029 3509 4110; baseline 0.012 -30"><span class='ocrx_word' id='word_1_795' title='bbox 1926 4037 2044 4097; x_wconf 89' lang='lat' dir='ltr'><strong>pter</strong></span> <span class='ocrx_word' id='word_1_796' title='bbox 2082 4029 2389 4085; x_wconf 69' lang='lat' dir='ltr'><strong>affectiones</strong></span> <span class='ocrx_word' id='word_1_797' title='bbox 2425 4034 2665 4087; x_wconf 88' lang='lat' dir='ltr'><strong>carnales</strong></span> <span class='ocrx_word' id='word_1_798' title='bbox 2690 4036 2893 4105; x_wconf 89' lang='lat' dir='ltr'><strong>accepit</strong></span> <span class='ocrx_word' id='word_1_799' title='bbox 2922 4055 2936 4091; x_wconf 86' lang='lat'><strong>:</strong></span> <span class='ocrx_word' id='word_1_800' title='bbox 2965 4037 3081 4093; x_wconf 75' lang='lat' dir='ltr'><strong>hrec</strong></span> <span class='ocrx_word' id='word_1_801' title='bbox 3108 4054 3233 4110; x_wconf 89' lang='lat' dir='ltr'><strong>ergo</strong></span> <span class='ocrx_word' id='word_1_802' title='bbox 3256 4041 3509 4110; x_wconf 85' lang='lat' dir='ltr'><strong>visibilis,</strong></span> 
     </span>
    </p>
   </div>
   <div class='ocr_carea' id='block_1_101' title="bbox 1926 4124 3512 4195">
    <p class='ocr_par' dir='ltr' id='par_1_101' title="bbox 1926 4124 3512 4195">
     <span class='ocr_line' id='line_1_101' title="bbox 1926 4124 3512 4195; baseline 0.011 -21"><span class='ocrx_word' id='word_1_803' title='bbox 1926 4137 2045 4190; x_wconf 70' lang='lat' dir='ltr'><strong>qua:</strong></span> <span class='ocrx_word' id='word_1_804' title='bbox 2088 4124 2301 4193; x_wconf 88' lang='lat' dir='ltr'><strong>proprie</strong></span> <span class='ocrx_word' id='word_1_805' title='bbox 2330 4124 2523 4179; x_wconf 90' lang='lat' dir='ltr'><strong>dicitur</strong></span> <span class='ocrx_word' id='word_1_806' title='bbox 2551 4141 2675 4182; x_wconf 91' lang='lat' dir='ltr'><strong>caro</strong></span> <span class='ocrx_word' id='word_1_807' title='bbox 2696 4170 2711 4195; x_wconf 96' lang='lat'><strong>,</strong></span> <span class='ocrx_word' id='word_1_808' title='bbox 2746 4129 2861 4183; x_wconf 88' lang='lat' dir='ltr'><strong>sine</strong></span> <span class='ocrx_word' id='word_1_809' title='bbox 2889 4129 3221 4188; x_wconf 89' lang='lat' dir='ltr'><strong>dubitatione</strong></span> <span class='ocrx_word' id='word_1_810' title='bbox 3247 4134 3512 4192; x_wconf 86' lang='lat' dir='ltr'><strong>credenda</strong></span> 
     </span>
    </p>
   </div>
   <div class='ocr_carea' id='block_1_102' title="bbox 1926 4217 3510 4295">
    <p class='ocr_par' dir='ltr' id='par_1_102' title="bbox 1926 4217 3510 4295">
     <span class='ocr_line' id='line_1_102' title="bbox 1926 4217 3510 4295; baseline 0.01 -28"><span class='ocrx_word' id='word_1_811' title='bbox 1926 4224 2009 4268; x_wconf 89' lang='lat' dir='ltr'><strong>est</strong></span> <span class='ocrx_word' id='word_1_812' title='bbox 2052 4230 2349 4286; x_wconf 84' lang='lat' dir='ltr'><strong>resurgere.</strong></span> <span class='ocrx_word' id='word_1_813' title='bbox 2402 4217 2622 4274; x_wconf 79' lang='lat' dir='ltr'><strong>Videtur</strong></span> <span class='ocrx_word' id='word_1_814' title='bbox 2660 4222 2800 4275; x_wconf 89' lang='lat' dir='ltr'><strong>enim</strong></span> <span class='ocrx_word' id='word_1_815' title='bbox 2844 4222 3035 4278; x_wconf 86' lang='lat' dir='ltr'><strong>Paulus</strong></span> <span class='ocrx_word' id='word_1_816' title='bbox 3079 4227 3353 4295; x_wconf 89' lang='lat' dir='ltr'><strong>apostolus</strong></span> <span class='ocrx_word' id='word_1_817' title='bbox 3393 4243 3510 4283; x_wconf 90' lang='lat' dir='ltr'><strong>eam</strong></span> 
     </span>
    </p>
   </div>
   <div class='ocr_carea' id='block_1_103' title="bbox 1928 4310 3511 4389">
    <p class='ocr_par' dir='ltr' id='par_1_103' title="bbox 1928 4310 3511 4389">
     <span class='ocr_line' id='line_1_103' title="bbox 1928 4310 3511 4389; baseline 0.011 -30"><span class='ocrx_word' id='word_1_818' title='bbox 1928 4316 2176 4378; x_wconf 85' lang='lat' dir='ltr'><strong>tanquam</strong></span> <span class='ocrx_word' id='word_1_819' title='bbox 2214 4310 2377 4380; x_wconf 85' lang='lat' dir='ltr'><strong>digito</strong></span> <span class='ocrx_word' id='word_1_820' title='bbox 2406 4313 2689 4369; x_wconf 86' lang='lat' dir='ltr'><strong>ostendere</strong></span> <span class='ocrx_word' id='word_1_821' title='bbox 2709 4357 2723 4383; x_wconf 95' lang='lat'><strong>,</strong></span> <span class='ocrx_word' id='word_1_822' title='bbox 2755 4330 2877 4369; x_wconf 89' lang='lat' dir='ltr'><strong>cum</strong></span> <span class='ocrx_word' id='word_1_823' title='bbox 2904 4317 3063 4385; x_wconf 92' lang='lat' dir='ltr'><strong>dicit,</strong></span> <span class='ocrx_word' id='word_1_824' title='bbox 3097 4318 3304 4389; x_wconf 86' lang='lat' dir='ltr'><strong>Oportet</strong></span> <span class='ocrx_word' id='word_1_825' title='bbox 3331 4339 3511 4377; x_wconf 87' lang='lat' dir='ltr'><strong>corru-</strong></span> 
     </span>
    </p>
   </div>
   <div class='ocr_carea' id='block_1_104' title="bbox 1927 4399 3511 4482">
    <p class='ocr_par' dir='ltr' id='par_1_104' title="bbox 1927 4399 3511 4482">
     <span class='ocr_line' id='line_1_104' title="bbox 1927 4399 3511 4482; baseline 0.012 -31"><span class='ocrx_word' id='word_1_826' title='bbox 1927 4399 2096 4469; x_wconf 83' lang='lat' dir='ltr'><strong>ptibile</strong></span> <span class='ocrx_word' id='word_1_827' title='bbox 2139 4402 2231 4455; x_wconf 86' lang='lat' dir='ltr'><strong>Itoc</strong></span> <span class='ocrx_word' id='word_1_828' title='bbox 2278 4404 2485 4458; x_wconf 85' lang='lat' dir='ltr'><strong>induere</strong></span> <span class='ocrx_word' id='word_1_829' title='bbox 2526 4406 2967 4477; x_wconf 84' lang='lat' dir='ltr'><strong>incorruptionem.</strong></span> <span class='ocrx_word' id='word_1_830' title='bbox 3008 4409 3137 4465; x_wconf 88' lang='lat' dir='ltr'><strong>Cum</strong></span> <span class='ocrx_word' id='word_1_831' title='bbox 3174 4413 3317 4467; x_wconf 87' lang='lat' dir='ltr'><strong>enim</strong></span> <span class='ocrx_word' id='word_1_832' title='bbox 3351 4414 3511 4482; x_wconf 76' lang='lat' dir='ltr'><strong>dicit,</strong></span> 
     </span>
    </p>
   </div>
   <div class='ocr_carea' id='block_1_105' title="bbox 1927 4491 3513 4569">
    <p class='ocr_par' dir='ltr' id='par_1_105' title="bbox 1927 4491 3513 4569">
     <span class='ocr_line' id='line_1_105' title="bbox 1927 4491 3513 4569; baseline 0.011 -26"><span class='ocrx_word' id='word_1_833' title='bbox 1927 4491 2049 4557; x_wconf 80' lang='lat' dir='ltr'><strong>hoc,</strong></span> <span class='ocrx_word' id='word_1_834' title='bbox 2081 4492 2132 4545; x_wconf 93' lang='lat' dir='ltr'><strong>in</strong></span> <span class='ocrx_word' id='word_1_835' title='bbox 2161 4507 2277 4547; x_wconf 92' lang='lat' dir='ltr'><strong>eam</strong></span> <span class='ocrx_word' id='word_1_836' title='bbox 2303 4495 2455 4564; x_wconf 91' lang='lat' dir='ltr'><strong>quasi</strong></span> <span class='ocrx_word' id='word_1_837' title='bbox 2481 4495 2700 4567; x_wconf 84' lang='lat' dir='ltr'><strong>digitum</strong></span> <span class='ocrx_word' id='word_1_838' title='bbox 2730 4500 2972 4555; x_wconf 88' lang='lat' dir='ltr'><strong>intendit.</strong></span> <span class='ocrx_word' id='word_1_839' title='bbox 2996 4501 3147 4569; x_wconf 88' lang='lat' dir='ltr'><strong>Quod</strong></span> <span class='ocrx_word' id='word_1_840' title='bbox 3178 4512 3352 4559; x_wconf 89' lang='lat' dir='ltr'><strong>autem</strong></span> <span class='ocrx_word' id='word_1_841' title='bbox 3385 4507 3513 4560; x_wconf 57' lang='lat' dir='ltr'><strong>visi-</strong></span> 
     </span>
    </p>
   </div>
   <div class='ocr_carea' id='block_1_106' title="bbox 1924 4582 3517 4667">
    <p class='ocr_par' dir='ltr' id='par_1_106' title="bbox 1924 4582 3517 4667">
     <span class='ocr_line' id='line_1_106' title="bbox 1924 4582 3517 4667; baseline 0.011 -31"><span class='ocrx_word' id='word_1_842' title='bbox 1924 4582 2031 4637; x_wconf 90' lang='lat' dir='ltr'><strong>bile</strong></span> <span class='ocrx_word' id='word_1_843' title='bbox 2073 4594 2189 4650; x_wconf 89' lang='lat' dir='ltr'><strong>est,</strong></span> <span class='ocrx_word' id='word_1_844' title='bbox 2235 4587 2285 4639; x_wconf 91' lang='lat' dir='ltr'><strong>id</strong></span> <span class='ocrx_word' id='word_1_845' title='bbox 2332 4597 2507 4656; x_wconf 87' lang='lat' dir='ltr'><strong>potest</strong></span> <span class='ocrx_word' id='word_1_846' title='bbox 2549 4589 2714 4659; x_wconf 81' lang='lat' dir='ltr'><strong>digito</strong></span> <span class='ocrx_word' id='word_1_847' title='bbox 2756 4592 2964 4648; x_wconf 90' lang='lat' dir='ltr'><strong>ostendi</strong></span> <span class='ocrx_word' id='word_1_848' title='bbox 3006 4612 3017 4648; x_wconf 92' lang='lat'><strong>:</strong></span> <span class='ocrx_word' id='word_1_849' title='bbox 3059 4596 3307 4666; x_wconf 87' lang='lat' dir='ltr'><strong>quoniam</strong></span> <span class='ocrx_word' id='word_1_850' title='bbox 3335 4607 3517 4667; x_wconf 90' lang='lat' dir='ltr'><strong>posset</strong></span> 
     </span>
    </p>
   </div>
   <div class='ocr_carea' id='block_1_107' title="bbox 1926 4675 3513 4750">
    <p class='ocr_par' dir='ltr' id='par_1_107' title="bbox 1926 4675 3513 4750">
     <span class='ocr_line' id='line_1_107' title="bbox 1926 4675 3513 4750; baseline 0.009 -21"><span class='ocrx_word' id='word_1_851' title='bbox 1926 4675 2086 4729; x_wconf 90' lang='lat' dir='ltr'><strong>etiam</strong></span> <span class='ocrx_word' id='word_1_852' title='bbox 2132 4676 2306 4731; x_wconf 87' lang='lat' dir='ltr'><strong>anima</strong></span> <span class='ocrx_word' id='word_1_853' title='bbox 2347 4680 2706 4750; x_wconf 88' lang='lat' dir='ltr'><strong>corruptibilis</strong></span> <span class='ocrx_word' id='word_1_854' title='bbox 2749 4682 2853 4737; x_wconf 90' lang='lat' dir='ltr'><strong>dici</strong></span> <span class='ocrx_word' id='word_1_855' title='bbox 2888 4701 2902 4749; x_wconf 90' lang='lat'>;</span> <span class='ocrx_word' id='word_1_856' title='bbox 2952 4698 3073 4738; x_wconf 89' lang='lat' dir='ltr'><strong>nam</strong></span> <span class='ocrx_word' id='word_1_857' title='bbox 3119 4686 3260 4741; x_wconf 87' lang='lat' dir='ltr'><strong>vitiis</strong></span> <span class='ocrx_word' id='word_1_858' title='bbox 3302 4703 3513 4744; x_wconf 91' lang='lat' dir='ltr'><strong>morum</strong></span> 
     </span>
    </p>
   </div>
   <div class='ocr_carea' id='block_1_108' title="bbox 1926 4767 3514 4840">
    <p class='ocr_par' dir='ltr' id='par_1_108' title="bbox 1926 4767 3514 4840">
     <span class='ocr_line' id='line_1_108' title="bbox 1926 4767 3514 4840; baseline 0.009 -19"><span class='ocrx_word' id='word_1_859' title='bbox 1926 4767 2037 4837; x_wconf 88' lang='lat' dir='ltr'><strong>ipsa</strong></span> <span class='ocrx_word' id='word_1_860' title='bbox 2066 4770 2440 4840; x_wconf 87' lang='lat' dir='ltr'><strong>corrumpitur.</strong></span> <span class='ocrx_word' id='word_1_861' title='bbox 2472 4772 2540 4825; x_wconf 87' lang='lat' dir='ltr'><strong>Et</strong></span> <span class='ocrx_word' id='word_1_862' title='bbox 2568 4777 2775 4830; x_wconf 89' lang='lat' dir='ltr'><strong>mortale</strong></span> <span class='ocrx_word' id='word_1_863' title='bbox 2804 4776 2897 4830; x_wconf 85' lang='lat' dir='ltr'><strong>ltoc</strong></span> <span class='ocrx_word' id='word_1_864' title='bbox 2924 4778 3130 4832; x_wconf 86' lang='lat' dir='ltr'><strong>induere</strong></span> <span class='ocrx_word' id='word_1_865' title='bbox 3156 4780 3514 4835; x_wconf 84' lang='lat' dir='ltr'><strong>immortalita-</strong></span> 
     </span>
    </p>
   </div>
   <div class='ocr_carea' id='block_1_109' title="bbox 1926 4860 3513 4942">
    <p class='ocr_par' dir='ltr' id='par_1_109' title="bbox 1926 4860 3513 4942">
     <span class='ocr_line' id='line_1_109' title="bbox 1926 4860 3513 4942; baseline 0.008 -29"><span class='ocrx_word' id='word_1_866' title='bbox 1926 4870 2022 4914; x_wconf 87' lang='lat' dir='ltr'><strong>tem</strong></span> <span class='ocrx_word' id='word_1_867' title='bbox 2056 4860 2161 4933; x_wconf 86' lang='lat' dir='ltr'><strong>(ltl.</strong></span> <span class='ocrx_word' id='word_1_868' title='bbox 2193 4879 2280 4926; x_wconf 77' lang='lat' dir='ltr'><strong>xv,</strong></span> <span class='ocrx_word' id='word_1_869' title='bbox 2310 4864 2379 4918; x_wconf 74' lang='lat'><strong>52</strong></span> <span class='ocrx_word' id='word_1_870' title='bbox 2411 4874 2457 4918; x_wconf 87' lang='lat' dir='ltr'><strong>et</strong></span> <span class='ocrx_word' id='word_1_871' title='bbox 2487 4866 2601 4936; x_wconf 83' lang='lat'><strong>5&#39;5),</strong></span> <span class='ocrx_word' id='word_1_872' title='bbox 2634 4882 2751 4921; x_wconf 90' lang='lat' dir='ltr'><strong>cum</strong></span> <span class='ocrx_word' id='word_1_873' title='bbox 2784 4868 2995 4938; x_wconf 83' lang='lat' dir='ltr'><strong>legitur,</strong></span> <span class='ocrx_word' id='word_1_874' title='bbox 3026 4871 3213 4927; x_wconf 87' lang='lat' dir='ltr'><strong>eadem</strong></span> <span class='ocrx_word' id='word_1_875' title='bbox 3242 4872 3513 4942; x_wconf 84' lang='lat' dir='ltr'><strong>signiﬁca-</strong></span> 
     </span>
    </p>
   </div>
   <div class='ocr_carea' id='block_1_110' title="bbox 1928 4954 3510 5033">
    <p class='ocr_par' dir='ltr' id='par_1_110' title="bbox 1928 4954 3510 5033">
     <span class='ocr_line' id='line_1_110' title="bbox 1928 4954 3510 5033; baseline 0.008 -27"><span class='ocrx_word' id='word_1_876' title='bbox 1928 4962 2011 5007; x_wconf 88' lang='lat' dir='ltr'><strong>tur</strong></span> <span class='ocrx_word' id='word_1_877' title='bbox 2037 4954 2260 5010; x_wconf 84' lang='lat' dir='ltr'><strong>visibilis</strong></span> <span class='ocrx_word' id='word_1_878' title='bbox 2286 4971 2430 5022; x_wconf 85' lang='lat' dir='ltr'><strong>caro,</strong></span> <span class='ocrx_word' id='word_1_879' title='bbox 2462 4959 2581 5027; x_wconf 89' lang='lat' dir='ltr'><strong>quia</strong></span> <span class='ocrx_word' id='word_1_880' title='bbox 2612 4958 2662 5013; x_wconf 90' lang='lat' dir='ltr'><strong>in</strong></span> <span class='ocrx_word' id='word_1_881' title='bbox 2690 4976 2806 5015; x_wconf 88' lang='lat' dir='ltr'><strong>eam</strong></span> <span class='ocrx_word' id='word_1_882' title='bbox 2834 4961 3124 5018; x_wconf 87' lang='lat' dir='ltr'><strong>identidem</strong></span> <span class='ocrx_word' id='word_1_883' title='bbox 3155 4965 3298 5019; x_wconf 86' lang='lat' dir='ltr'><strong>velut</strong></span> <span class='ocrx_word' id='word_1_884' title='bbox 3319 4965 3510 5033; x_wconf 84' lang='lat' dir='ltr'><strong>digitus</strong></span> 
     </span>
    </p>
   </div>
   <div class='ocr_carea' id='block_1_111' title="bbox 1926 5046 3514 5124">
    <p class='ocr_par' dir='ltr' id='par_1_111' title="bbox 1926 5046 3514 5124">
     <span class='ocr_line' id='line_1_111' title="bbox 1926 5046 3514 5124; baseline 0.008 -26"><span class='ocrx_word' id='word_1_885' title='bbox 1926 5046 2234 5101; x_wconf 90' lang='lat' dir='ltr'><strong>intenditur.</strong></span> <span class='ocrx_word' id='word_1_886' title='bbox 2282 5048 2461 5103; x_wconf 81' lang='lat' dir='ltr'><strong>Potest</strong></span> <span class='ocrx_word' id='word_1_887' title='bbox 2499 5051 2641 5105; x_wconf 88' lang='lat' dir='ltr'><strong>enim</strong></span> <span class='ocrx_word' id='word_1_888' title='bbox 2681 5061 2735 5106; x_wconf 90' lang='lat' dir='ltr'><strong>et</strong></span> <span class='ocrx_word' id='word_1_889' title='bbox 2772 5054 2946 5109; x_wconf 89' lang='lat' dir='ltr'><strong>anima</strong></span> <span class='ocrx_word' id='word_1_890' title='bbox 2992 5057 3127 5110; x_wconf 91' lang='lat' dir='ltr'><strong>sicut</strong></span> <span class='ocrx_word' id='word_1_891' title='bbox 3154 5055 3514 5124; x_wconf 90' lang='lat' dir='ltr'><strong>corruptibilis</strong></span> 
     </span>
    </p>
   </div>
   <div class='ocr_carea' id='block_1_112' title="bbox 1926 5144 3514 5211">
    <p class='ocr_par' dir='ltr' id='par_1_112' title="bbox 1926 5144 3514 5211">
     <span class='ocr_line' id='line_1_112' title="bbox 1926 5144 3514 5211; baseline 0.006 -18"><span class='ocrx_word' id='word_1_892' title='bbox 1926 5150 2142 5210; x_wconf 88' lang='lat' dir='ltr'><strong>propter</strong></span> <span class='ocrx_word' id='word_1_893' title='bbox 2186 5158 2394 5197; x_wconf 91' lang='lat' dir='ltr'><strong>morum</strong></span> <span class='ocrx_word' id='word_1_894' title='bbox 2440 5144 2561 5198; x_wconf 80' lang='lat' dir='ltr'><strong>vitia</strong></span> <span class='ocrx_word' id='word_1_895' title='bbox 2595 5186 2610 5211; x_wconf 93' lang='lat'><strong>,</strong></span> <span class='ocrx_word' id='word_1_896' title='bbox 2655 5147 2723 5199; x_wconf 85' lang='lat' dir='ltr'><strong>ita</strong></span> <span class='ocrx_word' id='word_1_897' title='bbox 2761 5148 2919 5201; x_wconf 89' lang='lat' dir='ltr'><strong>etiam</strong></span> <span class='ocrx_word' id='word_1_898' title='bbox 2951 5147 3192 5201; x_wconf 90' lang='lat' dir='ltr'><strong>mortalis</strong></span> <span class='ocrx_word' id='word_1_899' title='bbox 3218 5146 3342 5201; x_wconf 90' lang='lat' dir='ltr'><strong>dici.</strong></span> <span class='ocrx_word' id='word_1_900' title='bbox 3372 5146 3514 5202; x_wconf 85' lang='lat' dir='ltr'><strong>Mors</strong></span> 
     </span>
    </p>
   </div>
   <div class='ocr_carea' id='block_1_113' title="bbox 1925 5233 3511 5309">
    <p class='ocr_par' dir='ltr' id='par_1_113' title="bbox 1925 5233 3511 5309">
     <span class='ocr_line' id='line_1_113' title="bbox 1925 5233 3511 5309; baseline 0.005 -23"><span class='ocrx_word' id='word_1_901' title='bbox 1925 5233 2118 5303; x_wconf 88' lang='lat' dir='ltr'><strong>quippe</strong></span> <span class='ocrx_word' id='word_1_902' title='bbox 2147 5236 2336 5290; x_wconf 86' lang='lat' dir='ltr'><strong>animae</strong></span> <span class='ocrx_word' id='word_1_903' title='bbox 2369 5244 2451 5290; x_wconf 88' lang='lat' dir='ltr'><strong>est</strong></span> <span class='ocrx_word' id='word_1_904' title='bbox 2497 5246 2796 5307; x_wconf 89' lang='lat' dir='ltr'><strong>apostatare</strong></span> <span class='ocrx_word' id='word_1_905' title='bbox 2840 5254 2870 5291; x_wconf 89' lang='lat' dir='ltr'><strong>a</strong></span> <span class='ocrx_word' id='word_1_906' title='bbox 2917 5239 3025 5292; x_wconf 89' lang='lat' dir='ltr'><strong>Deo</strong></span> <span class='ocrx_word' id='word_1_907' title='bbox 3061 5237 3245 5308; x_wconf 83' lang='lat' dir='ltr'><strong>(Eccli.</strong></span> <span class='ocrx_word' id='word_1_908' title='bbox 3277 5253 3346 5307; x_wconf 73' lang='grc' dir='ltr'><strong>ι,</strong></span> <span class='ocrx_word' id='word_1_909' title='bbox 3377 5238 3464 5309; x_wconf 64' lang='lat' dir='ltr'><strong>id)</strong></span> <span class='ocrx_word' id='word_1_910' title='bbox 3498 5256 3511 5295; x_wconf 92' lang='lat'><strong>:</strong></span> 
     </span>
    </p>
   </div>
   <div class='ocr_carea' id='block_1_114' title="bbox 1926 5327 3509 5402">
    <p class='ocr_par' dir='ltr' id='par_1_114' title="bbox 1926 5327 3509 5402">
     <span class='ocr_line' id='line_1_114' title="bbox 1926 5327 3509 5402; baseline 0.006 -21"><span class='ocrx_word' id='word_1_911' title='bbox 1926 5327 2065 5397; x_wconf 91' lang='lat' dir='ltr'><strong>quod</strong></span> <span class='ocrx_word' id='word_1_912' title='bbox 2097 5329 2325 5398; x_wconf 90' lang='lat' dir='ltr'><strong>primum</strong></span> <span class='ocrx_word' id='word_1_913' title='bbox 2359 5330 2473 5401; x_wconf 88' lang='lat' dir='ltr'><strong>ejus</strong></span> <span class='ocrx_word' id='word_1_914' title='bbox 2493 5342 2769 5402; x_wconf 88' lang='lat' dir='ltr'><strong>peccatum</strong></span> <span class='ocrx_word' id='word_1_915' title='bbox 2792 5333 2847 5388; x_wconf 90' lang='lat' dir='ltr'><strong>in</strong></span> <span class='ocrx_word' id='word_1_916' title='bbox 2875 5331 3121 5402; x_wconf 89' lang='lat' dir='ltr'><strong>paradiso</strong></span> <span class='ocrx_word' id='word_1_917' title='bbox 3148 5333 3315 5389; x_wconf 87' lang='lat' dir='ltr'><strong>sacris</strong></span> <span class='ocrx_word' id='word_1_918' title='bbox 3338 5333 3509 5390; x_wconf 87' lang='lat' dir='ltr'><strong>Litte-</strong></span> 
     </span>
    </p>
   </div>
   <div class='ocr_carea' id='block_1_115' title="bbox 1925 5424 2347 5480">
    <p class='ocr_par' dir='ltr' id='par_1_115' title="bbox 1925 5424 2347 5480">
     <span class='ocr_line' id='line_1_115' title="bbox 1925 5424 2347 5480; baseline 0.005 -2"><span class='ocrx_word' id='word_1_919' title='bbox 1925 5424 1998 5478; x_wconf 89' lang='lat' dir='ltr'><strong>ris</strong></span> <span class='ocrx_word' id='word_1_920' title='bbox 2026 5424 2347 5480; x_wconf 90' lang='lat' dir='ltr'><strong>continetur.</strong></span> 
     </span>
    </p>
   </div>
   <div class='ocr_carea' id='block_1_116' title="bbox 1995 5517 3514 5592">
    <p class='ocr_par' dir='ltr' id='par_1_116' title="bbox 1995 5517 3514 5592">
     <span class='ocr_line' id='line_1_116' title="bbox 1995 5517 3514 5592; baseline 0.009 -20"><span class='ocrx_word' id='word_1_921' title='bbox 1995 5517 2085 5574; x_wconf 73' lang='grc'><strong>24.</strong></span> <span class='ocrx_word' id='word_1_922' title='bbox 2131 5519 2390 5591; x_wconf 82' lang='lat' dir='ltr'><strong>Resurget</strong></span> <span class='ocrx_word' id='word_1_923' title='bbox 2426 5522 2584 5592; x_wconf 80' lang='lat' dir='ltr'><strong>igitur</strong></span> <span class='ocrx_word' id='word_1_924' title='bbox 2622 5535 2817 5591; x_wconf 90' lang='lat' dir='ltr'><strong>corpus</strong></span> <span class='ocrx_word' id='word_1_925' title='bbox 2855 5519 3147 5581; x_wconf 89' lang='lat' dir='ltr'><strong>secundum</strong></span> <span class='ocrx_word' id='word_1_926' title='bbox 3169 5521 3514 5585; x_wconf 86' lang='lat' dir='ltr'><strong>cbristianam</strong></span> 
     </span>
    </p>
   </div>
   <div class='ocr_carea' id='block_1_117' title="bbox 1990 5697 3295 5753">
    <p class='ocr_par' dir='ltr' id='par_1_117' title="bbox 1990 5697 3295 5753">
     <span class='ocr_line' id='line_1_117' title="bbox 1990 5697 3295 5753; baseline 0.001 -3"><span class='ocrx_word' id='word_1_927' title='bbox 1990 5702 2005 5733; x_wconf 68' lang='grc' dir='ltr'>ί</span> <span class='ocrx_word' id='word_1_928' title='bbox 2043 5702 2113 5750; x_wconf 91' lang='lat' dir='ltr'><strong>sic</strong></span> <span class='ocrx_word' id='word_1_929' title='bbox 2151 5707 2255 5750; x_wconf 80' lang='lat' dir='ltr'><strong>Mss.</strong></span> <span class='ocrx_word' id='word_1_930' title='bbox 2292 5706 2347 5749; x_wconf 81' lang='lat' dir='ltr'><strong>At</strong></span> <span class='ocrx_word' id='word_1_931' title='bbox 2371 5698 2486 5749; x_wconf 88' lang='lat' dir='ltr'><strong>editi</strong></span> <span class='ocrx_word' id='word_1_932' title='bbox 2514 5713 2527 5749; x_wconf 87' lang='lat'><strong>:</strong></span> <span class='ocrx_word' id='word_1_933' title='bbox 2552 5707 2651 5748; x_wconf 78' lang='lat' dir='ltr'><strong>Hoc</strong></span> <span class='ocrx_word' id='word_1_934' title='bbox 2686 5702 2846 5749; x_wconf 84' lang='lat' dir='ltr'><strong>autem</strong></span> <span class='ocrx_word' id='word_1_935' title='bbox 2879 5697 3033 5752; x_wconf 84' lang='lat' dir='ltr'><strong>omnis</strong></span> <span class='ocrx_word' id='word_1_936' title='bbox 3054 5708 3295 5753; x_wconf 84' lang='lat' dir='ltr'><strong>creatura.</strong></span> 
     </span>
    </p>
   </div>
   <div class='ocr_carea' id='block_1_118' title="bbox 1988 5760 3509 5832">
    <p class='ocr_par' dir='ltr' id='par_1_118' title="bbox 1988 5760 3509 5832">
     <span class='ocr_line' id='line_1_118' title="bbox 1988 5760 3509 5832; baseline 0.006 -22"><span class='ocrx_word' id='word_1_937' title='bbox 1988 5766 2017 5832; x_wconf 30' lang='grc' dir='ltr'><strong>Ἀ</strong></span> <span class='ocrx_word' id='word_1_938' title='bbox 2029 5771 2236 5822; x_wconf 85' lang='lat' dir='ltr'><strong>Quatuor</strong></span> <span class='ocrx_word' id='word_1_939' title='bbox 2254 5762 2415 5832; x_wconf 66' lang='lat' dir='ltr'><strong>probae</strong></span> <span class='ocrx_word' id='word_1_940' title='bbox 2438 5768 2563 5832; x_wconf 67' lang='lat' dir='ltr'><strong>nota;</strong></span> <span class='ocrx_word' id='word_1_941' title='bbox 2581 5767 2709 5825; x_wconf 63' lang='lat' dir='ltr'><strong>Mss,</strong></span> <span class='ocrx_word' id='word_1_942' title='bbox 2730 5760 3002 5815; x_wconf 80' lang='lat' dir='ltr'><strong>nominatur</strong></span> <span class='ocrx_word' id='word_1_943' title='bbox 3020 5770 3070 5817; x_wconf 78' lang='lat' dir='ltr'><strong>et</strong></span> <span class='ocrx_word' id='word_1_944' title='bbox 3091 5764 3270 5819; x_wconf 73' lang='lat' dir='ltr'><strong>resistit</strong></span> <span class='ocrx_word' id='word_1_945' title='bbox 3280 5760 3509 5832; x_wconf 75' lang='lat' dir='ltr'><strong>spiritui;</strong></span> 
     </span>
    </p>
   </div>
   <div class='ocr_carea' id='block_1_119' title="bbox 1925 5823 2654 5886">
    <p class='ocr_par' dir='ltr' id='par_1_119' title="bbox 1925 5823 2654 5886">
     <span class='ocr_line' id='line_1_119' title="bbox 1925 5823 2654 5886; baseline -0.007 -8"><span class='ocrx_word' id='word_1_946' title='bbox 1925 5827 2101 5879; x_wconf 87' lang='lat' dir='ltr'><strong>omisso</strong></span> <span class='ocrx_word' id='word_1_947' title='bbox 2116 5863 2128 5883; x_wconf 90' lang='lat'><strong>,</strong></span> <span class='ocrx_word' id='word_1_948' title='bbox 2152 5823 2265 5886; x_wconf 85' lang='lat' dir='ltr'><strong>pars</strong></span> <span class='ocrx_word' id='word_1_949' title='bbox 2283 5823 2387 5885; x_wconf 84' lang='lat' dir='ltr'><strong>ejus</strong></span> <span class='ocrx_word' id='word_1_950' title='bbox 2410 5826 2654 5886; x_wconf 57' lang='lat' dir='ltr'><strong>quaedam.</strong></span> 
     </span>
    </p>
   </div>
   <div class='ocr_carea' id='block_1_120' title="bbox 1992 5884 3051 5962">
    <p class='ocr_par' dir='ltr' id='par_1_120' title="bbox 1992 5884 3051 5962">
     <span class='ocr_line' id='line_1_120' title="bbox 1992 5884 3051 5962; baseline 0.005 -23"><span class='ocrx_word' id='word_1_951' title='bbox 1992 5888 2013 5927; x_wconf 73' lang='grc'>³</span> <span class='ocrx_word' id='word_1_952' title='bbox 2046 5884 2232 5955; x_wconf 75' lang='lat' dir='ltr'><strong>Aliquot</strong></span> <span class='ocrx_word' id='word_1_953' title='bbox 2251 5893 2380 5951; x_wconf 71' lang='lat' dir='ltr'><strong>uss,</strong></span> <span class='ocrx_word' id='word_1_954' title='bbox 2404 5884 2582 5951; x_wconf 70' lang='lat' dir='ltr'><strong>fiamus</strong></span> <span class='ocrx_word' id='word_1_955' title='bbox 2612 5892 2791 5941; x_wconf 84' lang='lat' dir='ltr'><strong>natura</strong></span> <span class='ocrx_word' id='word_1_956' title='bbox 2817 5885 2915 5962; x_wconf 79' lang='lat' dir='ltr'><strong>ﬁlii</strong></span> <span class='ocrx_word' id='word_1_957' title='bbox 2940 5888 3051 5953; x_wconf 64' lang='lat' dir='ltr'><strong>ira.</strong></span> 
     </span>
    </p>
   </div>
  </div>
