4046 6332
552 442 708 497 tidem
728 479 744 507 ,
791 453 909 509 qure
953 437 1135 495 fallere
1167 452 1272 509 non
1304 449 1491 511 potest.
1523 439 1671 508 Quod
1703 439 1786 493 cui
1817 438 2024 494 videtur
2049 438 2131 491 in-

545 532 805 590 credibile
826 575 841 600 ,
868 533 1036 603 qualis
1061 548 1199 587 nunc
1225 532 1291 586 sit
1317 546 1441 586 caro
1466 531 1722 595 attendit,
1755 531 1925 609 qualis
1952 540 2133 586 autem

549 624 727 682 futura
752 624 821 679 sit
848 641 952 680 non
984 624 1283 681 considerat
1313 641 1326 678 :
1354 625 1476 694 quia
1505 623 1596 677 illo
1622 631 1864 694 tempore
1890 623 2136 678 immuta-

550 717 712 773 tionis
740 718 993 787 angelicae
1022 732 1124 771 non
1144 717 1250 787 jam
1273 732 1398 771 caro
1423 717 1524 771 erit
1549 726 1601 771 et
1624 717 1836 789 sanguis
1858 759 1872 785 ,
1897 719 1989 773 sed
2015 726 2135 774 tan-

552 817 666 865 tum
710 824 923 879 corpus.
960 810 1090 865 Cum
1118 809 1259 865 enim
1287 808 1353 863 de
1384 823 1542 864 carne
1572 810 1858 880 Apostolus
1887 811 2134 881 loquere-

550 909 641 956 tur
662 940 679 967 ,
724 900 871 967 Alia,
916 900 1113 972 inquit,
1145 916 1261 955 caro
1292 916 1523 970 pecorum
1547 944 1561 967 ,
1588 900 1691 954 alia
1718 902 2008 969 volucrum,
2034 902 2138 956 alia

551 993 801 1066 piscium,
848 991 949 1046 alia
990 1002 1275 1063 serpentum
1298 1010 1317 1058 ;
1344 1001 1389 1046 et
1416 1010 1629 1065 corpora
1659 994 1877 1048 ccelcstia
1898 1035 1911 1060 ,
1943 1004 1989 1050 et
2020 1012 2136 1050 cor-

551 1101 678 1155 pora
720 1084 989 1139 terrestria.
1020 1083 1135 1137 Non
1165 1084 1301 1138 enim
1332 1083 1492 1147 dixit,
1524 1094 1578 1140 et
1603 1102 1728 1139 caro
1751 1087 1985 1140 ccclestis
2010 1104 2024 1151 ;
2051 1086 2137 1142 di-

552 1176 631 1230 ait
677 1185 853 1229 autem
886 1216 900 1237 ,
947 1184 993 1230 et
1036 1177 1252 1230 ca’lestiu
1292 1186 1337 1230 et
1381 1181 1630 1232 terrestria
1672 1196 1906 1249 corpora.
1954 1180 2140 1235 Omnis

553 1266 699 1321 enim
726 1281 851 1321 caro
878 1268 1035 1321 etiam
1068 1283 1261 1338 corpus
1289 1279 1365 1323 est
1384 1310 1398 1335 ,
1430 1284 1532 1323 non
1556 1279 1734 1326 autem
1762 1287 1919 1326 omne
1945 1287 2140 1344 corpus

556 1360 719 1413 etiam
748 1373 872 1413 caro
902 1368 985 1413 est
1015 1378 1029 1414 :
1062 1359 1232 1429 primo
1264 1361 1313 1414 in
1344 1361 1456 1416 istis
1488 1363 1855 1431 terrestribus,
1890 1366 2138 1434 quoniam

554 1448 757 1520 lignum
806 1464 999 1520 corpus
1040 1460 1155 1520 est,
1202 1451 1295 1507 sed
1338 1468 1443 1507 non
1488 1468 1611 1509 caro
1650 1472 1661 1508 :
1705 1454 1937 1510 hominis
1964 1465 2140 1512 autem

552 1544 637 1598 vel
678 1543 885 1613 pecoris
917 1553 968 1598 et
997 1559 1189 1616 corpus
1215 1554 1268 1601 et
1297 1562 1420 1601 caro
1449 1556 1529 1603 est
1559 1567 1572 1602 :
1606 1549 1656 1602 in
1685 1549 1990 1606 coelestibus
2017 1566 2142 1607 vero

555 1636 704 1692 nulla
734 1651 860 1691 caro
880 1678 894 1700 ,
927 1637 1020 1691 sed
1047 1652 1267 1708 corpora
1296 1639 1555 1711 simplicia
1584 1651 1635 1696 et
1666 1642 1869 1709 lucida,
1899 1659 2015 1715 qua:
2044 1659 2140 1715 ap-

554 1727 718 1799 pellat
760 1729 1042 1797 Apostolus
1085 1729 1413 1798 spiritualia;
1455 1733 1696 1789 nonnulli
1736 1744 1912 1790 autem
1954 1747 2144 1793 vocant

556 1818 808 1873 tetherea.
845 1818 911 1873 Et
941 1819 1063 1875 ideo
1095 1837 1198 1875 non
1230 1823 1404 1878 carnis
1431 1826 1808 1881 resurrectioni
1830 1829 2145 1885 contradicit

556 1908 685 1966 illud
712 1909 852 1980 quod
879 1912 982 1975 ait,
1012 1912 1140 1966 Caro
1161 1921 1206 1966 et
1231 1915 1435 1985 sanguis
1456 1932 1661 1987 regnum
1686 1915 1782 1971 Dei
1797 1934 1895 1972 non
1918 1919 2144 1989 posside-

557 2001 721 2064 bunt;
762 2001 857 2056 sed
902 2004 1056 2073 quale
1096 2003 1330 2060 futurum
1369 2006 1437 2061 sit
1461 2008 1600 2077 quod
1632 2025 1772 2066 nunc
1798 2025 1922 2066 caro
1945 2020 2145 2069 etsan-

555 2094 675 2165 guis
718 2105 835 2161 est,
882 2095 1135 2165 praedicat
1178 2097 1274 2169 (a).
1318 2098 1374 2153 In
1406 2101 1613 2169 qualem
1641 2113 1880 2156 naturam
1909 2104 2147 2175 quisquis

559 2184 697 2241 hanc
722 2200 937 2243 carnem
965 2189 1201 2243 converti
1234 2204 1389 2259 posse
1416 2207 1519 2245 non
1551 2192 1754 2260 credit,
1783 2194 2033 2263 gradibus
2052 2195 2149 2251 du-

554 2286 763 2343 cendus
805 2297 888 2343 est
932 2287 1000 2343 ad
1040 2288 1217 2344 fidem.
1261 2289 1317 2345 Si
1354 2292 1494 2345 enim
1536 2292 1603 2346 ab
1641 2307 1707 2347 eo
1735 2307 1944 2363 quaeras
1971 2304 2146 2352 utrum

557 2385 703 2434 terra
746 2379 798 2434 in
840 2396 1030 2450 aquam
1070 2381 1238 2452 possit
1272 2382 1547 2449 converti;
1578 2392 1797 2453 propter
1822 2386 2148 2444 vicinitatem

560 2485 668 2527 non
709 2471 757 2527 ei
801 2472 1007 2527 videtur
1038 2472 1366 2528 incredibile.
1398 2473 1627 2530 Rursum
1658 2476 1701 2529 si
1732 2492 1941 2548 quieras
1971 2488 2147 2536 utrum

560 2574 700 2633 aqua
740 2564 909 2635 possit
944 2564 997 2619 in
1024 2579 1203 2620 aerem
1228 2583 1243 2632 ;
1273 2581 1443 2637 neque
1470 2567 1569 2623 hoc
1595 2568 1885 2627 absurdum
1910 2586 2030 2629 esse
2056 2589 2145 2629 re-

563 2656 833 2726 spondet;
866 2658 1035 2712 vicina
1063 2659 1203 2713 enim
1230 2667 1354 2716 sunt
1377 2660 1497 2717 sibi.
1529 2662 1592 2717 Et
1620 2661 1688 2719 de
1716 2676 1840 2722 aere
1866 2665 1911 2723 si
1936 2682 2149 2739 quaera-

1403 342 1775 402 ADMONITIO
1817 343 1880 400 IN
1927 339 2183 401 LIBRUM
2233 339 2321 414 QE
2360 337 2515 415 ['le
2554 339 2643 398 ΕΤ
2670 333 3029 400 OPERIBUS.
3418 300 3435 307 -
3686 340 3781 427 tes

2241 443 2327 489 tur
2349 443 2522 489 utrum
2546 436 2596 490 in
2623 436 2909 493 mthereum
2936 452 3128 509 corpus
3147 478 3165 507 ,
3191 435 3245 505 id
3263 446 3350 507 est
3366 482 3380 507 ,
3400 445 3609 513 ccplesle
3624 439 3786 513 possit

2244 526 2469 593 mutari;
2506 526 2616 598 jam
2646 527 2756 599 ipsa
2783 530 3023 585 vicinitas
3051 530 3351 602 persuadet.
3383 530 3531 600 Quod
3552 546 3675 604 ergo
3700 547 3790 605 per

2242 617 2341 676 hos
2379 620 2572 693 gradus
2610 620 2725 678 ﬁeri
2765 638 2920 694 posse
2954 625 3233 690 concedit,
3272 631 3331 680 ut
3361 633 3500 695 terra
3534 625 3583 679 in
3614 641 3794 698 corpus

2244 711 2531 767 mthereum
2557 722 2894 770 convertatur
2918 756 2933 783 ,
2961 730 3054 771 cur
3080 732 3184 772 non
3204 716 3489 774 accedente
3508 718 3600 774 Dei
3619 720 3796 775 volun-

2248 812 2351 861 tate
2371 847 2386 873 ,
2417 820 2517 876 qua
2549 822 2739 879 corpus
2769 808 3054 864 humanum
3076 824 3234 881 supra
3258 826 3420 882 aquas
3441 810 3605 881 potuit
3628 810 3799 867 ambu-

2244 896 2356 952 lare
2375 940 2389 966 ,
2418 898 2696 955 celerrime
2721 898 2773 955 id
2797 900 2908 955 ﬁeri
2936 915 3091 971 posse
3112 943 3125 966 ,
3149 900 3595 973 quemadmodum
3614 901 3803 958 dictum

2244 999 2325 1044 est
2345 1031 2359 1055 ,
2404 991 2455 1044 in
2492 991 2590 1046 ictu
2617 993 2782 1061 oculi,
2816 994 2930 1049 sine
2960 992 3081 1049 ullis
3109 993 3303 1049 talibus
3332 993 3581 1066 gradibus
3607 994 3803 1061 credit,

2246 1081 2381 1137 sicut
2426 1083 2733 1155 plerumque
2779 1084 2954 1140 fumus
2998 1086 3052 1142 in
3091 1087 3356 1142 ﬂammam
3391 1088 3525 1143 mira
3552 1087 3809 1143 celeritate

2243 1173 2615 1228 convertitur?
2662 1174 2799 1230 Caro
2839 1177 2979 1231 cnim
3020 1188 3198 1232 nostra
3225 1177 3404 1247 utique
3433 1193 3502 1233 ex
3528 1185 3662 1233 terra
3690 1185 3766 1231 est
3795 1191 3808 1230 :

2246 1266 2548 1338 philOSOphi
2586 1277 2761 1323 autem
2781 1310 2795 1335 ,
2828 1284 3051 1340 quormn
3081 1271 3404 1341 argumentis
3428 1271 3620 1341 smpius
3644 1286 3816 1325 resur-

2249 1357 2469 1413 rectioni
2522 1360 2698 1413 carnis
2755 1359 3049 1428 resistitur,
3102 1361 3295 1432 quibus
3341 1370 3587 1417 asserunt
3625 1361 3818 1417 nullum

2249 1463 2366 1506 esse
2410 1465 2567 1521 posse
2613 1459 2878 1508 terrenum
2909 1468 3098 1523 corpus
3127 1453 3177 1507 in
3210 1453 3345 1509 coelo
3368 1493 3382 1519 ,
3410 1451 3681 1523 quodlibet
3704 1468 3818 1507 cor-

2248 1554 2347 1610 pus
2385 1540 2437 1595 in
2485 1556 2641 1597 omne
2666 1557 2858 1613 corpus
2884 1545 3120 1599 converti
3150 1553 3201 1600 et
3230 1544 3421 1598 mutari
3451 1558 3612 1615 posse
3638 1558 3824 1598 conce-

2249 1629 2399 1687 dunt.
2438 1631 2549 1700 Qua
2577 1635 2815 1705 corporis
2852 1636 3243 1691 resurrectione
3279 1634 3416 1690 facta
3442 1674 3457 1700 ,
3505 1650 3536 1691 a
3576 1634 3820 1705 temporis

2248 1724 2555 1780 conditione
2601 1724 2840 1793 liberati,
2890 1737 3084 1783 reterna
3129 1730 3237 1783 vita
3280 1726 3537 1795 ineffabili
3578 1726 3825 1782 charitate

2250 1824 2413 1887 atque
2442 1817 2727 1873 stabilitate
2754 1819 2869 1874 sine
2890 1819 3231 1889 corruptione
3263 1819 3597 1891 perlruemur
3617 1820 3656 1871 ¹.
3684 1817 3825 1872 Tunc

2250 1910 2395 1967 enim
2444 1911 2534 1965 ﬁet
2574 1909 2703 1965 illud
2733 1911 2871 1983 quod
2898 1913 3152 1983 scriptum
3179 1921 3261 1967 est
3288 1928 3302 1967 :
3332 1911 3583 1983 Absorpto
3607 1920 3680 1965 est
3703 1925 3829 1965 mors

2252 2000 2304 2054 in
2349 2000 2627 2055 victoriam.
2680 1999 2779 2057 Ubi
2817 2011 2886 2058 est
2910 2042 2926 2070 ,
2970 2019 3102 2057 mors
3126 2043 3140 2068 ,
3182 2002 3390 2057 aculeus
3428 2001 3588 2056 tuus?
3614 2000 3697 2055 ubi
3721 2008 3791 2055 est
3811 2039 3825 2067 ,

2252 2108 2419 2161 mors,
2448 2095 2695 2149 contentio
2723 2104 2808 2148 tua
2838 2094 2879 2167 (Ι
2909 2094 3028 2150 Cor.
3061 2111 3149 2161 xv,
3180 2096 3282 2164 '59,
3312 2095 3408 2162 40,
3438 2093 3669 2165 50-54)ἳ

2324 2203 2415 2259 25.
2465 2205 2589 2260 llam
2631 2215 2712 2262 est
2754 2205 2887 2261 ﬁdes
2929 2221 3045 2276 quae
3082 2207 3265 2276 paucis
3309 2206 3487 2262 verbis
3526 2202 3752 2260 tenenda
3782 2202 3830 2258 in

2253 2296 2505 2367 Symbolo
2546 2298 2767 2352 novellis
2801 2297 3102 2354 ehristianis
3131 2297 3301 2352 datur.
3332 2296 3459 2365 Qua:
3488 2310 3652 2366 pauca
3680 2293 3832 2350 verba

2256 2387 2500 2443 ﬁdelibus
2540 2397 2664 2443 nota
2708 2398 2857 2456 sunt,
2904 2398 2961 2443 ut
2997 2389 3266 2445 credendo
3303 2388 3652 2459 subjugentur
3698 2387 3832 2452 Deo,

2256 2479 2518 2551 Subjugati
2558 2490 2702 2536 recte
2738 2482 2952 2547 vivant,
2998 2491 3141 2537 recte
3167 2481 3393 2537 vivendo
3417 2495 3511 2537 cor
3538 2479 3795 2545 mundcnt
3816 2517 3832 2547 ,

2254 2570 2417 2628 corde
2441 2570 2695 2627 mundato
2718 2571 2858 2645 quod
2884 2572 3106 2628 credunt
3132 2572 3444 2642 intelligant.

2320 2725 2342 2758 ³
2376 2722 2563 2796 Aliquot
2593 2731 2746 2796 μεθέν.
2760 2738 2933 2796 terres
2976 2737 3007 2796 ρ
3029 2725 3255 2796 temporis
3286 2723 3557 2796 φηάίιέοηε
3589 2720 3836 2775 “tam

626 2769 701 2833 (a)
734 2775 978 2823 tnetract.
1004 2784 1109 2835 cap.
1132 2772 1210 2824 17.

2256 2769 2567 2853 φριεγῆἇῖἶᾶ
2584 2769 2825 2851 innuis
2844 2769 3407 2851 earumearum}:

1504 3233 1585 3300 IN
1626 3237 1928 3302 LIBRUM
1967 3240 2074 3303 DE
2116 3241 2303 3302 FIDE
2347 3243 2448 3304 ET
2492 3216 2894 3307 ornamus.

1991 3381 2395 3419 m

641 3477 724 3536 Ad
750 3479 958 3535 initium
984 3479 1107 3535 anni
1131 3479 1237 3537 415
1261 3478 1571 3536 referendus
1599 3489 1682 3537 est
1708 3482 1807 3538 iste
1830 3481 1983 3538 liber.
2017 3482 2072 3537 In
2103 3499 2168 3540 eo
2196 3484 2336 3540 enim
2368 3486 2691 3557 Augustinus
2720 3486 2913 3544 librum
2948 3487 3016 3544 de
3050 3486 3249 3561 Spiritu
3274 3495 3329 3543 et
3353 3483 3580 3555 Littera,
3608 3485 3699 3558 qui
3734 3482 3830 3561 sub

564 3574 693 3630 anni
722 3572 827 3629 412
854 3572 1012 3628 linem
1040 3573 1255 3644 prodiit,
1289 3589 1319 3627 a
1349 3588 1407 3627 se
1437 3574 1593 3642 paulo
1620 3583 1743 3628 ante
1790 3576 2043 3644 scriptum
2071 3587 2455 3633 commemorat
2492 3581 2662 3651 capite
2691 3582 2757 3636 14
2789 3598 2805 3637 :
2844 3579 3024 3651 Modo,
3057 3581 3165 3649 ait,
3195 3581 3259 3637 de
3294 3580 3389 3635 hac
3416 3581 3698 3652 quaestione
3724 3594 3841 3651 pro-

565 3667 731 3725 lixum
754 3667 937 3721 librum
967 3666 1120 3732 edidi,
1161 3667 1246 3735 qui
1272 3665 1577 3733 inscribitur,
1616 3666 1679 3719 de
1708 3665 1898 3721 Littera
1937 3677 1983 3721 et
2031 3669 2251 3738 Spiritu.
2286 3671 2573 3747 Propterea
2622 3675 2675 3729 in
2712 3674 2945 3729 Retract.
2992 3673 3029 3728 2
3068 3675 3334 3731 recensito
3375 3674 3570 3731 eodem
3611 3674 3753 3729 libro
3778 3671 3843 3730 de

563 3757 769 3830 Spiritu
803 3766 857 3814 et
892 3758 1110 3823 Littera,
1156 3772 1280 3811 mox
1308 3757 1360 3810 in
1399 3772 1521 3812 eum
1552 3754 1639 3827 qui
1671 3757 1737 3812 de
1763 3757 1893 3815 Fide
1929 3767 1983 3815 et
2008 3758 2270 3831 Operibus
2298 3772 2408 3831 est,
2450 3765 2881 3821 retractationem
2920 3764 3147 3835 subjecit
3180 3765 3232 3821 in
3264 3764 3379 3820 lucc
3399 3764 3564 3821 verba
3596 3763 3848 3822 :lnterea

564 3850 720 3907 missa
744 3858 859 3905 sunt
880 3851 1002 3904 mihi
1031 3867 1063 3904 α
1090 3850 1389 3920 quibusdam
1414 3850 1745 3919 fratribus....
1774 3853 1962 3923 scripta
1992 3853 2241 3909 nonnulla
2269 3870 2289 3909 :
2318 3870 2382 3912 ea
2413 3857 2659 3912 nimirum
2686 3873 2803 3928 quae
2835 3856 3128 3912 refellenda
3153 3857 3240 3913 hic
3272 3856 3531 3928 suscepit.

638 3941 846 4015 Scripta
871 3958 999 3999 vero
1025 3943 1114 3998 illa
1143 3943 1380 3999 eruditus
1406 3943 1694 4000 Garnerius
1724 3945 1775 3999 in
1803 3946 2029 4017 append.
2068 3946 2133 4003 ad
2166 3947 2191 4002 1
2224 3957 2369 4019 part.
2400 3950 2561 4021 Oper.
2604 3950 2674 4005 Μ.
2704 3949 3030 4016 Mercatoris,
3074 3964 3195 4022 pag.
3241 3950 3364 4018 H7,
3394 3958 3584 4009 censet
3611 3964 3723 4007 non
3748 3949 3847 4007 alia

568 4037 755 4106 fuisse,
786 4053 945 4109 quam
974 4053 1093 4109 quae
1133 4036 1485 4107 Hieronymus
1514 4037 1623 4093 sive
1654 4038 1705 4092 in
1736 4037 1923 4093 Isaiam
1949 4040 2131 4109 edidit,
2164 4041 2283 4098 sive
2310 4042 2363 4096 in
2392 4042 2654 4112 Epistolas
2685 4042 2862 4109 Pauli;
2893 4050 2947 4097 et
2981 4051 3221 4113 sumptas
3250 4041 3316 4098 ab
3344 4041 3675 4114 Hieronymo
3701 4042 3846 4098 arbi-

569 4136 739 4187 tratur
765 4129 1085 4201 quaestiones
1123 4129 1241 4183 illas
1280 4137 1406 4195 tres,
1432 4143 1563 4198 quas
1601 4128 1689 4185 hic
1728 4132 2073 4202 Augustinus,
2105 4132 2266 4188 tacito
2290 4132 2536 4198 nomine,
2565 4149 2671 4204 pra:
2696 4134 2990 4202 reverentia,
3020 4133 3208 4204 inquit,
3248 4134 3371 4190 tanti
3409 4133 3536 4202 uiri,
3571 4142 3769 4199 tractat
3794 4140 3846 4203 et

568 4221 781 4279 refellit.
807 4221 1120 4292 Opinionem
1159 4219 1296 4275 hanc
1320 4233 1417 4275 nos
1441 4219 1757 4277 confirmare
1786 4237 1892 4277 non
1927 4222 2202 4278 audemus.
2249 4221 2381 4279 Nam
2417 4224 2560 4294 quod
2604 4233 2809 4295 spectat
2837 4225 3188 4295 quaestionem
3226 4226 3473 4297 primam,
3506 4241 3629 4299 quae
3667 4233 3752 4283 est
3786 4222 3849 4279 de

569 4316 818 4373 omnibus
843 4316 976 4371 citra
1016 4314 1305 4372 discrimen
1342 4314 1684 4370 admittendis
1714 4314 1781 4370 ad
1810 4316 2158 4388 Baptismum,
2188 4315 2261 4371 ita
2289 4326 2343 4372 ut
2371 4315 2599 4372 adulteri
2637 4333 2735 4374 nec
2769 4317 2868 4389 ipsi
2903 4320 3228 4391 repellantur
3264 4320 3374 4375 noti
3407 4334 3471 4377 ac
3524 4321 3846 4395 pertinaces.

568 4416 663 4490 qui
690 4417 850 4470 vitam
900 4424 1107 4470 mutare
1150 4413 1368 4479 nolunt,
1402 4411 1535 4467 nihil
1580 4412 1634 4466 in
1669 4411 1996 4484 Hieronymo
2037 4421 2452 4469 consentaneum
2501 4410 2623 4467 huic
2665 4412 2835 4468 errori
2885 4413 3208 4470 deteximns.
3260 4412 3344 4469 Ad
3390 4414 3687 4470 secundam
3727 4427 3850 4469 vero

571 4510 942 4579 quaestionem,
970 4524 1073 4580 qua
1115 4521 1427 4580 perversum
1458 4519 1521 4560 ac
1549 4514 1930 4577 praeposterum
1975 4505 2271 4573 dicebatur,
2308 4504 2454 4576 prius
2481 4521 2691 4561 morum
2727 4505 3148 4563 Christianorum
3177 4506 3479 4565 doctrinam
3519 4509 3761 4573 tradere,
3790 4519 3851 4562 ac

571 4601 764 4659 deinde
789 4604 1091 4674 baptizare;
1121 4601 1173 4657 id
1216 4606 1396 4672 posset
1441 4597 1596 4654 facile
1638 4598 1873 4669 pertrahi
1904 4598 2044 4669 quod
2086 4597 2440 4668 Hieronymus
2482 4599 2537 4655 in
2575 4599 2762 4655 Matth.
2807 4616 2926 4672 cap.
2969 4600 3038 4657 28
3074 4601 3285 4672 scripsit
3322 4618 3335 4653 :
3381 4599 3523 4656 Ordo
3565 4601 3850 4673 proximius

565 4696 722 4767 jussit
770 4695 1025 4767 Apostolis
1069 4703 1125 4749 ut
1177 4694 1397 4763 primunt
1443 4690 1675 4745 docerent
1718 4691 1975 4745 universas
2028 4698 2216 4762 gentes,
2271 4688 2452 4743 deinde
2478 4689 2597 4759 ﬁdei
2624 4690 2927 4763 intingerent
2972 4700 3308 4760 sacramento,
3339 4699 3385 4746 et
3433 4701 3550 4763 post
3593 4693 3748 4761 ﬁdem
3793 4704 3852 4742 ac

572 4787 853 4861 Baptisma,
894 4802 1006 4860 qua:
1038 4795 1198 4841 essent
1242 4783 1551 4841 observanda
1594 4782 1939 4854 prwciperent.
1987 4783 2301 4852 Quanquam
2345 4780 2481 4838 forte
2517 4784 2634 4854 pius
2669 4784 2931 4854 interpres
2964 4784 3183 4839 minime
3224 4782 3443 4839 curabat
3486 4799 3555 4841 ne
3585 4784 3852 4857 Baptismo

571 4883 1000 4956 praemitteretur,
1030 4878 1123 4936 sed
1155 4886 1357 4934 tantum
1386 4891 1455 4932 ne
1492 4875 1707 4931 omnino
1735 4876 2229 4945 praetermitteretur
2257 4890 2463 4932 morum
2488 4875 2748 4944 doctrina,
2779 4875 3034 4933 tradenda
3059 4885 3207 4933 certe
3231 4877 3312 4932 vel
3341 4885 3465 4947 post
3501 4877 3846 4951 Baptismum,

572 4986 627 5034 et
653 4975 929 5047 baptizatis
962 4972 1313 5030 observanda.
1346 4971 1450 5027 Pro
1490 4972 1643 5027 tertia
1671 4969 1883 5047 demum
1910 4970 2225 5041 quaestione,
2270 4985 2388 5042 qua:
2418 4969 2513 5026 fuit
2549 4969 2616 5024 de
2658 4969 2966 5041 baptizatis,
3004 4970 3213 5026 etiamsi
3255 4984 3435 5026 mores
3462 4970 3852 5042 quantumlibet

575 5070 844 5142 improbos
882 5067 1167 5125 emendare
1210 5064 1500 5131 noluerint,
1549 5079 1643 5134 per
1686 5062 1842 5118 tidem
1882 5060 2168 5128 salvandis,
2212 5062 2476 5133 profertur
2524 5060 2649 5116 illud
2685 5077 2749 5115 ex
2787 5061 2903 5132 ejus
2942 5059 3152 5133 dialogo
3190 5063 3214 5117 1
3261 5062 3524 5119 adversus
3557 5064 3763 5135 Pelag.:
3792 5061 3850 5117 Si

580 5163 820 5234 Origenes
853 5177 1023 5218 omnes
1051 5158 1375 5213 rationabiles
1405 5167 1661 5211 creaturas
1698 5156 1817 5210 dicit
1846 5173 1945 5210 non
1976 5173 2080 5212 esse
2120 5154 2421 5225 perdendos,
2456 5164 2503 5210 et
2543 5153 2743 5209 diabolo
2772 5155 2941 5210 tribuit
2971 5156 3346 5231 paenitentiam;
3374 5158 3500 5225 quid
3531 5159 3604 5227 ad
3632 5175 3743 5227 nos,
3769 5157 3851 5227 qui

578 5265 626 5311 et
655 5254 909 5310 diabolum
937 5262 983 5307 et
1026 5251 1266 5308 satellites
1291 5251 1401 5321 ejus
1432 5266 1698 5321 omnesque
1741 5249 1924 5320 impios
1972 5259 2019 5304 et
2069 5248 2471 5319 prtevaricatores
2513 5247 2725 5303 dicimus
2767 5250 2931 5319 perire
2971 5259 3234 5323 perpetuo,
3269 5260 3316 5305 et
3346 5250 3687 5319 Christianos,
3722 5251 3767 5306 si
3799 5250 3847 5304 in

542 5340 545 5343 ’
578 5356 780 5421 peccato
807 5347 1041 5419 prteveuti
1079 5346 1285 5418 fuerint,
1327 5342 1593 5417 salvondos
1623 5358 1729 5396 esse
1757 5350 1867 5413 post
1895 5342 2109 5412 pinnas?
2134 5340 2199 5394 Et
2220 5354 2284 5394 ex
2310 5336 2717 5394 Commentariis
2747 5340 2800 5395 in
2830 5339 2952 5397 lsai.
2989 5341 3108 5407 ult.,
3148 5340 3293 5397 Sicut
3332 5340 3525 5411 diaboli
3548 5350 3597 5415 et
3628 5340 3850 5409 omnium

576 5450 871 5515 negatorum
903 5449 1049 5510 atque
1079 5437 1369 5510 impiorum,
1400 5434 1482 5505 qui
1513 5434 1747 5488 dixerunt
1774 5434 1825 5486 in
1857 5433 2008 5487 corde
2028 5449 2138 5497 suo,
2169 5430 2284 5486 Non
2312 5438 2391 5485 est
2421 5429 2555 5487 Deus
2586 5428 2755 5500 (Psat.
2799 5448 2918 5500 xm,
2951 5432 3027 5505 1),
3070 5434 3317 5509 credimus
3355 5443 3545 5507 wterna
3569 5443 3851 5515 tormenta;

578 5537 653 5593 sic
673 5543 983 5606 peccatorum
999 5540 1143 5601 atque
1161 5530 1453 5599 impiorum,
1477 5536 1523 5580 et
1544 5536 1707 5580 tamen
1729 5525 2133 5587 Christianorum,
2152 5539 2363 5595 quorum
2381 5538 2531 5591 Opera
2542 5522 2596 5577 in
2614 5524 2727 5595 igne
2742 5525 3002 5596 probanda
3016 5534 3164 5599 atque
3178 5528 3443 5599 purganda
3457 5535 3598 5597 sunt,
3620 5527 3851 5611 mederi»-

581 5639 685 5688 tam
709 5630 1010 5685 arbitramur
1038 5634 1082 5682 et
1125 5626 1335 5679 mixtam
1363 5621 1639 5677 clementia:
1658 5620 1951 5675 sententiam
1955 5618 2165 5689 judicia.
2196 5617 2319 5673 Hzec
2346 5624 2520 5672 tamen
2546 5617 2777 5691 theologi
2806 5621 2922 5688 alii,
2945 5629 2999 5676 et
3038 5620 3230 5675 similia
3257 5621 3301 5675 si
3330 5636 3430 5691 qua
3459 5629 3589 5677 sunt
3614 5622 3755 5690 loca,
3784 5634 3853 5677 eo

574 5731 741 5798 pacto
764 5720 1049 5791 explicant,
1078 5717 1223 5781 utab
1252 5715 1342 5771 illo
1368 5729 1582 5782 errore,
1626 5711 1717 5784 qui
1737 5710 1963 5782 graviter
1992 5709 2172 5765 itidem
2210 5709 2265 5765 in
2296 5708 2623 5781 Enehiridio,
2669 5710 2910 5782 libroque
2947 5711 3017 5767 de
3043 5711 3268 5767 Civitate
3299 5714 3387 5768 Dei
3424 5713 3488 5767 2t
3522 5700 3849 5801 confirming,

544 5780 877 5899 iilefepdant
895 5780 1297 5887 Hiermymum.
1322 5807 1418 5875 Cui
1442 5823 1541 5865 nec
1568 5780 1663 5864 nos
1688 5780 1933 5878 putamus
1959 5801 2233 5861 tribuenda
2257 5803 2433 5861 omnia
2463 5780 2772 5875 argumenta
2940 5800 2995 5859 in
3020 5806 3264 5875 praesenti
3289 5819 3448 5879 opere
3468 5780 3842 5878 diluugttni,
