4046 6332
303 383 396 443 197
1057 373 1146 435 DE
1185 369 1342 434 FIDE
1381 367 1472 434 ET
1508 374 1861 442 OPERIBUS,
1899 373 1958 433 S.
1997 370 2364 458 AUGUSTle
2403 371 2606 458 LIBER
2643 369 2843 435 UNUS.

3483 373 3588 441 l98

300 494 509 566 quidem
538 491 923 563 prsetermissis
947 490 1014 547 ab
1037 492 1331 562 Augustino
1376 491 1440 546 iis
1484 489 1775 561 Scriptura:
1805 490 2149 557 testimoniis,
2181 490 2371 560 quibus
2402 489 2755 564 Hieronymus
2797 489 2850 546 in
2889 487 3076 546 Isaiam
3114 489 3361 550 observat
3386 493 3462 551 uti
3491 510 3586 552 eos

299 585 388 657 qui
420 582 613 639 volunt
637 591 978 654 peccatorum
1010 582 1294 652 aliquando
1321 582 1460 638 finiri
1493 581 1776 653 supplicia.

367 678 518 735 Libri
577 678 651 733 de
679 677 814 736 Fide
857 687 914 734 et
950 677 1213 748 Operibus
1248 677 1491 732 meminit
1527 675 1853 746 Augustinus
1894 675 1949 732 in
1991 673 2320 744 Enchiridio,
2349 689 2467 746 cap.
2513 676 2621 745 67;
2667 675 2720 732 in
2765 675 2901 733 libro
2925 675 2994 734 de
3027 685 3151 736 octo
3191 678 3587 746 Quaestionibu;

298 773 531 837 Dulcitii,
561 781 757 843 quiest.
792 773 844 840 l,
871 787 927 827 n.
956 772 1019 836 2;
1051 779 1107 828 et
1131 772 1184 827 in
1230 771 1452 842 epistola
1477 768 1605 838 205,
1633 769 1700 824 ad
1718 768 2087 837 Consentium,
2112 785 2165 824 n.
2199 769 2286 825 l8.
2877 797 2880 800 λ

373 887 460 948 In
485 883 720 949 libr-um
737 887 816 948 de
836 885 989 949 Fide
1017 890 1080 950 et
1103 882 1419 968 Op'eribus
1442 884 1581 949 vide
1612 881 1718 947 lib.
1743 883 1802 953 2,
1826 883 2079 964 οαρ.38,
2109 885 2680 960 Retractationum,
2707 891 2854 950 tom.
2879 887 2940 965 1,
2973 887 3093 952 eoi.
3123 887 3268 966 6&6,
3299 911 3338 953 a
3359 890 3581 961 verbis,

291 985 555 1088 Interea
581 986 787 1053 missa
815 990 992 1064 sunt,
1020 1005 1212 1069 usque
1239 985 1320 1050 ad
1347 983 1554 1062 verba,
1579 984 1979 1062 Quibusdam
2011 983 2284 1048 videtur.
2367 985 2454 1048 M.

333 1133 3571 1194 ξω

698 1489 710 1499 ,
792 1298 958 1450 s.
1060 1296 1882 1444 AURELII
1983 1177 3284 1456 Amisit—iv?

373 1573 400 1592 Ι..

1280 1535 2028 1624 HIPPONENSIS
2083 1536 2615 1626 EPISCOPI

311 1573 468 1714 ·
579 1690 910 1856 DE
982 1555 1891 1944 Ριίῗίέωἷὲί

1999 1566 2028 1750 ῖ
2075 1555 3280 1868 ῗῖἷῖἕίὶιιξυδ

1358 1960 1839 2076 LIBER
1945 1963 2064 2072 [Γ
2046 1964 2197 2074 Ν
2207 1966 2382 2077 US
2428 1968 2558 2080 (α).

1692 2131 2197 2212 ww

346 2273 615 2351 “fellis!
627 2285 768 2351 error.
786 2271 1114 2351 Ψέονὲφᾳέἓὶ
1128 2269 1309 2351 ίῖξυξίῗξ
1326 2277 1608 2351 εει-ΨΒ
1619 2271 2716 2351 ΕΞΨῩΨῘῨΨΞΞ,ἶεὲρημίὲῖίὲηὲξίθίὲδὲτθῑὲ
2739 2279 3061 2351 “ﬁniendos
3089 2283 3147 2351 ad
3172 2288 3477 2351 Baptismm.
3499 2291 3594 2342 slo-

281 2349 388 2411 qtre
413 2350 532 2411 esse
552 2333 830 2411 tolerandos
845 2339 897 2411 in
914 2335 1124 2411 Ecclesia
1146 2333 1395 2411 maloszgut
1413 2333 2494 2411 ponhnegligaturheoelesiasticadisciplina;
2517 2338 2564 2399 2,
2590 2342 2881 2411 Baptizandis
2912 2333 3393 2411 non’soliusfideivfs‘

3395 2352 3456 2402 ed
3478 2353 3592 2403 vita:

283 2395 441 2470 etiam
463 2401 735 2470 christiana}
756 2399 1018 2451 tradendas
1031 2411 1144 2449 esse
1167 2396 1394 2462 regulas;
1413 2396 1460 2459 5,
1488 2395 1751 2461 Baptiratbs
1771 2395 1989 2460 domum,
2015 2397 2109 2447 nisi
2141 2398 2288 2449 vitam
2308 2395 2490 2452 malam
2505 2395 2752 2466 mutarint,
2779 2419 3024 2470 nunquam
3042 2395 3340 2462 adsulqu
3356 2395 3592 2466 ﬁer-nat;

278 2457 382 2513 ile
406 2460 514 2513 sola
537 2468 877 2526 perventuros.

351 2568 589 2627 CAPUT
631 2566 913 2625 PRIMUM.
939 2597 1010 2609 —
1036 2567 1089 2623 i.
1112 2564 1279 2622 Error
1302 2564 1642 2637 quorumdam
1680 2566 1888 2637 triplex.

280 2660 483 2720 Omnes
537 2661 605 2715 ad
660 2659 980 2732 Baptismum
1033 2659 1162 2713 citra
1224 2658 1497 2714 discrimen
1547 2657 1890 2720 admittendos

279 2755 531 2812 sentiunt.
561 2752 890 2822 Quibusdam
916 2751 1124 2808 videtur
1151 2747 1436 2807 indiscrete
1473 2764 1661 2806 omnes
1679 2750 1878 2807 admit-

279 2846 485 2904 tendos
538 2859 659 2902 esse
685 2844 752 2900 ad
783 2845 1048 2899 lavacrum
1072 2842 1516 2914 regenerationis,
1548 2857 1670 2914 quae
1710 2851 1793 2898 est
1834 2842 1889 2898 in

279 2935 504 2993 Christo
531 2936 665 2993 Jesu
700 2934 926 2992 Domino
955 2943 1159 2999 nostro,
1187 2931 1398 2988 etiamsi
1427 2931 1618 2988 malam
1653 2941 1890 3004 turpem-

279 3047 388 3104 que
439 3032 608 3086 vitam
653 3029 980 3085 facinoribus
1007 3037 1062 3084 ct
1086 3026 1300 3099 flagitiis
1341 3026 1758 3085 evidentissimis
1786 3043 1887 3082 no-

280 3125 437 3182 tam‘
472 3132 686 3180 mutare
725 3122 1014 3187 noluerint,
1057 3105 1216 3192 atque
1256 3120 1310 3175 in
1340 3135 1400 3176 ea
1432 3135 1492 3176 se
1521 3127 1891 3191 perseveratu-

282 3232 377 3274 ros
420 3227 613 3290 aperta
655 3217 815 3274 etiam
856 3215 1192 3290 professione
1233 3213 1685 3272 declaraverint'.
1728 3215 1892 3274 Verbi

282 3313 483 3390 gratia,
518 3311 565 3367 si
604 3310 885 3383 quisquam
917 3307 1190 3366 meretrici
1226 3307 1486 3374 adhaeret,
1516 3322 1622 3365 non
1667 3307 1718 3362 ei
1742 3307 1890 3378 prius

283 3404 637 3474 pmcipiatur
664 3412 722 3457 ut
760 3402 828 3457 ab
862 3416 926 3458 ea
955 3400 1215 3470 discedat,
1240 3409 1294 3457 et
1321 3411 1446 3458 tunc
1471 3399 1650 3458 veniat
1687 3398 1756 3456 ad
1791 3400 1892 3456 Ba-

284 3497 568 3568 ptismum,
601 3495 696 3554 sed
724 3496 886 3553 etiam
911 3510 1032 3552 cum
1051 3509 1116 3552 ea
1143 3508 1365 3551 manens
1394 3508 1810 3564 mansurumque
1829 3509 1892 3552 se

284 3585 574 3644 confidens
590 3588 634 3656 ³,
671 3602 770 3645 seu
799 3588 962 3644 etiam
983 3585 1265 3658 profiteris,
1295 3586 1610 3642 admittatur
1633 3596 1687 3642 et
1711 3585 1891 3657 bapti-

284 3691 465 3750 zetur,
489 3696 597 3736 nec
621 3679 940 3752 impediatur
967 3680 1081 3735 fieri
1111 3678 1411 3734 membrum
1437 3677 1659 3746 Christi,
1679 3677 1892 3734 etiamsi

285 3775 599 3834 membrum
629 3774 930 3832 meretricis
958 3789 1079 3832 esse
1106 3772 1399 3844 perstiterit
1429 3770 1471 3845 (Ι
1492 3770 1610 3829 Cor.
1643 3787 1717 3838 vt,
1748 3771 1838 3844 15)
1873 3789 1887 3827 :

286 3866 384 3943 sed
418 3875 607 3938 postea
657 3864 918 3922 doceatur
967 3879 1124 3936 quam
1165 3862 1368 3919 sithoc
1412 3863 1632 3929 malum,
1672 3861 1892 3933 jamque

287 3958 598 4031 baptizatus
626 3959 695 4015 de
717 3958 987 4016 mutandis
1015 3958 1067 4014 in
1089 3957 1282 4015 melius
1309 3957 1548 4013 moribus
1575 3957 1889 4014 instruatur.

286 4049 618 4110 Perversum
662 4053 806 4108 enim
856 4058 1042 4122 putant
1082 4058 1240 4122 atque
1285 4058 1696 4121 praeposterum,
1745 4050 1893 4120 prius

289 4143 494 4202 docere
538 4141 989 4217 quemadmodum
1019 4141 1211 4198 debeat
1246 4141 1424 4197 vivere
1465 4140 1808 4208 christianus,
1838 4151 1894 4198 et

289 4239 492 4295 deinde
518 4237 802 4310 baptizari.
833 4236 940 4292 Sed
967 4243 1190 4294 censent
1219 4233 1524 4306 praecedere
1558 4234 1758 4292 debere
1793 4234 1893 4290 Ba-

290 4332 475 4404 ptismi
525 4340 943 4394 sacramentum,
993 4337 1051 4384 ut
1093 4326 1286 4383 deinde
1331 4337 1584 4398 sequatur
1627 4327 1748 4383 vita:
1779 4342 1893 4383 m0-

289 4440 524 4496 rumque
556 4424 799 4480 doctrina
841 4441 855 4478 :
897 4437 1055 4494 quam
1093 4423 1138 4478 si
1185 4432 1368 4478 tenere
1406 4431 1460 4477 et
1502 4420 1773 4478 custodire
1804 4435 1894 4478 vo-

292 4516 480 4585 luerit,
530 4517 732 4572 utiliter
776 4514 996 4583 fecerit;
1049 4516 1094 4570 si
1150 4523 1326 4570 autem
1379 4513 1642 4581 noluerit,
1686 4518 1893 4568 retenta

295 4610 402 4669 fide
434 4609 749 4678 christiana,
781 4611 898 4665 sine
926 4624 1030 4680 qua
1061 4609 1114 4663 iu
1141 4616 1399 4663 aeternum
1430 4606 1646 4676 periret,
1673 4605 1728 4660 in
1758 4619 1893 4675 quo-

295 4701 432 4758 libet
485 4701 692 4758 scelere
749 4698 1194 4770 immunditiaque
1238 4697 1624 4768 permanserit,
1681 4695 1893 4750 salvum

293 4810 420 4852 eum
459 4793 698 4852 futurum
730 4801 984 4877 tanquam
1008 4807 1102 4864 per
1129 4791 1325 4862 ignem,
1365 4790 1510 4845 velut
1537 4788 1625 4859 qui
1658 4786 1893 4842 aedifica-

2000 2568 2135 2624 verit
2164 2583 2328 2638 super
2355 2570 2756 2628 fundamentum
2795 2575 2937 2646 quod
2966 2585 3043 2632 est
3072 2575 3334 2648 Christus,
3358 2595 3465 2636 non
3489 2594 3588 2638 au-

1997 2673 2138 2727 rum,
2177 2674 2478 2734 argentum,
2519 2663 2721 2735 lapides
2747 2668 3032 2736 pretiosos,
3067 2669 3161 2726 sed
3192 2669 3356 2742 ligna,
3385 2671 3588 2740 fenum,

1994 2752 2244 2822 stipulam
2268 2755 2311 2827 (l
2336 2754 2454 2811 Cor.
2485 2771 2563 2825 ιιι,
2591 2755 2781 2832 11-15)
2804 2775 2819 2825 ;
2843 2758 2896 2814 id
2915 2768 3018 2826 est,
3041 2775 3149 2817 non
3168 2761 3344 2833 justos
3374 2773 3584 2824 castos-

1994 2858 2100 2915 que
2130 2861 2327 2913 rnores,
2357 2846 2454 2904 sed
2482 2847 2692 2921 iniquos
2720 2859 2775 2906 et
2798 2850 3118 2922 impudicos.

2066 2936 2123 2992 2.
2165 2936 2371 2993 Marum
2415 2939 2698 2996 doctrinam
2745 2953 2946 3000 censent
2998 2944 3200 3000 nonnisi
3251 2956 3364 3017 post
3407 2946 3589 3020 Bapti-

1994 3046 2159 3088 smmn
2187 3048 2294 3088 esse
2320 3034 2639 3090 tradendam.
2671 3035 2755 3090 Ad
2783 3035 2921 3092 hanc
2959 3046 3136 3096 autem
3172 3039 3588 3110 disputationem

1994 3123 2245 3180 videnlur
2275 3126 2508 3198 impulsi,
2547 3127 2690 3198 quod
2712 3144 2806 3184 eos
2832 3131 3095 3192 moverit‘
3135 3146 3242 3187 non
3272 3133 3484 3189 admitti
3515 3133 3586 3189 ad

1996 3214 2325 3286 Baptismum
2358 3218 2446 3289 qui
2486 3218 2723 3276 dimissis
2756 3219 3014 3276 uxoribus
3049 3221 3182 3276 alias
3204 3220 3474 3291 duxerint,
3501 3223 3588 3279 vel

1995 3306 2226 3366 feminas
2259 3326 2378 3380 quae
2416 3311 2649 3368 dimissis
2669 3312 2800 3368 viris
2827 3313 2948 3369 aliis
2981 3314 3290 3385 nupserim;
3326 3315 3450 3387 quia
3471 3315 3591 3371 haec

1995 3415 2106 3458 non
2151 3403 2418 3473 conjugia,
2458 3403 2554 3460 sed
2581 3403 2839 3460 adulteria
2881 3419 3000 3461 esse
3047 3406 3302 3462 Dominus
3344 3404 3590 3463 Christus

1994 3495 2114 3551 sine
2139 3495 2247 3550 ulla
2286 3495 2618 3553 dubitatione
2657 3505 2883 3554 testatur
2925 3496 3136 3568 (Matth.
3181 3513 3305 3566 ιιι,
3347 3497 3426 3569 9).
3453 3497 3590 3553 Cum

1995 3585 2139 3642 enim
2167 3602 2364 3658 negare
2389 3604 2496 3644 non
2518 3598 2736 3659 possent
2762 3604 2883 3646 esse
2906 3588 3247 3658 adulterium,
3269 3588 3414 3661 quod
3433 3587 3592 3644 Veri-

1995 3686 2080 3734 tas
2105 3678 2426 3736 adulterium
2472 3696 2594 3737 esse
2632 3681 2747 3738 sine
2785 3682 3010 3753 ambage
3036 3681 3314 3736 confirmat
3330 3681 3373 3748 ⁸,
3402 3681 3590 3751 eisque

1995 3770 2276 3842 suffragari
2292 3773 2488 3828 vellent
2502 3772 2569 3828 ad
2584 3771 2948 3843 accipiendum
2967 3771 3038 3828 Ba
3045 3772 3318 3844 ptismum,
3335 3788 3471 3844 quos
3486 3772 3589 3829 hu-

1990 3862 2227 3936 jusmodi
2247 3865 2437 3936 laqueo
2467 3865 2536 3921 ita
2565 3874 2751 3936 captos
2778 3865 3042 3933 viderent,
3066 3871 3123 3919 ut
3141 3865 3185 3920 si
3203 3881 3310 3920 non
3339 3865 3588 3920 admitte-

1996 3966 2182 4012 rentur
2217 3957 2290 4029 ad
2326 3958 2675 4029 Baptismum,
2715 3958 2830 4016 sine
2848 3957 2962 4020 ullo
2993 3965 3330 4018 sacramento
3371 3957 3591 4014 mallent

1997 4047 2176 4106 vivere
2205 4049 2312 4104 vel.
2335 4051 2503 4106 etiam
2532 4051 2689 4117 mori,
2713 4066 2872 4122 quam
2901 4050 3144 4120 disrupto
3188 4049 3433 4105 adulterii
3469 4049 3588 4104 vin-

1996 4142 2119 4198 culo
2156 4142 2374 4200 liberari
2413 4162 2429 4203 :
2459 4147 2688 4202 humana
2709 4144 2938 4216 quadam
2967 4145 3312 4201 miseratione
3333 4145 3589 4201 contmoti

1997 4243 2123 4292 sunt
2155 4235 2222 4291 ad
2255 4251 2440 4292 eorum
2480 4252 2694 4298 cauSam
2723 4238 2802 4292 sic
2851 4234 3268 4308 suscipiendam,
3297 4243 3354 4290 ut
3401 4248 3590 4292 omnes

1998 4343 2122 4385 cum
2163 4329 2242 4384 eis
2289 4329 2618 4388 facinorosos
2663 4339 2717 4386 et
2740 4329 3048 4402 flagitiosos,
3083 4330 3245 4385 etiam
3274 4329 3418 4384 nulla
3461 4332 3588 4399 p‘ro-

2001 4420 2257 4477 hibitione
2281 4432 2577 4493 correptos,
2609 4423 2748 4478 nulla
2768 4422 3116 4478 instructione
3132 4431 3421 4487 correctos,
3446 4421 3591 4476 nulla

1997 4512 2312 4584 ptenitentia
2353 4523 2586 4570 mutatos
2619 4513 2686 4570 ad
2717 4514 3044 4584 Baptismum
3077 4509 3438 4568 admittendos
3473 4524 3591 4566 esse
3685 4535 3694 4538 -

1999 4614 2316 4672 censerent;
2367 4606 2732 4662 existimantes
2779 4620 2907 4672 eos,
2958 4604 3059 4660 nisi
3114 4604 3290 4672 fieret,
3333 4602 3389 4658 in
3437 4609 3593 4658 teter-

2001 4713 2127 4754 num
2155 4713 2273 4754 esse
2319 4699 2616 4769 perituros;
2667 4699 2712 4754 si
2739 4707 2917 4753 autem
2962 4698 3138 4763 fieret,
3187 4697 3349 4753 etiam
3389 4694 3443 4751 in
3489 4693 3591 4749 illis

2000 4790 2155 4848 malis
2180 4800 2597 4868 perseverantes!
2617 4792 2792 4848 salvos
2817 4805 2912 4861 per
2941 4790 3116 4860 ignem
3142 4788 3370 4845 futuros.

1504 4917 1792 4960 ADIONITIO
1830 4919 1910 4961 PP.
1954 4919 2410 4965 BENEDJCTINOBUII
2418 4948 2431 4964 .

357 4998 820 5067 {idemeudandum
842 4996 1021 5067 librum
1036 4997 1100 5048 de
1124 4997 1237 5048 Fide
1263 5003 1315 5067 et
1343 4995 1606 5067 Operibus,
1648 4995 1725 5067 usi
1747 5007 1917 5067 sumus
1953 4999 2327 5067 corticibusatss.
2370 5004 2604 5054 Vaticanis
2627 5004 2808 5065 tribus,
2846 5012 2898 5056 et
2920 5005 3160 5067 tredecim
3173 5003 3454 5067 Gallicanis,
3489 5015 3590 5056 uno

299 5060 534 5130 videlicet
555 5059 868 5130 bibliothecae
889 5061 1068 5130 Regia,
1095 5073 1196 5130 uno
1217 5055 2101 5130 50rboriicaa,_alio_Augustinianor-um
2123 5064 2317 5130 majoris
2338 5074 2609 5130 conventus
2641 5055 2951 5128 ιιυνίείρηςίς,
2975 5055 3070 5118 am,
3091 5066 3286 5130 collegii
3311 5055 3591 5130 Pal~i§iem

299 5123 735 5194 pet-nardinum,
756 5125 900 5194 _ite_m
1050 5122 1274 5194 Ecclesia;
1299 5121 1573 5194 Remens-i3.
1609 5120 1835 5194 Ecgflesiaa
1859 5119 2218 5194 Iauduneusis;
2242 5127 2449 5194 abbatia:
2471 5131 2778 5194 Corbeiensis
2797 5166 2810 5191 ,
2845 5119 3300 5194 notomageusisvs.
3340 5127 3591 5194 Audoeni,

300 5187 532 5256 netensis
554 5181 885 5256 S.._Aruitlphi,
906 5183 1219 5256 s._uichaelis
1257 5185 1302 5234 in
1328 5182 1544 5256 periculo
1567 5183 1713 5256 maris
1728 5217 1742 5242 ,
1761 5181 2213 5256 _t:asalis_ttened_i_eti
2227 5221 2244 5248 ,
2267 5189 2570 5256 Diviunensis
2656 5181 2880 5256 Benighi,
2907 5199 2967 5256 et
2987 5181 3336 5256 dsierciensis.
3361 5181 3590 5242 Adhibui;

299 5258 411 5318 tuus
434 5250 584 5318 etiam
603 5243 848 5318 ιεοιιοιίβε
869 5243 1114 5318 reﬂantes
1127 5259 1162 5318 ,ξ
1179 5243 1554 5318 ιρνθμζίειξξίῑῑυε
1573 5243 1835 5318 decenas
1858 5258 1924 5318 es
1945 5251 2052 5297 Mss-
2078 5243 2240 5318 ινψυέ
2256 5249 2485 5318 Belgicis;
2512 5267 2703 5307 necnon
2733 5243 3031 5318 an’nqniores
3051 5251 3292 5304 editions
3311 5260 3415 5305 Αω-
3439 5258 3516 5305 nr-
3539 5259 3594 5306 et

299 5313 436 5370 tot,
453 5312 502 5361 id
523 5318 621 5374 at,
638 5311 839 5362 Joannis
859 5309 1178 5370 Amerbachii,
1202 5308 1438 5359 Desiderii
1467 5307 1664 5368 Erasmi,
1685 5305 1738 5356 et
1757 5305 2112 5372 'I‘heologorum
2135 5305 2516 5366 Lovanleﬁsium.

383 5394 894 5476 Comparaoimus
911 5401 1213 5475 praterea
1241 5411 1339 5454 eas
1366 5409 1570 5453 omnes
1594 5389 1896 5454 editiones
1925 5391 2114 5459 initio
2145 5395 2318 5460 Retr.
2341 5406 2404 5462 et
2423 5398 2712 5464 Confess.
2747 5409 2794 5463 t.
2827 5401 2888 5477 1,
2909 5408 3301 5468 memoratas.
3385 5397 3473 5466 Μ.

367 5521 392 5553 ι
423 5527 555 5572 Unus
576 5520 861 5571 evnticanis
875 5525 1006 5581 lss.,
1039 5517 1274 5570 deditam.

367 5584 491 5654 {sic
514 5591 626 5637 alia.
667 5589 726 5636 At
763 5581 914 5643 editi,
957 5574 1127 5646 aperta
1163 5581 1311 5632 etiam
1340 5577 1633 5644 confessione
1674 5574 1896 5630 declara-

305 5652 530 5758 Mwam.
568 5713 624 5761 et
644 5713 741 5768 an,
773 5717 973 5758 mens
987 5716 1338 5770 murusque
1356 5702 1618 5770 conﬁdens.
1635 5709 1768 5768 Lov.,
1795 5714 1902 5754 nta-

305 5781 833 5900 ?)W
853 5765 1310 5904 reddimus.

2067 5526 2082 5556 ⁸
2118 5527 2190 5575 sic
2212 5532 2285 5575 Er.
2313 5532 2364 5576 et
2384 5533 2486 5574 uss.
2511 5532 2567 5574 At
2584 5531 2716 5585 ωιτη
2739 5523 2973 5578 noverint.

2067 5590 2088 5621 ι
2122 5587 2345 5652 Plerique
2369 5595 2495 5648 Mss,
2519 5585 2620 5642 sine
2642 5585 2969 5654 ambiguitate.
