4046 6332
471 481 576 545 199

539 593 766 652 CAPUT
806 592 872 648 ll.
899 591 1048 648 -5ο
1089 588 1308 660 Propter
1359 585 1513 657 ﬁdem
1570 585 1899 640 christianam
1954 580 2058 636 sal-

469 693 660 748 vandos
711 709 816 749 esse
865 689 1140 761 baptizatos
1165 726 1181 753 ,
1237 681 1432 738 etiamsi
1487 696 1650 735 mores
1698 675 2060 749 quantumlibet

472 786 634 841 malos
676 801 777 840 non
832 780 1154 838 correxerint.
1221 775 1350 831 Mali
1400 775 1456 828 in
1513 772 1742 834 Ecclesia
1804 772 1875 825 sic
1928 769 2057 822 tole-

472 879 640 947 randi,
683 888 736 933 ut
783 894 886 932 non
936 876 1196 930 omittatur
1237 868 1485 938 correptio
1513 875 1559 921 et
1610 865 1899 935 disciplina.
1926 862 2057 929 Qui-

474 973 572 1028 bus
593 971 944 1043 respondens,
987 968 1088 1024 hoc
1129 965 1357 1036 primum
1389 961 1531 1027 dico,
1572 975 1640 1016 ne
1671 959 1791 1030 quis
1817 974 1878 1013 ea
1908 958 2060 1012 testi-

475 1067 652 1120 monia
690 1065 1116 1134 Scripturarum,
1157 1075 1277 1130 qua:
1318 1054 1757 1112 commixtionem
1799 1054 2059 1108 bonorum

397 1213 416 1220 _
475 1164 532 1210 et
561 1154 823 1210 malorum
856 1155 907 1207 in
939 1152 1176 1207 Ecclesia
1205 1149 1292 1203 vel
1323 1154 1644 1217 praesentem
1686 1143 1952 1207 indicant,
1979 1141 2064 1196 vel

479 1249 708 1303 futuram
737 1245 1110 1318 prienuntiant,
1144 1244 1220 1297 sic
1259 1240 1505 1310 accipiat,
1538 1247 1595 1293 ut
1635 1236 1926 1306 disciplinas
1973 1249 2063 1288 se-

480 1341 760 1395 veritatem
791 1339 903 1394 sive
947 1335 1272 1407 diligentiam
1313 1330 1622 1387 solvendam
1654 1327 1873 1383 omnino
1902 1335 2064 1395 atque

479 1431 844 1498 omittendam,
885 1446 992 1486 non
1025 1429 1128 1484 illis
1173 1427 1392 1482 edocuis
1418 1424 1654 1490 Litteris,
1699 1421 1791 1477 sed
1819 1435 1913 1475 sua
1945 1419 2062 1488 opi-

481 1524 697 1579 natione
727 1522 981 1592 deceptus
1025 1519 1310 1575 existimet.
1357 1517 1538 1586 Neque
1564 1514 1729 1581 enim,
1771 1511 1894 1582 quia
1922 1510 2067 1565 illam

485 1613 641 1684 primi
681 1612 860 1683 populi
891 1609 1297 1682 permixtionem
1326 1607 1534 1677 Moyses
1568 1601 1663 1659 D'ei
1704 1601 1933 1657 famulus
1970 1615 2068 1670 pa-

485 1706 800 1761 tientissime
827 1702 1148 1776 perferebat,
1181 1701 1300 1756 ideo
1327 1714 1432 1754 non
1462 1699 1512 1752 in
1543 1696 1740 1752 multos
1764 1695 1921 1750 etiam
1951 1694 2067 1763 gla-

486 1798 576 1852 dio
619 1797 922 1852 vindicavit.
957 1797 1024 1851 Et
1055 1794 1284 1850 Phinees
1314 1791 1562 1847 sacerdos
1602 1789 1872 1844 adulteros
1910 1784 2070 1840 simul

486 1890 730 1946 inventos
760 1891 902 1946 ferro
925 1889 1093 1944 ultore
1118 1886 1338 1942 conﬁxit
1365 1884 1551 1958 (Nunt.
1583 1898 1692 1937 xxv
1711 1924 1724 1948 ,
1756 1880 1894 1950 5-8).
1920 1877 2074 1948 Quod

487 1983 667 2052 utique
717 1980 1181 2052 degradationibus
1221 1988 1273 2032 et
1321 1973 1958 2060 excommunicationibus
1997 1971 2072 2025 si-

487 2076 796 2146 gnificatum
827 2083 908 2129 est
946 2089 1068 2129 esse
1107 2071 1403 2126 faciendum
1434 2069 1538 2125 hoc
1565 2077 1833 2138 tempore,
1861 2081 1981 2121 cum
2020 2065 2074 2119 in

489 2165 740 2220 Ecclesia:
769 2165 1047 2236 disciplina
1077 2161 1299 2216 visibilis
1323 2160 1496 2216 fuerat
1517 2159 1722 2231 gladius
1748 2167 2071 2213 eessalurus.

490 2255 618 2319 Nec,
650 2255 771 2325 quia
797 2255 984 2309 beatus
1019 2252 1303 2322 Apostolus
1335 2253 1472 2306 inter
1501 2250 1662 2304 falsos
1702 2247 1894 2302 fratres
1937 2248 2072 2302 tole—

491 2346 796 2401 rantissime
831 2345 1178 2416 congemiscit
1225 2343 1287 2413 (ll
1319 2343 1436 2398 Cor.
1472 2359 1545 2407 ιι,
1585 2339 1702 2412 96),
1735 2349 1789 2395 et
1817 2339 2074 2409 quosdam

492 2437 654 2492 etiam
693 2435 972 2492 diabolicis
1013 2435 1317 2492 invidenti-.e
1362 2433 1592 2489 stimulis
1637 2432 1886 2501 agitatos,
1918 2430 2075 2486 Chri-

493 2537 630 2584 stum
664 2538 837 2582 tamen
870 2528 1158 2598 prmdicare
1188 2527 1442 2599 permittit
1473 2525 1730 2598 (Philipp.
1764 2540 1810 2591 ι,
1847 2522 2074 2592 15-18);

492 2618 612 2674 ideo
643 2618 967 2690 parcendum
996 2628 1180 2674 censet
1207 2620 1278 2672 illi
1304 2619 1392 2688 qui
1422 2631 1645 2671 uxorem
1673 2614 1837 2684 patris
1868 2613 1948 2668 sui
1977 2613 2076 2667 ba-

494 2711 636 2777 buit;
669 2727 824 2782 quem
857 2711 1097 2782 prazcipit
1141 2717 1454 2780 congregata
1487 2707 1728 2762 Ecclesia
1760 2705 2076 2760 tradendum

494 2814 694 2859 satana:
743 2805 798 2859 in
830 2805 1101 2859 interitum
1137 2805 1334 2869 carnis,
1366 2812 1422 2856 ut
1468 2801 1686 2870 spiritus
1714 2800 1891 2855 salvus
1929 2800 1997 2854 sit
2025 2799 2079 2854 in

494 2897 581 2952 die
612 2897 819 2951 Domini
847 2897 974 2952 Jesu
1002 2895 1045 2965 (I
1071 2895 1189 2950 Cor.
1223 2911 1276 2959 v,
1316 2892 1428 2965 1-5)
1464 2910 1476 2946 :
1509 2899 1601 2947 aut
1642 2891 1762 2947 ideo
1804 2892 1918 2961 ipse
1947 2891 2080 2946 alios

495 3005 601 3043 non
634 2989 849 3044 tradidit
878 2997 1108 3052 satanae,
1156 2995 1214 3040 ut
1249 2985 1518 3040 discerent
1573 3000 1678 3038 non
1704 2983 2082 3054 blaspliemare

497 3079 540 3150 (l
570 3079 698 3134 Tim.
734 3096 770 3145 ι,
794 3079 889 3148 20)
924 3097 936 3132 :
969 3089 1062 3133 aut
1099 3078 1292 3132 frustra
1323 3075 1471 3141 dicit,
1504 3077 1702 3146 Scripsi
1729 3076 1864 3130 vobis
1889 3076 1939 3129 in
1969 3076 2080 3146 epi-

496 3170 626 3224 stola
654 3187 754 3224 non
779 3169 1090 3224 commisceri
1118 3169 1425 3239 fomicariis,
1458 3184 1556 3221 non
1589 3169 1754 3237 utique
1792 3167 2082 3238 fornicariis

503 3261 655 3331 hujus
681 3261 875 3327 mundi,
908 3260 995 3314 aut
1023 3260 1209 3327 avaris,
1238 3271 1324 3314 aut
1350 3260 1654 3330 raptoribus,
1679 3268 1766 3312 aut
1795 3259 1946 3314 idolis
1977 3275 2083 3313 ser-
2159 3273 2164 3276 '

497 3351 771 3418 aientibus;
826 3351 1053 3423 alioquin
1100 3351 1387 3406 debueratis'
1413 3352 1476 3405 de
1524 3351 1618 3405 hoc
1671 3350 1859 3404 mundo
1901 3351 2037 3404 exire
2064 3365 2084 3404 :

501 3459 635 3497 nunc
660 3451 824 3498 autem
851 3444 1032 3513 scripsi
1061 3443 1196 3497 vobis
1227 3459 1328 3496 non
1354 3442 1685 3509 commisceri,
1724 3442 1769 3495 si
1793 3442 1905 3512 quis
1927 3445 2085 3513 frater

499 3536 788 3589 nominatur
812 3544 898 3588 aut
937 3535 1233 3605 fornicator,
1276 3543 1361 3588 aut
1391 3533 1543 3587 idolis
1574 3533 1811 3599 serviens,
1851 3541 1938 3586 aut
1961 3549 2084 3586 ava-

502 3643 610 3692 rus,
639 3636 728 3680 aut
751 3627 1054 3693 maledicus,
1096 3637 1184 3680 aut
1213 3627 1458 3691 ebriosus,
1487 3633 1574 3678 aut
1611 3641 1810 3696 rapax;
1842 3642 1957 3679 cum
1985 3627 2084 3679 hu-

397 3745 402 3748 -
495 3718 721 3788 jusmodi
761 3735 850 3772 nec
883 3719 1046 3771 cibum
1074 3718 1272 3787 quidem
1301 3733 1512 3770 sumere.
1561 3717 1672 3782 Quo
1715 3717 1848 3772 enim
1877 3719 1999 3771 mihi
2025 3719 2087 3772 de

501 3807 566 3860 iis
594 3809 676 3878 qui
709 3808 834 3879 foris
860 3818 976 3862 sunt
1005 3807 1281 3878 judicare?
1312 3805 1497 3860 Nonne
1525 3807 1588 3862 de
1610 3808 1673 3860 iis
1698 3809 1784 3877 qui
1808 3809 1944 3862 intus
1969 3818 2087 3863 sunt

502 3915 588 3953 vos
613 3899 899 3968 judicatis?
924 3897 1003 3951 De
1039 3898 1116 3951 his
1145 3907 1314 3951 autem
1341 3899 1425 3967 qui
1452 3898 1578 3969 furis
1616 3907 1733 3952 sunt
1760 3898 1897 3952 Deus
1937 3899 2085 3969 judi—

504 3991 654 4044 cabit.
686 3991 892 4060 Auferte
920 3990 1113 4044 malum
1143 4007 1204 4045 ea:
1251 3990 1386 4044 vobis
1435 3991 1559 4062 ipsis
1589 3990 1633 4063 (l
1674 3991 1792 4046 Cor.
1823 4010 1875 4058 ν,
1916 3992 2084 4064 9-15).

505 4079 609 4137 Ubi
639 4080 850 4151 quidem
876 4081 1038 4151 aliqui
1061 4081 1112 4136 id
1143 4081 1282 4152 quod
1317 4081 1515 4136 dictum
1541 4090 1643 4148 est,
1685 4099 1746 4137 ex
1765 4083 1910 4138 vobis
1939 4084 2084 4154 ipsis,

506 4175 577 4228 ita
629 4173 949 4244 intelligunt,
982 4181 1038 4228 ut
1088 4190 1154 4228 ex
1201 4189 1261 4228 se
1308 4175 1424 4244 ipso
1478 4175 1839 4246 unusquisque
1884 4175 2089 4232 auferat

506 4265 727 4330 malum,
747 4263 848 4318 hoc
862 4273 966 4331 est,
990 4273 1048 4318 ut
1068 4264 1180 4334 ipse
1201 4265 1269 4319 sit
1293 4265 1481 4320 bonus.
1509 4265 1612 4322 Sed
1646 4267 1894 4323 utrolibet
1931 4268 2090 4324 modo

507 4356 849 4427 intelligatur,
867 4357 978 4411 sive
995 4367 1050 4411 ut
1066 4357 1347 4412 severitate
1365 4357 1617 4414 Ecclesiae
1635 4359 1759 4413 mali
1779 4375 2090 4416 excommu-

507 4449 858 4506 nicationibus
871 4449 1244 4519 corripiantur,
1263 4450 1375 4504 sive
1393 4459 1448 4504 ut
1471 4465 1529 4505 se
1553 4451 1776 4522 quisque
1796 4452 2092 4523 corripien-

509 4541 579 4598 do
596 4550 651 4597 et
673 4541 988 4611 corrigendo
1012 4557 1041 4595 ει
1063 4555 1121 4596 se
1142 4542 1256 4612 ipso
1271 4541 1475 4597 auferat
1501 4543 1697 4598 malum
1719 4561 1733 4610 ;
1758 4544 1887 4599 illud
1916 4553 2092 4601 tamen

508 4631 650 4704 quod
687 4647 847 4703 supra
870 4632 1070 4687 dictum
1100 4641 1201 4700 est,
1247 4648 1350 4686 non
1374 4633 1532 4689 habet
1552 4635 1970 4706 ambiguitatem,
2005 4637 2093 4692 ubi

508 4724 749 4795 prcecipit
772 4739 876 4779 non
897 4724 1230 4779 commisceri
1249 4725 1325 4780 eis
1344 4724 1590 4781 fratribus
1606 4728 1697 4798 qui
1724 4728 1775 4782 in
1803 4729 1980 4800 aliquo
2005 4745 2094 4784 su-

511 4833 606 4889 pra
620 4819 760 4873 dicto
785 4818 912 4872 vitio
933 4817 1288 4884 nominantur,
1314 4819 1364 4873 id
1386 4827 1487 4888 est,
1504 4821 1612 4874 uoti
1639 4819 1934 4893 famosique
1949 4832 2088 4878 sunt.

579 4908 804 4964 CAPUT
857 4908 943 4963 ill.
979 4938 1049 4948 ——
1088 4907 1201 4976 Quo
1245 4909 1415 4964 animo
1456 4923 1716 4980 peccantes
1758 4915 2088 4986 corripiendi.

510 5002 717 5059 Domini
744 5010 1046 5073 prwceptum
1093 5004 1155 5056 de
1200 5005 1510 5074 corrigendis
1549 5005 1716 5061 malis.
1759 5007 1875 5075 Quo
1913 5019 2090 5064 autem

511 5099 689 5152 animo
727 5107 780 5152 et
823 5114 923 5168 qua
953 5097 1214 5152 charitate
1244 5099 1548 5154 misericors
1585 5101 1681 5154 ista
1713 5103 1968 5158 severitas
1993 5103 2092 5158 ad-

513 5189 740 5245 hibenda
793 5192 880 5258 sit,
935 5207 1041 5247 non
1084 5191 1256 5246 solum
1288 5208 1353 5247 eo
1384 5191 1501 5246 loco
1536 5193 1624 5248 ubi
1669 5195 1762 5259 ait,
1806 5205 1858 5248 ut
1887 5197 2093 5266 spiritus

511 5282 678 5335 saluus
705 5283 767 5335 sit
794 5283 845 5336 in
877 5281 958 5337 die
1004 5283 1212 5337 Domini
1246 5282 1402 5349 Jesu;
1439 5284 1534 5338 sed
1583 5285 1707 5340 alibi
1743 5302 1954 5358 quoque
1981 5288 2095 5343 evi-

511 5371 700 5426 denter
736 5373 965 5430 ostendit
996 5374 1200 5439 dicens,
1246 5373 1306 5429 Si
1331 5375 1442 5443 quis
1466 5392 1566 5430 non
1596 5377 1800 5431 obaudit
1829 5379 1973 5433 verbo
1999 5396 2094 5434 no-

511 5474 614 5519 stro
646 5483 734 5536 per
764 5467 1054 5535 epistolam,
1091 5468 1224 5522 hunc
1267 5476 1462 5536 notate,
1509 5478 1555 5522 et
1592 5470 1746 5525 nolite
1788 5474 2094 5528 commisceri

512 5576 628 5613 cum
652 5576 728 5627 eo,
769 5569 824 5613 ut
848 5561 1137 5628 erubescat;
1166 5570 1212 5616 et
1249 5579 1349 5617 non
1379 5573 1433 5617 ut
1473 5565 1731 5619 inimicum
1771 5582 1884 5620 eum
1921 5568 2097 5622 existi-

516 5654 678 5718 metis,
704 5652 790 5706 sed
820 5653 1054 5722 corripite
1087 5664 1140 5708 ut
1171 5658 1380 5726 fratrem
1410 5655 1478 5728 (ll
1511 5654 1686 5711 Thess.
1719 5673 1794 5726 ιιι,
1823 5659 1910 5724 14,
1939 5658 2055 5730 15).

584 5747 637 5801 4.
665 5745 732 5800 Ει
749 5745 864 5817 ipse
886 5747 1140 5804 Dominus
1161 5751 1462 5821 exemplum
1492 5752 1759 5822 singulare
1787 5755 2055 5823 patientia:
2076 5798 2092 5825 ,

511 5839 601 5910 qui
629 5840 786 5896 etiam
823 5841 878 5896 in
905 5841 1186 5899 duodecim
1215 5845 1480 5915 Apostolis
1505 5862 1672 5917 usque
1701 5847 1767 5902 ad
1795 5849 2095 5918 passionem

509 5932 774 5993 diabolum
788 5937 1028 6010 pertulit;
1043 5947 1097 5994 et
1107 5939 1196 6012 qui
1207 5938 1254 5994 ai
1264 5939 1471 6014 t,Sinite
1487 5950 1694 6026 utraque
1704 5959 1923 6006 crescere
1935 5963 2090 6032 usque
2117 6019 2174 6029 ψ

1431 469 1522 527 DE
1559 467 1718 528 FIDE
1757 465 1848 525 ET
1885 460 2243 534 OPERIBUS,
2283 465 2340 523 S.
2381 463 2744 526 AUGUSTINI

3633 469 3736 531 900

2167 582 2235 634 ad
2265 598 2489 649 messem,
2515 600 2577 637 ne
2596 588 2725 656 forte
2752 582 2873 638 dum
2913 583 3063 638 uultis
3091 583 3327 656 colligere
3353 583 3565 652 zizania,
3592 588 3739 646 simul

2167 675 2428 730 eradicetis
2457 685 2502 729 et
2528 677 2748 731 triticum
2769 675 2978 748 (Matth.
3004 693 3114 744 xm,
3137 676 3228 743 ‘29,
3253 677 3374 748 50);
3400 679 3632 750 retiaque
3653 683 3737 737 illa

2168 771 2220 825 in
2250 769 2592 826 similitudine
2619 771 2870 827 Ecclesia:
2898 787 3065 842 usque
3092 771 3158 826 ad
3176 773 3339 837 littus,
3359 771 3461 828 hoc
3489 784 3566 828 est
3585 790 3742 844 usque

2167 862 2235 917 ad
2257 863 2436 919 δίπαιιί
2467 862 2645 929 finem,
2679 863 2847 918 bonos
2875 870 2930 918 et
2954 864 3122 919 malos
3151 864 3321 934 pisces
3347 862 3588 918 habitura
3613 880 3743 934 pra:-

2169 955 2329 1020 dixit;
2362 966 2415 1011 et
2439 964 2652 1023 ccctera,
2685 957 2728 1010 si
2771 971 2872 1027 qua
2911 957 2978 1012 de
3014 957 3366 1027 permixtione
3412 956 3750 1013 bonorumet

2171 1047 2430 1102 malorum
2481 1048 2592 1101 sive
2639 1055 2821 1118 aperte
2847 1048 2960 1104 sive
2997 1063 3092 1118 per
3133 1047 3514 1103 similitudines
3543 1049 3747 1104 locutus

2171 1149 2253 1194 est
2282 1157 2294 1192 :
2326 1154 2431 1194 non
2468 1137 2588 1194 ideo
2636 1149 2812 1195 tamen
2856 1141 3204 1196 omittendam
3248 1143 3459 1197 censuit
3503 1140 3751 1196 Ecclesia:

2173 1231 2536 1301 disciplinam;
2561 1231 2669 1286 imo
2696 1248 2824 1288 vero
2851 1233 3126 1288 admonuit
3147 1233 3524 1299 adhibendam,
3546 1231 3755 1304 quando

2143 1325 2146 1328 ’
2172 1327 2278 1379 ait:
2310 1325 2562 1380 Attendite
2580 1325 2748 1393 vobis;
2777 1328 2821 1380 si
2847 1331 3118 1398 peccaverit
3145 1328 3198 1382 in
3213 1336 3260 1383 te
3277 1331 3436 1398 frater
3453 1337 3588 1394 tuus,
3612 1328 3755 1396 vade,

2175 1427 2220 1472 et
2245 1417 2444 1488 corripe
2474 1434 2587 1472 eum
2613 1420 2740 1472 inter
2770 1428 2816 1472 te
2868 1430 2914 1474 et
2937 1421 3103 1490 ipsum
3129 1421 3311 1474 solum.
3345 1419 3410 1474 Si
3434 1420 3650 1474 audierit
3693 1427 3755 1486 te,

2175 1510 2399 1563 lucratus
2427 1509 2525 1563 eris
2554 1510 2760 1579 fratrem
2801 1519 2960 1564 tuum.
2991 1511 3052 1566 Si
3078 1520 3245 1572 autem
3278 1528 3380 1565 non
3428 1511 3645 1566 audierit
3687 1519 3758 1592 Ite,

2176 1616 2376 1656 assume
2398 1610 2558 1656 tecum
2587 1618 2744 1655 unum
2775 1603 2852 1656 vel
2878 1602 3024 1668 duos,
3049 1611 3103 1656 ut
3123 1603 3176 1656 in
3204 1619 3290 1657 ore
3317 1603 3519 1657 testium
3549 1601 3762 1656 duorum

2177 1693 2253 1746 uel
2279 1693 2434 1747 trium
2462 1703 2555 1746 stet
2593 1709 2741 1747 omne
2767 1694 2989 1748 verbum.
3023 1694 3172 1760 Quod
3200 1696 3244 1748 si
3271 1711 3370 1749 non
3398 1695 3616 1749 audierit
3660 1710 3762 1758 eos,

2179 1784 2260 1837 dic
2293 1783 2547 1840 Ecclesice.
2573 1785 2634 1840 Si
2660 1793 2830 1840 autem
2855 1802 2942 1840 nec
2983 1785 3264 1842 Ecclesium
3309 1787 3553 1853 audierit,
3586 1787 3651 1840 sit
3681 1785 3766 1839 tibi

2181 1885 2419 1948 tanquam
2448 1879 2674 1933 ethnicus
2699 1889 2744 1933 ct
2776 1881 3091 1950 publicanus.
3125 1880 3324 1936 Deinde
3353 1882 3522 1951 ipsius
3565 1879 3768 1936 severi-

2185 1971 2308 2025 tatis
2350 1981 2608 2026 terrorcm
2649 1973 3020 2042 gravissimum
3075 1973 3268 2042 adjecit
3313 1976 3476 2028 etiam
3516 1988 3584 2028 eo
3633 1972 3769 2039 loco,

2181 2061 2363 2117 dicens
2393 2081 2404 2116 :
2443 2065 2568 2130 Qua:
2595 2065 2841 2118 solvet-itis
2867 2065 2918 2117 in
2943 2075 3094 2132 terra,
3117 2065 3280 2119 soluta
3304 2073 3450 2118 erunt
3469 2073 3516 2119 et
3542 2065 3596 2118 in
3619 2064 3772 2129 caelo,

2181 2164 2227 2208 et
2251 2171 2367 2226 qua:
2401 2156 2673 2226 ligaveritis
2703 2157 2753 2210 in
2782 2167 2936 2221 terra,
2962 2158 3117 2227 ligata
3143 2168 3286 2210 erunt
3313 2166 3359 2210 et
3402 2159 3455 2211 in
3502 2156 3632 2210 caelo
3663 2154 3774 2228 (Id.

2149 2253 2330 2311 ‘xvm,
2366 2246 2576 2316 15-18).
2611 2246 2866 2301 Prohibet
2904 2247 3063 2302 etiam
3107 2257 3347 2301 sanctum
3390 2247 3508 2301 dari
3550 2247 3782 2301 canibus

2184 2335 2292 2405 (Id.
2325 2353 2419 2402 vn,
2469 2339 2548 2407 6).
2595 2338 2704 2393 Nec
2739 2339 3037 2393 contrarius
3064 2349 3145 2393 est
3184 2338 3471 2408 Apostolus
3525 2339 3780 2404 Domino,

2184 2427 2305 2496 quia
2345 2428 2491 2494 dicit,
2523 2429 2795 2484 Peccantes
2821 2448 2992 2484 coram
3035 2431 3260 2486 omnibus
3302 2447 3477 2504 argue,
3524 2441 3582 2485 ut
3613 2431 3785 2486 cazteri

2186 2523 2411 2574 timorem
2435 2521 2648 2576 habeant
2672 2522 2715 2594 (Ι
2740 2521 2869 2576 Tim.
2892 2539 2944 2587 v,
2966 2523 3058 2595 ‘20)
3081 2541 3094 2590 ;
3122 2538 3242 2579 cum
3273 2525 3359 2579 ille
3383 2525 3552 2590 dicat,
3572 2523 3787 2593 Corripe

2185 2628 2297 2666 eum
2327 2614 2456 2666 inter
2477 2623 2523 2667 te
2553 2622 2597 2668 et
2625 2615 2809 2684 ipsum.
2848 2615 3141 2686 Utrumque
3163 2617 3304 2670 enim
3336 2615 3647 2670 faciendum
3679 2621 3783 2678 est,

2185 2704 2322 2759 sicut
2347 2703 2669 2760 inﬁrmitatis
2694 2705 2972 2762 diversitas
3001 2707 3251 2761 admonet
3272 2722 3460 2762 eorum
3508 2722 3650 2778 quos
3681 2703 3788 2760 uti‘

2185 2813 2288 2867 que
2317 2812 2422 2852 non
2459 2799 2788 2869 perdendos,
2857 2799 2949 2854 sed
2993 2799 3337 2870 corrigendos
3402 2799 3790 2871 curandosque

2187 2891 2552 2960 suscepimus;
2598 2899 2652 2946 et
2693 2891 2828 2945 alius
2858 2892 2954 2956 sic,
3003 2892 3138 2946 alius
3178 2901 3357 2948 autem
3385 2893 3466 2947 sic
3513 2891 3791 2947 sanandus

2188 2989 2288 3035 est.
2310 2981 2386 3035 Ita
2413 2981 2573 3036 etiam
2597 2991 2679 3038 est
2701 2984 2836 3038 ratio
2855 2982 3223 3039 dissimulandi
3251 2993 3304 3040 et
3327 2985 3595 3040 tolerandi
3620 2985 3795 3041 malos

2188 3074 2242 3127 in
2273 3073 2509 3129 Ecclesia
2543 3084 2638 3131 :et
2674 3085 2755 3131 est
2783 3091 2968 3132 rursus
3000 3077 3138 3132 ratio
3175 3077 3467 3147 castigandi
3519 3087 3576 3134 et
3615 3076 3794 3133 corri-

2188 3166 2382 3237 piendi,
2409 3181 2514 3222 non
2533 3167 2846 3223 admittendi
2875 3170 2958 3224 vel
2983 3183 3012 3222 a
3039 3170 3418 3225 communione
3445 3168 3794 3225 removendi.

2261 3257 2485 3314 CAPUT
2524 3259 2612 3314 ιν.
2638 3291 2708 3299 -
2736 3261 2790 3316 5.
2817 3259 3032 3315 Errores
3079 3278 3182 3316 non
3235 3252 3548 3316 servantiunt
3581 3261 3799 3315 modum

2189 3349 2240 3404 in
2265 3348 2542 3420 Scripturis
2564 3352 2919 3422 intelligendis.
2951 3353 3331 3408 Donatistarum
3358 3355 3521 3408 errori
3553 3355 3695 3408 alius
3717 3368 3801 3407 er-

2189 3457 2276 3495 ror
2305 3443 2585 3497 contrarius
2615 3460 2676 3497 ea;
2701 3443 2981 3515 Scripturis
3011 3463 3274 3517 perperam
3307 3447 3551 3516 acceptis.
3597 3446 3803 3501 Errant

2191 3542 2366 3586 autem
2407 3533 2686 3601 homines,
2735 3551 2839 3590 non
2881 3545 3156 3592 servantes
3184 3537 3439 3601 modum;
3486 3545 3703 3592 etcum
3745 3536 3803 3592 in

2192 3637 2349 3676 unam
2378 3633 2582 3693 partem
2614 3626 2916 3695 procliviter
2941 3627 3019 3680 ire
3041 3626 3320 3696 coeperint,
3354 3639 3458 3680 non
3486 3627 3806 3696 respiciunt

2192 3713 2386 3769 divime
2415 3717 2744 3771 auctoritatis
2768 3717 2870 3771 alia
2902 3717 3224 3785 testimonia,
3255 3717 3446 3787 quibus
3475 3718 3700 3786 possint
3733 3719 3806 3775 ab

2193 3811 2283 3866 illa
2316 3811 2606 3868 intentione
2658 3813 2918 3879 revocari,
2963 3820 3016 3867 et
3065 3813 3116 3866 in
3163 3827 3224 3866 ea
3266 3826 3384 3882 qua:
3420 3826 3490 3866 ex
3541 3813 3808 3883 utrisque

2195 3913 2484 3974 temperata
2511 3913 2594 3959 est
2645 3904 2867 3960 veritate
2912 3919 2974 3958 ac
3017 3903 3383 3960 moderatione
3436 3905 3804 3982 consistere:

2195 4013 2296 4053 nec
2317 3998 2370 4052 in
2403 3998 2504 4053 hac
2527 4013 2586 4052 re
2617 4007 2841 4065 tantum,
2887 3997 2956 4053 de
2984 4014 3086 4069 qua
3117 4013 3257 4053 nunc
3287 3999 3512 4069 quwstio
3557 4010 3669 4065 est,
3707 4000 3807 4056 sed

2194 4090 2352 4146 etiam
2377 4091 2426 4144 in
2455 4090 2571 4144 aliis
2597 4090 2793 4144 multis.
2817 4089 2948 4143 Nam
2963 4089 3174 4158 quidam
3191 4091 3455 4146 intuentes
3479 4090 3806 4148 divinarum

2195 4185 2496 4239 testimonia
2542 4183 2882 4250 Litterarum,
2914 4184 3104 4254 quibus
3158 4199 3296 4238 unus
3347 4184 3488 4239 Deus
3530 4186 3808 4243 colendus

2197 4277 2514 4342 insinuatur,
2533 4274 2777 4330 eumdem
2798 4275 3006 4331 Patrem
3027 4276 3114 4346 qui
3136 4285 3218 4330 est
3238 4276 3423 4342 Filius,
3439 4287 3811 4349 sanctumque

2196 4367 2451 4439 Spiritum
2485 4377 2833 4438 putaverunt;
2883 4369 2970 4422 alii
3014 4385 3199 4424 rursus
3233 4369 3394 4425 veluti
3430 4371 3630 4427 morbo
3673 4388 3812 4428 con-

2197 4463 2364 4518 trario
2392 4461 2714 4529 laborantes,
2743 4477 2864 4518 cum
2895 4461 3230 4518 attenderem
3250 4478 3310 4518 ea
3338 4463 3534 4534 quibus
3562 4464 3811 4520 Trinitas

2198 4556 2520 4622 declaratur,
2548 4572 2646 4612 nec
2674 4557 2914 4612 valerent
2940 4557 3234 4629 intelligere
3261 4561 3535 4630 quomodo
3565 4561 3638 4616 sit
3668 4575 3814 4617 unus

2199 4648 2357 4713 Deus,
2385 4664 2505 4704 cum
2531 4657 2585 4703 et
2609 4648 2766 4704 Pater
2793 4664 2897 4704 non
2925 4650 2994 4704 sit
3014 4649 3198 4716 Filius,
3218 4666 3316 4706 nec
3333 4649 3499 4706 Filius
3521 4651 3596 4707 sit
3619 4653 3807 4722 Pater,

2200 4755 2300 4795 nec
2326 4740 2551 4810 Spiritus
2578 4750 2794 4797 sanctus
2823 4749 2914 4798 aut
2937 4742 3105 4798 Filius
3132 4753 3223 4797 aut
3245 4743 3423 4809 Pater,
3453 4743 3815 4802 diversitates

2201 4834 2361 4889 etiam
2395 4835 2807 4891 substantiarum
2835 4835 3153 4892 asserendas
3186 4845 3525 4906 putaverunt.
3573 4839 3818 4907 Quidam

2157 4963 2162 4968 -
2203 4927 2472 4984 intuentes
2514 4929 2566 4983 in
2617 4926 2908 4998 Scripturis
2957 4937 3156 4983 sanctae
3197 4929 3519 4997 virginitatis
3559 4932 3812 5002 laudem,

2201 5023 2464 5077 connubia
2493 5021 2878 5077 damnaverunt
2906 5040 2920 5078 :
2947 5021 3162 5093 quidam
3190 5039 3374 5079 rursus
3403 5037 3464 5078 ea
3489 5027 3816 5083 testimonia

2202 5124 2571 5171 consectantes
2592 5115 2784 5184 quibus
2812 5124 2956 5170 casta
2986 5117 3230 5186 coniugia
3262 5117 3654 5187 prcedicantur,
3699 5121 3817 5175 vir-

2203 5206 2474 5275 ginitatem
2521 5208 2717 5277 nuptiis
2743 5215 3106 5278 mquavcrunt.
3130 5209 3355 5277 Quidam
3382 5226 3505 5266 cum
3535 5212 3815 5283 legerent,

2202 5296 2400 5353 Bonum
2419 5310 2510 5366 est,
2533 5304 2736 5371 fratres,
2756 5317 2856 5355 non
2882 5302 3191 5357 manducare
3210 5319 3430 5370 carnem,
3456 5321 3624 5374 neque
3647 5307 3816 5360 bibere

2203 5391 2372 5444 vinum
2395 5389 2568 5460 (Rom.
2596 5407 2706 5460 xxv,
2730 5391 2846 5464 21),
2885 5402 2941 5449 et
2963 5395 3219 5451 nonnulla
3240 5396 3464 5462 similia;
3492 5408 3817 5456 creaturam

2205 5482 2300 5538 Dei
2328 5491 2399 5549 et,
2426 5497 2556 5554 quas
2581 5483 2888 5554 voluerunt,
2927 5503 3079 5544 escas
3109 5489 3408 5545 immundas
3451 5502 3576 5544 esse
3608 5504 3816 5548 sense-

2203 5582 2327 5629 runt
2352 5593 2364 5628 :
2390 5574 2604 5646 quidam
2627 5592 2755 5632 vero
2784 5578 3041 5650 legentes,
3076 5581 3254 5637 Omnis
3279 5589 3507 5636 creatura
3537 5579 3648 5636 Dei
3676 5585 3820 5640 bona

2206 5676 2299 5733 est,
2331 5675 2375 5720 et
2423 5667 2553 5721 nihil
2586 5668 2924 5739 abjiciendum
2968 5675 3102 5743 quod
3149 5691 3261 5729 cum
3289 5675 3574 5746 gratiarum
3603 5677 3820 5734 actione

2205 5760 2480 5832 percipitur
2513 5761 2554 5833 (Ι
2579 5760 2713 5816 Tim.
2737 5779 2810 5833 ιγ,
2836 5764 2912 5837 4),
2944 5766 2995 5820 in
3035 5768 3376 5822 voracitatem
3413 5765 3819 5825 vinolentiam-

2207 5868 2311 5924 que
2334 5853 2556 5925 collapsi
2577 5865 2732 5924 sunt;
2767 5871 2871 5912 non
2893 5857 2992 5914 sibi
3019 5859 3254 5915 valentes
3277 5859 3490 5915 auferre
3514 5858 3675 5930 vitia,
3704 5863 3822 5938 nisi

2211 5947 2290 6014 eis
2319 5962 2349 6012 ο
2371 5947 2642 6014 contrario
2667 5951 2751 6018 vel
2776 5958 2921 6016 tanta
2949 5952 3033 6016 vel
3060 5953 3262 6036 majora
3283 5953 3665 6024 succederent.
