4046 6332
252 403 350 460 θοι

325 524 379 579 6.
402 522 494 579 Sic
513 522 682 580 etiam
707 523 764 580 in
794 524 896 581 hac
911 538 1090 592 causa,
1115 539 1236 596 qua:
1261 523 1491 582 habetur
1513 524 1566 581 in
1588 524 1854 595 manibus,

258 615 470 689 quidam
499 611 780 672 intuentes
805 625 1071 688 praecepta
1106 616 1427 685 severitatis,
1458 616 1651 689 quibus
1670 618 1858 673 admo-

255 721 445 762 nemur
468 707 748 778 corripere
778 708 1064 779 inquietos,
1088 724 1195 765 non
1211 708 1341 765 dare
1363 718 1604 766 sanctum
1616 709 1854 779 canibus,

252 806 311 852 ut
336 797 617 853 ethnicum
648 798 850 854 habere
899 798 1159 857 Ecclesia:
1185 809 1627 872 contemptorem,
1655 817 1684 856 a
1708 818 1858 858 com-

251 902 387 960 page
432 890 681 961 corporis
709 890 1011 948 membrum
1061 891 1201 963 quod
1230 892 1553 949 scandalizat
1586 894 1852 963 avellere;

249 983 322 1039 ita
352 984 673 1055 perturbant
696 983 953 1041 Ecclesia:
974 1001 1180 1056 pacem,
1210 995 1267 1041 ut
1287 995 1547 1042 conentur
1571 995 1695 1044 ante
1714 997 1853 1043 tem-

249 1090 350 1145 pus
371 1091 631 1146 separare
653 1076 879 1146 zizania,
912 1086 1072 1148 atque
1097 1077 1202 1134 hoc
1220 1093 1403 1135 errore
1423 1080 1605 1135 caacati
1633 1079 1731 1151 ipsi
1754 1093 1853 1150 po-

250 1168 357 1223 tius
388 1184 421 1223 a
450 1169 653 1225 Christi
681 1169 886 1225 unitate
916 1180 1248 1241 separentur.
1294 1170 1478 1239 Qualis
1507 1171 1660 1229 nobis
1693 1187 1853 1228 causa

247 1270 332 1314 est
351 1257 617 1315 adversus
642 1260 874 1316 schisma
901 1261 1111 1317 Donati.
1138 1262 1207 1318 Et
1227 1261 1330 1319 hoc
1355 1279 1461 1319 non
1483 1277 1603 1318 cum
1631 1262 1735 1319 illis
1760 1265 1851 1334 qui

247 1359 526 1409 noverunt
547 1352 916 1423 Cteciiianum,
947 1369 1054 1410 non
1075 1354 1237 1423 veris,
1268 1355 1363 1411 sed
1384 1355 1729 1412 calumniosis
1749 1356 1852 1411 cri-

246 1443 490 1500 minibus
523 1444 841 1516 appetitum,
868 1452 924 1501 et
947 1446 1303 1517 perniciosam
1344 1447 1662 1502 sententiam
1695 1460 1849 1502 suam

245 1535 533 1592 mortifero
550 1535 761 1608 pudore
790 1550 899 1592 non
922 1536 1205 1604 deserunt;
1237 1537 1333 1594 sed
1372 1551 1495 1593 cum
1521 1536 1626 1593 illis
1655 1536 1849 1608 quibus

244 1624 484 1681 dicimus
512 1642 527 1681 :
560 1625 786 1682 Etiamsi
824 1625 950 1681 mali
980 1626 1207 1684 fuissent
1244 1636 1465 1699 propter
1487 1640 1622 1699 quos
1662 1627 1716 1682 in
1741 1627 1847 1684 Ec-

244 1718 413 1775 clesia
436 1734 551 1775 non
574 1720 728 1788 estis,
742 1734 837 1776 vos
863 1728 1041 1777 tamen
1057 1735 1154 1778 eos
1171 1720 1392 1778 ferendo
1413 1736 1548 1793 quos
1560 1720 1847 1780 emendare

240 1822 340 1869 aut
374 1827 662 1885 segregare
694 1813 916 1870 minime
946 1815 1222 1886 poteratis,
1254 1814 1308 1870 in
1358 1814 1597 1873 Ecclesia
1635 1831 1847 1887 perma-

240 1922 380 1963 nere
404 1906 694 1963 debuistis.
725 1906 953 1976 Quidam
970 1922 1144 1964 veroe
1166 1907 1435 1964 contrario
1460 1907 1842 1979 periclitantes,

239 2015 371 2056 uim
429 1999 696 2057 bonorum
739 2000 1112 2072 malorumque
1163 2000 1596 2057 commixtionem
1641 1999 1696 2055 in
1745 1999 1845 2055 Ec-

236 2090 415 2147 clesia
444 2091 868 2148 demonstratam
877 2092 962 2149 vel
981 2092 1290 2164 przedictam
1305 2107 1427 2149 esse
1451 2092 1839 2164 perspexerint,

231 2193 299 2239 et
320 2184 598 2253 patientia:
616 2193 889 2256 praecepta
910 2184 1196 2242 didicerint
1228 2185 1369 2257 (qua:
1388 2186 1461 2241 ita
1484 2200 1581 2240 nos
1601 2184 1843 2241 firmissi-

231 2288 366 2329 mos
412 2274 680 2342 reddunt,
709 2284 769 2330 ut
794 2276 955 2331 etiam
983 2276 1029 2331 si
1080 2275 1330 2332 videntur
1362 2276 1418 2332 in
1454 2276 1695 2332 Ecclesia
1721 2290 1843 2331 esse

233 2365 472 2432 zizania,
503 2381 608 2421 non
638 2374 818 2421 tamen
848 2366 1167 2437 impediatur
1189 2376 1279 2421 aut
1303 2365 1456 2434 fides,
1487 2373 1579 2420 aut
1611 2365 1842 2422 cbaritas

234 2464 455 2523 nostra,
485 2466 545 2511 ut
567 2458 821 2528 quoniam
847 2457 1050 2513 zizania
1078 2472 1199 2514 esse
1226 2456 1533 2513 inEcclesia
1547 2457 1836 2526 cernimus,

232 2548 341 2619 ipsi
358 2548 430 2604 de
456 2548 701 2605 Ecclesia
730 2549 1086 2620 recedamus),
1114 2547 1507 2605 destituendum
1531 2556 1720 2619 putant
1737 2548 1842 2604 Ec-

232 2639 423 2694 clesia:
442 2639 787 2709 disciplinam
809 2642 850 2707 ¹,
884 2640 1171 2710 quamdam
1196 2637 1651 2709 perversissimam
1679 2653 1840 2697 secu—

233 2732 455 2787 ritatem
484 2734 789 2804 praepositis
810 2733 1125 2799 tribuentes,
1162 2742 1220 2788 ut
1245 2733 1312 2788 ad
1337 2747 1431 2788 cos
1451 2748 1559 2788 non
1581 2734 1842 2803 pertineat

234 2823 336 2877 nisi
364 2824 556 2880 dicere
579 2825 707 2896 quid
718 2826 1019 2881 cavendum
1034 2824 1226 2896 quidve
1240 2823 1538 2881 faciendum
1552 2824 1643 2891 sit,
1663 2823 1840 2896 quod-

230 2912 363 2969 libet
385 2924 574 2972 autem
609 2916 834 2986 quisque
861 2915 1020 2972 faciat
1042 2930 1149 2970 non
1169 2929 1376 2971 curare.

302 3005 542 3064 CAPUT
560 3006 760 3062 V.—7.
779 3006 925 3063 Sana
943 3007 1171 3061 doctrina
1193 3016 1267 3060 est
1281 3016 1335 3060 ut
1350 3022 1440 3061 nec
1459 3015 1664 3078 propter
1676 3008 1839 3063 malos

234 3100 509 3154 recedatur
562 3099 628 3154 ab
672 3099 924 3166 Ecclesia,
964 3116 1055 3154 nec
1094 3099 1150 3155 in
1186 3097 1346 3154 malos
1387 3101 1523 3171 ipsos
1557 3100 1840 3171 negligatur

233 3190 539 3262 disciplina.
569 3191 680 3247 Nos
708 3206 837 3247 vero
880 3190 949 3246 ad
1001 3206 1184 3246 sanam
1226 3190 1522 3246 doctrinam
1567 3192 1838 3262 pertinere

233 3282 574 3338 arbitramur
601 3298 668 3339 ex
695 3283 936 3354 utrisque
956 3281 1275 3338 testimoniis
1298 3281 1462 3337 vitam
1486 3283 1837 3338 sententiam-

232 3386 340 3441 que
365 3374 639 3437 moderari
667 3376 710 3439 ³,
743 3383 801 3429 ιιι
824 3382 881 3429 et
903 3374 1133 3430 canesin
1156 3372 1399 3429 Ecclesia
1417 3382 1637 3445 propter
1651 3389 1836 3444 pacem

232 3462 500 3522 Ecclesiae
541 3467 855 3535 toleremus,
887 3476 943 3523 et
987 3467 1211 3523 canibus
1254 3475 1503 3522 sanctum
1528 3508 1543 3535 ,
1601 3468 1689 3523 ubi
1733 3484 1837 3539 pax

235 3555 499 3612 Ecclesia:
552 3567 663 3613 tuta
688 3568 791 3629 est,
846 3574 954 3614 non
1005 3558 1214 3614 demus.
1258 3559 1390 3614 Cum
1436 3574 1565 3629 ergo
1593 3560 1706 3615 sive
1738 3574 1836 3630 per

232 3651 618 3720 negligentiam
641 3654 1069 3723 praepositorum,
1098 3653 1216 3707 sive
1239 3667 1336 3723 per
1360 3651 1590 3723 aliquam
1614 3667 1836 3709 excusa-

231 3741 402 3798 bilem
431 3748 841 3814 necessitatem,
860 3746 973 3802 sive
994 3762 1090 3816 per
1117 3746 1350 3802 occultas
1373 3745 1718 3817 obreptiones
1747 3749 1832 3801 in-

244 3836 497 3891 venimus
529 3837 583 3892 in
609 3836 853 3893 Ecclesia
890 3839 1082 3915 malos,
1113 3854 1246 3908 quos
1271 3838 1628 3894 ecclesiastica
1668 3839 1835 3896 disci-

233 3929 380 3998 plina
404 3930 684 4001 corrigere
713 3940 806 3986 aut
833 3943 1088 3986 coercere
1112 3946 1220 3985 non
1244 3945 1563 4000 possumus;
1590 3939 1718 3987 tunc
1740 3930 1833 4005 (ne

228 4021 495 4077 ascendat
536 4022 591 4076 in
621 4036 717 4078 cor
749 4030 989 4077 nostrum
1038 4021 1201 4092 impia
1249 4029 1303 4077 et
1341 4021 1641 4092 perniciosa
1692 4039 1831 4094 prte-

226 4116 491 4185 sumptio,
521 4129 628 4186 qua
653 4114 1020 4171 existimemus
1040 4128 1137 4169 nos
1157 4114 1225 4168 ab
1242 4113 1324 4169 his
1350 4129 1470 4171 esse
1483 4114 1829 4185 separandos,

230 4210 287 4255 ut
311 4205 556 4271 peccatis
588 4219 776 4260 eorum
826 4220 934 4261 non
983 4205 1343 4276 inquinemur,
1395 4215 1554 4276 atque
1601 4206 1672 4261 ita
1710 4215 1832 4275 post

228 4306 326 4346 nos
353 4290 580 4347 trahere
600 4310 857 4352 conemur
878 4296 1044 4352 veluti
1066 4296 1293 4352 mundos
1317 4306 1634 4368 sanctosque
1670 4297 1830 4354 disci-

227 4385 406 4453 pulos,
437 4384 507 4440 ab
530 4384 752 4439 unitatis
771 4398 1029 4454 compage
1051 4390 1199 4453 quasi
1225 4404 1253 4438 τι
1273 4390 1533 4446 malorum
1558 4391 1829 4446 consortio

225 4475 572 4549 segregatos)
601 4475 820 4532 veniant
843 4475 900 4531 in
934 4483 1169 4530 mentem
1200 4474 1306 4529 illae
1330 4472 1399 4529 de
1438 4473 1727 4545 Scripturis
1751 4476 1828 4531 si-

228 4568 568 4623 militudines
589 4575 647 4623 et
677 4566 856 4622 divina
881 4565 1098 4621 oracula
1128 4564 1215 4621 vel
1238 4565 1535 4620 certissima
1560 4565 1825 4637 exempla,

227 4663 428 4733 quibus
457 4662 890 4719 demonstratum
918 4669 973 4716 et
1000 4659 1410 4730 praenuntiatum
1440 4666 1544 4725 est,
1574 4659 1744 4713 malos
1773 4658 1827 4715 in

228 4756 483 4815 Ecclesia
510 4756 811 4827 permixtos
835 4752 990 4809 bonis
1016 4767 1183 4823 usque
1210 4751 1263 4806 in
1289 4751 1449 4805 linem
1478 4749 1661 4805 smculi
1688 4758 1825 4806 tem-

226 4863 438 4921 pusque
475 4847 667 4919 iudicii
714 4846 944 4911 futuros,
984 4853 1039 4900 et
1066 4843 1200 4899 nihil
1242 4842 1397 4898 bonis
1453 4841 1507 4896 in
1533 4842 1734 4897 unitate
1762 4856 1827 4898 ac

228 4941 644 5010 participatione
665 4939 1136 4994 Sacramentorum
1157 4935 1248 5006 qui
1288 4950 1473 4991 eorum
1514 4934 1667 4990 factis
1713 4951 1824 4991 non

226 5034 609 5090 consenserint
644 5032 947 5088 obfuturos.
991 5030 1124 5086 Cum
1157 5044 1288 5085 vero
1316 5028 1395 5084 eis
1438 5044 1533 5100 per
1558 5042 1689 5099 quos
1717 5028 1822 5085 Ec-

227 5123 387 5179 clesia
417 5126 647 5192 regitur,
670 5124 823 5181 adest
852 5123 994 5178 salva
1019 5138 1153 5195 pace
1191 5121 1446 5178 Ecclesiae
1476 5130 1713 5192 potestas
1739 5123 1823 5179 di-

227 5215 475 5285 sciplina:
501 5212 765 5269 adversus
798 5214 1071 5281 improbos
1110 5222 1203 5268 aut
1230 5212 1463 5269 nefarios
1487 5213 1819 5283 exercendae,

227 5313 351 5360 tunc
372 5320 592 5368 rursus,
621 5318 690 5358 ne
713 5300 955 5358 socordia
983 5300 1312 5370 segnitiaque
1331 5302 1677 5368 dormiamus,
1704 5304 1824 5359 aliis

224 5396 433 5451 aculeis
451 5403 862 5465 praeceptorum,
884 5408 1001 5462 qua:
1023 5392 1089 5447 ad
1116 5392 1450 5448 severitatem
1488 5393 1822 5449 coercitionis

224 5489 523 5556 pertinent,
545 5486 810 5541 excitandi
841 5500 1044 5553 sumus,
1076 5496 1135 5539 ut
1160 5498 1375 5555 gressus
1405 5494 1617 5540 nostros
1644 5486 1695 5540 in
1736 5486 1820 5541 via

224 5577 447 5635 Domini
476 5594 546 5633 ex
572 5577 813 5647 utrisque
837 5575 1157 5632 tesdmoniis
1179 5575 1271 5629 illo
1298 5574 1431 5631 duce
1471 5585 1629 5648 atque
1672 5576 1822 5647 adju-

274 5739 305 5770 ’³
341 5743 421 5789 ιιι
591 5736 710 5799 ιτρίιὶ
728 5743 913 5797 autem,
931 5734 1272 5786 instituendam
1291 5739 1460 5799 putant
1481 5747 1583 5787 esse
1596 5742 1644 5787 et
1666 5735 1823 5787 Eccle-

216 5798 349 5851 sium
370 5806 425 5849 et
446 5796 767 5862 disciplinam.
900 5796 905 5797 “
1066 5859 1075 5862 _
1277 5796 1302 5862 ξ
1411 5858 1421 5862 _
1673 5817 1693 5838 ο

287 5862 310 5897 ι
342 5873 457 5910 am.
482 5867 535 5912 et
552 5858 659 5923 En,
689 5866 847 5911 tutam
876 5859 1156 5911 sententiam
1176 5858 1439 5911 moderari.

516 5942 746 6007 Sutor.
778 5944 1058 6006 Ausus'r.
1084 5943 1194 6009 Vl.

1701 404 1905 463 LIBER
1943 405 2142 468 UNUS.

1972 539 2086 585 tore
2114 529 2467 627 dirigentes‘,
2494 554 2593 598 nec
2620 544 2887 615 patientia:
2916 549 3129 607 nomine
3153 558 3547 627 torpescamus,

1968 636 2067 678 nec
2088 624 2309 682 obtentu
2330 628 2614 700 diligentiae
2638 638 2939 695 saeviamus.

2035 715 2259 773 CAPUT
2278 718 2362 774 Vl.
2384 723 2517 779 —8.
2535 724 2613 779 Ad
2626 725 2939 799 Baptismum
2955 748 3021 787 an
3037 733 3373 790 admittendus
3391 736 3547 792 adul-

1965 814 2040 860 ter
2059 817 2105 860 et
2126 821 2357 879 peccator
2385 830 2484 869 non
2507 828 2776 876 correctus.
2808 822 2886 877 An
2913 834 3164 895 prwcepta
3188 825 3308 881 bene
3346 827 3545 883 nivem“

1962 914 2063 953 non
2086 902 2226 971 prius
2256 905 2502 960 tradenda
2526 910 2676 977 quam
2701 910 3015 984 Baptismus.
3047 914 3157 971 Hac
3185 932 3314 989 ergo
3348 933 3545 974 secun-

1961 991 2085 1048 dum
2111 1009 2293 1051 sanam
2314 998 2610 1057 doctrinam
2633 1004 2995 1063 moderatione
3015 1017 3246 1075 servata,
3269 1009 3547 1068 videamus

1959 1086 2099 1144 unde
2121 1089 2314 1160 agitur,
2344 1090 2396 1147 id
2416 1102 2517 1162 est,
2534 1104 2709 1151 utrum
2727 1097 2794 1153 ad
2809 1100 3544 1173 percipiendumBaptismum

1957 1178 2037 1235 sic
2055 1180 2368 1239 admittendi
2407 1195 2533 1243 sunt
2557 1187 2825 1259 homines,
2855 1199 2913 1245 ut
2938 1191 3083 1247 nulla
3114 1192 3185 1247 ibi
3212 1192 3394 1264 vigilet
3422 1193 3545 1249 dili-

1956 1272 2154 1342 gentia,
2185 1290 2253 1329 ne
2272 1285 2517 1332 sanctum
2536 1278 2759 1337 canibus
2785 1280 2977 1350 detur;
3001 1297 3170 1355 usque
3197 1283 3332 1340 adeo
3359 1293 3418 1341 ut
3442 1300 3542 1341 nec

1955 1366 2275 1435 apertissimi
2304 1367 2552 1426 adulterii
2591 1382 2989 1444 perpetratores
3018 1384 3073 1432 et
3114 1377 3231 1448 ejus
3279 1392 3539 1449 perseve-

1952 1457 2140 1513 rantiae
2188 1460 2523 1529 professores
2560 1477 2590 1517 a
2638 1463 2988 1522 Sacramento
3041 1474 3205 1524 tantas
3241 1468 3539 1526 sanctitatis

1954 1548 2233 1607 videantur
2256 1554 2469 1611 arcendi
2496 1574 2510 1612 :
2528 1570 2635 1628 quo
2654 1558 2771 1615 sine
2786 1554 3085 1617 dubio’non
3107 1560 3534 1630 admitterentur,

1952 1643 1997 1698 si
2024 1658 2120 1715 per
2144 1644 2289 1716 ipsos
2316 1646 2433 1704 dies
2456 1649 2647 1721 quibus
2676 1651 2922 1709 eamdem
2947 1654 3173 1726 gratiam
3204 1655 3532 1728 percepturi,

1950 1735 2062 1791 suis
2086 1736 2387 1794 nominibus
2442 1740 2601 1809 datis,
2645 1742 2988 1811 abstinentia,
3036 1745 3278 1817 jejuniis,
3323 1748 3538 1804 exorci-

1950 1825 2183 1897 smisque
2205 1837 2514 1900 purgantur,
2532 1845 2654 1887 cum
2673 1833 3047 1905 suislegitimis
3057 1836 3261 1892 etveris
3280 1837 3537 1895 uxoribus

1949 1931 2009 1974 se
2024 1919 2401 1978 concubituros
2421 1923 2815 1994 profiterentur,
2833 1934 2992 1997 atque
3006 1926 3167 1998 hujus
3176 1928 3276 1993 rei,
3291 1928 3537 1998 quamvis

1949 2011 2053 2067 alio
2068 2020 2306 2085 tempore
2321 2014 2497 2083 licitae,
2514 2018 2695 2087 paucis
2711 2019 2839 2089 ipsis
2865 2019 3193 2076 solemnibus
3207 2020 3398 2076 diebus
3410 2021 3534 2076 nul-

1948 2101 2053 2157 lam
2082 2104 2465 2161 continentiam
2496 2117 2821 2164 servaturos.
2852 2109 2969 2178 Quo
2993 2110 3152 2166 modo
3168 2110 3328 2182 igitur
3354 2111 3422 2168 ad
3441 2110 3532 2168 illa

1947 2203 2131 2249 sancta
2158 2211 2413 2252 recusans
2437 2200 2823 2256 correctionem
2856 2200 3063 2257 adulter
3078 2200 3396 2269 admittitur,
3426 2215 3534 2273 quo

1945 2299 2199 2341 recusans
2219 2287 2646 2345 observationem
2676 2306 2782 2347 non
2800 2291 3095 2347 admittitur
3114 2292 3472 2363 coniugatus?

2016 2377 2070 2434 9.
2110 2378 2217 2434 Sed
2243 2379 2409 2449 prius,
2457 2380 2722 2452 inquiunt,
2758 2382 3087 2453 baptizetur;
3120 2383 3315 2441 deinde
3338 2384 3533 2439 docea-

1946 2477 2032 2525 tur
2060 2470 2186 2541 quid
2207 2471 2272 2526 ad
2298 2472 2493 2527 bonam
2522 2474 2684 2529 vitam
2713 2490 2997 2546 moresque
3015 2475 3300 2547 pertineat.
3324 2475 3410 2532 Fit
3429 2477 3532 2534 hoc

1944 2562 2035 2619 ubi
2060 2578 2380 2634 quemquam
2406 2564 2541 2622 forte
2560 2565 2675 2621 dies
2699 2573 2857 2637 urget
2882 2576 3177 2635 extremus,
3204 2576 3264 2622 ut
3283 2568 3350 2623 ad
3370 2568 3531 2624 verba

1942 2654 2287 2724 paucissima,
2312 2656 2503 2726 quibus
2526 2666 2704 2713 tamen
2731 2658 2911 2713 omnia
2937 2659 3297 2728 continentur,
3324 2660 3529 2728 credat,

1944 2744 2452 2818 Sacramentumque
2476 2748 2761 2819 percipiat;
2809 2757 2867 2804 ut
2891 2750 2937 2804 si
2977 2765 3041 2804 ex
3072 2749 3172 2805 hac
3194 2751 3300 2806 vita
3324 2752 3530 2823 migra-

1945 2840 2104 2907 verit,
2145 2839 2396 2894 iiberatus
2424 2849 2580 2895 exeat
2615 2855 2646 2895 a
2684 2850 2835 2896 reatu
2861 2844 3259 2912 prmteritorum
3285 2844 3525 2899 omnium

1944 2940 2303 3002 peccatorum.
2348 2933 2402 2989 Si
2447 2943 2623 2989 autem
2669 2949 2833 2990 sanus
2862 2936 3026 3006 petit,
3072 2938 3408 3009 spatiumque
3450 2938 3526 2993 di-

1943 3021 2125 3078 scendi
2174 3032 2276 3089 est,
2314 3023 2457 3094 quod
2495 3024 2635 3079 aliud
2672 3026 3024 3095 opportunius
3059 3035 3271 3098 tempus
3296 3028 3524 3099 reperiri

1939 3123 2156 3184 potest,
2181 3130 2286 3184 quo
2309 3114 2488 3169 audiat
2514 3115 2963 3186 quemadmodum
2990 3116 3161 3173 ﬁdelis
3196 3119 3312 3174 fieri
3338 3134 3401 3174 ac
3440 3120 3527 3174 vi-

1941 3219 2070 3259 vere
2098 3204 2313 3271 debeat,
2343 3221 2501 3276 quam
2524 3206 2651 3261 illud
2682 3222 2805 3261 cum
2833 3207 3119 3263 attentiore
3146 3209 3327 3265 animo
3360 3219 3526 3281 atque

1943 3296 2057 3365 ipsa
2083 3296 2340 3365 religione
2361 3311 2624 3366 suspenso
2651 3296 3018 3354 saluberrima:
3051 3299 3173 3354 iidei
3207 3299 3526 3356 Sacramen-

1941 3396 2053 3444 tum
2084 3389 2255 3459 petit?
2295 3390 2378 3444 An
2423 3404 2591 3459 usque
2617 3389 2751 3444 adeo
2793 3389 3192 3446 dissimulamus
3216 3406 3247 3445 a
3275 3392 3525 3449 sensibus

1941 3479 2159 3546 nostris,
2190 3486 2249 3533 ut
2271 3479 2356 3533 vel
2380 3493 2477 3534 nos
2507 3478 2652 3549 ipsos
2672 3493 2781 3533 non
2796 3478 3144 3534 recordemur
3159 3495 3324 3550 quam
3351 3479 3524 3536 fueri-

1939 3585 2060 3626 mus
2102 3570 2289 3625 attenti
2329 3577 2490 3640 atque
2526 3569 2737 3625 solliciti
2766 3569 2893 3640 quid
2922 3569 3075 3626 nobis
3104 3572 3457 3644 praeciperent
3483 3588 3519 3629 a

1939 3661 2133 3733 quibus
2147 3659 2629 3728 catecbizabamur,
2660 3675 2779 3716 cum
2807 3659 2967 3716 fontis
2992 3660 3133 3717 illius
3174 3660 3521 3719 Sacramenta

1938 3759 2422 3822 peteremus,atque
2431 3748 2503 3806 ob
2517 3749 2619 3805 hoc
2626 3749 2755 3806 Com
2761 3759 2997 3822 petentes
3010 3752 3169 3807 etiam
3185 3767 3519 3820 vocaremur;

1936 3847 2022 3901 vel
2038 3861 2142 3901 non
2160 3846 2455 3901 intueamur
2470 3844 2622 3910 alios,
2638 3844 2728 3915 qui
2748 3859 2845 3915 per
2858 3858 3028 3900 annos
3042 3845 3277 3916 singulos
3290 3845 3359 3900 ad
3374 3845 3522 3901 lava-

1934 3951 2087 3992 crum
2102 3936 2521 4007 regenerationis
2535 3945 2842 4005 accurrunt,
2864 3936 3048 4006 quales
3068 3936 3174 3992 sint
3191 3936 3322 4007 ipsis
3333 3935 3524 3994 diebus

1934 4028 2127 4099 quibus
2138 4028 2551 4095 catechizantur,
2570 4028 2960 4094 exorcizantur,
2982 4037 3308 4097 scrutantur,
3324 4037 3521 4101 quanta

1934 4120 2203 4192 vigilantia
2245 4120 2582 4188 conveniant,
2612 4135 2720 4191 quo
2760 4119 2938 4176 studio
2960 4120 3227 4189 ferveant,
3263 4137 3366 4193 qua
3391 4138 3521 4179 cura

1934 4213 2234 4285 pendeant?
2257 4214 2312 4270 Si
2340 4224 2466 4269 tunc
2486 4222 2693 4284 tempus
2714 4228 2820 4269 non
2840 4222 2923 4270 est
2941 4213 3178 4270 discendi
3207 4216 3252 4283 ',
3273 4229 3393 4285 quae
3414 4214 3521 4269 vita

1933 4314 2192 4378 congruat
2204 4314 2371 4375 tanto,
2384 4305 2526 4377 quod
2540 4305 2782 4376 accipere
2793 4304 3119 4371 desiderant,
3135 4306 3482 4361 Sacramenta
3498 4320 3515 4370 ;

1932 4398 2149 4469 quando
2195 4397 2353 4454 erit?
2407 4399 2489 4453 An
2535 4412 2665 4451 vero
2701 4412 2822 4447 eum
2857 4394 3200 4464 acceperint,
3256 4394 3313 4450 in
3356 4394 3520 4450 tantis

1934 4482 2245 4539 criminibus
2269 4492 2642 4553 permanentes
2662 4482 2822 4538 etiam
2851 4494 2970 4555 post
3012 4483 3366 4554 Baptismum,
3403 4499 3515 4541 non

1935 4575 2060 4631 novi
2083 4574 2348 4642 homines,
2370 4572 2467 4630 sed
2496 4573 2573 4629 rei
2602 4573 2851 4629 veteres?
2880 4583 2938 4630 ut
2963 4574 3211 4630 videlicet
3243 4576 3517 4646 perversi-

1934 4673 2043 4720 tate
2066 4664 2296 4720 mirabili
2326 4664 2473 4735 prius
2496 4664 2576 4720 eis
2594 4664 2822 4732 dicatur,
2852 4664 3056 4721 induite
3100 4665 3372 4723 hominem
3416 4681 3517 4721 no-

1931 4770 2091 4821 vum;
2138 4764 2347 4811 etcum
2392 4754 2560 4810 induti
2601 4754 2817 4822 fuerint,
2856 4765 3039 4826 postea
3062 4756 3290 4822 dicatur,
3326 4756 3517 4813 Exuite

1930 4856 2166 4904 veterem
2198 4864 2212 4901 :
2244 4862 2366 4903 cum
2394 4847 2682 4917 Apostolus
2708 4861 2896 4903 sanum
2931 4847 3177 4904 ordinem
3208 4857 3394 4905 tenens
3424 4845 3513 4902 di-

1929 4950 2037 5008 cat,
2069 4939 2258 4995 Exuite
2281 4947 2511 5005 ueterem,
2541 4948 2586 4994 et
2613 4939 2806 4994 induite
2840 4955 3026 4995 nouum
3071 4939 3295 5010 (Colon.
3324 4953 3382 4993 ιιι
3404 4977 3421 5003 ,
3448 4935 3506 5003 9,

1931 5033 2055 5104 10);
2101 5041 2157 5088 et
2199 5033 2314 5103 ipse
2354 5031 2612 5087 Dominus
2639 5032 2854 5099 clamet,
2887 5030 3053 5086 Nemo
3094 5030 3253 5086 arcuit
3280 5042 3510 5099 pannum

1928 5144 2112 5183 navum
2146 5128 2433 5182 vestimento
2469 5128 2640 5195 veteri,
2677 5135 2726 5181 et
2764 5141 2910 5181 nemo
2936 5125 3083 5180 mittit
3119 5124 3290 5177 uinum
3326 5134 3514 5175 nouum

1926 5221 1983 5275 in
2011 5230 2142 5275 utres
2166 5229 2370 5275 veteres.
2400 5218 2613 5290 (Matth.
2642 5218 2831 5286 1x,16,
2863 5215 2974 5290 l7).
3002 5212 3139 5283 Quid
3165 5222 3342 5268 autem
3367 5210 3513 5268 aliud

1927 5313 2035 5383 agit
2058 5321 2225 5367 totum
2270 5321 2500 5381 tempus,
2551 5325 2658 5381 quo
2691 5309 3193 5365 catechumenorum
3235 5301 3411 5359 locum
3454 5310 3514 5358 et

1928 5418 2123 5458 nomen
2152 5410 2357 5469 tenent,
2385 5400 2489 5456 nisi
2518 5408 2577 5455 ut
2601 5399 2816 5453 audiant
2842 5410 2960 5465 qua:
2984 5393 3118 5449 fides
3145 5401 3201 5449 et
3225 5392 3400 5464 qualis
3429 5392 3512 5447 vi-

1927 5503 1982 5550 ta
2019 5494 2210 5550 debeat
2243 5508 2363 5550 esse
2401 5491 2702 5554 christiani;
2732 5498 2790 5543 ut
2816 5503 2936 5542 cum
2965 5502 3026 5542 se
3064 5488 3209 5558 ipsos
3238 5486 3509 5560 probave-

1925 5588 2053 5656 rint,
2097 5596 2224 5642 tunc
2245 5586 2314 5641 de
2341 5599 2523 5640 mensa
2564 5581 2771 5637 Domini
2802 5579 3141 5648 manducent,
3172 5588 3227 5636 et
3249 5578 3318 5635 de
3342 5579 3511 5636 calice

1927 5680 2143 5736 bibant?
2184 5678 2441 5745 Quoniam
2477 5674 2563 5746 qui
2591 5671 2861 5727 mandarat
2887 5682 2935 5727 et
2960 5672 3081 5728 bibit
3116 5672 3343 5745 indigne,
3366 5671 3507 5741 judi~

1994 5799 2012 5829 ι
2043 5803 2171 5851 Mss,
2194 5797 2333 5854 atque
2363 5795 2513 5854 utare.

1995 5861 2018 5891 ³
2049 5850 2175 5920 Mssa,
2200 5850 2411 5903 dicendi.

3026 5927 3263 6011 (Serm)
3495 5935 3509 5968 '
