  <div class='ocr_page' id='page_1' title='image "/cluster/home/n/w/nwhite01/storage/ocr_20150623/40/hvd.32044024147290/108.png"; bbox 0 0 4046 6332; ppageno 0'>
   <div class='ocr_carea' id='block_1_1' title="bbox 585 427 674 448">
    <p class='ocr_par' dir='ltr' id='par_1_1' title="bbox 585 427 674 448">
     <span class='ocr_line' id='line_1_1' title="bbox 585 427 674 448; baseline 0 0"><span class='ocrx_word' id='word_1_1' title='bbox 585 427 674 448; x_wconf 59' lang='grc' dir='ltr'><strong>ηςν·</strong></span> 
     </span>
    </p>
   </div>
   <div class='ocr_carea' id='block_1_2' title="bbox 289 565 1833 645">
    <p class='ocr_par' dir='ltr' id='par_1_2' title="bbox 289 565 1833 645">
     <span class='ocr_line' id='line_1_2' title="bbox 289 565 1833 645; baseline -0.01 -9"><span class='ocrx_word' id='word_1_2' title='bbox 289 578 380 636; x_wconf 73' lang='lat' dir='ltr'><strong>t3.</strong></span> <span class='ocrx_word' id='word_1_3' title='bbox 409 574 526 634; x_wconf 73' lang='lat' dir='ltr'><strong>Sed</strong></span> <span class='ocrx_word' id='word_1_4' title='bbox 563 573 936 645; x_wconf 68' lang='lat' dir='ltr'><strong>inﬁdelitatis,</strong></span> <span class='ocrx_word' id='word_1_5' title='bbox 977 568 1252 645; x_wconf 83' lang='lat' dir='ltr'><strong>inquiunt,</strong></span> <span class='ocrx_word' id='word_1_6' title='bbox 1295 565 1701 632; x_wconf 87' lang='lat' dir='ltr'><strong>tantummodo,</strong></span> <span class='ocrx_word' id='word_1_7' title='bbox 1729 579 1833 636; x_wconf 85' lang='lat' dir='ltr'><strong>qua</strong></span> 
     </span>
    </p>
   </div>
   <div class='ocr_carea' id='block_1_3' title="bbox 227 663 1835 735">
    <p class='ocr_par' dir='ltr' id='par_1_3' title="bbox 227 663 1835 735">
     <span class='ocr_line' id='line_1_3' title="bbox 227 663 1835 735; baseline -0.012 -1"><span class='ocrx_word' id='word_1_8' title='bbox 227 672 586 734; x_wconf 78' lang='lat' dir='ltr'><strong>itiClirlstnm</strong></span> <span class='ocrx_word' id='word_1_9' title='bbox 631 685 742 728; x_wconf 89' lang='lat' dir='ltr'><strong>non</strong></span> <span class='ocrx_word' id='word_1_10' title='bbox 771 667 1145 733; x_wconf 86' lang='lat' dir='ltr'><strong>crediderunt,</strong></span> <span class='ocrx_word' id='word_1_11' title='bbox 1168 678 1262 722; x_wconf 88' lang='lat' dir='ltr'><strong>eos</strong></span> <span class='ocrx_word' id='word_1_12' title='bbox 1313 663 1481 720; x_wconf 81' lang='lat' dir='ltr'><strong>voluit</strong></span> <span class='ocrx_word' id='word_1_13' title='bbox 1525 675 1684 735; x_wconf 87' lang='lat' dir='ltr'><strong>agere</strong></span> <span class='ocrx_word' id='word_1_14' title='bbox 1713 671 1835 732; x_wconf 75' lang='grc' dir='ltr'><strong>ρω-</strong></span> 
     </span>
    </p>
   </div>
   <div class='ocr_carea' id='block_1_4' title="bbox 1657 431 2118 512">
    <p class='ocr_par' dir='ltr' id='par_1_4' title="bbox 1657 431 2118 512">
     <span class='ocr_line' id='line_1_4' title="bbox 1657 431 2118 512; baseline -0.011 -2"><span class='ocrx_word' id='word_1_15' title='bbox 1657 437 1874 512; x_wconf 71' lang='lat' dir='ltr'><strong>Ltes&#39;it</strong></span> <span class='ocrx_word' id='word_1_16' title='bbox 1907 431 2118 508; x_wconf 70' lang='lat' dir='ltr'><strong>tinus.</strong></span> 
     </span>
    </p>
   </div>
   <div class='ocr_carea' id='block_1_5' title="bbox 1937 563 3534 644">
    <p class='ocr_par' dir='ltr' id='par_1_5' title="bbox 1937 563 3534 644">
     <span class='ocr_line' id='line_1_5' title="bbox 1937 563 3534 644; baseline 0.004 -22"><span class='ocrx_word' id='word_1_17' title='bbox 1937 563 2098 622; x_wconf 78' lang='lat' dir='ltr'><strong>&quot;mur?</strong></span> <span class='ocrx_word' id='word_1_18' title='bbox 2122 580 2220 622; x_wconf 89' lang='lat' dir='ltr'><strong>cur</strong></span> <span class='ocrx_word' id='word_1_19' title='bbox 2245 577 2353 622; x_wconf 87' lang='lat' dir='ltr'><strong>non</strong></span> <span class='ocrx_word' id='word_1_20' title='bbox 2383 565 2674 635; x_wconf 84' lang='lat' dir='ltr'><strong>imitamur,</strong></span> <span class='ocrx_word' id='word_1_21' title='bbox 2695 573 2857 640; x_wconf 87' lang='lat' dir='ltr'><strong>atque</strong></span> <span class='ocrx_word' id='word_1_22' title='bbox 2877 565 3170 624; x_wconf 78' lang='lat' dir='ltr'><strong>auferimus</strong></span> <span class='ocrx_word' id='word_1_23' title='bbox 3196 576 3390 626; x_wconf 79' lang='lat' dir='ltr'><strong>caetera</strong></span> <span class='ocrx_word' id='word_1_24' title='bbox 3411 575 3534 644; x_wconf 63' lang='lat' dir='ltr'><strong>qum</strong></span> 
     </span>
    </p>
   </div>
   <div class='ocr_carea' id='block_1_6' title="bbox 1943 657 3533 732">
    <p class='ocr_par' dir='ltr' id='par_1_6' title="bbox 1943 657 3533 732">
     <span class='ocr_line' id='line_1_6' title="bbox 1943 657 3533 732; baseline 0.004 -18"><span class='ocrx_word' id='word_1_25' title='bbox 1943 671 2166 716; x_wconf 85' lang='lat' dir='ltr'><strong>necesse</strong></span> <span class='ocrx_word' id='word_1_26' title='bbox 2201 657 2498 729; x_wconf 80' lang='lat' dir='ltr'><strong>habemus,</strong></span> <span class='ocrx_word' id='word_1_27' title='bbox 2541 662 2700 717; x_wconf 89' lang='lat' dir='ltr'><strong>etiam</strong></span> <span class='ocrx_word' id='word_1_28' title='bbox 2728 675 2848 716; x_wconf 92' lang='lat' dir='ltr'><strong>cum</strong></span> <span class='ocrx_word' id='word_1_29' title='bbox 2879 661 2945 716; x_wconf 87' lang='lat' dir='ltr'><strong>ad</strong></span> <span class='ocrx_word' id='word_1_30' title='bbox 2974 661 3350 732; x_wconf 83' lang='lat' dir='ltr'><strong>baptizaudum</strong></span> <span class='ocrx_word' id='word_1_31' title='bbox 3392 671 3533 720; x_wconf 87' lang='lat' dir='ltr'><strong>tem-</strong></span> 
     </span>
    </p>
   </div>
   <div class='ocr_carea' id='block_1_7' title="bbox 231 753 3542 836">
    <p class='ocr_par' dir='ltr' id='par_1_7' title="bbox 231 753 3542 836">
     <span class='ocr_line' id='line_1_7' title="bbox 231 753 3542 836; baseline -0.004 -10"><span class='ocrx_word' id='word_1_32' title='bbox 231 761 700 826; x_wconf 69' lang='lat' dir='ltr'><strong>nitentiam.Mira</strong></span> <span class='ocrx_word' id='word_1_33' title='bbox 728 761 1076 836; x_wconf 74' lang='lat' dir='ltr'><strong>praesumptio</strong></span> <span class='ocrx_word' id='word_1_34' title='bbox 1107 757 1254 831; x_wconf 89' lang='lat' dir='ltr'><strong>(nolo</strong></span> <span class='ocrx_word' id='word_1_35' title='bbox 1294 757 1582 830; x_wconf 82' lang='lat' dir='ltr'><strong>quidquam</strong></span> <span class='ocrx_word' id='word_1_36' title='bbox 1609 754 1836 828; x_wconf 75' lang='lat' dir='ltr'><strong>gravius</strong></span> <span class='ocrx_word' id='word_1_37' title='bbox 1941 753 2093 822; x_wconf 84' lang='lat' dir='ltr'><strong>&#39;poris</strong></span> <span class='ocrx_word' id='word_1_38' title='bbox 2139 759 2294 824; x_wconf 84' lang='lat' dir='ltr'><strong>urget</strong></span> <span class='ocrx_word' id='word_1_39' title='bbox 2338 753 2616 824; x_wconf 76' lang='lat' dir='ltr'><strong>angustia,</strong></span> <span class='ocrx_word' id='word_1_40' title='bbox 2671 754 2974 825; x_wconf 75' lang='lat' dir='ltr'><strong>exprimere</strong></span> <span class='ocrx_word' id='word_1_41' title='bbox 3023 753 3435 825; x_wconf 84' lang='lat' dir='ltr'><strong>interrogando,</strong></span> <span class='ocrx_word' id='word_1_42' title='bbox 3479 763 3542 813; x_wconf 76' lang='lat' dir='ltr'><strong>ut</strong></span> 
     </span>
    </p>
   </div>
   <div class='ocr_carea' id='block_1_8' title="bbox 232 843 3540 931">
    <p class='ocr_par' dir='ltr' id='par_1_8' title="bbox 232 843 3540 931">
     <span class='ocr_line' id='line_1_8' title="bbox 232 843 3540 931; baseline -0.004 -12"><span class='ocrx_word' id='word_1_43' title='bbox 232 858 456 931; x_wconf 78' lang='lat' dir='ltr'><strong>dicere),</strong></span> <span class='ocrx_word' id='word_1_44' title='bbox 485 857 704 931; x_wconf 78' lang='lat' dir='ltr'><strong>quando</strong></span> <span class='ocrx_word' id='word_1_45' title='bbox 730 867 798 913; x_wconf 89' lang='lat' dir='ltr'><strong>eo</strong></span> <span class='ocrx_word' id='word_1_46' title='bbox 813 853 998 912; x_wconf 81' lang='lat' dir='ltr'><strong>audito</strong></span> <span class='ocrx_word' id='word_1_47' title='bbox 1027 849 1169 925; x_wconf 85' lang='lat' dir='ltr'><strong>quod</strong></span> <span class='ocrx_word' id='word_1_48' title='bbox 1198 850 1398 907; x_wconf 90' lang='lat' dir='ltr'><strong>dictum</strong></span> <span class='ocrx_word' id='word_1_49' title='bbox 1421 845 1700 920; x_wconf 79' lang='lat' dir='ltr'><strong>est,Agite</strong></span> <span class='ocrx_word' id='word_1_50' title='bbox 1726 861 1836 920; x_wconf 71' lang='lat' dir='ltr'><strong>pw-</strong></span> <span class='ocrx_word' id='word_1_51' title='bbox 1939 843 2298 916; x_wconf 79' lang='lat' dir='ltr'><strong>baptizandus</strong></span> <span class='ocrx_word' id='word_1_52' title='bbox 2340 845 2407 900; x_wconf 80' lang='lat' dir='ltr'><strong>ad</strong></span> <span class='ocrx_word' id='word_1_53' title='bbox 2451 853 2640 902; x_wconf 85' lang='lat' dir='ltr'><strong>cuncta</strong></span> <span class='ocrx_word' id='word_1_54' title='bbox 2685 845 3010 917; x_wconf 88' lang='lat' dir='ltr'><strong>respondeat</strong></span> <span class='ocrx_word' id='word_1_55' title='bbox 3029 888 3043 913; x_wconf 89' lang='lat'><strong>,</strong></span> <span class='ocrx_word' id='word_1_56' title='bbox 3089 848 3302 904; x_wconf 85' lang='lat' dir='ltr'><strong>etiamsi</strong></span> <span class='ocrx_word' id='word_1_57' title='bbox 3331 863 3394 904; x_wconf 90' lang='lat' dir='ltr'><strong>ea</strong></span> <span class='ocrx_word' id='word_1_58' title='bbox 3426 855 3540 907; x_wconf 71' lang='lat' dir='ltr'><strong>me-</strong></span> 
     </span>
    </p>
   </div>
   <div class='ocr_carea' id='block_1_9' title="bbox 232 938 1838 1020">
    <p class='ocr_par' dir='ltr' id='par_1_9' title="bbox 232 938 1838 1020">
     <span class='ocr_line' id='line_1_9' title="bbox 232 938 1838 1020; baseline -0.011 -11"><span class='ocrx_word' id='word_1_59' title='bbox 232 951 537 1020; x_wconf 74' lang='lat' dir='ltr'><strong>nitentium,</strong></span> <span class='ocrx_word' id='word_1_60' title='bbox 583 947 754 1007; x_wconf 86' lang='lat' dir='ltr'><strong>solius</strong></span> <span class='ocrx_word' id='word_1_61' title='bbox 795 939 1264 1003; x_wconf 69' lang='lat' dir='ltr'><strong>inhdelitatis&#39;acta</strong></span> <span class='ocrx_word' id='word_1_62' title='bbox 1289 941 1508 1009; x_wconf 89' lang='lat' dir='ltr'><strong>dicitur,</strong></span> <span class='ocrx_word' id='word_1_63' title='bbox 1556 953 1680 996; x_wconf 90' lang='lat' dir='ltr'><strong>cum</strong></span> <span class='ocrx_word' id='word_1_64' title='bbox 1727 938 1838 993; x_wconf 89' lang='lat' dir='ltr'><strong>vita</strong></span> 
     </span>
    </p>
   </div>
   <div class='ocr_carea' id='block_1_10' title="bbox 235 1029 1838 1103">
    <p class='ocr_par' dir='ltr' id='par_1_10' title="bbox 235 1029 1838 1103">
     <span class='ocr_line' id='line_1_10' title="bbox 235 1029 1838 1103; baseline -0.011 -2"><span class='ocrx_word' id='word_1_65' title='bbox 235 1041 494 1103; x_wconf 80' lang='lat' dir='ltr'><strong>mutanda</strong></span> <span class='ocrx_word' id='word_1_66' title='bbox 543 1051 616 1098; x_wconf 73' lang='lat' dir='ltr'><strong>es</strong></span> <span class='ocrx_word' id='word_1_67' title='bbox 663 1049 848 1097; x_wconf 66' lang='lat' dir='ltr'><strong>retere</strong></span> <span class='ocrx_word' id='word_1_68' title='bbox 888 1039 944 1095; x_wconf 89' lang='lat' dir='ltr'><strong>in</strong></span> <span class='ocrx_word' id='word_1_69' title='bbox 992 1045 1193 1093; x_wconf 64' lang='lat' dir='ltr'><strong>noram</strong></span> <span class='ocrx_word' id='word_1_70' title='bbox 1241 1033 1483 1091; x_wconf 83' lang='lat' dir='ltr'><strong>doctrina</strong></span> <span class='ocrx_word' id='word_1_71' title='bbox 1529 1029 1838 1103; x_wconf 86' lang='lat' dir='ltr'><strong>evangelica</strong></span> 
     </span>
    </p>
   </div>
   <div class='ocr_carea' id='block_1_11' title="bbox 235 1125 1834 1205">
    <p class='ocr_par' dir='ltr' id='par_1_11' title="bbox 235 1125 1834 1205">
     <span class='ocr_line' id='line_1_11' title="bbox 235 1125 1834 1205; baseline -0.012 -8"><span class='ocrx_word' id='word_1_72' title='bbox 235 1137 568 1205; x_wconf 78' lang='lat' dir='ltr'><strong>traderetur,</strong></span> <span class='ocrx_word' id='word_1_73' title='bbox 598 1135 691 1191; x_wconf 91' lang='lat' dir='ltr'><strong>ubi</strong></span> <span class='ocrx_word' id='word_1_74' title='bbox 713 1135 898 1204; x_wconf 78' lang='lat' dir='ltr'><strong>utique</strong></span> <span class='ocrx_word' id='word_1_75' title='bbox 922 1137 978 1188; x_wconf 84' lang='lat' dir='ltr'><strong>et</strong></span> <span class='ocrx_word' id='word_1_76' title='bbox 1001 1127 1132 1187; x_wconf 87' lang='lat' dir='ltr'><strong>illud</strong></span> <span class='ocrx_word' id='word_1_77' title='bbox 1160 1135 1244 1184; x_wconf 89' lang='lat' dir='ltr'><strong>est</strong></span> <span class='ocrx_word' id='word_1_78' title='bbox 1271 1125 1413 1199; x_wconf 90' lang='lat' dir='ltr'><strong>quod</strong></span> <span class='ocrx_word' id='word_1_79' title='bbox 1437 1128 1493 1182; x_wconf 89' lang='lat' dir='ltr'><strong>in</strong></span> <span class='ocrx_word' id='word_1_80' title='bbox 1519 1141 1581 1182; x_wconf 92' lang='lat' dir='ltr'><strong>ea</strong></span> <span class='ocrx_word' id='word_1_81' title='bbox 1610 1135 1834 1181; x_wconf 90' lang='lat' dir='ltr'><strong>senten-</strong></span> 
     </span>
    </p>
   </div>
   <div class='ocr_carea' id='block_1_12' title="bbox 235 1222 1842 1302">
    <p class='ocr_par' dir='ltr' id='par_1_12' title="bbox 235 1222 1842 1302">
     <span class='ocr_line' id='line_1_12' title="bbox 235 1222 1842 1302; baseline -0.012 -13"><span class='ocrx_word' id='word_1_82' title='bbox 235 1233 306 1290; x_wconf 73' lang='lat' dir='ltr'><strong>tia</strong></span> <span class='ocrx_word' id='word_1_83' title='bbox 329 1231 490 1302; x_wconf 87' lang='lat' dir='ltr'><strong>ponit</strong></span> <span class='ocrx_word' id='word_1_84' title='bbox 519 1229 815 1300; x_wconf 73' lang='lat' dir='ltr'><strong>Apustolus</strong></span> <span class='ocrx_word' id='word_1_85' title='bbox 835 1268 849 1294; x_wconf 98' lang='lat'><strong>,</strong></span> <span class='ocrx_word' id='word_1_86' title='bbox 881 1223 983 1292; x_wconf 73' lang='lat' dir='ltr'><strong>Qui</strong></span> <span class='ocrx_word' id='word_1_87' title='bbox 1027 1222 1313 1296; x_wconf 59' lang='lat' dir='ltr'><strong>mirabatur,</strong></span> <span class='ocrx_word' id='word_1_88' title='bbox 1334 1222 1451 1293; x_wconf 84' lang='lat' dir='ltr'><strong>jam</strong></span> <span class='ocrx_word' id='word_1_89' title='bbox 1497 1233 1598 1274; x_wconf 86' lang='lat' dir='ltr'><strong>non</strong></span> <span class='ocrx_word' id='word_1_90' title='bbox 1643 1223 1842 1289; x_wconf 65' lang='lat' dir='ltr'><strong>{Uretur</strong></span> 
     </span>
    </p>
   </div>
   <div class='ocr_carea' id='block_1_13' title="bbox 236 1307 1844 1398">
    <p class='ocr_par' dir='ltr' id='par_1_13' title="bbox 236 1307 1844 1398">
     <span class='ocr_line' id='line_1_13' title="bbox 236 1307 1844 1398; baseline -0.011 -18"><span class='ocrx_word' id='word_1_91' title='bbox 236 1322 458 1397; x_wconf 66' lang='lat' dir='ltr'><strong>iEphes.</strong></span> <span class='ocrx_word' id='word_1_92' title='bbox 493 1327 572 1388; x_wconf 70' lang='grc' dir='ltr'><strong>ιν,</strong></span> <span class='ocrx_word' id='word_1_93' title='bbox 599 1317 692 1391; x_wconf 74' lang='lat'><strong>28)</strong></span> <span class='ocrx_word' id='word_1_94' title='bbox 713 1336 730 1386; x_wconf 91' lang='lat'><strong>;</strong></span> <span class='ocrx_word' id='word_1_95' title='bbox 753 1321 807 1374; x_wconf 82' lang='lat' dir='ltr'><strong>et</strong></span> <span class='ocrx_word' id='word_1_96' title='bbox 829 1323 1024 1374; x_wconf 61' lang='lat' dir='ltr'><strong>cetera</strong></span> <span class='ocrx_word' id='word_1_97' title='bbox 1041 1359 1055 1383; x_wconf 92' lang='lat'><strong>,</strong></span> <span class='ocrx_word' id='word_1_98' title='bbox 1081 1315 1273 1386; x_wconf 85' lang='lat' dir='ltr'><strong>quibus</strong></span> <span class='ocrx_word' id='word_1_99' title='bbox 1297 1313 1606 1384; x_wconf 78' lang='lat' dir='ltr'><strong>exsequitur</strong></span> <span class='ocrx_word' id='word_1_100' title='bbox 1625 1309 1752 1382; x_wconf 90' lang='lat' dir='ltr'><strong>quid</strong></span> <span class='ocrx_word' id='word_1_101' title='bbox 1774 1307 1844 1398; x_wconf 74' lang='lat' dir='ltr'><strong>sit</strong></span> 
     </span>
    </p>
   </div>
   <div class='ocr_carea' id='block_1_14' title="bbox 235 1399 1842 1488">
    <p class='ocr_par' dir='ltr' id='par_1_14' title="bbox 235 1399 1842 1488">
     <span class='ocr_line' id='line_1_14' title="bbox 235 1399 1842 1488; baseline -0.009 -16"><span class='ocrx_word' id='word_1_102' title='bbox 235 1417 519 1488; x_wconf 70' lang='lat' dir='ltr'><strong>deponere</strong></span> <span class='ocrx_word' id='word_1_103' title='bbox 561 1413 804 1469; x_wconf 79' lang='lat' dir='ltr'><strong>veterem</strong></span> <span class='ocrx_word' id='word_1_104' title='bbox 850 1407 1123 1464; x_wconf 45' lang='lat' dir='ltr'><strong>lion-tinem</strong></span> <span class='ocrx_word' id='word_1_105' title='bbox 1155 1415 1210 1464; x_wconf 88' lang='lat' dir='ltr'><strong>et</strong></span> <span class='ocrx_word' id='word_1_106' title='bbox 1250 1407 1474 1462; x_wconf 85' lang='lat' dir='ltr'><strong>induere</strong></span> <span class='ocrx_word' id='word_1_107' title='bbox 1517 1415 1736 1460; x_wconf 84' lang='lat' dir='ltr'><strong>novum.</strong></span> <span class='ocrx_word' id='word_1_108' title='bbox 1783 1399 1842 1457; x_wconf 80' lang='lat' dir='ltr'><strong>In</strong></span> 
     </span>
    </p>
   </div>
   <div class='ocr_carea' id='block_1_15' title="bbox 237 1493 1842 1577">
    <p class='ocr_par' dir='ltr' id='par_1_15' title="bbox 237 1493 1842 1577">
     <span class='ocr_line' id='line_1_15' title="bbox 237 1493 1842 1577; baseline -0.01 -12"><span class='ocrx_word' id='word_1_109' title='bbox 237 1508 324 1565; x_wconf 74' lang='lat' dir='ltr'><strong>Iis</strong></span> <span class='ocrx_word' id='word_1_110' title='bbox 349 1517 534 1564; x_wconf 80' lang='lat' dir='ltr'><strong>autem</strong></span> <span class='ocrx_word' id='word_1_111' title='bbox 581 1505 718 1577; x_wconf 85' lang='lat' dir='ltr'><strong>ipsis</strong></span> <span class='ocrx_word' id='word_1_112' title='bbox 747 1501 930 1558; x_wconf 73' lang='lat' dir='ltr'><strong>verbis</strong></span> <span class='ocrx_word' id='word_1_113' title='bbox 957 1499 1103 1557; x_wconf 78' lang='lat' dir='ltr'><strong>Petri</strong></span> <span class='ocrx_word' id='word_1_114' title='bbox 1149 1499 1351 1556; x_wconf 90' lang='lat' dir='ltr'><strong>habent</strong></span> <span class='ocrx_word' id='word_1_115' title='bbox 1377 1498 1520 1555; x_wconf 88' lang='lat' dir='ltr'><strong>unde</strong></span> <span class='ocrx_word' id='word_1_116' title='bbox 1561 1493 1842 1553; x_wconf 82' lang='lat' dir='ltr'><strong>admoneri</strong></span> 
     </span>
    </p>
   </div>
   <div class='ocr_carea' id='block_1_16' title="bbox 237 1588 1843 1676">
    <p class='ocr_par' dir='ltr' id='par_1_16' title="bbox 237 1588 1843 1676">
     <span class='ocr_line' id='line_1_16' title="bbox 237 1588 1843 1676; baseline -0.01 -18"><span class='ocrx_word' id='word_1_117' title='bbox 237 1601 578 1676; x_wconf 70' lang='lat' dir='ltr'><strong>potuissem,</strong></span> <span class='ocrx_word' id='word_1_118' title='bbox 625 1597 676 1652; x_wconf 83' lang='lat' dir='ltr'><strong>si</strong></span> <span class='ocrx_word' id='word_1_119' title='bbox 723 1593 1006 1666; x_wconf 70' lang='lat' dir='ltr'><strong>diligenter</strong></span> <span class='ocrx_word' id='word_1_120' title='bbox 1032 1592 1309 1648; x_wconf 86' lang='lat' dir='ltr'><strong>attendere</strong></span> <span class='ocrx_word' id='word_1_121' title='bbox 1351 1592 1664 1647; x_wconf 88' lang='lat' dir='ltr'><strong>voluissent.</strong></span> <span class='ocrx_word' id='word_1_122' title='bbox 1709 1588 1843 1645; x_wconf 90' lang='lat' dir='ltr'><strong>Cum</strong></span> 
     </span>
    </p>
   </div>
   <div class='ocr_carea' id='block_1_17' title="bbox 239 1685 1842 1760">
    <p class='ocr_par' dir='ltr' id='par_1_17' title="bbox 239 1685 1842 1760">
     <span class='ocr_line' id='line_1_17' title="bbox 239 1685 1842 1760; baseline -0.01 -8"><span class='ocrx_word' id='word_1_123' title='bbox 239 1692 384 1751; x_wconf 73' lang='lat' dir='ltr'><strong>enim</strong></span> <span class='ocrx_word' id='word_1_124' title='bbox 411 1690 645 1747; x_wconf 60' lang='lat' dir='ltr'><strong>dixisset</strong></span> <span class='ocrx_word' id='word_1_125' title='bbox 664 1730 678 1756; x_wconf 93' lang='lat'><strong>,</strong></span> <span class='ocrx_word' id='word_1_126' title='bbox 705 1685 856 1760; x_wconf 77' lang='lat' dir='ltr'><strong>Agite</strong></span> <span class='ocrx_word' id='word_1_127' title='bbox 889 1685 1235 1758; x_wconf 72' lang='lat' dir='ltr'><strong>paenitentiam</strong></span> <span class='ocrx_word' id='word_1_128' title='bbox 1256 1727 1272 1754; x_wconf 88' lang='lat'><strong>,</strong></span> <span class='ocrx_word' id='word_1_129' title='bbox 1304 1693 1351 1739; x_wconf 79' lang='lat' dir='ltr'><strong>et</strong></span> <span class='ocrx_word' id='word_1_130' title='bbox 1375 1685 1656 1754; x_wconf 74' lang='lat' dir='ltr'><strong>baptizatur</strong></span> <span class='ocrx_word' id='word_1_131' title='bbox 1681 1691 1842 1736; x_wconf 57' lang='lat' dir='ltr'><strong>unusé</strong></span> 
     </span>
    </p>
   </div>
   <div class='ocr_carea' id='block_1_18' title="bbox 238 1773 1844 1858">
    <p class='ocr_par' dir='ltr' id='par_1_18' title="bbox 238 1773 1844 1858">
     <span class='ocr_line' id='line_1_18' title="bbox 238 1773 1844 1858; baseline -0.007 -18"><span class='ocrx_word' id='word_1_132' title='bbox 238 1785 450 1858; x_wconf 58' lang='lat' dir='ltr'><strong>{nisque</strong></span> <span class='ocrx_word' id='word_1_133' title='bbox 471 1791 697 1838; x_wconf 69' lang='lat' dir='ltr'><strong>uestram:</strong></span> <span class='ocrx_word' id='word_1_134' title='bbox 721 1781 774 1834; x_wconf 85' lang='lat' dir='ltr'><strong>in</strong></span> <span class='ocrx_word' id='word_1_135' title='bbox 802 1779 1004 1833; x_wconf 84' lang='lat' dir='ltr'><strong>nomine</strong></span> <span class='ocrx_word' id='word_1_136' title='bbox 1031 1775 1240 1832; x_wconf 87' lang='lat' dir='ltr'><strong>Domini</strong></span> <span class='ocrx_word' id='word_1_137' title='bbox 1267 1775 1393 1831; x_wconf 82' lang='lat' dir='ltr'><strong>Jesu</strong></span> <span class='ocrx_word' id='word_1_138' title='bbox 1427 1773 1616 1831; x_wconf 75' lang='lat' dir='ltr'><strong>Christi</strong></span> <span class='ocrx_word' id='word_1_139' title='bbox 1664 1775 1719 1828; x_wconf 89' lang='lat' dir='ltr'><strong>in</strong></span> <span class='ocrx_word' id='word_1_140' title='bbox 1757 1790 1844 1828; x_wconf 86' lang='lat' dir='ltr'><strong>re-</strong></span> 
     </span>
    </p>
   </div>
   <div class='ocr_carea' id='block_1_19' title="bbox 237 1865 1846 1945">
    <p class='ocr_par' dir='ltr' id='par_1_19' title="bbox 237 1865 1846 1945">
     <span class='ocr_line' id='line_1_19' title="bbox 237 1865 1846 1945; baseline -0.007 -11"><span class='ocrx_word' id='word_1_141' title='bbox 237 1878 537 1933; x_wconf 70' lang='lat' dir='ltr'><strong>iussionem</strong></span> <span class='ocrx_word' id='word_1_142' title='bbox 583 1879 941 1945; x_wconf 59' lang='lat' dir='ltr'><strong>pacatorum,</strong></span> <span class='ocrx_word' id='word_1_143' title='bbox 994 1879 1042 1926; x_wconf 87' lang='lat' dir='ltr'><strong>et</strong></span> <span class='ocrx_word' id='word_1_144' title='bbox 1085 1870 1344 1941; x_wconf 74' lang='lat' dir='ltr'><strong>accipietis</strong></span> <span class='ocrx_word' id='word_1_145' title='bbox 1391 1869 1577 1923; x_wconf 82' lang='lat' dir='ltr'><strong>donum</strong></span> <span class='ocrx_word' id='word_1_146' title='bbox 1620 1865 1846 1938; x_wconf 76' lang='lat' dir='ltr'><strong>Spiritus</strong></span> 
     </span>
    </p>
   </div>
   <div class='ocr_carea' id='block_1_20' title="bbox 240 1961 1843 2034">
    <p class='ocr_par' dir='ltr' id='par_1_20' title="bbox 240 1961 1843 2034">
     <span class='ocr_line' id='line_1_20' title="bbox 240 1961 1843 2034; baseline -0.006 -8"><span class='ocrx_word' id='word_1_147' title='bbox 240 1971 429 2026; x_wconf 67' lang='lat' dir='ltr'><strong>sancti.</strong></span> <span class='ocrx_word' id='word_1_148' title='bbox 468 1967 632 2024; x_wconf 60' lang='lat' dir='ltr'><strong>Novis</strong></span> <span class='ocrx_word' id='word_1_149' title='bbox 657 1967 795 2022; x_wconf 80' lang='lat' dir='ltr'><strong>enim</strong></span> <span class='ocrx_word' id='word_1_150' title='bbox 840 1966 949 2020; x_wconf 76' lang='lat' dir='ltr'><strong>hate</strong></span> <span class='ocrx_word' id='word_1_151' title='bbox 994 1967 1065 2020; x_wconf 88' lang='lat' dir='ltr'><strong>es&#39;t</strong></span> <span class='ocrx_word' id='word_1_152' title='bbox 1096 1963 1362 2034; x_wconf 73' lang='lat' dir='ltr'><strong>promissio</strong></span> <span class='ocrx_word' id='word_1_153' title='bbox 1390 1973 1437 2018; x_wconf 85' lang='lat' dir='ltr'><strong>et</strong></span> <span class='ocrx_word' id='word_1_154' title='bbox 1463 1961 1586 2032; x_wconf 82' lang='lat' dir='ltr'><strong>ﬁliis</strong></span> <span class='ocrx_word' id='word_1_155' title='bbox 1625 1962 1843 2030; x_wconf 80' lang='lat' dir='ltr'><strong>nostris,</strong></span> 
     </span>
    </p>
   </div>
   <div class='ocr_carea' id='block_1_21' title="bbox 237 2049 1849 2132">
    <p class='ocr_par' dir='ltr' id='par_1_21' title="bbox 237 2049 1849 2132">
     <span class='ocr_line' id='line_1_21' title="bbox 237 2049 1849 2132; baseline -0.008 -12"><span class='ocrx_word' id='word_1_156' title='bbox 237 2059 551 2120; x_wconf 59' lang='lat' dir='ltr'><strong>animiin!</strong></span> <span class='ocrx_word' id='word_1_157' title='bbox 581 2061 666 2132; x_wconf 84' lang='lat' dir='ltr'><strong>qui</strong></span> <span class='ocrx_word' id='word_1_158' title='bbox 692 2067 812 2114; x_wconf 75' lang='lat' dir='ltr'><strong>sunt</strong></span> <span class='ocrx_word' id='word_1_159' title='bbox 852 2059 1004 2130; x_wconf 84' lang='lat' dir='ltr'><strong>longe</strong></span> <span class='ocrx_word' id='word_1_160' title='bbox 1027 2069 1374 2128; x_wconf 80' lang='lat' dir='ltr'><strong>quoscutnque</strong></span> <span class='ocrx_word' id='word_1_161' title='bbox 1397 2055 1712 2110; x_wconf 78' lang='lat' dir='ltr'><strong>advocaverit</strong></span> <span class='ocrx_word' id='word_1_162' title='bbox 1740 2049 1849 2108; x_wconf 56' lang='lat' dir='ltr'><strong>Dos</strong></span> 
     </span>
    </p>
   </div>
   <div class='ocr_carea' id='block_1_22' title="bbox 237 2145 1851 2218">
    <p class='ocr_par' dir='ltr' id='par_1_22' title="bbox 237 2145 1851 2218">
     <span class='ocr_line' id='line_1_22' title="bbox 237 2145 1851 2218; baseline -0.006 -7"><span class='ocrx_word' id='word_1_163' title='bbox 237 2156 423 2211; x_wconf 65' lang='lat' dir='ltr'><strong>mus</strong></span> <span class='ocrx_word' id='word_1_164' title='bbox 449 2151 584 2210; x_wconf 72' lang='lat' dir='ltr'><strong>Deus</strong></span> <span class='ocrx_word' id='word_1_165' title='bbox 605 2161 808 2218; x_wconf 73' lang='lat' dir='ltr'><strong>noster”;</strong></span> <span class='ocrx_word' id='word_1_166' title='bbox 829 2149 1084 2206; x_wconf 83' lang='lat' dir='ltr'><strong>continuo</strong></span> <span class='ocrx_word' id='word_1_167' title='bbox 1117 2147 1351 2218; x_wconf 85' lang='lat' dir='ltr'><strong>subjecit</strong></span> <span class='ocrx_word' id='word_1_168' title='bbox 1376 2147 1467 2217; x_wconf 86' lang='lat' dir='ltr'><strong>qui</strong></span> <span class='ocrx_word' id='word_1_169' title='bbox 1495 2145 1688 2201; x_wconf 75' lang='lat' dir='ltr'><strong>libram</strong></span> <span class='ocrx_word' id='word_1_170' title='bbox 1718 2145 1851 2202; x_wconf 89' lang='lat' dir='ltr'><strong>scri-</strong></span> 
     </span>
    </p>
   </div>
   <div class='ocr_carea' id='block_1_23' title="bbox 237 2237 1851 2320">
    <p class='ocr_par' dir='ltr' id='par_1_23' title="bbox 237 2237 1851 2320">
     <span class='ocr_line' id='line_1_23' title="bbox 237 2237 1851 2320; baseline -0.007 -17"><span class='ocrx_word' id='word_1_171' title='bbox 237 2253 392 2320; x_wconf 72' lang='lat' dir='ltr'><strong>psit,</strong></span> <span class='ocrx_word' id='word_1_172' title='bbox 427 2255 588 2316; x_wconf 85' lang='lat' dir='ltr'><strong>atque</strong></span> <span class='ocrx_word' id='word_1_173' title='bbox 627 2243 702 2300; x_wconf 82' lang='lat' dir='ltr'><strong>ait</strong></span> <span class='ocrx_word' id='word_1_174' title='bbox 729 2261 745 2298; x_wconf 89' lang='lat'>:</span> <span class='ocrx_word' id='word_1_175' title='bbox 781 2239 850 2296; x_wconf 76' lang='lat' dir='ltr'><strong>Et</strong></span> <span class='ocrx_word' id='word_1_176' title='bbox 874 2242 1068 2297; x_wconf 71' lang='lat' dir='ltr'><strong>caeteris</strong></span> <span class='ocrx_word' id='word_1_177' title='bbox 1091 2237 1254 2296; x_wconf 72' lang='lat' dir='ltr'><strong>verbis</strong></span> <span class='ocrx_word' id='word_1_178' title='bbox 1283 2237 1514 2312; x_wconf 72' lang='lat' dir='ltr'><strong>pluribus</strong></span> <span class='ocrx_word' id='word_1_179' title='bbox 1542 2237 1851 2308; x_wconf 79' lang='lat' dir='ltr'><strong>testiﬁcaba-</strong></span> 
     </span>
    </p>
   </div>
   <div class='ocr_carea' id='block_1_24' title="bbox 239 2331 1852 2410">
    <p class='ocr_par' dir='ltr' id='par_1_24' title="bbox 239 2331 1852 2410">
     <span class='ocr_line' id='line_1_24' title="bbox 239 2331 1852 2410; baseline -0.004 -15"><span class='ocrx_word' id='word_1_180' title='bbox 239 2345 353 2410; x_wconf 67' lang='grc' dir='ltr'><strong>σαν,</strong></span> <span class='ocrx_word' id='word_1_181' title='bbox 384 2338 594 2407; x_wconf 74' lang='lat' dir='ltr'><strong>dicens,</strong></span> <span class='ocrx_word' id='word_1_182' title='bbox 622 2335 824 2410; x_wconf 73' lang='lat' dir='ltr'><strong>Eripite</strong></span> <span class='ocrx_word' id='word_1_183' title='bbox 861 2350 950 2391; x_wconf 72' lang='lat' dir='ltr'><strong>vos</strong></span> <span class='ocrx_word' id='word_1_184' title='bbox 994 2352 1026 2389; x_wconf 90' lang='lat' dir='ltr'><strong>a</strong></span> <span class='ocrx_word' id='word_1_185' title='bbox 1062 2334 1248 2390; x_wconf 81' lang='lat' dir='ltr'><strong>steculo</strong></span> <span class='ocrx_word' id='word_1_186' title='bbox 1295 2334 1389 2389; x_wconf 88' lang='lat' dir='ltr'><strong>hac</strong></span> <span class='ocrx_word' id='word_1_187' title='bbox 1438 2348 1618 2404; x_wconf 76' lang='lat' dir='ltr'><strong>prauo.</strong></span> <span class='ocrx_word' id='word_1_188' title='bbox 1664 2331 1732 2386; x_wconf 80' lang='lat' dir='ltr'><strong>At</strong></span> <span class='ocrx_word' id='word_1_189' title='bbox 1772 2331 1852 2389; x_wconf 88' lang='lat' dir='ltr'><strong>illi</strong></span> 
     </span>
    </p>
   </div>
   <div class='ocr_carea' id='block_1_25' title="bbox 239 2425 1850 2502">
    <p class='ocr_par' dir='ltr' id='par_1_25' title="bbox 239 2425 1850 2502">
     <span class='ocr_line' id='line_1_25' title="bbox 239 2425 1850 2502; baseline -0.004 -14"><span class='ocrx_word' id='word_1_190' title='bbox 239 2431 822 2502; x_wconf 65' lang='lat' dir='ltr'><strong>avidissime‘c&#39;ttpiemes</strong></span> <span class='ocrx_word' id='word_1_191' title='bbox 850 2437 1154 2501; x_wconf 68' lang='lat' dir='ltr'><strong>exceperunt</strong></span> <span class='ocrx_word' id='word_1_192' title='bbox 1188 2427 1358 2495; x_wconf 79' lang='lat' dir='ltr'><strong>verba,</strong></span> <span class='ocrx_word' id='word_1_193' title='bbox 1407 2435 1455 2483; x_wconf 81' lang='lat' dir='ltr'><strong>et</strong></span> <span class='ocrx_word' id='word_1_194' title='bbox 1495 2425 1850 2498; x_wconf 82' lang='lat' dir='ltr'><strong>crediderunt,</strong></span> 
     </span>
    </p>
   </div>
   <div class='ocr_carea' id='block_1_26' title="bbox 241 2517 1855 2596">
    <p class='ocr_par' dir='ltr' id='par_1_26' title="bbox 241 2517 1855 2596">
     <span class='ocr_line' id='line_1_26' title="bbox 241 2517 1855 2596; baseline -0.005 -14"><span class='ocrx_word' id='word_1_195' title='bbox 241 2529 294 2582; x_wconf 75' lang='lat' dir='ltr'><strong>et</strong></span> <span class='ocrx_word' id='word_1_196' title='bbox 329 2525 578 2596; x_wconf 61' lang='lat' dir='ltr'><strong>nuptiali</strong></span> <span class='ocrx_word' id='word_1_197' title='bbox 617 2529 770 2590; x_wconf 83' lang='lat' dir='ltr'><strong>sunt;</strong></span> <span class='ocrx_word' id='word_1_198' title='bbox 820 2527 868 2579; x_wconf 85' lang='lat' dir='ltr'><strong>et</strong></span> <span class='ocrx_word' id='word_1_199' title='bbox 911 2523 1124 2594; x_wconf 69' lang='lat' dir='ltr'><strong>adjecta</strong></span> <span class='ocrx_word' id='word_1_200' title='bbox 1164 2525 1281 2576; x_wconf 87' lang='lat' dir='ltr'><strong>sunt</strong></span> <span class='ocrx_word' id='word_1_201' title='bbox 1321 2519 1414 2576; x_wconf 89' lang='lat' dir='ltr'><strong>illa</strong></span> <span class='ocrx_word' id='word_1_202' title='bbox 1441 2519 1524 2574; x_wconf 85' lang='lat' dir='ltr'><strong>die</strong></span> <span class='ocrx_word' id='word_1_203' title='bbox 1568 2521 1668 2574; x_wconf 87' lang='lat' dir='ltr'><strong>tria</strong></span> <span class='ocrx_word' id='word_1_204' title='bbox 1691 2517 1855 2574; x_wconf 81' lang='lat' dir='ltr'><strong>millia</strong></span> 
     </span>
    </p>
   </div>
   <div class='ocr_carea' id='block_1_27' title="bbox 241 2611 1854 2691">
    <p class='ocr_par' dir='ltr' id='par_1_27' title="bbox 241 2611 1854 2691">
     <span class='ocr_line' id='line_1_27' title="bbox 241 2611 1854 2691; baseline -0.005 -16"><span class='ocrx_word' id='word_1_205' title='bbox 241 2619 440 2675; x_wconf 61' lang='lat' dir='ltr'><strong>unus</strong></span> <span class='ocrx_word' id='word_1_206' title='bbox 461 2613 604 2691; x_wconf 67' lang='grc' dir='ltr'><strong>(λα.</strong></span> <span class='ocrx_word' id='word_1_207' title='bbox 635 2623 716 2686; x_wconf 79' lang='lat' dir='ltr'><strong>it,</strong></span> <span class='ocrx_word' id='word_1_208' title='bbox 759 2613 972 2687; x_wconf 68' lang='lat' dir='ltr'><strong>584i).</strong></span> <span class='ocrx_word' id='word_1_209' title='bbox 999 2611 1132 2682; x_wconf 83' lang='lat' dir='ltr'><strong>Quis</strong></span> <span class='ocrx_word' id='word_1_210' title='bbox 1162 2612 1250 2668; x_wconf 84' lang='lat' dir='ltr'><strong>hic</strong></span> <span class='ocrx_word' id='word_1_211' title='bbox 1275 2627 1383 2668; x_wconf 91' lang='lat' dir='ltr'><strong>non</strong></span> <span class='ocrx_word' id='word_1_212' title='bbox 1411 2611 1706 2682; x_wconf 86' lang='lat' dir='ltr'><strong>intelligat,</strong></span> <span class='ocrx_word' id='word_1_213' title='bbox 1745 2626 1854 2667; x_wconf 76' lang='lat' dir='ltr'><strong>cte-</strong></span> 
     </span>
    </p>
   </div>
   <div class='ocr_carea' id='block_1_28' title="bbox 241 2703 1853 2784">
    <p class='ocr_par' dir='ltr' id='par_1_28' title="bbox 241 2703 1853 2784">
     <span class='ocr_line' id='line_1_28' title="bbox 241 2703 1853 2784; baseline -0.009 -14"><span class='ocrx_word' id='word_1_214' title='bbox 241 2713 381 2769; x_wconf 68' lang='lat' dir='ltr'><strong>mis</strong></span> <span class='ocrx_word' id='word_1_215' title='bbox 411 2709 662 2784; x_wconf 80' lang='lat' dir='ltr'><strong>pluribus</strong></span> <span class='ocrx_word' id='word_1_216' title='bbox 687 2707 865 2765; x_wconf 79' lang='lat' dir='ltr'><strong>verbis</strong></span> <span class='ocrx_word' id='word_1_217' title='bbox 885 2747 902 2774; x_wconf 91' lang='lat'><strong>,</strong></span> <span class='ocrx_word' id='word_1_218' title='bbox 933 2719 1052 2780; x_wconf 71' lang='lat' dir='ltr'><strong>qua:</strong></span> <span class='ocrx_word' id='word_1_219' title='bbox 1079 2722 1109 2762; x_wconf 89' lang='lat' dir='ltr'><strong>a</strong></span> <span class='ocrx_word' id='word_1_220' title='bbox 1137 2705 1399 2775; x_wconf 80' lang='lat' dir='ltr'><strong>scriptore</strong></span> <span class='ocrx_word' id='word_1_221' title='bbox 1429 2713 1648 2776; x_wconf 86' lang='lat' dir='ltr'><strong>propter</strong></span> <span class='ocrx_word' id='word_1_222' title='bbox 1677 2703 1853 2774; x_wconf 89' lang='lat' dir='ltr'><strong>longi-</strong></span> 
     </span>
    </p>
   </div>
   <div class='ocr_carea' id='block_1_29' title="bbox 242 2795 1856 2870">
    <p class='ocr_par' dir='ltr' id='par_1_29' title="bbox 242 2795 1856 2870">
     <span class='ocr_line' id='line_1_29' title="bbox 242 2795 1856 2870; baseline -0.006 -9"><span class='ocrx_word' id='word_1_223' title='bbox 242 2801 498 2861; x_wconf 81' lang='lat' dir='ltr'><strong>tudinem</strong></span> <span class='ocrx_word' id='word_1_224' title='bbox 527 2803 843 2868; x_wconf 72' lang='lat' dir='ltr'><strong>reticentur,</strong></span> <span class='ocrx_word' id='word_1_225' title='bbox 891 2798 943 2856; x_wconf 88' lang='lat' dir='ltr'><strong>id</strong></span> <span class='ocrx_word' id='word_1_226' title='bbox 988 2800 1162 2870; x_wconf 80' lang='lat' dir='ltr'><strong>egisse</strong></span> <span class='ocrx_word' id='word_1_227' title='bbox 1208 2795 1463 2866; x_wconf 84' lang='lat' dir='ltr'><strong>Petrum,</strong></span> <span class='ocrx_word' id='word_1_228' title='bbox 1497 2803 1555 2851; x_wconf 91' lang='lat' dir='ltr'><strong>ut</strong></span> <span class='ocrx_word' id='word_1_229' title='bbox 1580 2797 1856 2867; x_wconf 86' lang='lat' dir='ltr'><strong>eriperent</strong></span> 
     </span>
    </p>
   </div>
   <div class='ocr_carea' id='block_1_30' title="bbox 244 2887 1855 2964">
    <p class='ocr_par' dir='ltr' id='par_1_30' title="bbox 244 2887 1855 2964">
     <span class='ocr_line' id='line_1_30' title="bbox 244 2887 1855 2964; baseline -0.006 -10"><span class='ocrx_word' id='word_1_230' title='bbox 244 2905 305 2954; x_wconf 78' lang='lat' dir='ltr'><strong>se</strong></span> <span class='ocrx_word' id='word_1_231' title='bbox 323 2895 404 2953; x_wconf 76' lang='lat' dir='ltr'><strong>ab</strong></span> <span class='ocrx_word' id='word_1_232' title='bbox 428 2895 536 2952; x_wconf 82' lang='lat' dir='ltr'><strong>hoc</strong></span> <span class='ocrx_word' id='word_1_233' title='bbox 551 2894 760 2952; x_wconf 69' lang='lat' dir='ltr'><strong>mulo</strong></span> <span class='ocrx_word' id='word_1_234' title='bbox 783 2903 984 2964; x_wconf 83' lang='lat' dir='ltr'><strong>pravo;</strong></span> <span class='ocrx_word' id='word_1_235' title='bbox 1015 2888 1448 2964; x_wconf 81' lang='lat' dir='ltr'><strong>quandoquidem</strong></span> <span class='ocrx_word' id='word_1_236' title='bbox 1475 2887 1592 2960; x_wconf 89' lang='lat' dir='ltr'><strong>ipsa</strong></span> <span class='ocrx_word' id='word_1_237' title='bbox 1631 2897 1855 2945; x_wconf 89' lang='lat' dir='ltr'><strong>senten—</strong></span> 
     </span>
    </p>
   </div>
   <div class='ocr_carea' id='block_1_31' title="bbox 247 2981 1854 3055">
    <p class='ocr_par' dir='ltr' id='par_1_31' title="bbox 247 2981 1854 3055">
     <span class='ocr_line' id='line_1_31' title="bbox 247 2981 1854 3055; baseline -0.006 -9"><span class='ocrx_word' id='word_1_238' title='bbox 247 2987 319 3045; x_wconf 78' lang='lat' dir='ltr'><strong>tia</strong></span> <span class='ocrx_word' id='word_1_239' title='bbox 346 2985 594 3046; x_wconf 68' lang='lat' dir='ltr'><strong>bretiter</strong></span> <span class='ocrx_word' id='word_1_240' title='bbox 622 2982 789 3042; x_wconf 82' lang='lat' dir='ltr'><strong>indita</strong></span> <span class='ocrx_word' id='word_1_241' title='bbox 829 2987 941 3051; x_wconf 63' lang='lat' dir='ltr'><strong>etet,</strong></span> <span class='ocrx_word' id='word_1_242' title='bbox 973 2985 1060 3040; x_wconf 89' lang='lat' dir='ltr'><strong>cui</strong></span> <span class='ocrx_word' id='word_1_243' title='bbox 1092 2981 1478 3055; x_wconf 66' lang='lat' dir='ltr'><strong>persuadendte</strong></span> <span class='ocrx_word' id='word_1_244' title='bbox 1506 2983 1686 3039; x_wconf 82' lang='lat' dir='ltr'><strong>verbis</strong></span> <span class='ocrx_word' id='word_1_245' title='bbox 1732 2983 1854 3052; x_wconf 91' lang='lat' dir='ltr'><strong>plu-</strong></span> 
     </span>
    </p>
   </div>
   <div class='ocr_carea' id='block_1_32' title="bbox 245 3073 1855 3146">
    <p class='ocr_par' dir='ltr' id='par_1_32' title="bbox 245 3073 1855 3146">
     <span class='ocr_line' id='line_1_32' title="bbox 245 3073 1855 3146; baseline -0.004 -10"><span class='ocrx_word' id='word_1_246' title='bbox 245 3080 400 3137; x_wconf 80' lang='lat' dir='ltr'><strong>ribus</strong></span> <span class='ocrx_word' id='word_1_247' title='bbox 425 3077 624 3135; x_wconf 70' lang='lat' dir='ltr'><strong>Patras</strong></span> <span class='ocrx_word' id='word_1_248' title='bbox 651 3076 902 3134; x_wconf 81' lang='lat' dir='ltr'><strong>instabat.</strong></span> <span class='ocrx_word' id='word_1_249' title='bbox 931 3073 1051 3146; x_wconf 76' lang='lat' dir='ltr'><strong>ipsa</strong></span> <span class='ocrx_word' id='word_1_250' title='bbox 1073 3074 1273 3146; x_wconf 85' lang='lat' dir='ltr'><strong>quippe</strong></span> <span class='ocrx_word' id='word_1_251' title='bbox 1298 3087 1508 3129; x_wconf 89' lang='lat' dir='ltr'><strong>summa</strong></span> <span class='ocrx_word' id='word_1_252' title='bbox 1535 3074 1709 3144; x_wconf 87' lang='lat' dir='ltr'><strong>posita</strong></span> <span class='ocrx_word' id='word_1_253' title='bbox 1738 3081 1855 3143; x_wconf 87' lang='lat' dir='ltr'><strong>est,</strong></span> 
     </span>
    </p>
   </div>
   <div class='ocr_carea' id='block_1_33' title="bbox 247 3165 1858 3241">
    <p class='ocr_par' dir='ltr' id='par_1_33' title="bbox 247 3165 1858 3241">
     <span class='ocr_line' id='line_1_33' title="bbox 247 3165 1858 3241; baseline -0.006 -9"><span class='ocrx_word' id='word_1_254' title='bbox 247 3183 373 3232; x_wconf 78' lang='lat' dir='ltr'><strong>cum</strong></span> <span class='ocrx_word' id='word_1_255' title='bbox 402 3173 610 3230; x_wconf 82' lang='lat' dir='ltr'><strong>dictum</strong></span> <span class='ocrx_word' id='word_1_256' title='bbox 641 3179 758 3236; x_wconf 83' lang='lat' dir='ltr'><strong>est,</strong></span> <span class='ocrx_word' id='word_1_257' title='bbox 787 3167 987 3241; x_wconf 85' lang='lat' dir='ltr'><strong>Eripite</strong></span> <span class='ocrx_word' id='word_1_258' title='bbox 1013 3183 1098 3224; x_wconf 82' lang='lat' dir='ltr'><strong>vos</strong></span> <span class='ocrx_word' id='word_1_259' title='bbox 1125 3183 1156 3222; x_wconf 80' lang='lat' dir='ltr'><strong>tt</strong></span> <span class='ocrx_word' id='word_1_260' title='bbox 1181 3165 1368 3223; x_wconf 75' lang='lat' dir='ltr'><strong>swculo</strong></span> <span class='ocrx_word' id='word_1_261' title='bbox 1393 3168 1487 3222; x_wconf 88' lang='lat' dir='ltr'><strong>hoc</strong></span> <span class='ocrx_word' id='word_1_262' title='bbox 1515 3183 1694 3239; x_wconf 80' lang='lat' dir='ltr'><strong>pravo.</strong></span> <span class='ocrx_word' id='word_1_263' title='bbox 1722 3165 1858 3223; x_wconf 74' lang='lat' dir='ltr'><strong>Ver-</strong></span> 
     </span>
    </p>
   </div>
   <div class='ocr_carea' id='block_1_34' title="bbox 249 3261 1859 3337">
    <p class='ocr_par' dir='ltr' id='par_1_34' title="bbox 249 3261 1859 3337">
     <span class='ocr_line' id='line_1_34' title="bbox 249 3261 1859 3337; baseline -0.004 -12"><span class='ocrx_word' id='word_1_264' title='bbox 249 3265 334 3325; x_wconf 82' lang='lat' dir='ltr'><strong>bis</strong></span> <span class='ocrx_word' id='word_1_265' title='bbox 387 3275 575 3323; x_wconf 84' lang='lat' dir='ltr'><strong>autem</strong></span> <span class='ocrx_word' id='word_1_266' title='bbox 632 3264 912 3337; x_wconf 84' lang='lat' dir='ltr'><strong>pluribus,</strong></span> <span class='ocrx_word' id='word_1_267' title='bbox 959 3267 1018 3317; x_wconf 87' lang='lat' dir='ltr'><strong>ut</strong></span> <span class='ocrx_word' id='word_1_268' title='bbox 1078 3261 1184 3318; x_wconf 90' lang='lat' dir='ltr'><strong>hoc</strong></span> <span class='ocrx_word' id='word_1_269' title='bbox 1237 3263 1427 3329; x_wconf 80' lang='lat' dir='ltr'><strong>ﬁeret,</strong></span> <span class='ocrx_word' id='word_1_270' title='bbox 1475 3261 1859 3318; x_wconf 88' lang='lat' dir='ltr'><strong>testilicabatur</strong></span> 
     </span>
    </p>
   </div>
   <div class='ocr_carea' id='block_1_35' title="bbox 250 3353 1858 3424">
    <p class='ocr_par' dir='ltr' id='par_1_35' title="bbox 250 3353 1858 3424">
     <span class='ocr_line' id='line_1_35' title="bbox 250 3353 1858 3424; baseline -0.004 -8"><span class='ocrx_word' id='word_1_271' title='bbox 250 3353 472 3416; x_wconf 78' lang='lat' dir='ltr'><strong>Petrus.</strong></span> <span class='ocrx_word' id='word_1_272' title='bbox 506 3357 568 3414; x_wconf 76' lang='lat' dir='ltr'><strong>in</strong></span> <span class='ocrx_word' id='word_1_273' title='bbox 591 3357 683 3413; x_wconf 83' lang='lat' dir='ltr'><strong>his</strong></span> <span class='ocrx_word' id='word_1_274' title='bbox 707 3356 887 3412; x_wconf 81' lang='lat' dir='ltr'><strong>verbis</strong></span> <span class='ocrx_word' id='word_1_275' title='bbox 925 3359 1044 3412; x_wconf 77' lang='lat' dir='ltr'><strong>erat</strong></span> <span class='ocrx_word' id='word_1_276' title='bbox 1071 3361 1405 3410; x_wconf 84' lang='lat' dir='ltr'><strong>mortuorum</strong></span> <span class='ocrx_word' id='word_1_277' title='bbox 1449 3370 1673 3424; x_wconf 88' lang='lat' dir='ltr'><strong>operum</strong></span> <span class='ocrx_word' id='word_1_278' title='bbox 1724 3371 1858 3410; x_wconf 90' lang='lat' dir='ltr'><strong>con-</strong></span> 
     </span>
    </p>
   </div>
   <div class='ocr_carea' id='block_1_36' title="bbox 251 3444 1858 3520">
    <p class='ocr_par' dir='ltr' id='par_1_36' title="bbox 251 3444 1858 3520">
     <span class='ocr_line' id='line_1_36' title="bbox 251 3444 1858 3520; baseline -0.004 -13"><span class='ocrx_word' id='word_1_279' title='bbox 251 3449 566 3519; x_wconf 71' lang='lat' dir='ltr'><strong>damnatio,</strong></span> <span class='ocrx_word' id='word_1_280' title='bbox 598 3457 719 3520; x_wconf 62' lang='lat' dir='ltr'><strong>qua:</strong></span> <span class='ocrx_word' id='word_1_281' title='bbox 746 3447 990 3517; x_wconf 70' lang='lat' dir='ltr'><strong>nequiter</strong></span> <span class='ocrx_word' id='word_1_282' title='bbox 1017 3455 1180 3516; x_wconf 80' lang='lat' dir='ltr'><strong>agunt</strong></span> <span class='ocrx_word' id='word_1_283' title='bbox 1206 3445 1362 3516; x_wconf 84' lang='lat' dir='ltr'><strong>hujus</strong></span> <span class='ocrx_word' id='word_1_284' title='bbox 1407 3446 1588 3500; x_wconf 70' lang='lat' dir='ltr'><strong>saeculi</strong></span> <span class='ocrx_word' id='word_1_285' title='bbox 1629 3444 1858 3500; x_wconf 87' lang='lat' dir='ltr'><strong>dilecto-</strong></span> 
     </span>
    </p>
   </div>
   <div class='ocr_carea' id='block_1_37' title="bbox 255 3538 1862 3610">
    <p class='ocr_par' dir='ltr' id='par_1_37' title="bbox 255 3538 1862 3610">
     <span class='ocr_line' id='line_1_37' title="bbox 255 3538 1862 3610; baseline -0.004 -10"><span class='ocrx_word' id='word_1_286' title='bbox 255 3553 350 3600; x_wconf 83' lang='lat' dir='ltr'><strong>res</strong></span> <span class='ocrx_word' id='word_1_287' title='bbox 370 3584 389 3610; x_wconf 90' lang='lat'><strong>,</strong></span> <span class='ocrx_word' id='word_1_288' title='bbox 417 3547 473 3598; x_wconf 75' lang='grc' dir='ltr'><strong>ει</strong></span> <span class='ocrx_word' id='word_1_289' title='bbox 496 3538 897 3597; x_wconf 74' lang='lat' dir='ltr'><strong>commendatio</strong></span> <span class='ocrx_word' id='word_1_290' title='bbox 917 3539 1036 3593; x_wconf 74' lang='lat' dir='ltr'><strong>vitm</strong></span> <span class='ocrx_word' id='word_1_291' title='bbox 1065 3539 1240 3604; x_wconf 80' lang='lat' dir='ltr'><strong>home,</strong></span> <span class='ocrx_word' id='word_1_292' title='bbox 1269 3551 1427 3607; x_wconf 87' lang='lat' dir='ltr'><strong>quam</strong></span> <span class='ocrx_word' id='word_1_293' title='bbox 1459 3545 1672 3592; x_wconf 89' lang='lat' dir='ltr'><strong>teneant</strong></span> <span class='ocrx_word' id='word_1_294' title='bbox 1701 3545 1862 3608; x_wconf 80' lang='lat' dir='ltr'><strong>atque</strong></span> 
     </span>
    </p>
   </div>
   <div class='ocr_carea' id='block_1_38' title="bbox 263 3629 1861 3704">
    <p class='ocr_par' dir='ltr' id='par_1_38' title="bbox 263 3629 1861 3704">
     <span class='ocr_line' id='line_1_38' title="bbox 263 3629 1861 3704; baseline -0.004 -14"><span class='ocrx_word' id='word_1_295' title='bbox 263 3637 549 3690; x_wconf 77' lang='lat' dir='ltr'><strong>sectentur</strong></span> <span class='ocrx_word' id='word_1_296' title='bbox 577 3633 666 3704; x_wconf 87' lang='lat' dir='ltr'><strong>qui</strong></span> <span class='ocrx_word' id='word_1_297' title='bbox 693 3645 754 3688; x_wconf 84' lang='lat' dir='ltr'><strong>se</strong></span> <span class='ocrx_word' id='word_1_298' title='bbox 791 3631 860 3686; x_wconf 88' lang='lat' dir='ltr'><strong>ab</strong></span> <span class='ocrx_word' id='word_1_299' title='bbox 902 3631 1001 3686; x_wconf 86' lang='lat' dir='ltr'><strong>hoc</strong></span> <span class='ocrx_word' id='word_1_300' title='bbox 1037 3643 1200 3702; x_wconf 85' lang='lat' dir='ltr'><strong>pravo</strong></span> <span class='ocrx_word' id='word_1_301' title='bbox 1228 3629 1423 3685; x_wconf 59' lang='lat' dir='ltr'><strong>sasculo</strong></span> <span class='ocrx_word' id='word_1_302' title='bbox 1462 3629 1712 3700; x_wconf 85' lang='lat' dir='ltr'><strong>eripiunt.</strong></span> <span class='ocrx_word' id='word_1_303' title='bbox 1744 3629 1861 3684; x_wconf 84' lang='lat' dir='ltr'><strong>lam</strong></span> 
     </span>
    </p>
   </div>
   <div class='ocr_carea' id='block_1_39' title="bbox 259 3719 1862 3796">
    <p class='ocr_par' dir='ltr' id='par_1_39' title="bbox 259 3719 1862 3796">
     <span class='ocr_line' id='line_1_39' title="bbox 259 3719 1862 3796; baseline -0.002 -16"><span class='ocrx_word' id='word_1_304' title='bbox 259 3723 491 3796; x_wconf 71' lang='lat' dir='ltr'><strong>itaque,</strong></span> <span class='ocrx_word' id='word_1_305' title='bbox 523 3722 571 3778; x_wconf 89' lang='lat' dir='ltr'><strong>si</strong></span> <span class='ocrx_word' id='word_1_306' title='bbox 617 3724 824 3794; x_wconf 81' lang='lat' dir='ltr'><strong>placet,</strong></span> <span class='ocrx_word' id='word_1_307' title='bbox 874 3721 1141 3778; x_wconf 81' lang='lat' dir='ltr'><strong>affirmare</strong></span> <span class='ocrx_word' id='word_1_308' title='bbox 1189 3731 1470 3789; x_wconf 88' lang='lat' dir='ltr'><strong>conentur,</strong></span> <span class='ocrx_word' id='word_1_309' title='bbox 1519 3735 1640 3777; x_wconf 90' lang='lat' dir='ltr'><strong>eum</strong></span> <span class='ocrx_word' id='word_1_310' title='bbox 1669 3737 1726 3777; x_wconf 89' lang='lat' dir='ltr'><strong>se</strong></span> <span class='ocrx_word' id='word_1_311' title='bbox 1751 3719 1862 3776; x_wconf 88' lang='lat' dir='ltr'><strong>eri-</strong></span> 
     </span>
    </p>
   </div>
   <div class='ocr_carea' id='block_1_40' title="bbox 251 3811 1863 3889">
    <p class='ocr_par' dir='ltr' id='par_1_40' title="bbox 251 3811 1863 3889">
     <span class='ocr_line' id='line_1_40' title="bbox 251 3811 1863 3889; baseline -0.001 -19"><span class='ocrx_word' id='word_1_312' title='bbox 251 3823 388 3889; x_wconf 62' lang='lat' dir='ltr'><strong>pere</strong></span> <span class='ocrx_word' id='word_1_313' title='bbox 413 3813 487 3870; x_wconf 73' lang='lat' dir='ltr'><strong>ab</strong></span> <span class='ocrx_word' id='word_1_314' title='bbox 513 3813 620 3870; x_wconf 81' lang='lat' dir='ltr'><strong>hoc</strong></span> <span class='ocrx_word' id='word_1_315' title='bbox 651 3814 849 3869; x_wconf 71' lang='lat' dir='ltr'><strong>saeculo</strong></span> <span class='ocrx_word' id='word_1_316' title='bbox 876 3828 1041 3885; x_wconf 88' lang='lat' dir='ltr'><strong>pravo</strong></span> <span class='ocrx_word' id='word_1_317' title='bbox 1060 3855 1075 3879; x_wconf 94' lang='lat'><strong>,</strong></span> <span class='ocrx_word' id='word_1_318' title='bbox 1103 3814 1196 3884; x_wconf 89' lang='lat' dir='ltr'><strong>qui</strong></span> <span class='ocrx_word' id='word_1_319' title='bbox 1218 3812 1586 3867; x_wconf 88' lang='lat' dir='ltr'><strong>tantummodo</strong></span> <span class='ocrx_word' id='word_1_320' title='bbox 1606 3811 1778 3868; x_wconf 89' lang='lat' dir='ltr'><strong>credit</strong></span> <span class='ocrx_word' id='word_1_321' title='bbox 1807 3813 1863 3869; x_wconf 89' lang='lat' dir='ltr'><strong>in</strong></span> 
     </span>
    </p>
   </div>
   <div class='ocr_carea' id='block_1_41' title="bbox 251 3889 1860 3978">
    <p class='ocr_par' dir='ltr' id='par_1_41' title="bbox 251 3889 1860 3978">
     <span class='ocr_line' id='line_1_41' title="bbox 251 3889 1860 3978; baseline -0.002 -12"><span class='ocrx_word' id='word_1_322' title='bbox 251 3905 534 3966; x_wconf 70' lang='lat' dir='ltr'><strong>ChriStu&#39;m</strong></span> <span class='ocrx_word' id='word_1_323' title='bbox 557 3951 573 3975; x_wconf 88' lang='lat'><strong>,</strong></span> <span class='ocrx_word' id='word_1_324' title='bbox 600 3907 815 3965; x_wconf 88' lang='lat' dir='ltr'><strong>etiamsi</strong></span> <span class='ocrx_word' id='word_1_325' title='bbox 853 3907 910 3962; x_wconf 90' lang='lat' dir='ltr'><strong>in</strong></span> <span class='ocrx_word' id='word_1_326' title='bbox 951 3907 1165 3978; x_wconf 81' lang='lat' dir='ltr'><strong>ﬂagitiis</strong></span> <span class='ocrx_word' id='word_1_327' title='bbox 1191 3907 1382 3978; x_wconf 85' lang='lat' dir='ltr'><strong>quibus</strong></span> <span class='ocrx_word' id='word_1_328' title='bbox 1411 3889 1642 3962; x_wconf 83' lang='lat' dir='ltr'><strong>voluerit</strong></span> <span class='ocrx_word' id='word_1_329' title='bbox 1672 3921 1860 3977; x_wconf 87' lang='lat' dir='ltr'><strong>perse-</strong></span> 
     </span>
    </p>
   </div>
   <div class='ocr_carea' id='block_1_42' title="bbox 251 3997 1866 4072">
    <p class='ocr_par' dir='ltr' id='par_1_42' title="bbox 251 3997 1866 4072">
     <span class='ocr_line' id='line_1_42' title="bbox 251 3997 1866 4072; baseline -0.001 -16"><span class='ocrx_word' id='word_1_330' title='bbox 251 4011 408 4059; x_wconf 72' lang='lat' dir='ltr'><strong>veret</strong></span> <span class='ocrx_word' id='word_1_331' title='bbox 439 4007 614 4072; x_wconf 63' lang='lat' dir='ltr'><strong>neque</strong></span> <span class='ocrx_word' id='word_1_332' title='bbox 631 4000 698 4055; x_wconf 89' lang='lat' dir='ltr'><strong>ad</strong></span> <span class='ocrx_word' id='word_1_333' title='bbox 728 3997 1121 4071; x_wconf 86' lang='lat' dir='ltr'><strong>professionem</strong></span> <span class='ocrx_word' id='word_1_334' title='bbox 1142 3997 1409 4054; x_wconf 87' lang='lat' dir='ltr'><strong>adulterii.</strong></span> <span class='ocrx_word' id='word_1_335' title='bbox 1435 3998 1592 4066; x_wconf 84' lang='lat' dir='ltr'><strong>Quod</strong></span> <span class='ocrx_word' id='word_1_336' title='bbox 1617 4000 1661 4054; x_wconf 93' lang='lat' dir='ltr'><strong>si</strong></span> <span class='ocrx_word' id='word_1_337' title='bbox 1685 3999 1866 4056; x_wconf 87' lang='lat' dir='ltr'><strong>dicere</strong></span> 
     </span>
    </p>
   </div>
   <div class='ocr_carea' id='block_1_43' title="bbox 251 4087 1867 4162">
    <p class='ocr_par' dir='ltr' id='par_1_43' title="bbox 251 4087 1867 4162">
     <span class='ocr_line' id='line_1_43' title="bbox 251 4087 1867 4162; baseline -0.002 -12"><span class='ocrx_word' id='word_1_338' title='bbox 251 4092 414 4151; x_wconf 72' lang='lat' dir='ltr'><strong>nefas</strong></span> <span class='ocrx_word' id='word_1_339' title='bbox 445 4101 556 4161; x_wconf 88' lang='lat' dir='ltr'><strong>est,</strong></span> <span class='ocrx_word' id='word_1_340' title='bbox 574 4091 797 4148; x_wconf 82' lang='lat' dir='ltr'><strong>audiant</strong></span> <span class='ocrx_word' id='word_1_341' title='bbox 820 4090 1120 4162; x_wconf 83' lang='lat' dir='ltr'><strong>baptizandi</strong></span> <span class='ocrx_word' id='word_1_342' title='bbox 1149 4103 1256 4146; x_wconf 91' lang='lat' dir='ltr'><strong>non</strong></span> <span class='ocrx_word' id='word_1_343' title='bbox 1285 4090 1459 4146; x_wconf 89' lang='lat' dir='ltr'><strong>solum</strong></span> <span class='ocrx_word' id='word_1_344' title='bbox 1488 4087 1612 4161; x_wconf 89' lang='lat' dir='ltr'><strong>quid</strong></span> <span class='ocrx_word' id='word_1_345' title='bbox 1643 4089 1867 4147; x_wconf 87' lang='lat' dir='ltr'><strong>credere</strong></span> 
     </span>
    </p>
   </div>
   <div class='ocr_carea' id='block_1_44' title="bbox 253 4185 1866 4258">
    <p class='ocr_par' dir='ltr' id='par_1_44' title="bbox 253 4185 1866 4258">
     <span class='ocr_line' id='line_1_44' title="bbox 253 4185 1866 4258; baseline -0.002 -12"><span class='ocrx_word' id='word_1_346' title='bbox 253 4187 546 4256; x_wconf 74' lang='lat' dir='ltr'><strong>debeant,</strong></span> <span class='ocrx_word' id='word_1_347' title='bbox 576 4188 671 4244; x_wconf 85' lang='lat' dir='ltr'><strong>sed</strong></span> <span class='ocrx_word' id='word_1_348' title='bbox 694 4189 857 4244; x_wconf 87' lang='lat' dir='ltr'><strong>etiam</strong></span> <span class='ocrx_word' id='word_1_349' title='bbox 888 4185 1340 4257; x_wconf 86' lang='lat' dir='ltr'><strong>quemadmodum</strong></span> <span class='ocrx_word' id='word_1_350' title='bbox 1369 4202 1430 4244; x_wconf 89' lang='lat' dir='ltr'><strong>se</strong></span> <span class='ocrx_word' id='word_1_351' title='bbox 1458 4187 1525 4242; x_wconf 89' lang='lat' dir='ltr'><strong>ab</strong></span> <span class='ocrx_word' id='word_1_352' title='bbox 1570 4186 1672 4242; x_wconf 90' lang='lat' dir='ltr'><strong>hoc</strong></span> <span class='ocrx_word' id='word_1_353' title='bbox 1704 4191 1866 4258; x_wconf 83' lang='lat' dir='ltr'><strong>pravo</strong></span> 
     </span>
    </p>
   </div>
   <div class='ocr_carea' id='block_1_45' title="bbox 252 4277 1866 4350">
    <p class='ocr_par' dir='ltr' id='par_1_45' title="bbox 252 4277 1866 4350">
     <span class='ocr_line' id='line_1_45' title="bbox 252 4277 1866 4350; baseline -0.002 -14"><span class='ocrx_word' id='word_1_354' title='bbox 252 4279 466 4336; x_wconf 66' lang='lat' dir='ltr'><strong>mulo</strong></span> <span class='ocrx_word' id='word_1_355' title='bbox 487 4278 738 4348; x_wconf 85' lang='lat' dir='ltr'><strong>eripiant.</strong></span> <span class='ocrx_word' id='word_1_356' title='bbox 757 4277 835 4334; x_wconf 89' lang='lat' dir='ltr'><strong>lbi</strong></span> <span class='ocrx_word' id='word_1_357' title='bbox 853 4278 997 4333; x_wconf 84' lang='lat' dir='ltr'><strong>enim</strong></span> <span class='ocrx_word' id='word_1_358' title='bbox 1019 4291 1241 4333; x_wconf 87' lang='lat' dir='ltr'><strong>necesse</strong></span> <span class='ocrx_word' id='word_1_359' title='bbox 1263 4285 1346 4334; x_wconf 88' lang='lat' dir='ltr'><strong>est</strong></span> <span class='ocrx_word' id='word_1_360' title='bbox 1369 4285 1426 4334; x_wconf 92' lang='lat' dir='ltr'><strong>ut</strong></span> <span class='ocrx_word' id='word_1_361' title='bbox 1440 4278 1656 4334; x_wconf 87' lang='lat' dir='ltr'><strong>audiant</strong></span> <span class='ocrx_word' id='word_1_362' title='bbox 1674 4293 1866 4350; x_wconf 89' lang='lat' dir='ltr'><strong>quem-</strong></span> 
     </span>
    </p>
   </div>
   <div class='ocr_carea' id='block_1_46' title="bbox 253 4365 1374 4428">
    <p class='ocr_par' dir='ltr' id='par_1_46' title="bbox 253 4365 1374 4428">
     <span class='ocr_line' id='line_1_46' title="bbox 253 4365 1374 4428; baseline -0.004 0"><span class='ocrx_word' id='word_1_363' title='bbox 253 4369 562 4428; x_wconf 74' lang='lat' dir='ltr'><strong>admodum</strong></span> <span class='ocrx_word' id='word_1_364' title='bbox 598 4365 885 4424; x_wconf 84' lang='lat' dir='ltr'><strong>credentes</strong></span> <span class='ocrx_word' id='word_1_365' title='bbox 914 4369 1096 4423; x_wconf 84' lang='lat' dir='ltr'><strong>vivere</strong></span> <span class='ocrx_word' id='word_1_366' title='bbox 1126 4368 1374 4425; x_wconf 89' lang='lat' dir='ltr'><strong>debeant.</strong></span> 
     </span>
    </p>
   </div>
   <div class='ocr_carea' id='block_1_47' title="bbox 326 4457 1869 4534">
    <p class='ocr_par' dir='ltr' id='par_1_47' title="bbox 326 4457 1869 4534">
     <span class='ocr_line' id='line_1_47' title="bbox 326 4457 1869 4534; baseline -0.005 -11"><span class='ocrx_word' id='word_1_367' title='bbox 326 4461 574 4523; x_wconf 77' lang='lat' dir='ltr'><strong>CAPUT</strong></span> <span class='ocrx_word' id='word_1_368' title='bbox 603 4461 698 4520; x_wconf 75' lang='lat' dir='ltr'><strong>IX.</strong></span> <span class='ocrx_word' id='word_1_369' title='bbox 716 4492 788 4505; x_wconf 91' lang='lat'><strong>-—</strong></span> <span class='ocrx_word' id='word_1_370' title='bbox 815 4461 902 4518; x_wconf 69' lang='lat' dir='ltr'><strong>i4.</strong></span> <span class='ocrx_word' id='word_1_371' title='bbox 934 4457 1194 4532; x_wconf 82' lang='lat' dir='ltr'><strong>Spadonis</strong></span> <span class='ocrx_word' id='word_1_372' title='bbox 1218 4469 1331 4532; x_wconf 87' lang='lat' dir='ltr'><strong>post</strong></span> <span class='ocrx_word' id='word_1_373' title='bbox 1359 4459 1480 4531; x_wconf 75' lang='lat' dir='ltr'><strong>ﬁdei</strong></span> <span class='ocrx_word' id='word_1_374' title='bbox 1509 4461 1869 4534; x_wconf 71' lang='lat' dir='ltr'><strong>profusionem</strong></span> 
     </span>
    </p>
   </div>
   <div class='ocr_carea' id='block_1_48' title="bbox 255 4551 1866 4629">
    <p class='ocr_par' dir='ltr' id='par_1_48' title="bbox 255 4551 1866 4629">
     <span class='ocr_line' id='line_1_48' title="bbox 255 4551 1866 4629; baseline -0.003 -15"><span class='ocrx_word' id='word_1_375' title='bbox 255 4560 438 4614; x_wconf 80' lang='lat' dir='ltr'><strong>statim</strong></span> <span class='ocrx_word' id='word_1_376' title='bbox 480 4555 727 4629; x_wconf 72' lang='lat' dir='ltr'><strong>baptismi</strong></span> <span class='ocrx_word' id='word_1_377' title='bbox 769 4553 999 4623; x_wconf 68' lang='lat' dir='ltr'><strong>essetnplo</strong></span> <span class='ocrx_word' id='word_1_378' title='bbox 1031 4551 1164 4608; x_wconf 87' lang='lat' dir='ltr'><strong>male</strong></span> <span class='ocrx_word' id='word_1_379' title='bbox 1189 4553 1264 4608; x_wconf 86' lang='lat' dir='ltr'><strong>uti</strong></span> <span class='ocrx_word' id='word_1_380' title='bbox 1288 4553 1622 4609; x_wconf 82' lang='lat' dir='ltr'><strong>adversarios.</strong></span> <span class='ocrx_word' id='word_1_381' title='bbox 1647 4552 1826 4624; x_wconf 88' lang='lat' dir='ltr'><strong>Spado</strong></span> <span class='ocrx_word' id='word_1_382' title='bbox 1848 4596 1866 4623; x_wconf 96' lang='lat'><strong>,</strong></span> 
     </span>
    </p>
   </div>
   <div class='ocr_carea' id='block_1_49' title="bbox 257 4643 1870 4726">
    <p class='ocr_par' dir='ltr' id='par_1_49' title="bbox 257 4643 1870 4726">
     <span class='ocr_line' id='line_1_49' title="bbox 257 4643 1870 4726; baseline -0.005 -18"><span class='ocrx_word' id='word_1_383' title='bbox 257 4651 561 4726; x_wconf 83' lang='lat' dir='ltr'><strong>inquiunt,</strong></span> <span class='ocrx_word' id='word_1_384' title='bbox 587 4649 684 4706; x_wconf 81' lang='lat' dir='ltr'><strong>illo</strong></span> <span class='ocrx_word' id='word_1_385' title='bbox 720 4657 882 4720; x_wconf 86' lang='lat' dir='ltr'><strong>quem</strong></span> <span class='ocrx_word' id='word_1_386' title='bbox 926 4645 1204 4718; x_wconf 83' lang='lat' dir='ltr'><strong>Philippus</strong></span> <span class='ocrx_word' id='word_1_387' title='bbox 1241 4645 1558 4716; x_wconf 84' lang='lat' dir='ltr'><strong>baptizavit,</strong></span> <span class='ocrx_word' id='word_1_388' title='bbox 1589 4646 1722 4701; x_wconf 89' lang='lat' dir='ltr'><strong>nihil</strong></span> <span class='ocrx_word' id='word_1_389' title='bbox 1751 4643 1870 4718; x_wconf 84' lang='lat' dir='ltr'><strong>plus</strong></span> 
     </span>
    </p>
   </div>
   <div class='ocr_carea' id='block_1_50' title="bbox 258 4735 1870 4816">
    <p class='ocr_par' dir='ltr' id='par_1_50' title="bbox 258 4735 1870 4816">
     <span class='ocr_line' id='line_1_50' title="bbox 258 4735 1870 4816; baseline -0.006 -15"><span class='ocrx_word' id='word_1_390' title='bbox 258 4745 440 4814; x_wconf 79' lang='lat' dir='ltr'><strong>dixit,</strong></span> <span class='ocrx_word' id='word_1_391' title='bbox 473 4755 638 4816; x_wconf 84' lang='lat' dir='ltr'><strong>quam</strong></span> <span class='ocrx_word' id='word_1_392' title='bbox 663 4785 680 4811; x_wconf 93' lang='lat'><strong>,</strong></span> <span class='ocrx_word' id='word_1_393' title='bbox 708 4741 871 4797; x_wconf 86' lang='lat' dir='ltr'><strong>Credo</strong></span> <span class='ocrx_word' id='word_1_394' title='bbox 901 4737 1093 4794; x_wconf 81' lang='lat' dir='ltr'><strong>Filium</strong></span> <span class='ocrx_word' id='word_1_395' title='bbox 1115 4735 1214 4794; x_wconf 86' lang='lat' dir='ltr'><strong>Dei</strong></span> <span class='ocrx_word' id='word_1_396' title='bbox 1241 4755 1345 4793; x_wconf 85' lang='lat' dir='ltr'><strong>esse</strong></span> <span class='ocrx_word' id='word_1_397' title='bbox 1371 4735 1551 4794; x_wconf 74' lang='lat' dir='ltr'><strong>Iesum</strong></span> <span class='ocrx_word' id='word_1_398' title='bbox 1579 4737 1870 4804; x_wconf 83' lang='lat' dir='ltr'><strong>Christum;</strong></span> 
     </span>
    </p>
   </div>
   <div class='ocr_carea' id='block_1_51' title="bbox 257 4829 1869 4907">
    <p class='ocr_par' dir='ltr' id='par_1_51' title="bbox 257 4829 1869 4907">
     <span class='ocr_line' id='line_1_51' title="bbox 257 4829 1869 4907; baseline -0.005 -13"><span class='ocrx_word' id='word_1_399' title='bbox 257 4845 312 4894; x_wconf 83' lang='lat' dir='ltr'><strong>et</strong></span> <span class='ocrx_word' id='word_1_400' title='bbox 357 4840 422 4896; x_wconf 85' lang='lat' dir='ltr'><strong>in</strong></span> <span class='ocrx_word' id='word_1_401' title='bbox 467 4835 576 4892; x_wconf 79' lang='lat' dir='ltr'><strong>hac</strong></span> <span class='ocrx_word' id='word_1_402' title='bbox 601 4834 938 4907; x_wconf 83' lang='lat' dir='ltr'><strong>professione</strong></span> <span class='ocrx_word' id='word_1_403' title='bbox 967 4832 1222 4888; x_wconf 87' lang='lat' dir='ltr'><strong>continuo</strong></span> <span class='ocrx_word' id='word_1_404' title='bbox 1261 4831 1563 4904; x_wconf 70' lang='lat' dir='ltr'><strong>baptizatus</strong></span> <span class='ocrx_word' id='word_1_405' title='bbox 1603 4840 1704 4887; x_wconf 90' lang='lat' dir='ltr'><strong>est.</strong></span> <span class='ocrx_word' id='word_1_406' title='bbox 1733 4829 1869 4887; x_wconf 84' lang='lat' dir='ltr'><strong>Num</strong></span> 
     </span>
    </p>
   </div>
   <div class='ocr_carea' id='block_1_52' title="bbox 259 4923 1874 5006">
    <p class='ocr_par' dir='ltr' id='par_1_52' title="bbox 259 4923 1874 5006">
     <span class='ocr_line' id='line_1_52' title="bbox 259 4923 1874 5006; baseline -0.006 -17"><span class='ocrx_word' id='word_1_407' title='bbox 259 4947 395 5006; x_wconf 81' lang='lat' dir='ltr'><strong>ergo</strong></span> <span class='ocrx_word' id='word_1_408' title='bbox 423 4933 610 5004; x_wconf 78' lang='lat' dir='ltr'><strong>placet</strong></span> <span class='ocrx_word' id='word_1_409' title='bbox 638 4935 698 4985; x_wconf 90' lang='lat' dir='ltr'><strong>ut</strong></span> <span class='ocrx_word' id='word_1_410' title='bbox 745 4929 848 4984; x_wconf 88' lang='lat' dir='ltr'><strong>hoc</strong></span> <span class='ocrx_word' id='word_1_411' title='bbox 893 4927 1067 4982; x_wconf 91' lang='lat' dir='ltr'><strong>solum</strong></span> <span class='ocrx_word' id='word_1_412' title='bbox 1113 4925 1358 4980; x_wconf 89' lang='lat' dir='ltr'><strong>homines</strong></span> <span class='ocrx_word' id='word_1_413' title='bbox 1397 4923 1787 4995; x_wconf 80' lang='lat' dir='ltr'><strong>respondeant,</strong></span> <span class='ocrx_word' id='word_1_414' title='bbox 1819 4931 1874 4979; x_wconf 90' lang='lat' dir='ltr'><strong>et</strong></span> 
     </span>
    </p>
   </div>
   <div class='ocr_carea' id='block_1_53' title="bbox 259 5015 1873 5094">
    <p class='ocr_par' dir='ltr' id='par_1_53' title="bbox 259 5015 1873 5094">
     <span class='ocr_line' id='line_1_53' title="bbox 259 5015 1873 5094; baseline -0.006 -13"><span class='ocrx_word' id='word_1_415' title='bbox 259 5027 530 5082; x_wconf 82' lang='lat' dir='ltr'><strong>continuo</strong></span> <span class='ocrx_word' id='word_1_416' title='bbox 571 5020 943 5094; x_wconf 83' lang='lat' dir='ltr'><strong>baptizentur&#39;l</strong></span> <span class='ocrx_word' id='word_1_417' title='bbox 973 5017 1104 5074; x_wconf 86' lang='lat' dir='ltr'><strong>nihil</strong></span> <span class='ocrx_word' id='word_1_418' title='bbox 1153 5018 1220 5074; x_wconf 89' lang='lat' dir='ltr'><strong>de</strong></span> <span class='ocrx_word' id='word_1_419' title='bbox 1245 5017 1448 5090; x_wconf 85' lang='lat' dir='ltr'><strong>Spiritu</strong></span> <span class='ocrx_word' id='word_1_420' title='bbox 1489 5025 1706 5085; x_wconf 89' lang='lat' dir='ltr'><strong>sancto,</strong></span> <span class='ocrx_word' id='word_1_421' title='bbox 1739 5015 1873 5072; x_wconf 89' lang='lat' dir='ltr'><strong>nihil</strong></span> 
     </span>
    </p>
   </div>
   <div class='ocr_carea' id='block_1_54' title="bbox 261 5109 1870 5182">
    <p class='ocr_par' dir='ltr' id='par_1_54' title="bbox 261 5109 1870 5182">
     <span class='ocr_line' id='line_1_54' title="bbox 261 5109 1870 5182; baseline -0.006 -8"><span class='ocrx_word' id='word_1_422' title='bbox 261 5115 332 5173; x_wconf 81' lang='lat' dir='ltr'><strong>de</strong></span> <span class='ocrx_word' id='word_1_423' title='bbox 359 5121 557 5173; x_wconf 78' lang='lat' dir='ltr'><strong>sancta</strong></span> <span class='ocrx_word' id='word_1_424' title='bbox 573 5111 822 5172; x_wconf 79' lang='lat' dir='ltr'><strong>Ecclesia</strong></span> <span class='ocrx_word' id='word_1_425' title='bbox 840 5156 856 5181; x_wconf 93' lang='lat'><strong>,</strong></span> <span class='ocrx_word' id='word_1_426' title='bbox 889 5112 1022 5169; x_wconf 86' lang='lat' dir='ltr'><strong>nihil</strong></span> <span class='ocrx_word' id='word_1_427' title='bbox 1052 5112 1120 5167; x_wconf 85' lang='lat' dir='ltr'><strong>de</strong></span> <span class='ocrx_word' id='word_1_428' title='bbox 1147 5109 1468 5167; x_wconf 87' lang='lat' dir='ltr'><strong>remissione</strong></span> <span class='ocrx_word' id='word_1_429' title='bbox 1493 5118 1832 5182; x_wconf 88' lang='lat' dir='ltr'><strong>peccatorum</strong></span> <span class='ocrx_word' id='word_1_430' title='bbox 1854 5152 1870 5180; x_wconf 97' lang='lat'><strong>,</strong></span> 
     </span>
    </p>
   </div>
   <div class='ocr_carea' id='block_1_55' title="bbox 263 5201 1874 5275">
    <p class='ocr_par' dir='ltr' id='par_1_55' title="bbox 263 5201 1874 5275">
     <span class='ocr_line' id='line_1_55' title="bbox 263 5201 1874 5275; baseline -0.004 -9"><span class='ocrx_word' id='word_1_431' title='bbox 263 5209 404 5266; x_wconf 85' lang='lat' dir='ltr'><strong>nihil</strong></span> <span class='ocrx_word' id='word_1_432' title='bbox 429 5205 500 5264; x_wconf 80' lang='lat' dir='ltr'><strong>de</strong></span> <span class='ocrx_word' id='word_1_433' title='bbox 519 5205 926 5263; x_wconf 68' lang='lat' dir='ltr'><strong>resurrectione</strong></span> <span class='ocrx_word' id='word_1_434' title='bbox 967 5213 1299 5258; x_wconf 84' lang='lat' dir='ltr'><strong>mortuorum</strong></span> <span class='ocrx_word' id='word_1_435' title='bbox 1319 5245 1333 5271; x_wconf 92' lang='lat'><strong>,</strong></span> <span class='ocrx_word' id='word_1_436' title='bbox 1363 5211 1636 5275; x_wconf 87' lang='lat' dir='ltr'><strong>postremo</strong></span> <span class='ocrx_word' id='word_1_437' title='bbox 1663 5201 1729 5258; x_wconf 90' lang='lat' dir='ltr'><strong>de</strong></span> <span class='ocrx_word' id='word_1_438' title='bbox 1757 5203 1874 5273; x_wconf 87' lang='lat' dir='ltr'><strong>ipso</strong></span> 
     </span>
    </p>
   </div>
   <div class='ocr_carea' id='block_1_56' title="bbox 265 5289 1871 5366">
    <p class='ocr_par' dir='ltr' id='par_1_56' title="bbox 265 5289 1871 5366">
     <span class='ocr_line' id='line_1_56' title="bbox 265 5289 1871 5366; baseline -0.006 -7"><span class='ocrx_word' id='word_1_439' title='bbox 265 5301 506 5359; x_wconf 81' lang='lat' dir='ltr'><strong>Domino</strong></span> <span class='ocrx_word' id='word_1_440' title='bbox 531 5296 665 5355; x_wconf 77' lang='lat' dir='ltr'><strong>Jesu</strong></span> <span class='ocrx_word' id='word_1_441' title='bbox 703 5295 921 5353; x_wconf 88' lang='lat' dir='ltr'><strong>Christo</strong></span> <span class='ocrx_word' id='word_1_442' title='bbox 963 5289 1093 5350; x_wconf 87' lang='lat' dir='ltr'><strong>nihil</strong></span> <span class='ocrx_word' id='word_1_443' title='bbox 1139 5294 1241 5350; x_wconf 91' lang='lat' dir='ltr'><strong>nisi</strong></span> <span class='ocrx_word' id='word_1_444' title='bbox 1271 5295 1392 5366; x_wconf 88' lang='lat' dir='ltr'><strong>quia</strong></span> <span class='ocrx_word' id='word_1_445' title='bbox 1439 5289 1603 5352; x_wconf 80' lang='lat' dir='ltr'><strong>Filius</strong></span> <span class='ocrx_word' id='word_1_446' title='bbox 1633 5294 1726 5351; x_wconf 89' lang='lat' dir='ltr'><strong>Dei</strong></span> <span class='ocrx_word' id='word_1_447' title='bbox 1757 5301 1871 5362; x_wconf 88' lang='lat' dir='ltr'><strong>est,</strong></span> 
     </span>
    </p>
   </div>
   <div class='ocr_carea' id='block_1_57' title="bbox 263 5385 1872 5460">
    <p class='ocr_par' dir='ltr' id='par_1_57' title="bbox 263 5385 1872 5460">
     <span class='ocr_line' id='line_1_57' title="bbox 263 5385 1872 5460; baseline -0.005 -10"><span class='ocrx_word' id='word_1_448' title='bbox 263 5407 378 5450; x_wconf 90' lang='lat' dir='ltr'><strong>non</strong></span> <span class='ocrx_word' id='word_1_449' title='bbox 411 5391 482 5449; x_wconf 87' lang='lat' dir='ltr'><strong>de</strong></span> <span class='ocrx_word' id='word_1_450' title='bbox 499 5387 877 5448; x_wconf 83' lang='lat' dir='ltr'><strong>incarnatione</strong></span> <span class='ocrx_word' id='word_1_451' title='bbox 902 5387 1017 5458; x_wconf 86' lang='lat' dir='ltr'><strong>eju&#39;s</strong></span> <span class='ocrx_word' id='word_1_452' title='bbox 1039 5403 1104 5442; x_wconf 83' lang='lat' dir='ltr'><strong>ex</strong></span> <span class='ocrx_word' id='word_1_453' title='bbox 1125 5387 1351 5457; x_wconf 80' lang='lat' dir='ltr'><strong>virgine,</strong></span> <span class='ocrx_word' id='word_1_454' title='bbox 1378 5401 1484 5441; x_wconf 92' lang='lat' dir='ltr'><strong>non</strong></span> <span class='ocrx_word' id='word_1_455' title='bbox 1509 5385 1577 5444; x_wconf 90' lang='lat' dir='ltr'><strong>de</strong></span> <span class='ocrx_word' id='word_1_456' title='bbox 1598 5388 1872 5460; x_wconf 87' lang='lat' dir='ltr'><strong>passione,</strong></span> 
     </span>
    </p>
   </div>
   <div class='ocr_carea' id='block_1_58' title="bbox 265 5479 1877 5552">
    <p class='ocr_par' dir='ltr' id='par_1_58' title="bbox 265 5479 1877 5552">
     <span class='ocr_line' id='line_1_58' title="bbox 265 5479 1877 5552; baseline -0.005 -9"><span class='ocrx_word' id='word_1_457' title='bbox 265 5483 337 5545; x_wconf 85' lang='lat' dir='ltr'><strong>de</strong></span> <span class='ocrx_word' id='word_1_458' title='bbox 365 5491 550 5543; x_wconf 79' lang='lat' dir='ltr'><strong>morte</strong></span> <span class='ocrx_word' id='word_1_459' title='bbox 575 5483 772 5550; x_wconf 88' lang='lat' dir='ltr'><strong>crucis,</strong></span> <span class='ocrx_word' id='word_1_460' title='bbox 803 5480 872 5537; x_wconf 90' lang='lat' dir='ltr'><strong>de</strong></span> <span class='ocrx_word' id='word_1_461' title='bbox 907 5479 1176 5552; x_wconf 83' lang='lat' dir='ltr'><strong>sepultura</strong></span> <span class='ocrx_word' id='word_1_462' title='bbox 1197 5522 1211 5546; x_wconf 92' lang='lat'><strong>,</strong></span> <span class='ocrx_word' id='word_1_463' title='bbox 1245 5480 1312 5536; x_wconf 88' lang='lat' dir='ltr'><strong>de</strong></span> <span class='ocrx_word' id='word_1_464' title='bbox 1337 5479 1475 5536; x_wconf 83' lang='lat' dir='ltr'><strong>tertii</strong></span> <span class='ocrx_word' id='word_1_465' title='bbox 1505 5479 1607 5535; x_wconf 83' lang='lat' dir='ltr'><strong>dici</strong></span> <span class='ocrx_word' id='word_1_466' title='bbox 1635 5487 1877 5535; x_wconf 81' lang='lat' dir='ltr'><strong>resurre-</strong></span> 
     </span>
    </p>
   </div>
   <div class='ocr_carea' id='block_1_59' title="bbox 263 5571 1877 5647">
    <p class='ocr_par' dir='ltr' id='par_1_59' title="bbox 263 5571 1877 5647">
     <span class='ocr_line' id='line_1_59' title="bbox 263 5571 1877 5647; baseline -0.006 -12"><span class='ocrx_word' id='word_1_467' title='bbox 263 5579 480 5647; x_wconf 83' lang='lat' dir='ltr'><strong>ctione,</strong></span> <span class='ocrx_word' id='word_1_468' title='bbox 495 5576 568 5635; x_wconf 83' lang='lat' dir='ltr'><strong>de</strong></span> <span class='ocrx_word' id='word_1_469' title='bbox 589 5573 909 5632; x_wconf 88' lang='lat' dir='ltr'><strong>ascensione</strong></span> <span class='ocrx_word' id='word_1_470' title='bbox 933 5579 996 5629; x_wconf 86' lang='lat' dir='ltr'><strong>ac</strong></span> <span class='ocrx_word' id='word_1_471' title='bbox 1018 5571 1158 5629; x_wconf 87' lang='lat' dir='ltr'><strong>Sede</strong></span> <span class='ocrx_word' id='word_1_472' title='bbox 1182 5573 1250 5628; x_wconf 90' lang='lat' dir='ltr'><strong>ad</strong></span> <span class='ocrx_word' id='word_1_473' title='bbox 1278 5573 1551 5629; x_wconf 83' lang='lat' dir='ltr'><strong>dexteram</strong></span> <span class='ocrx_word' id='word_1_474' title='bbox 1579 5571 1752 5627; x_wconf 79' lang='lat' dir='ltr'><strong>Patris</strong></span> <span class='ocrx_word' id='word_1_475' title='bbox 1778 5573 1877 5627; x_wconf 81' lang='lat' dir='ltr'><strong>ali-</strong></span> 
     </span>
    </p>
   </div>
   <div class='ocr_carea' id='block_1_60' title="bbox 266 5665 1874 5746">
    <p class='ocr_par' dir='ltr' id='par_1_60' title="bbox 266 5665 1874 5746">
     <span class='ocr_line' id='line_1_60' title="bbox 266 5665 1874 5746; baseline -0.006 -15"><span class='ocrx_word' id='word_1_476' title='bbox 266 5673 408 5746; x_wconf 84' lang='lat' dir='ltr'><strong>quid</strong></span> <span class='ocrx_word' id='word_1_477' title='bbox 436 5671 720 5730; x_wconf 82' lang='lat' dir='ltr'><strong>dicendum</strong></span> <span class='ocrx_word' id='word_1_478' title='bbox 751 5676 838 5724; x_wconf 89' lang='lat' dir='ltr'><strong>est</strong></span> <span class='ocrx_word' id='word_1_479' title='bbox 860 5665 1209 5725; x_wconf 80' lang='lat' dir='ltr'><strong>catechizanti</strong></span> <span class='ocrx_word' id='word_1_480' title='bbox 1229 5709 1244 5734; x_wconf 95' lang='lat'><strong>,</strong></span> <span class='ocrx_word' id='word_1_481' title='bbox 1277 5683 1340 5724; x_wconf 88' lang='lat' dir='ltr'><strong>ac</strong></span> <span class='ocrx_word' id='word_1_482' title='bbox 1371 5665 1727 5738; x_wconf 77' lang='lat' dir='ltr'><strong>proﬁtendum</strong></span> <span class='ocrx_word' id='word_1_483' title='bbox 1754 5679 1874 5722; x_wconf 46' lang='lat' dir='ltr'><strong>cre‘</strong></span> 
     </span>
    </p>
   </div>
   <div class='ocr_carea' id='block_1_61' title="bbox 264 5759 1876 5834">
    <p class='ocr_par' dir='ltr' id='par_1_61' title="bbox 264 5759 1876 5834">
     <span class='ocr_line' id='line_1_61' title="bbox 264 5759 1876 5834; baseline -0.007 -9"><span class='ocrx_word' id='word_1_484' title='bbox 264 5765 473 5825; x_wconf 76' lang='lat' dir='ltr'><strong>denti?</strong></span> <span class='ocrx_word' id='word_1_485' title='bbox 495 5763 549 5823; x_wconf 81' lang='lat' dir='ltr'><strong>Si</strong></span> <span class='ocrx_word' id='word_1_486' title='bbox 573 5765 720 5822; x_wconf 84' lang='lat' dir='ltr'><strong>enim</strong></span> <span class='ocrx_word' id='word_1_487' title='bbox 741 5763 922 5834; x_wconf 83' lang='lat' dir='ltr'><strong>Spado</strong></span> <span class='ocrx_word' id='word_1_488' title='bbox 943 5777 1060 5818; x_wconf 89' lang='lat' dir='ltr'><strong>cum</strong></span> <span class='ocrx_word' id='word_1_489' title='bbox 1089 5781 1132 5818; x_wconf 61' lang='grc' dir='ltr'><strong>ι’.</strong></span> <span class='ocrx_word' id='word_1_490' title='bbox 1148 5763 1471 5834; x_wconf 79' lang='lat' dir='ltr'><strong>spondisset,</strong></span> <span class='ocrx_word' id='word_1_491' title='bbox 1499 5759 1657 5816; x_wconf 80' lang='lat' dir='ltr'><strong>Credo</strong></span> <span class='ocrx_word' id='word_1_492' title='bbox 1681 5759 1876 5815; x_wconf 82' lang='lat' dir='ltr'><strong>Filium</strong></span> 
     </span>
    </p>
   </div>
   <div class='ocr_carea' id='block_1_62' title="bbox 269 5851 1872 5934">
    <p class='ocr_par' dir='ltr' id='par_1_62' title="bbox 269 5851 1872 5934">
     <span class='ocr_line' id='line_1_62' title="bbox 269 5851 1872 5934; baseline -0.008 -15"><span class='ocrx_word' id='word_1_493' title='bbox 269 5851 376 5919; x_wconf 73' lang='lat' dir='ltr'><strong>Dei</strong></span> <span class='ocrx_word' id='word_1_494' title='bbox 412 5875 522 5916; x_wconf 79' lang='lat' dir='ltr'><strong>esse</strong></span> <span class='ocrx_word' id='word_1_495' title='bbox 547 5855 726 5923; x_wconf 73' lang='lat' dir='ltr'><strong>Iesum</strong></span> <span class='ocrx_word' id='word_1_496' title='bbox 751 5855 1036 5934; x_wconf 72' lang='lat' dir='ltr'><strong>Christum,</strong></span> <span class='ocrx_word' id='word_1_497' title='bbox 1073 5855 1176 5912; x_wconf 90' lang='lat' dir='ltr'><strong>hoc</strong></span> <span class='ocrx_word' id='word_1_498' title='bbox 1209 5857 1257 5912; x_wconf 86' lang='lat' dir='ltr'><strong>ei</strong></span> <span class='ocrx_word' id='word_1_499' title='bbox 1291 5855 1536 5911; x_wconf 82' lang='lat' dir='ltr'><strong>sufﬁcere</strong></span> <span class='ocrx_word' id='word_1_500' title='bbox 1561 5855 1731 5909; x_wconf 81' lang='lat' dir='ltr'><strong>visum</strong></span> <span class='ocrx_word' id='word_1_501' title='bbox 1761 5861 1872 5920; x_wconf 88' lang='lat' dir='ltr'><strong>cst,</strong></span> 
     </span>
    </p>
   </div>
   <div class='ocr_carea' id='block_1_63' title="bbox 268 5943 1871 6028">
    <p class='ocr_par' dir='ltr' id='par_1_63' title="bbox 268 5943 1871 6028">
     <span class='ocr_line' id='line_1_63' title="bbox 268 5943 1871 6028; baseline -0.011 -9"><span class='ocrx_word' id='word_1_502' title='bbox 268 5964 336 6019; x_wconf 79' lang='lat' dir='ltr'><strong>It</strong></span> <span class='ocrx_word' id='word_1_503' title='bbox 361 5954 621 6018; x_wconf 71' lang='lat' dir='ltr'><strong>continuo</strong></span> <span class='ocrx_word' id='word_1_504' title='bbox 645 5951 951 6028; x_wconf 76' lang='lat' dir='ltr'><strong>baptizatus</strong></span> <span class='ocrx_word' id='word_1_505' title='bbox 977 5952 1319 6023; x_wconf 84' lang='lat' dir='ltr'><strong>abscederet;</strong></span> <span class='ocrx_word' id='word_1_506' title='bbox 1349 5967 1442 6010; x_wconf 88' lang='lat' dir='ltr'><strong>cur</strong></span> <span class='ocrx_word' id='word_1_507' title='bbox 1473 5963 1582 6008; x_wconf 91' lang='lat' dir='ltr'><strong>non</strong></span> <span class='ocrx_word' id='word_1_508' title='bbox 1611 5947 1663 6006; x_wconf 91' lang='lat' dir='ltr'><strong>id</strong></span> <span class='ocrx_word' id='word_1_509' title='bbox 1688 5943 1871 6018; x_wconf 83' lang='lat' dir='ltr'><strong>sequi-</strong></span> 
     </span>
    </p>
   </div>
   <div class='ocr_carea' id='block_1_64' title="bbox 1945 940 3543 1015">
    <p class='ocr_par' dir='ltr' id='par_1_64' title="bbox 1945 940 3543 1015">
     <span class='ocr_line' id='line_1_64' title="bbox 1945 940 3543 1015; baseline 0.003 -18"><span class='ocrx_word' id='word_1_510' title='bbox 1945 941 2134 997; x_wconf 68' lang='lat' dir='ltr'><strong>morize</strong></span> <span class='ocrx_word' id='word_1_511' title='bbox 2158 940 2414 998; x_wconf 85' lang='lat' dir='ltr'><strong>mandare</strong></span> <span class='ocrx_word' id='word_1_512' title='bbox 2435 955 2542 998; x_wconf 91' lang='lat' dir='ltr'><strong>non</strong></span> <span class='ocrx_word' id='word_1_513' title='bbox 2566 943 2770 998; x_wconf 87' lang='lat' dir='ltr'><strong>vacavit</strong></span> <span class='ocrx_word' id='word_1_514' title='bbox 2801 945 2816 976; x_wconf 85' lang='grc'>¹</span> <span class='ocrx_word' id='word_1_515' title='bbox 2833 943 2860 998; x_wconf 88' lang='lat'><strong>?</strong></span> <span class='ocrx_word' id='word_1_516' title='bbox 2883 941 2942 1000; x_wconf 88' lang='lat' dir='ltr'><strong>Si</strong></span> <span class='ocrx_word' id='word_1_517' title='bbox 2970 953 3146 1000; x_wconf 89' lang='lat' dir='ltr'><strong>autem</strong></span> <span class='ocrx_word' id='word_1_518' title='bbox 3165 944 3438 1015; x_wconf 85' lang='lat' dir='ltr'><strong>Scriptura</strong></span> <span class='ocrx_word' id='word_1_519' title='bbox 3461 953 3543 1000; x_wconf 78' lang='lat' dir='ltr'><strong>ta-</strong></span> 
     </span>
    </p>
   </div>
   <div class='ocr_carea' id='block_1_65' title="bbox 1947 1032 3543 1110">
    <p class='ocr_par' dir='ltr' id='par_1_65' title="bbox 1947 1032 3543 1110">
     <span class='ocr_line' id='line_1_65' title="bbox 1947 1032 3543 1110; baseline 0.002 -18"><span class='ocrx_word' id='word_1_520' title='bbox 1947 1032 2058 1092; x_wconf 85' lang='lat' dir='ltr'><strong>cait</strong></span> <span class='ocrx_word' id='word_1_521' title='bbox 2075 1074 2093 1105; x_wconf 94' lang='lat'><strong>,</strong></span> <span class='ocrx_word' id='word_1_522' title='bbox 2121 1041 2281 1106; x_wconf 90' lang='lat' dir='ltr'><strong>atque</strong></span> <span class='ocrx_word' id='word_1_523' title='bbox 2303 1033 2646 1107; x_wconf 87' lang='lat' dir='ltr'><strong>intelligenda</strong></span> <span class='ocrx_word' id='word_1_524' title='bbox 2673 1037 2874 1093; x_wconf 84' lang='lat' dir='ltr'><strong>dimisit</strong></span> <span class='ocrx_word' id='word_1_525' title='bbox 2895 1041 3089 1094; x_wconf 61' lang='lat' dir='ltr'><strong>caetera</strong></span> <span class='ocrx_word' id='word_1_526' title='bbox 3111 1079 3126 1106; x_wconf 89' lang='lat'><strong>,</strong></span> <span class='ocrx_word' id='word_1_527' title='bbox 3158 1053 3277 1110; x_wconf 79' lang='lat' dir='ltr'><strong>qua:</strong></span> <span class='ocrx_word' id='word_1_528' title='bbox 3305 1053 3426 1095; x_wconf 89' lang='lat' dir='ltr'><strong>cum</strong></span> <span class='ocrx_word' id='word_1_529' title='bbox 3449 1039 3543 1096; x_wconf 90' lang='lat' dir='ltr'><strong>illo</strong></span> 
     </span>
    </p>
   </div>
   <div class='ocr_carea' id='block_1_66' title="bbox 1947 1123 3542 1204">
    <p class='ocr_par' dir='ltr' id='par_1_66' title="bbox 1947 1123 3542 1204">
     <span class='ocr_line' id='line_1_66' title="bbox 1947 1123 3542 1204; baseline 0.004 -21"><span class='ocrx_word' id='word_1_530' title='bbox 1947 1123 2198 1198; x_wconf 86' lang='lat' dir='ltr'><strong>Spadone</strong></span> <span class='ocrx_word' id='word_1_531' title='bbox 2215 1127 2537 1197; x_wconf 80' lang='lat' dir='ltr'><strong>baptizando</strong></span> <span class='ocrx_word' id='word_1_532' title='bbox 2563 1127 2836 1200; x_wconf 87' lang='lat' dir='ltr'><strong>Philippus</strong></span> <span class='ocrx_word' id='word_1_533' title='bbox 2865 1130 2994 1202; x_wconf 87' lang='lat' dir='ltr'><strong>egit,</strong></span> <span class='ocrx_word' id='word_1_534' title='bbox 3027 1133 3265 1202; x_wconf 86' lang='lat' dir='ltr'><strong>atquein</strong></span> <span class='ocrx_word' id='word_1_535' title='bbox 3289 1147 3357 1189; x_wconf 92' lang='lat' dir='ltr'><strong>eo</strong></span> <span class='ocrx_word' id='word_1_536' title='bbox 3397 1134 3542 1204; x_wconf 87' lang='lat' dir='ltr'><strong>quod</strong></span> 
     </span>
    </p>
   </div>
   <div class='ocr_carea' id='block_1_67' title="bbox 1948 1218 3547 1296">
    <p class='ocr_par' dir='ltr' id='par_1_67' title="bbox 1948 1218 3547 1296">
     <span class='ocr_line' id='line_1_67' title="bbox 1948 1218 3547 1296; baseline 0.004 -21"><span class='ocrx_word' id='word_1_537' title='bbox 1948 1221 2043 1288; x_wconf 88' lang='lat' dir='ltr'><strong>ait,</strong></span> <span class='ocrx_word' id='word_1_538' title='bbox 2061 1219 2344 1292; x_wconf 82' lang='lat' dir='ltr'><strong>Baptizavit</strong></span> <span class='ocrx_word' id='word_1_539' title='bbox 2363 1235 2477 1275; x_wconf 87' lang='lat' dir='ltr'><strong>eum</strong></span> <span class='ocrx_word' id='word_1_540' title='bbox 2499 1218 2774 1295; x_wconf 77' lang='lat' dir='ltr'><strong>Philippus</strong></span> <span class='ocrx_word' id='word_1_541' title='bbox 2792 1222 2926 1293; x_wconf 82' lang='lat' dir='ltr'><strong>(Act.</strong></span> <span class='ocrx_word' id='word_1_542' title='bbox 2950 1237 3058 1290; x_wconf 77' lang='lat' dir='ltr'><strong>vni,</strong></span> <span class='ocrx_word' id='word_1_543' title='bbox 3080 1221 3294 1296; x_wconf 73' lang='lat'><strong>35-58),</strong></span> <span class='ocrx_word' id='word_1_544' title='bbox 3319 1223 3547 1296; x_wconf 88' lang='lat' dir='ltr'><strong>intelligi</strong></span> 
     </span>
    </p>
   </div>
   <div class='ocr_carea' id='block_1_68' title="bbox 1948 1309 3542 1383">
    <p class='ocr_par' dir='ltr' id='par_1_68' title="bbox 1948 1309 3542 1383">
     <span class='ocr_line' id='line_1_68' title="bbox 1948 1309 3542 1383; baseline 0.003 -17"><span class='ocrx_word' id='word_1_545' title='bbox 1948 1309 2115 1366; x_wconf 68' lang='lat' dir='ltr'><strong>i‘o‘lult</strong></span> <span class='ocrx_word' id='word_1_546' title='bbox 2158 1312 2376 1382; x_wconf 84' lang='lat' dir='ltr'><strong>impleta</strong></span> <span class='ocrx_word' id='word_1_547' title='bbox 2419 1313 2635 1380; x_wconf 87' lang='lat' dir='ltr'><strong>omnia,</strong></span> <span class='ocrx_word' id='word_1_548' title='bbox 2685 1325 2804 1383; x_wconf 72' lang='lat' dir='ltr'><strong>qua:</strong></span> <span class='ocrx_word' id='word_1_549' title='bbox 2850 1313 2975 1370; x_wconf 91' lang='lat' dir='ltr'><strong>licet</strong></span> <span class='ocrx_word' id='word_1_550' title='bbox 3004 1325 3279 1372; x_wconf 86' lang='lat' dir='ltr'><strong>taceantur</strong></span> <span class='ocrx_word' id='word_1_551' title='bbox 3307 1316 3363 1370; x_wconf 89' lang='lat' dir='ltr'><strong>in</strong></span> <span class='ocrx_word' id='word_1_552' title='bbox 3389 1315 3542 1372; x_wconf 88' lang='lat' dir='ltr'><strong>Scri-</strong></span> 
     </span>
    </p>
   </div>
   <div class='ocr_carea' id='block_1_69' title="bbox 1949 1403 3545 1474">
    <p class='ocr_par' dir='ltr' id='par_1_69' title="bbox 1949 1403 3545 1474">
     <span class='ocr_line' id='line_1_69' title="bbox 1949 1403 3545 1474; baseline 0.006 -19"><span class='ocrx_word' id='word_1_553' title='bbox 1949 1403 2121 1472; x_wconf 79' lang='lat' dir='ltr'><strong>pturis</strong></span> <span class='ocrx_word' id='word_1_554' title='bbox 2143 1404 2312 1473; x_wconf 87' lang='lat' dir='ltr'><strong>gratia</strong></span> <span class='ocrx_word' id='word_1_555' title='bbox 2343 1403 2658 1474; x_wconf 82' lang='lat' dir='ltr'><strong>brevitatis,</strong></span> <span class='ocrx_word' id='word_1_556' title='bbox 2692 1414 2869 1460; x_wconf 78' lang='lat' dir='ltr'><strong>tamen</strong></span> <span class='ocrx_word' id='word_1_557' title='bbox 2915 1407 3057 1462; x_wconf 83' lang='lat' dir='ltr'><strong>serie</strong></span> <span class='ocrx_word' id='word_1_558' title='bbox 3087 1407 3388 1463; x_wconf 89' lang='lat' dir='ltr'><strong>traditionis</strong></span> <span class='ocrx_word' id='word_1_559' title='bbox 3433 1410 3545 1465; x_wconf 88' lang='lat' dir='ltr'><strong>sci-</strong></span> 
     </span>
    </p>
   </div>
   <div class='ocr_carea' id='block_1_70' title="bbox 1950 1495 3545 1571">
    <p class='ocr_par' dir='ltr' id='par_1_70' title="bbox 1950 1495 3545 1571">
     <span class='ocr_line' id='line_1_70' title="bbox 1950 1495 3545 1571; baseline 0.006 -23"><span class='ocrx_word' id='word_1_560' title='bbox 1950 1505 2069 1549; x_wconf 88' lang='lat' dir='ltr'><strong>mus</strong></span> <span class='ocrx_word' id='word_1_561' title='bbox 2097 1495 2394 1566; x_wconf 88' lang='lat' dir='ltr'><strong>implenda;</strong></span> <span class='ocrx_word' id='word_1_562' title='bbox 2425 1499 2536 1568; x_wconf 90' lang='lat' dir='ltr'><strong>pari</strong></span> <span class='ocrx_word' id='word_1_563' title='bbox 2564 1497 2725 1554; x_wconf 88' lang='lat' dir='ltr'><strong>modo</strong></span> <span class='ocrx_word' id='word_1_564' title='bbox 2751 1499 2912 1556; x_wconf 85' lang='lat' dir='ltr'><strong>etiam</strong></span> <span class='ocrx_word' id='word_1_565' title='bbox 2939 1498 2994 1553; x_wconf 90' lang='lat' dir='ltr'><strong>in</strong></span> <span class='ocrx_word' id='word_1_566' title='bbox 3023 1513 3088 1554; x_wconf 90' lang='lat' dir='ltr'><strong>eo</strong></span> <span class='ocrx_word' id='word_1_567' title='bbox 3117 1500 3258 1570; x_wconf 89' lang='lat' dir='ltr'><strong>quod</strong></span> <span class='ocrx_word' id='word_1_568' title='bbox 3283 1501 3545 1571; x_wconf 83' lang='lat' dir='ltr'><strong>scriptum</strong></span> 
     </span>
    </p>
   </div>
   <div class='ocr_carea' id='block_1_71' title="bbox 1949 1587 3550 1662">
    <p class='ocr_par' dir='ltr' id='par_1_71' title="bbox 1949 1587 3550 1662">
     <span class='ocr_line' id='line_1_71' title="bbox 1949 1587 3550 1662; baseline 0.006 -23"><span class='ocrx_word' id='word_1_569' title='bbox 1949 1593 2034 1640; x_wconf 83' lang='lat' dir='ltr'><strong>est</strong></span> <span class='ocrx_word' id='word_1_570' title='bbox 2070 1587 2464 1658; x_wconf 77' lang='lat' dir='ltr'><strong>evangelizasse</strong></span> <span class='ocrx_word' id='word_1_571' title='bbox 2505 1589 2811 1662; x_wconf 87' lang='lat' dir='ltr'><strong>Philippum</strong></span> <span class='ocrx_word' id='word_1_572' title='bbox 2859 1589 3098 1662; x_wconf 87' lang='lat' dir='ltr'><strong>Spadoni</strong></span> <span class='ocrx_word' id='word_1_573' title='bbox 3134 1592 3417 1648; x_wconf 86' lang='lat' dir='ltr'><strong>Dominum</strong></span> <span class='ocrx_word' id='word_1_574' title='bbox 3457 1591 3550 1649; x_wconf 79' lang='lat' dir='ltr'><strong>Je-</strong></span> 
     </span>
    </p>
   </div>
   <div class='ocr_carea' id='block_1_72' title="bbox 1952 1681 3552 1747">
    <p class='ocr_par' dir='ltr' id='par_1_72' title="bbox 1952 1681 3552 1747">
     <span class='ocr_line' id='line_1_72' title="bbox 1952 1681 3552 1747; baseline 0.004 -14"><span class='ocrx_word' id='word_1_575' title='bbox 1952 1685 2071 1733; x_wconf 76' lang='lat' dir='ltr'><strong>SUm</strong></span> <span class='ocrx_word' id='word_1_576' title='bbox 2093 1721 2108 1747; x_wconf 96' lang='lat'><strong>,</strong></span> <span class='ocrx_word' id='word_1_577' title='bbox 2142 1681 2288 1736; x_wconf 93' lang='lat' dir='ltr'><strong>nullo</strong></span> <span class='ocrx_word' id='word_1_578' title='bbox 2319 1682 2479 1738; x_wconf 88' lang='lat' dir='ltr'><strong>modo</strong></span> <span class='ocrx_word' id='word_1_579' title='bbox 2503 1681 2854 1738; x_wconf 88' lang='lat' dir='ltr'><strong>dubitandum</strong></span> <span class='ocrx_word' id='word_1_580' title='bbox 2883 1692 2966 1740; x_wconf 90' lang='lat' dir='ltr'><strong>est</strong></span> <span class='ocrx_word' id='word_1_581' title='bbox 2989 1693 3043 1741; x_wconf 94' lang='lat' dir='ltr'><strong>et</strong></span> <span class='ocrx_word' id='word_1_582' title='bbox 3072 1686 3161 1741; x_wconf 91' lang='lat' dir='ltr'><strong>illa</strong></span> <span class='ocrx_word' id='word_1_583' title='bbox 3211 1686 3269 1742; x_wconf 91' lang='lat' dir='ltr'><strong>in</strong></span> <span class='ocrx_word' id='word_1_584' title='bbox 3311 1685 3552 1744; x_wconf 86' lang='lat' dir='ltr'><strong>catechi-</strong></span> 
     </span>
    </p>
   </div>
   <div class='ocr_carea' id='block_1_73' title="bbox 1952 1773 3550 1851">
    <p class='ocr_par' dir='ltr' id='par_1_73' title="bbox 1952 1773 3550 1851">
     <span class='ocr_line' id='line_1_73' title="bbox 1952 1773 3550 1851; baseline 0.006 -22"><span class='ocrx_word' id='word_1_585' title='bbox 1952 1781 2072 1829; x_wconf 83' lang='lat' dir='ltr'><strong>sino</strong></span> <span class='ocrx_word' id='word_1_586' title='bbox 2101 1773 2240 1830; x_wconf 89' lang='lat' dir='ltr'><strong>dicta</strong></span> <span class='ocrx_word' id='word_1_587' title='bbox 2291 1785 2410 1830; x_wconf 89' lang='lat' dir='ltr'><strong>esse</strong></span> <span class='ocrx_word' id='word_1_588' title='bbox 2434 1818 2451 1846; x_wconf 93' lang='lat'><strong>,</strong></span> <span class='ocrx_word' id='word_1_589' title='bbox 2497 1793 2615 1846; x_wconf 78' lang='lat' dir='ltr'><strong>quae</strong></span> <span class='ocrx_word' id='word_1_590' title='bbox 2664 1777 2730 1831; x_wconf 86' lang='lat' dir='ltr'><strong>ad</strong></span> <span class='ocrx_word' id='word_1_591' title='bbox 2774 1779 2936 1833; x_wconf 84' lang='lat' dir='ltr'><strong>vitam</strong></span> <span class='ocrx_word' id='word_1_592' title='bbox 2968 1793 3251 1850; x_wconf 89' lang='lat' dir='ltr'><strong>moresque</strong></span> <span class='ocrx_word' id='word_1_593' title='bbox 3280 1782 3550 1851; x_wconf 90' lang='lat' dir='ltr'><strong>pertinent</strong></span> 
     </span>
    </p>
   </div>
   <div class='ocr_carea' id='block_1_74' title="bbox 1953 1865 3549 1937">
    <p class='ocr_par' dir='ltr' id='par_1_74' title="bbox 1953 1865 3549 1937">
     <span class='ocr_line' id='line_1_74' title="bbox 1953 1865 3549 1937; baseline 0.005 -17"><span class='ocrx_word' id='word_1_594' title='bbox 1953 1865 2070 1935; x_wconf 78' lang='lat' dir='ltr'><strong>ejus</strong></span> <span class='ocrx_word' id='word_1_595' title='bbox 2095 1867 2185 1937; x_wconf 89' lang='lat' dir='ltr'><strong>qui</strong></span> <span class='ocrx_word' id='word_1_596' title='bbox 2232 1867 2401 1922; x_wconf 85' lang='lat' dir='ltr'><strong>credit</strong></span> <span class='ocrx_word' id='word_1_597' title='bbox 2441 1868 2493 1921; x_wconf 90' lang='lat' dir='ltr'><strong>in</strong></span> <span class='ocrx_word' id='word_1_598' title='bbox 2537 1869 2823 1922; x_wconf 84' lang='lat' dir='ltr'><strong>Dominum</strong></span> <span class='ocrx_word' id='word_1_599' title='bbox 2866 1867 3072 1924; x_wconf 84' lang='lat' dir='ltr'><strong>Jesnm.</strong></span> <span class='ocrx_word' id='word_1_600' title='bbox 3119 1869 3231 1926; x_wconf 87' lang='lat' dir='ltr'><strong>lloc</strong></span> <span class='ocrx_word' id='word_1_601' title='bbox 3276 1881 3359 1928; x_wconf 92' lang='lat' dir='ltr'><strong>est</strong></span> <span class='ocrx_word' id='word_1_602' title='bbox 3405 1874 3549 1928; x_wconf 87' lang='lat' dir='ltr'><strong>enim</strong></span> 
     </span>
    </p>
   </div>
   <div class='ocr_carea' id='block_1_75' title="bbox 1952 1961 3553 2035">
    <p class='ocr_par' dir='ltr' id='par_1_75' title="bbox 1952 1961 3553 2035">
     <span class='ocr_line' id='line_1_75' title="bbox 1952 1961 3553 2035; baseline 0.005 -21"><span class='ocrx_word' id='word_1_603' title='bbox 1952 1961 2322 2031; x_wconf 77' lang='lat' dir='ltr'><strong>evangeiizare</strong></span> <span class='ocrx_word' id='word_1_604' title='bbox 2347 1961 2621 2016; x_wconf 77' lang='lat' dir='ltr'><strong>Christum</strong></span> <span class='ocrx_word' id='word_1_605' title='bbox 2644 2004 2658 2029; x_wconf 94' lang='lat'><strong>,</strong></span> <span class='ocrx_word' id='word_1_606' title='bbox 2691 1971 2796 2016; x_wconf 87' lang='lat' dir='ltr'><strong>non‘</strong></span> <span class='ocrx_word' id='word_1_607' title='bbox 2829 1967 3036 2018; x_wconf 89' lang='lat' dir='ltr'><strong>tantum</strong></span> <span class='ocrx_word' id='word_1_608' title='bbox 3066 1964 3248 2020; x_wconf 76' lang='lat' dir='ltr'><strong>dicere</strong></span> <span class='ocrx_word' id='word_1_609' title='bbox 3276 1981 3396 2035; x_wconf 74' lang='lat' dir='ltr'><strong>qua:</strong></span> <span class='ocrx_word' id='word_1_610' title='bbox 3424 1975 3553 2022; x_wconf 83' lang='lat' dir='ltr'><strong>sunt</strong></span> 
     </span>
    </p>
   </div>
   <div class='ocr_carea' id='block_1_76' title="bbox 1955 2050 3552 2124">
    <p class='ocr_par' dir='ltr' id='par_1_76' title="bbox 1955 2050 3552 2124">
     <span class='ocr_line' id='line_1_76' title="bbox 1955 2050 3552 2124; baseline 0.004 -18"><span class='ocrx_word' id='word_1_611' title='bbox 1955 2050 2223 2106; x_wconf 70' lang='lat' dir='ltr'><strong>eredenda</strong></span> <span class='ocrx_word' id='word_1_612' title='bbox 2250 2051 2316 2106; x_wconf 87' lang='lat' dir='ltr'><strong>de</strong></span> <span class='ocrx_word' id='word_1_613' title='bbox 2346 2053 2560 2106; x_wconf 80' lang='lat' dir='ltr'><strong>Christo</strong></span> <span class='ocrx_word' id='word_1_614' title='bbox 2580 2093 2594 2118; x_wconf 94' lang='lat'><strong>,</strong></span> <span class='ocrx_word' id='word_1_615' title='bbox 2624 2052 2716 2106; x_wconf 90' lang='lat' dir='ltr'><strong>sed</strong></span> <span class='ocrx_word' id='word_1_616' title='bbox 2746 2053 2906 2107; x_wconf 81' lang='lat' dir='ltr'><strong>etiam</strong></span> <span class='ocrx_word' id='word_1_617' title='bbox 2954 2070 3073 2124; x_wconf 73' lang='lat' dir='ltr'><strong>qua:</strong></span> <span class='ocrx_word' id='word_1_618' title='bbox 3127 2055 3456 2111; x_wconf 77' lang='lat' dir='ltr'><strong>Observanda</strong></span> <span class='ocrx_word' id='word_1_619' title='bbox 3499 2058 3552 2113; x_wconf 89' lang='lat' dir='ltr'><strong>e&#39;i</strong></span> 
     </span>
    </p>
   </div>
   <div class='ocr_carea' id='block_1_77' title="bbox 1955 2141 3554 2214">
    <p class='ocr_par' dir='ltr' id='par_1_77' title="bbox 1955 2141 3554 2214">
     <span class='ocr_line' id='line_1_77' title="bbox 1955 2141 3554 2214; baseline 0.006 -18"><span class='ocrx_word' id='word_1_620' title='bbox 1955 2143 2048 2213; x_wconf 75' lang='lat' dir='ltr'><strong>qui</strong></span> <span class='ocrx_word' id='word_1_621' title='bbox 2075 2141 2284 2197; x_wconf 83' lang='lat' dir='ltr'><strong>accedit</strong></span> <span class='ocrx_word' id='word_1_622' title='bbox 2311 2142 2377 2197; x_wconf 88' lang='lat' dir='ltr'><strong>ad</strong></span> <span class='ocrx_word' id='word_1_623' title='bbox 2404 2149 2717 2214; x_wconf 74' lang='lat' dir='ltr'><strong>compagem</strong></span> <span class='ocrx_word' id='word_1_624' title='bbox 2750 2143 2992 2214; x_wconf 83' lang='lat' dir='ltr'><strong>corporis</strong></span> <span class='ocrx_word' id='word_1_625' title='bbox 3020 2145 3218 2201; x_wconf 85' lang='lat' dir='ltr'><strong>Christi</strong></span> <span class='ocrx_word' id='word_1_626' title='bbox 3246 2165 3260 2200; x_wconf 90' lang='lat'><strong>:</strong></span> <span class='ocrx_word' id='word_1_627' title='bbox 3290 2149 3398 2204; x_wconf 89' lang='lat' dir='ltr'><strong>imo</strong></span> <span class='ocrx_word' id='word_1_628' title='bbox 3422 2163 3554 2206; x_wconf 85' lang='lat' dir='ltr'><strong>vero</strong></span> 
     </span>
    </p>
   </div>
   <div class='ocr_carea' id='block_1_78' title="bbox 1956 2235 3553 2310">
    <p class='ocr_par' dir='ltr' id='par_1_78' title="bbox 1956 2235 3553 2310">
     <span class='ocr_line' id='line_1_78' title="bbox 1956 2235 3553 2310; baseline 0.006 -22"><span class='ocrx_word' id='word_1_629' title='bbox 1956 2239 2147 2289; x_wconf 76' lang='lat' dir='ltr'><strong>cuncta</strong></span> <span class='ocrx_word' id='word_1_630' title='bbox 2177 2235 2358 2290; x_wconf 84' lang='lat' dir='ltr'><strong>dicere</strong></span> <span class='ocrx_word' id='word_1_631' title='bbox 2383 2241 2501 2306; x_wconf 74' lang='lat' dir='ltr'><strong>quae</strong></span> <span class='ocrx_word' id='word_1_632' title='bbox 2525 2245 2650 2290; x_wconf 88' lang='lat' dir='ltr'><strong>sunt</strong></span> <span class='ocrx_word' id='word_1_633' title='bbox 2669 2237 2934 2293; x_wconf 82' lang='lat' dir='ltr'><strong>credenda</strong></span> <span class='ocrx_word' id='word_1_634' title='bbox 2957 2237 3024 2293; x_wconf 89' lang='lat' dir='ltr'><strong>de</strong></span> <span class='ocrx_word' id='word_1_635' title='bbox 3044 2235 3259 2295; x_wconf 74' lang='lat' dir='ltr'><strong>ChriSto</strong></span> <span class='ocrx_word' id='word_1_636' title='bbox 3278 2282 3294 2310; x_wconf 89' lang='lat'><strong>,</strong></span> <span class='ocrx_word' id='word_1_637' title='bbox 3327 2255 3435 2296; x_wconf 89' lang='lat' dir='ltr'><strong>non</strong></span> <span class='ocrx_word' id='word_1_638' title='bbox 3461 2259 3553 2298; x_wconf 88' lang='lat' dir='ltr'><strong>so-</strong></span> 
     </span>
    </p>
   </div>
   <div class='ocr_carea' id='block_1_79' title="bbox 1957 2326 3554 2404">
    <p class='ocr_par' dir='ltr' id='par_1_79' title="bbox 1957 2326 3554 2404">
     <span class='ocr_line' id='line_1_79' title="bbox 1957 2326 3554 2404; baseline 0.006 -21"><span class='ocrx_word' id='word_1_639' title='bbox 1957 2326 2072 2383; x_wconf 82' lang='lat' dir='ltr'><strong>tum</strong></span> <span class='ocrx_word' id='word_1_640' title='bbox 2116 2329 2268 2399; x_wconf 86' lang='lat' dir='ltr'><strong>cujus</strong></span> <span class='ocrx_word' id='word_1_641' title='bbox 2309 2329 2381 2384; x_wconf 88' lang='lat' dir='ltr'><strong>sit</strong></span> <span class='ocrx_word' id='word_1_642' title='bbox 2426 2327 2600 2397; x_wconf 88' lang='lat' dir='ltr'><strong>lilius,</strong></span> <span class='ocrx_word' id='word_1_643' title='bbox 2655 2329 2795 2386; x_wconf 90' lang='lat' dir='ltr'><strong>unde</strong></span> <span class='ocrx_word' id='word_1_644' title='bbox 2838 2331 3133 2388; x_wconf 81' lang='lat' dir='ltr'><strong>secundum</strong></span> <span class='ocrx_word' id='word_1_645' title='bbox 3181 2333 3554 2404; x_wconf 88' lang='lat' dir='ltr'><strong>divinitatem,</strong></span> 
     </span>
    </p>
   </div>
   <div class='ocr_carea' id='block_1_80' title="bbox 1957 2419 3557 2497">
    <p class='ocr_par' dir='ltr' id='par_1_80' title="bbox 1957 2419 3557 2497">
     <span class='ocr_line' id='line_1_80' title="bbox 1957 2419 3557 2497; baseline 0.006 -22"><span class='ocrx_word' id='word_1_646' title='bbox 1957 2419 2106 2476; x_wconf 85' lang='lat' dir='ltr'><strong>unde</strong></span> <span class='ocrx_word' id='word_1_647' title='bbox 2134 2419 2425 2477; x_wconf 88' lang='lat' dir='ltr'><strong>secundum</strong></span> <span class='ocrx_word' id='word_1_648' title='bbox 2470 2435 2688 2478; x_wconf 87' lang='lat' dir='ltr'><strong>carnem</strong></span> <span class='ocrx_word' id='word_1_649' title='bbox 2736 2423 2980 2493; x_wconf 87' lang='lat' dir='ltr'><strong>genitus,</strong></span> <span class='ocrx_word' id='word_1_650' title='bbox 3023 2442 3142 2496; x_wconf 72' lang='lat' dir='ltr'><strong>qua:</strong></span> <span class='ocrx_word' id='word_1_651' title='bbox 3172 2441 3459 2497; x_wconf 86' lang='lat' dir='ltr'><strong>perpessus</strong></span> <span class='ocrx_word' id='word_1_652' title='bbox 3497 2439 3557 2485; x_wconf 87' lang='lat' dir='ltr'><strong>et</strong></span> 
     </span>
    </p>
   </div>
   <div class='ocr_carea' id='block_1_81' title="bbox 1960 2514 3558 2590">
    <p class='ocr_par' dir='ltr' id='par_1_81' title="bbox 1960 2514 3558 2590">
     <span class='ocr_line' id='line_1_81' title="bbox 1960 2514 3558 2590; baseline 0.006 -23"><span class='ocrx_word' id='word_1_653' title='bbox 1960 2521 2307 2584; x_wconf 77' lang='lat' dir='ltr'><strong>quare,-qua:</strong></span> <span class='ocrx_word' id='word_1_654' title='bbox 2347 2514 2418 2568; x_wconf 90' lang='lat' dir='ltr'><strong>sit</strong></span> <span class='ocrx_word' id='word_1_655' title='bbox 2445 2515 2614 2569; x_wconf 85' lang='lat' dir='ltr'><strong>virtus</strong></span> <span class='ocrx_word' id='word_1_656' title='bbox 2644 2515 3056 2571; x_wconf 85' lang='lat' dir='ltr'><strong>resurrectionis</strong></span> <span class='ocrx_word' id='word_1_657' title='bbox 3082 2519 3226 2590; x_wconf 82' lang='lat' dir='ltr'><strong>ejus,</strong></span> <span class='ocrx_word' id='word_1_658' title='bbox 3267 2520 3410 2589; x_wconf 88' lang='lat' dir='ltr'><strong>quod</strong></span> <span class='ocrx_word' id='word_1_659' title='bbox 3456 2521 3558 2576; x_wconf 90' lang='lat' dir='ltr'><strong>do-</strong></span> 
     </span>
    </p>
   </div>
   <div class='ocr_carea' id='block_1_82' title="bbox 1959 2599 3559 2679">
    <p class='ocr_par' dir='ltr' id='par_1_82' title="bbox 1959 2599 3559 2679">
     <span class='ocr_line' id='line_1_82' title="bbox 1959 2599 3559 2679; baseline 0.007 -20"><span class='ocrx_word' id='word_1_660' title='bbox 1959 2617 2094 2660; x_wconf 88' lang='lat' dir='ltr'><strong>num</strong></span> <span class='ocrx_word' id='word_1_661' title='bbox 2137 2599 2369 2676; x_wconf 83' lang='lat' dir='ltr'><strong>Spiritus</strong></span> <span class='ocrx_word' id='word_1_662' title='bbox 2412 2603 2721 2677; x_wconf 82' lang='lat' dir='ltr'><strong>promiserit</strong></span> <span class='ocrx_word' id='word_1_663' title='bbox 2766 2605 3082 2679; x_wconf 89' lang='lat' dir='ltr'><strong>dederitque</strong></span> <span class='ocrx_word' id='word_1_664' title='bbox 3131 2609 3414 2679; x_wconf 80' lang='lat' dir='ltr'><strong>ﬁdelibus;</strong></span> <span class='ocrx_word' id='word_1_665' title='bbox 3463 2615 3559 2670; x_wconf 87' lang='lat' dir='ltr'><strong>sed</strong></span> 
     </span>
    </p>
   </div>
   <div class='ocr_carea' id='block_1_83' title="bbox 1963 2701 3561 2780">
    <p class='ocr_par' dir='ltr' id='par_1_83' title="bbox 1963 2701 3561 2780">
     <span class='ocr_line' id='line_1_83' title="bbox 1963 2701 3561 2780; baseline 0.006 -24"><span class='ocrx_word' id='word_1_666' title='bbox 1963 2701 2128 2756; x_wconf 84' lang='lat' dir='ltr'><strong>etiam</strong></span> <span class='ocrx_word' id='word_1_667' title='bbox 2156 2702 2332 2772; x_wconf 87' lang='lat' dir='ltr'><strong>qualia</strong></span> <span class='ocrx_word' id='word_1_668' title='bbox 2359 2703 2633 2770; x_wconf 85' lang='lat' dir='ltr'><strong>membra,</strong></span> <span class='ocrx_word' id='word_1_669' title='bbox 2665 2703 2857 2773; x_wconf 89' lang='lat' dir='ltr'><strong>quibus</strong></span> <span class='ocrx_word' id='word_1_670' title='bbox 2888 2705 2957 2760; x_wconf 88' lang='lat' dir='ltr'><strong>sit</strong></span> <span class='ocrx_word' id='word_1_671' title='bbox 2981 2717 3141 2776; x_wconf 91' lang='lat' dir='ltr'><strong>caput</strong></span> <span class='ocrx_word' id='word_1_672' title='bbox 3161 2749 3176 2774; x_wconf 94' lang='lat'><strong>,</strong></span> <span class='ocrx_word' id='word_1_673' title='bbox 3208 2719 3444 2780; x_wconf 86' lang='lat' dir='ltr'><strong>quaerat,</strong></span> <span class='ocrx_word' id='word_1_674' title='bbox 3479 2711 3561 2765; x_wconf 89' lang='lat' dir='ltr'><strong>in-</strong></span> 
     </span>
    </p>
   </div>
   <div class='ocr_carea' id='block_1_84' title="bbox 1961 2791 3560 2867">
    <p class='ocr_par' dir='ltr' id='par_1_84' title="bbox 1961 2791 3560 2867">
     <span class='ocr_line' id='line_1_84' title="bbox 1961 2791 3560 2867; baseline 0.009 -21"><span class='ocrx_word' id='word_1_675' title='bbox 1961 2791 2184 2860; x_wconf 82' lang='lat' dir='ltr'><strong>stituat,</strong></span> <span class='ocrx_word' id='word_1_676' title='bbox 2228 2792 2449 2865; x_wconf 77' lang='lat' dir='ltr'><strong>diligat,</strong></span> <span class='ocrx_word' id='word_1_677' title='bbox 2501 2794 2725 2863; x_wconf 87' lang='lat' dir='ltr'><strong>liberet,</strong></span> <span class='ocrx_word' id='word_1_678' title='bbox 2777 2805 2936 2867; x_wconf 85' lang='lat' dir='ltr'><strong>atque</strong></span> <span class='ocrx_word' id='word_1_679' title='bbox 2983 2800 3050 2853; x_wconf 91' lang='lat' dir='ltr'><strong>ad</strong></span> <span class='ocrx_word' id='word_1_680' title='bbox 3098 2809 3354 2857; x_wconf 70' lang='lat' dir='ltr'><strong>aeternam</strong></span> <span class='ocrx_word' id='word_1_681' title='bbox 3397 2804 3560 2860; x_wconf 87' lang='lat' dir='ltr'><strong>vitam</strong></span> 
     </span>
    </p>
   </div>
   <div class='ocr_carea' id='block_1_85' title="bbox 1963 2882 3563 2967">
    <p class='ocr_par' dir='ltr' id='par_1_85' title="bbox 1963 2882 3563 2967">
     <span class='ocr_line' id='line_1_85' title="bbox 1963 2882 3563 2967; baseline 0.009 -28"><span class='ocrx_word' id='word_1_682' title='bbox 1963 2882 2334 2956; x_wconf 84' lang='lat' dir='ltr'><strong>honoremque</strong></span> <span class='ocrx_word' id='word_1_683' title='bbox 2359 2888 2636 2956; x_wconf 82' lang='lat' dir='ltr'><strong>perducat.</strong></span> <span class='ocrx_word' id='word_1_684' title='bbox 2667 2888 2793 2944; x_wconf 67' lang='lat' dir='ltr'><strong>itare</strong></span> <span class='ocrx_word' id='word_1_685' title='bbox 2819 2903 2942 2945; x_wconf 87' lang='lat' dir='ltr'><strong>cum</strong></span> <span class='ocrx_word' id='word_1_686' title='bbox 2973 2891 3246 2962; x_wconf 87' lang='lat' dir='ltr'><strong>dicuntur,</strong></span> <span class='ocrx_word' id='word_1_687' title='bbox 3277 2896 3563 2967; x_wconf 88' lang='lat' dir='ltr'><strong>aliquando</strong></span> 
     </span>
    </p>
   </div>
   <div class='ocr_carea' id='block_1_86' title="bbox 1961 2975 3562 3055">
    <p class='ocr_par' dir='ltr' id='par_1_86' title="bbox 1961 2975 3562 3055">
     <span class='ocr_line' id='line_1_86' title="bbox 1961 2975 3562 3055; baseline 0.009 -23"><span class='ocrx_word' id='word_1_688' title='bbox 1961 2975 2182 3034; x_wconf 81' lang='lat' dir='ltr'><strong>brevius</strong></span> <span class='ocrx_word' id='word_1_689' title='bbox 2211 2988 2370 3050; x_wconf 82' lang='lat' dir='ltr'><strong>atque</strong></span> <span class='ocrx_word' id='word_1_690' title='bbox 2399 2981 2743 3036; x_wconf 85' lang='lat' dir='ltr'><strong>constrictius</strong></span> <span class='ocrx_word' id='word_1_691' title='bbox 2764 3025 2779 3050; x_wconf 95' lang='lat'><strong>,</strong></span> <span class='ocrx_word' id='word_1_692' title='bbox 2822 2983 3113 3055; x_wconf 85' lang='lat' dir='ltr'><strong>aliquando</strong></span> <span class='ocrx_word' id='word_1_693' title='bbox 3157 2987 3316 3043; x_wconf 86' lang='lat' dir='ltr'><strong>latius</strong></span> <span class='ocrx_word' id='word_1_694' title='bbox 3341 2997 3395 3044; x_wconf 88' lang='lat' dir='ltr'><strong>et</strong></span> <span class='ocrx_word' id='word_1_695' title='bbox 3429 2991 3562 3046; x_wconf 84' lang='lat' dir='ltr'><strong>ube-</strong></span> 
     </span>
    </p>
   </div>
   <div class='ocr_carea' id='block_1_87' title="bbox 1963 3070 3564 3144">
    <p class='ocr_par' dir='ltr' id='par_1_87' title="bbox 1963 3070 3564 3144">
     <span class='ocr_line' id='line_1_87' title="bbox 1963 3070 3564 3144; baseline 0.009 -20"><span class='ocrx_word' id='word_1_696' title='bbox 1963 3070 2109 3138; x_wconf 75' lang='lat' dir='ltr'><strong>rius,</strong></span> <span class='ocrx_word' id='word_1_697' title='bbox 2153 3070 2400 3127; x_wconf 84' lang='lat' dir='ltr'><strong>Christus</strong></span> <span class='ocrx_word' id='word_1_698' title='bbox 2429 3074 2858 3144; x_wconf 82' lang='lat' dir='ltr'><strong>evangelizatur;</strong></span> <span class='ocrx_word' id='word_1_699' title='bbox 2912 3085 2968 3132; x_wconf 86' lang='lat' dir='ltr'><strong>et</strong></span> <span class='ocrx_word' id='word_1_700' title='bbox 3018 3089 3193 3134; x_wconf 89' lang='lat' dir='ltr'><strong>tamen</strong></span> <span class='ocrx_word' id='word_1_701' title='bbox 3235 3095 3343 3136; x_wconf 88' lang='lat' dir='ltr'><strong>non</strong></span> <span class='ocrx_word' id='word_1_702' title='bbox 3389 3084 3564 3138; x_wconf 87' lang='lat' dir='ltr'><strong>solum</strong></span> 
     </span>
    </p>
   </div>
   <div class='ocr_carea' id='block_1_88' title="bbox 1961 3166 3565 3240">
    <p class='ocr_par' dir='ltr' id='par_1_88' title="bbox 1961 3166 3565 3240">
     <span class='ocr_line' id='line_1_88' title="bbox 1961 3166 3565 3240; baseline 0.007 -21"><span class='ocrx_word' id='word_1_703' title='bbox 1961 3166 2108 3236; x_wconf 89' lang='lat' dir='ltr'><strong>quod</strong></span> <span class='ocrx_word' id='word_1_704' title='bbox 2137 3166 2203 3220; x_wconf 89' lang='lat' dir='ltr'><strong>ad</strong></span> <span class='ocrx_word' id='word_1_705' title='bbox 2226 3166 2417 3234; x_wconf 85' lang='lat' dir='ltr'><strong>fidem,</strong></span> <span class='ocrx_word' id='word_1_706' title='bbox 2447 3181 2633 3222; x_wconf 88' lang='lat' dir='ltr'><strong>verum</strong></span> <span class='ocrx_word' id='word_1_707' title='bbox 2660 3168 2824 3223; x_wconf 89' lang='lat' dir='ltr'><strong>etiam</strong></span> <span class='ocrx_word' id='word_1_708' title='bbox 2851 3169 2994 3240; x_wconf 89' lang='lat' dir='ltr'><strong>quod</strong></span> <span class='ocrx_word' id='word_1_709' title='bbox 3022 3171 3088 3226; x_wconf 87' lang='lat' dir='ltr'><strong>ad</strong></span> <span class='ocrx_word' id='word_1_710' title='bbox 3119 3187 3300 3230; x_wconf 81' lang='lat' dir='ltr'><strong>mores</strong></span> <span class='ocrx_word' id='word_1_711' title='bbox 3327 3174 3565 3231; x_wconf 81' lang='lat' dir='ltr'><strong>ﬁdelium</strong></span> 
     </span>
    </p>
   </div>
   <div class='ocr_carea' id='block_1_89' title="bbox 1965 3257 2843 3327">
    <p class='ocr_par' dir='ltr' id='par_1_89' title="bbox 1965 3257 2843 3327">
     <span class='ocr_line' id='line_1_89' title="bbox 1965 3257 2843 3327; baseline 0.003 -18"><span class='ocrx_word' id='word_1_712' title='bbox 1965 3257 2196 3326; x_wconf 76' lang='lat' dir='ltr'><strong>pertinet</strong></span> <span class='ocrx_word' id='word_1_713' title='bbox 2215 3297 2232 3322; x_wconf 94' lang='lat'><strong>,</strong></span> <span class='ocrx_word' id='word_1_714' title='bbox 2265 3271 2372 3312; x_wconf 86' lang='lat' dir='ltr'><strong>non</strong></span> <span class='ocrx_word' id='word_1_715' title='bbox 2396 3259 2843 3327; x_wconf 60' lang='lat' dir='ltr'><strong>praetermittitur.</strong></span> 
     </span>
    </p>
   </div>
   <div class='ocr_carea' id='block_1_90' title="bbox 2037 3348 3566 3430">
    <p class='ocr_par' dir='ltr' id='par_1_90' title="bbox 2037 3348 3566 3430">
     <span class='ocr_line' id='line_1_90' title="bbox 2037 3348 3566 3430; baseline 0.007 -26"><span class='ocrx_word' id='word_1_716' title='bbox 2037 3348 2264 3404; x_wconf 77' lang='lat' dir='ltr'><strong>CAPUT</strong></span> <span class='ocrx_word' id='word_1_717' title='bbox 2297 3349 2364 3403; x_wconf 70' lang='grc' dir='ltr'>Χ.</span> <span class='ocrx_word' id='word_1_718' title='bbox 2394 3377 2467 3389; x_wconf 92' lang='lat'><em>—</em></span> <span class='ocrx_word' id='word_1_719' title='bbox 2490 3352 2578 3406; x_wconf 75' lang='grc'>15.</span> <span class='ocrx_word' id='word_1_720' title='bbox 2611 3350 2776 3407; x_wconf 74' lang='lat' dir='ltr'><strong>Locus</strong></span> <span class='ocrx_word' id='word_1_721' title='bbox 2809 3352 2963 3406; x_wconf 82' lang='lat' dir='ltr'><strong>Pauli</strong></span> <span class='ocrx_word' id='word_1_722' title='bbox 2989 3370 3043 3409; x_wconf 87' lang='lat' dir='ltr'><strong>se</strong></span> <span class='ocrx_word' id='word_1_723' title='bbox 3066 3355 3196 3411; x_wconf 82' lang='lat' dir='ltr'><strong>nihil</strong></span> <span class='ocrx_word' id='word_1_724' title='bbox 3221 3358 3351 3412; x_wconf 84' lang='lat' dir='ltr'><strong>scire</strong></span> <span class='ocrx_word' id='word_1_725' title='bbox 3381 3369 3566 3430; x_wconf 60' lang='lat' dir='ltr'><strong>praeter</strong></span> 
     </span>
    </p>
   </div>
   <div class='ocr_carea' id='block_1_91' title="bbox 1967 3433 3568 3517">
    <p class='ocr_par' dir='ltr' id='par_1_91' title="bbox 1967 3433 3568 3517">
     <span class='ocr_line' id='line_1_91' title="bbox 1967 3433 3568 3517; baseline 0.008 -20"><span class='ocrx_word' id='word_1_726' title='bbox 1967 3433 2224 3498; x_wconf 81' lang='lat' dir='ltr'><strong>Christum</strong></span> <span class='ocrx_word' id='word_1_727' title='bbox 2249 3441 2425 3497; x_wconf 73' lang='lat' dir='ltr'><strong>Iesum</strong></span> <span class='ocrx_word' id='word_1_728' title='bbox 2456 3446 2754 3513; x_wconf 77' lang='lat' dir='ltr'><strong>proﬁtentis.</strong></span> <span class='ocrx_word' id='word_1_729' title='bbox 2785 3445 3054 3517; x_wconf 67' lang='lat' dir='ltr'><strong>Praecepta</strong></span> <span class='ocrx_word' id='word_1_730' title='bbox 3079 3447 3178 3503; x_wconf 85' lang='lat' dir='ltr'><strong>duo</strong></span> <span class='ocrx_word' id='word_1_731' title='bbox 3208 3451 3271 3505; x_wconf 84' lang='lat' dir='ltr'><strong>de</strong></span> <span class='ocrx_word' id='word_1_732' title='bbox 3303 3453 3568 3511; x_wconf 83' lang='lat' dir='ltr'><strong>dilectione</strong></span> 
     </span>
    </p>
   </div>
   <div class='ocr_carea' id='block_1_92' title="bbox 1965 3533 3564 3618">
    <p class='ocr_par' dir='ltr' id='par_1_92' title="bbox 1965 3533 3564 3618">
     <span class='ocr_line' id='line_1_92' title="bbox 1965 3533 3564 3618; baseline 0.009 -29"><span class='ocrx_word' id='word_1_733' title='bbox 1965 3533 2068 3589; x_wconf 86' lang='lat' dir='ltr'><strong>Dei</strong></span> <span class='ocrx_word' id='word_1_734' title='bbox 2094 3543 2141 3589; x_wconf 86' lang='lat' dir='ltr'><strong>et</strong></span> <span class='ocrx_word' id='word_1_735' title='bbox 2167 3537 2386 3607; x_wconf 73' lang='lat' dir='ltr'><strong>proximi</strong></span> <span class='ocrx_word' id='word_1_736' title='bbox 2427 3538 2561 3591; x_wconf 84' lang='lat' dir='ltr'><strong>male</strong></span> <span class='ocrx_word' id='word_1_737' title='bbox 2595 3540 2804 3609; x_wconf 81' lang='lat' dir='ltr'><strong>referri,</strong></span> <span class='ocrx_word' id='word_1_738' title='bbox 2836 3539 3052 3595; x_wconf 67' lang='lat' dir='ltr'><strong>alterum</strong></span> <span class='ocrx_word' id='word_1_739' title='bbox 3095 3542 3164 3596; x_wconf 87' lang='lat' dir='ltr'><strong>ad</strong></span> <span class='ocrx_word' id='word_1_740' title='bbox 3188 3542 3520 3614; x_wconf 80' lang='lat' dir='ltr'><strong>baptizandus</strong></span> <span class='ocrx_word' id='word_1_741' title='bbox 3547 3592 3564 3618; x_wconf 91' lang='lat'><strong>,</strong></span> 
     </span>
    </p>
   </div>
   <div class='ocr_carea' id='block_1_93' title="bbox 1967 3628 3568 3703">
    <p class='ocr_par' dir='ltr' id='par_1_93' title="bbox 1967 3628 3568 3703">
     <span class='ocr_line' id='line_1_93' title="bbox 1967 3628 3568 3703; baseline 0.009 -23"><span class='ocrx_word' id='word_1_742' title='bbox 1967 3629 2183 3682; x_wconf 78' lang='lat' dir='ltr'><strong>alterum</strong></span> <span class='ocrx_word' id='word_1_743' title='bbox 2212 3628 2280 3680; x_wconf 86' lang='lat' dir='ltr'><strong>ad</strong></span> <span class='ocrx_word' id='word_1_744' title='bbox 2301 3628 2600 3698; x_wconf 73' lang='lat' dir='ltr'><strong>baptizatos.</strong></span> <span class='ocrx_word' id='word_1_745' title='bbox 2633 3629 2744 3685; x_wconf 76' lang='lat' dir='ltr'><strong>Hoc</strong></span> <span class='ocrx_word' id='word_1_746' title='bbox 2764 3631 2984 3702; x_wconf 89' lang='lat' dir='ltr'><strong>intelligi</strong></span> <span class='ocrx_word' id='word_1_747' title='bbox 3023 3641 3196 3703; x_wconf 88' lang='lat' dir='ltr'><strong>potest</strong></span> <span class='ocrx_word' id='word_1_748' title='bbox 3224 3636 3386 3692; x_wconf 88' lang='lat' dir='ltr'><strong>etiam</strong></span> <span class='ocrx_word' id='word_1_749' title='bbox 3417 3638 3471 3693; x_wconf 90' lang='lat' dir='ltr'><strong>in</strong></span> <span class='ocrx_word' id='word_1_750' title='bbox 3500 3654 3568 3695; x_wconf 89' lang='lat' dir='ltr'><strong>eo</strong></span> 
     </span>
    </p>
   </div>
   <div class='ocr_carea' id='block_1_94' title="bbox 1968 3721 3570 3797">
    <p class='ocr_par' dir='ltr' id='par_1_94' title="bbox 1968 3721 3570 3797">
     <span class='ocr_line' id='line_1_94' title="bbox 1968 3721 3570 3797; baseline 0.007 -23"><span class='ocrx_word' id='word_1_751' title='bbox 1968 3721 2112 3791; x_wconf 89' lang='lat' dir='ltr'><strong>quod</strong></span> <span class='ocrx_word' id='word_1_752' title='bbox 2137 3731 2560 3777; x_wconf 88' lang='lat' dir='ltr'><strong>commemorant</strong></span> <span class='ocrx_word' id='word_1_753' title='bbox 2584 3723 2782 3779; x_wconf 82' lang='lat' dir='ltr'><strong>dixisse</strong></span> <span class='ocrx_word' id='word_1_754' title='bbox 2809 3727 3111 3794; x_wconf 91' lang='lat' dir='ltr'><strong>apostolum</strong></span> <span class='ocrx_word' id='word_1_755' title='bbox 3132 3727 3352 3784; x_wconf 87' lang='lat' dir='ltr'><strong>Paulum</strong></span> <span class='ocrx_word' id='word_1_756' title='bbox 3376 3771 3391 3797; x_wconf 89' lang='lat'><strong>,</strong></span> <span class='ocrx_word' id='word_1_757' title='bbox 3418 3729 3570 3788; x_wconf 80' lang='lat' dir='ltr'><strong>Nihil</strong></span> 
     </span>
    </p>
   </div>
   <div class='ocr_carea' id='block_1_95' title="bbox 1969 3813 3569 3888">
    <p class='ocr_par' dir='ltr' id='par_1_95' title="bbox 1969 3813 3569 3888">
     <span class='ocr_line' id='line_1_95' title="bbox 1969 3813 3569 3888; baseline 0.008 -22"><span class='ocrx_word' id='word_1_758' title='bbox 1969 3827 2052 3868; x_wconf 81' lang='lat' dir='ltr'><strong>me</strong></span> <span class='ocrx_word' id='word_1_759' title='bbox 2085 3813 2210 3867; x_wconf 69' lang='lat' dir='ltr'><strong>duxi</strong></span> <span class='ocrx_word' id='word_1_760' title='bbox 2233 3815 2362 3868; x_wconf 86' lang='lat' dir='ltr'><strong>scire</strong></span> <span class='ocrx_word' id='word_1_761' title='bbox 2385 3815 2440 3868; x_wconf 89' lang='lat' dir='ltr'><strong>in</strong></span> <span class='ocrx_word' id='word_1_762' title='bbox 2469 3815 2639 3880; x_wconf 82' lang='lat' dir='ltr'><strong>vobis,</strong></span> <span class='ocrx_word' id='word_1_763' title='bbox 2669 3817 2767 3870; x_wconf 86' lang='lat' dir='ltr'><strong>nisi</strong></span> <span class='ocrx_word' id='word_1_764' title='bbox 2820 3814 3076 3873; x_wconf 82' lang='lat' dir='ltr'><strong>Christum</strong></span> <span class='ocrx_word' id='word_1_765' title='bbox 3108 3817 3314 3888; x_wconf 83' lang='lat' dir='ltr'><strong>Jesum,</strong></span> <span class='ocrx_word' id='word_1_766' title='bbox 3363 3831 3408 3876; x_wconf 83' lang='lat' dir='ltr'><strong>et</strong></span> <span class='ocrx_word' id='word_1_767' title='bbox 3434 3823 3569 3879; x_wconf 82' lang='lat' dir='ltr'><strong>hunc</strong></span> 
     </span>
    </p>
   </div>
   <div class='ocr_carea' id='block_1_96' title="bbox 1969 3905 3565 3987">
    <p class='ocr_par' dir='ltr' id='par_1_96' title="bbox 1969 3905 3565 3987">
     <span class='ocr_line' id='line_1_96' title="bbox 1969 3905 3565 3987; baseline 0.009 -29"><span class='ocrx_word' id='word_1_768' title='bbox 1969 3905 2273 3974; x_wconf 68' lang='lat' dir='ltr'><strong>cruciﬁxum</strong></span> <span class='ocrx_word' id='word_1_769' title='bbox 2301 3905 2342 3980; x_wconf 91' lang='grc' dir='ltr'><strong>(Ι</strong></span> <span class='ocrx_word' id='word_1_770' title='bbox 2370 3905 2486 3961; x_wconf 85' lang='lat' dir='ltr'><strong>Cor.</strong></span> <span class='ocrx_word' id='word_1_771' title='bbox 2517 3923 2582 3974; x_wconf 81' lang='grc' dir='ltr'><strong>ιι,</strong></span> <span class='ocrx_word' id='word_1_772' title='bbox 2617 3906 2696 3978; x_wconf 76' lang='grc'><strong>2).</strong></span> <span class='ocrx_word' id='word_1_773' title='bbox 2726 3907 2878 3976; x_wconf 80' lang='lat' dir='ltr'><strong>Quod</strong></span> <span class='ocrx_word' id='word_1_774' title='bbox 2901 3910 2976 3964; x_wconf 89' lang='lat' dir='ltr'><strong>illi</strong></span> <span class='ocrx_word' id='word_1_775' title='bbox 2998 3921 3183 3980; x_wconf 87' lang='lat' dir='ltr'><strong>putant</strong></span> <span class='ocrx_word' id='word_1_776' title='bbox 3209 3911 3282 3968; x_wconf 87' lang='lat' dir='ltr'><strong>ita</strong></span> <span class='ocrx_word' id='word_1_777' title='bbox 3322 3913 3523 3972; x_wconf 90' lang='lat' dir='ltr'><strong>dictum</strong></span> <span class='ocrx_word' id='word_1_778' title='bbox 3549 3960 3565 3987; x_wconf 93' lang='lat'><strong>,</strong></span> 
     </span>
    </p>
   </div>
   <div class='ocr_carea' id='block_1_97' title="bbox 1972 3995 3566 4076">
    <p class='ocr_par' dir='ltr' id='par_1_97' title="bbox 1972 3995 3566 4076">
     <span class='ocr_line' id='line_1_97' title="bbox 1972 3995 3566 4076; baseline 0.008 -26"><span class='ocrx_word' id='word_1_779' title='bbox 1972 4003 2226 4066; x_wconf 88' lang='lat' dir='ltr'><strong>tanquam</strong></span> <span class='ocrx_word' id='word_1_780' title='bbox 2254 3995 2386 4051; x_wconf 89' lang='lat' dir='ltr'><strong>nihil</strong></span> <span class='ocrx_word' id='word_1_781' title='bbox 2408 3998 2550 4053; x_wconf 90' lang='lat' dir='ltr'><strong>aliud</strong></span> <span class='ocrx_word' id='word_1_782' title='bbox 2573 3998 2651 4055; x_wconf 82' lang='lat' dir='ltr'><strong>eis</strong></span> <span class='ocrx_word' id='word_1_783' title='bbox 2673 4000 2996 4056; x_wconf 88' lang='lat' dir='ltr'><strong>insinuatum</strong></span> <span class='ocrx_word' id='word_1_784' title='bbox 3022 4013 3196 4070; x_wconf 89' lang='lat' dir='ltr'><strong>esset;</strong></span> <span class='ocrx_word' id='word_1_785' title='bbox 3215 4012 3274 4060; x_wconf 91' lang='lat' dir='ltr'><strong>ut</strong></span> <span class='ocrx_word' id='word_1_786' title='bbox 3296 4007 3566 4076; x_wconf 69' lang='lat' dir='ltr'><strong>primitus‘</strong></span> 
     </span>
    </p>
   </div>
   <div class='ocr_carea' id='block_1_98' title="bbox 1971 4091 3568 4168">
    <p class='ocr_par' dir='ltr' id='par_1_98' title="bbox 1971 4091 3568 4168">
     <span class='ocr_line' id='line_1_98' title="bbox 1971 4091 3568 4168; baseline 0.007 -22"><span class='ocrx_word' id='word_1_787' title='bbox 1971 4091 2283 4159; x_wconf 89' lang='lat' dir='ltr'><strong>crederent,</strong></span> <span class='ocrx_word' id='word_1_788' title='bbox 2335 4107 2398 4148; x_wconf 90' lang='lat' dir='ltr'><strong>ac</strong></span> <span class='ocrx_word' id='word_1_789' title='bbox 2423 4092 2618 4149; x_wconf 91' lang='lat' dir='ltr'><strong>deinde</strong></span> <span class='ocrx_word' id='word_1_790' title='bbox 2675 4093 2928 4164; x_wconf 85' lang='lat' dir='ltr'><strong>baptizati</strong></span> <span class='ocrx_word' id='word_1_791' title='bbox 2966 4097 3225 4168; x_wconf 88' lang='lat' dir='ltr'><strong>quidquid</strong></span> <span class='ocrx_word' id='word_1_792' title='bbox 3279 4099 3347 4154; x_wconf 83' lang='lat' dir='ltr'><strong>sd</strong></span> <span class='ocrx_word' id='word_1_793' title='bbox 3403 4102 3568 4157; x_wconf 85' lang='lat' dir='ltr'><strong>vitam</strong></span> 
     </span>
    </p>
   </div>
   <div class='ocr_carea' id='block_1_99' title="bbox 1971 4186 3570 4264">
    <p class='ocr_par' dir='ltr' id='par_1_99' title="bbox 1971 4186 3570 4264">
     <span class='ocr_line' id='line_1_99' title="bbox 1971 4186 3570 4264; baseline 0.006 -23"><span class='ocrx_word' id='word_1_794' title='bbox 1971 4199 2260 4256; x_wconf 86' lang='lat' dir='ltr'><strong>moresque</strong></span> <span class='ocrx_word' id='word_1_795' title='bbox 2285 4187 2516 4257; x_wconf 82' lang='lat' dir='ltr'><strong>pertinet</strong></span> <span class='ocrx_word' id='word_1_796' title='bbox 2543 4186 2833 4244; x_wconf 87' lang='lat' dir='ltr'><strong>discerent.</strong></span> <span class='ocrx_word' id='word_1_797' title='bbox 2866 4188 2981 4245; x_wconf 82' lang='lat' dir='ltr'><strong>Hoc</strong></span> <span class='ocrx_word' id='word_1_798' title='bbox 2999 4190 3280 4262; x_wconf 87' lang='lat' dir='ltr'><strong>inquiunt,</strong></span> <span class='ocrx_word' id='word_1_799' title='bbox 3307 4193 3570 4264; x_wconf 68' lang='lat' dir='ltr'><strong>Aposto-io</strong></span> 
     </span>
    </p>
   </div>
   <div class='ocr_carea' id='block_1_100' title="bbox 1973 4281 3570 4358">
    <p class='ocr_par' dir='ltr' id='par_1_100' title="bbox 1973 4281 3570 4358">
     <span class='ocr_line' id='line_1_100' title="bbox 1973 4281 3570 4358; baseline 0.006 -21"><span class='ocrx_word' id='word_1_800' title='bbox 1973 4282 2105 4337; x_wconf 80' lang='lat' dir='ltr'><strong>satis</strong></span> <span class='ocrx_word' id='word_1_801' title='bbox 2129 4295 2395 4354; x_wconf 82' lang='lat' dir='ltr'><strong>superque</strong></span> <span class='ocrx_word' id='word_1_802' title='bbox 2418 4281 2621 4338; x_wconf 84' lang='lat' dir='ltr'><strong>sullecit</strong></span> <span class='ocrx_word' id='word_1_803' title='bbox 2643 4325 2657 4350; x_wconf 93' lang='lat'><strong>,</strong></span> <span class='ocrx_word' id='word_1_804' title='bbox 2687 4283 2776 4354; x_wconf 91' lang='lat' dir='ltr'><strong>qui</strong></span> <span class='ocrx_word' id='word_1_805' title='bbox 2796 4285 2877 4340; x_wconf 88' lang='lat' dir='ltr'><strong>eis</strong></span> <span class='ocrx_word' id='word_1_806' title='bbox 2897 4285 3034 4341; x_wconf 82' lang='lat' dir='ltr'><strong>dixit</strong></span> <span class='ocrx_word' id='word_1_807' title='bbox 3063 4287 3203 4358; x_wconf 92' lang='lat' dir='ltr'><strong>quod</strong></span> <span class='ocrx_word' id='word_1_808' title='bbox 3228 4296 3283 4342; x_wconf 90' lang='lat' dir='ltr'><strong>et</strong></span> <span class='ocrx_word' id='word_1_809' title='bbox 3301 4289 3344 4343; x_wconf 90' lang='lat' dir='ltr'><strong>si</strong></span> <span class='ocrx_word' id='word_1_810' title='bbox 3374 4290 3570 4346; x_wconf 90' lang='lat' dir='ltr'><strong>multos</strong></span> 
     </span>
    </p>
   </div>
   <div class='ocr_carea' id='block_1_101' title="bbox 1971 4373 3573 4451">
    <p class='ocr_par' dir='ltr' id='par_1_101' title="bbox 1971 4373 3573 4451">
     <span class='ocr_line' id='line_1_101' title="bbox 1971 4373 3573 4451; baseline 0.006 -24"><span class='ocrx_word' id='word_1_811' title='bbox 1971 4373 2295 4444; x_wconf 72' lang='lat' dir='ltr'><strong>pmdagogos</strong></span> <span class='ocrx_word' id='word_1_812' title='bbox 2337 4374 2595 4430; x_wconf 81' lang='lat' dir='ltr'><strong>haberent</strong></span> <span class='ocrx_word' id='word_1_813' title='bbox 2618 4373 2672 4429; x_wconf 89' lang='lat' dir='ltr'><strong>in</strong></span> <span class='ocrx_word' id='word_1_814' title='bbox 2713 4373 2926 4431; x_wconf 88' lang='lat' dir='ltr'><strong>Christo</strong></span> <span class='ocrx_word' id='word_1_815' title='bbox 2949 4419 2964 4443; x_wconf 92' lang='lat'><strong>,</strong></span> <span class='ocrx_word' id='word_1_816' title='bbox 2990 4379 3086 4433; x_wconf 88' lang='lat' dir='ltr'><strong>sed</strong></span> <span class='ocrx_word' id='word_1_817' title='bbox 3116 4393 3222 4435; x_wconf 90' lang='lat' dir='ltr'><strong>non</strong></span> <span class='ocrx_word' id='word_1_818' title='bbox 3251 4379 3452 4436; x_wconf 87' lang='lat' dir='ltr'><strong>multos</strong></span> <span class='ocrx_word' id='word_1_819' title='bbox 3479 4395 3573 4451; x_wconf 72' lang='lat' dir='ltr'><strong>pti-</strong></span> 
     </span>
    </p>
   </div>
   <div class='ocr_carea' id='block_1_102' title="bbox 1976 4463 3571 4544">
    <p class='ocr_par' dir='ltr' id='par_1_102' title="bbox 1976 4463 3571 4544">
     <span class='ocr_line' id='line_1_102' title="bbox 1976 4463 3571 4544; baseline 0.007 -25"><span class='ocrx_word' id='word_1_820' title='bbox 1976 4469 2086 4519; x_wconf 85' lang='lat' dir='ltr'><strong>tres</strong></span> <span class='ocrx_word' id='word_1_821' title='bbox 2107 4507 2122 4532; x_wconf 92' lang='lat'><strong>,</strong></span> <span class='ocrx_word' id='word_1_822' title='bbox 2149 4465 2275 4535; x_wconf 90' lang='lat' dir='ltr'><strong>quia</strong></span> <span class='ocrx_word' id='word_1_823' title='bbox 2304 4479 2399 4521; x_wconf 89' lang='lat' dir='ltr'><strong>eos</strong></span> <span class='ocrx_word' id='word_1_824' title='bbox 2432 4465 2487 4520; x_wconf 88' lang='lat' dir='ltr'><strong>in</strong></span> <span class='ocrx_word' id='word_1_825' title='bbox 2535 4463 2748 4521; x_wconf 86' lang='lat' dir='ltr'><strong>Christo</strong></span> <span class='ocrx_word' id='word_1_826' title='bbox 2772 4466 2897 4523; x_wconf 75' lang='lat' dir='ltr'><strong>Iesu</strong></span> <span class='ocrx_word' id='word_1_827' title='bbox 2930 4483 3024 4538; x_wconf 92' lang='lat' dir='ltr'><strong>per</strong></span> <span class='ocrx_word' id='word_1_828' title='bbox 3076 4467 3425 4541; x_wconf 78' lang='lat' dir='ltr'><strong>Evangelium</strong></span> <span class='ocrx_word' id='word_1_829' title='bbox 3454 4473 3571 4544; x_wconf 89' lang='lat' dir='ltr'><strong>ipse</strong></span> 
     </span>
    </p>
   </div>
   <div class='ocr_carea' id='block_1_103' title="bbox 1974 4557 3683 4639">
    <p class='ocr_par' dir='ltr' id='par_1_103' title="bbox 1974 4557 3683 4639">
     <span class='ocr_line' id='line_1_103' title="bbox 1974 4557 3683 4639; baseline 0.005 -24"><span class='ocrx_word' id='word_1_830' title='bbox 1974 4558 2250 4630; x_wconf 81' lang='lat' dir='ltr'><strong>genuisset</strong></span> <span class='ocrx_word' id='word_1_831' title='bbox 2275 4557 2384 4630; x_wconf 88' lang='lat' dir='ltr'><strong>(Id.</strong></span> <span class='ocrx_word' id='word_1_832' title='bbox 2413 4575 2484 4625; x_wconf 81' lang='lat' dir='ltr'><strong>tv,</strong></span> <span class='ocrx_word' id='word_1_833' title='bbox 2516 4557 2625 4632; x_wconf 77' lang='grc'>15).</span> <span class='ocrx_word' id='word_1_834' title='bbox 2653 4559 2709 4616; x_wconf 90' lang='lat' dir='ltr'><strong>Si</strong></span> <span class='ocrx_word' id='word_1_835' title='bbox 2735 4576 2864 4632; x_wconf 87' lang='lat' dir='ltr'><strong>ergo</strong></span> <span class='ocrx_word' id='word_1_836' title='bbox 2886 4561 2976 4617; x_wconf 87' lang='lat' dir='ltr'><strong>ille</strong></span> <span class='ocrx_word' id='word_1_837' title='bbox 2997 4564 3086 4634; x_wconf 86' lang='lat' dir='ltr'><strong>qui</strong></span> <span class='ocrx_word' id='word_1_838' title='bbox 3109 4579 3205 4634; x_wconf 86' lang='lat' dir='ltr'><strong>per</strong></span> <span class='ocrx_word' id='word_1_839' title='bbox 3223 4563 3574 4639; x_wconf 84' lang='lat' dir='ltr'><strong>Evangelium</strong></span> <span class='ocrx_word' id='word_1_840' title='bbox 3676 4629 3683 4636; x_wconf 62' lang='grc'><em>,</em></span> 
     </span>
    </p>
   </div>
   <div class='ocr_carea' id='block_1_104' title="bbox 1973 4653 3573 4730">
    <p class='ocr_par' dir='ltr' id='par_1_104' title="bbox 1973 4653 3573 4730">
     <span class='ocr_line' id='line_1_104' title="bbox 1973 4653 3573 4730; baseline 0.005 -22"><span class='ocrx_word' id='word_1_841' title='bbox 1973 4653 2161 4725; x_wconf 78' lang='lat' dir='ltr'><strong>genuit</strong></span> <span class='ocrx_word' id='word_1_842' title='bbox 2183 4696 2197 4720; x_wconf 92' lang='lat'><strong>,</strong></span> <span class='ocrx_word' id='word_1_843' title='bbox 2225 4654 2468 4724; x_wconf 82' lang='lat' dir='ltr'><strong>quamvis</strong></span> <span class='ocrx_word' id='word_1_844' title='bbox 2492 4654 2686 4723; x_wconf 82' lang='lat' dir='ltr'><strong>gratias</strong></span> <span class='ocrx_word' id='word_1_845' title='bbox 2715 4661 2839 4725; x_wconf 84' lang='lat' dir='ltr'><strong>agat</strong></span> <span class='ocrx_word' id='word_1_846' title='bbox 2865 4655 3008 4726; x_wconf 85' lang='lat' dir='ltr'><strong>quod</strong></span> <span class='ocrx_word' id='word_1_847' title='bbox 3036 4657 3303 4713; x_wconf 90' lang='lat' dir='ltr'><strong>neminem</strong></span> <span class='ocrx_word' id='word_1_848' title='bbox 3334 4660 3573 4730; x_wconf 87' lang='lat' dir='ltr'><strong>ipsorum</strong></span> 
     </span>
    </p>
   </div>
   <div class='ocr_carea' id='block_1_105' title="bbox 1977 4743 3573 4824">
    <p class='ocr_par' dir='ltr' id='par_1_105' title="bbox 1977 4743 3573 4824">
     <span class='ocr_line' id='line_1_105' title="bbox 1977 4743 3573 4824; baseline 0.004 -22"><span class='ocrx_word' id='word_1_849' title='bbox 1977 4747 2326 4817; x_wconf 81' lang='lat' dir='ltr'><strong>baptizaverit</strong></span> <span class='ocrx_word' id='word_1_850' title='bbox 2350 4747 2452 4802; x_wconf 92' lang='lat' dir='ltr'><strong>nisi</strong></span> <span class='ocrx_word' id='word_1_851' title='bbox 2475 4743 2722 4818; x_wconf 87' lang='lat' dir='ltr'><strong>Crispum</strong></span> <span class='ocrx_word' id='word_1_852' title='bbox 2741 4755 2796 4804; x_wconf 92' lang='lat' dir='ltr'><strong>et</strong></span> <span class='ocrx_word' id='word_1_853' title='bbox 2821 4748 3008 4805; x_wconf 88' lang='lat' dir='ltr'><strong>Gaium</strong></span> <span class='ocrx_word' id='word_1_854' title='bbox 3029 4791 3044 4817; x_wconf 92' lang='lat'><strong>,</strong></span> <span class='ocrx_word' id='word_1_855' title='bbox 3079 4761 3133 4806; x_wconf 75' lang='lat' dir='ltr'><strong>et</strong></span> <span class='ocrx_word' id='word_1_856' title='bbox 3155 4750 3442 4824; x_wconf 68' lang='lat' dir='ltr'><strong>Stephanio</strong></span> <span class='ocrx_word' id='word_1_857' title='bbox 3472 4753 3573 4808; x_wconf 81' lang='lat' dir='ltr'><strong>do-</strong></span> 
     </span>
    </p>
   </div>
   <div class='ocr_carea' id='block_1_106' title="bbox 1978 4839 3572 4918">
    <p class='ocr_par' dir='ltr' id='par_1_106' title="bbox 1978 4839 3572 4918">
     <span class='ocr_line' id='line_1_106' title="bbox 1978 4839 3572 4918; baseline 0.004 -22"><span class='ocrx_word' id='word_1_858' title='bbox 1978 4855 2125 4896; x_wconf 87' lang='lat' dir='ltr'><strong>mum</strong></span> <span class='ocrx_word' id='word_1_859' title='bbox 2155 4839 2264 4913; x_wconf 80' lang='lat' dir='ltr'><strong>(Id.</strong></span> <span class='ocrx_word' id='word_1_860' title='bbox 2295 4857 2344 4909; x_wconf 89' lang='grc' dir='ltr'><strong>ι,</strong></span> <span class='ocrx_word' id='word_1_861' title='bbox 2377 4842 2447 4896; x_wconf 79' lang='lat' dir='ltr'><strong>M</strong></span> <span class='ocrx_word' id='word_1_862' title='bbox 2467 4884 2480 4906; x_wconf 92' lang='lat'><strong>,</strong></span> <span class='ocrx_word' id='word_1_863' title='bbox 2515 4839 2638 4913; x_wconf 83' lang='grc'><strong>16),</strong></span> <span class='ocrx_word' id='word_1_864' title='bbox 2667 4842 2801 4898; x_wconf 88' lang='lat' dir='ltr'><strong>nihil</strong></span> <span class='ocrx_word' id='word_1_865' title='bbox 2833 4855 2927 4899; x_wconf 88' lang='lat' dir='ltr'><strong>eos</strong></span> <span class='ocrx_word' id='word_1_866' title='bbox 2949 4845 3178 4916; x_wconf 84' lang='lat' dir='ltr'><strong>amplius</strong></span> <span class='ocrx_word' id='word_1_867' title='bbox 3200 4847 3382 4902; x_wconf 89' lang='lat' dir='ltr'><strong>docuit</strong></span> <span class='ocrx_word' id='word_1_868' title='bbox 3409 4859 3572 4918; x_wconf 88' lang='lat' dir='ltr'><strong>quam</strong></span> 
     </span>
    </p>
   </div>
   <div class='ocr_carea' id='block_1_107' title="bbox 1975 4931 3574 5011">
    <p class='ocr_par' dir='ltr' id='par_1_107' title="bbox 1975 4931 3574 5011">
     <span class='ocr_line' id='line_1_107' title="bbox 1975 4931 3574 5011; baseline 0.002 -18"><span class='ocrx_word' id='word_1_869' title='bbox 1975 4931 2250 4993; x_wconf 84' lang='lat' dir='ltr'><strong>Christum</strong></span> <span class='ocrx_word' id='word_1_870' title='bbox 2277 4935 2624 5004; x_wconf 84' lang='lat' dir='ltr'><strong>crucillxum;</strong></span> <span class='ocrx_word' id='word_1_871' title='bbox 2652 4935 2777 5008; x_wconf 91' lang='lat' dir='ltr'><strong>quid</strong></span> <span class='ocrx_word' id='word_1_872' title='bbox 2817 4939 2860 4993; x_wconf 88' lang='lat' dir='ltr'><strong>si</strong></span> <span class='ocrx_word' id='word_1_873' title='bbox 2887 4939 3030 4994; x_wconf 89' lang='lat' dir='ltr'><strong>dicat</strong></span> <span class='ocrx_word' id='word_1_874' title='bbox 3073 4940 3266 5011; x_wconf 89' lang='lat' dir='ltr'><strong>aliquis</strong></span> <span class='ocrx_word' id='word_1_875' title='bbox 3290 4983 3305 5009; x_wconf 92' lang='lat'><strong>,</strong></span> <span class='ocrx_word' id='word_1_876' title='bbox 3337 4945 3435 4995; x_wconf 81' lang='lat' dir='ltr'><strong>nec</strong></span> <span class='ocrx_word' id='word_1_877' title='bbox 3481 4955 3574 4996; x_wconf 86' lang='lat' dir='ltr'><strong>re-</strong></span> 
     </span>
    </p>
   </div>
   <div class='ocr_carea' id='block_1_108' title="bbox 1980 5029 3575 5104">
    <p class='ocr_par' dir='ltr' id='par_1_108' title="bbox 1980 5029 3575 5104">
     <span class='ocr_line' id='line_1_108' title="bbox 1980 5029 3575 5104; baseline -0.001 -15"><span class='ocrx_word' id='word_1_878' title='bbox 1980 5033 2277 5089; x_wconf 81' lang='lat' dir='ltr'><strong>surresisse</strong></span> <span class='ocrx_word' id='word_1_879' title='bbox 2295 5030 2567 5087; x_wconf 90' lang='lat' dir='ltr'><strong>Christum</strong></span> <span class='ocrx_word' id='word_1_880' title='bbox 2612 5045 2705 5088; x_wconf 87' lang='lat' dir='ltr'><strong>eos</strong></span> <span class='ocrx_word' id='word_1_881' title='bbox 2731 5032 2943 5088; x_wconf 89' lang='lat' dir='ltr'><strong>audisse</strong></span> <span class='ocrx_word' id='word_1_882' title='bbox 2963 5074 2980 5100; x_wconf 96' lang='lat'><strong>,</strong></span> <span class='ocrx_word' id='word_1_883' title='bbox 3026 5032 3241 5104; x_wconf 88' lang='lat' dir='ltr'><strong>quando</strong></span> <span class='ocrx_word' id='word_1_884' title='bbox 3273 5039 3366 5102; x_wconf 82' lang='lat' dir='ltr'><strong>per</strong></span> <span class='ocrx_word' id='word_1_885' title='bbox 3396 5029 3575 5088; x_wconf 83' lang='lat' dir='ltr'><strong>Evan-</strong></span> 
     </span>
    </p>
   </div>
   <div class='ocr_carea' id='block_1_109' title="bbox 1975 5121 3576 5196">
    <p class='ocr_par' dir='ltr' id='par_1_109' title="bbox 1975 5121 3576 5196">
     <span class='ocr_line' id='line_1_109' title="bbox 1975 5121 3576 5196; baseline 0 -17"><span class='ocrx_word' id='word_1_886' title='bbox 1975 5125 2176 5196; x_wconf 79' lang='lat' dir='ltr'><strong>gelium</strong></span> <span class='ocrx_word' id='word_1_887' title='bbox 2187 5123 2355 5195; x_wconf 79' lang='lat' dir='ltr'><strong>geniti</strong></span> <span class='ocrx_word' id='word_1_888' title='bbox 2381 5124 2540 5178; x_wconf 84' lang='lat' dir='ltr'><strong>sunt?</strong></span> <span class='ocrx_word' id='word_1_889' title='bbox 2556 5121 2801 5179; x_wconf 62' lang='lat' dir='ltr'><strong>[indecent</strong></span> <span class='ocrx_word' id='word_1_890' title='bbox 2823 5124 2984 5194; x_wconf 79' lang='lat' dir='ltr'><strong>igitur</strong></span> <span class='ocrx_word' id='word_1_891' title='bbox 3003 5123 3145 5194; x_wconf 79' lang='lat' dir='ltr'><strong>quod</strong></span> <span class='ocrx_word' id='word_1_892' title='bbox 3167 5124 3245 5178; x_wconf 82' lang='lat' dir='ltr'><strong>eis</strong></span> <span class='ocrx_word' id='word_1_893' title='bbox 3269 5123 3418 5190; x_wconf 60' lang='lat' dir='ltr'><strong>non,</strong></span> <span class='ocrx_word' id='word_1_894' title='bbox 3443 5122 3576 5179; x_wconf 82' lang='lat' dir='ltr'><strong>Tra-</strong></span> 
     </span>
    </p>
   </div>
   <div class='ocr_carea' id='block_1_110' title="bbox 1977 5214 3576 5288">
    <p class='ocr_par' dir='ltr' id='par_1_110' title="bbox 1977 5214 3576 5288">
     <span class='ocr_line' id='line_1_110' title="bbox 1977 5214 3576 5288; baseline 0.001 -15"><span class='ocrx_word' id='word_1_895' title='bbox 1977 5218 2088 5273; x_wconf 67' lang='grc' dir='ltr'><strong>ἅάὶ</strong></span> <span class='ocrx_word' id='word_1_896' title='bbox 2097 5217 2374 5273; x_wconf 62' lang='lat' dir='ltr'><strong>admotis</strong></span> <span class='ocrx_word' id='word_1_897' title='bbox 2385 5218 2438 5271; x_wconf 83' lang='lat' dir='ltr'><strong>its</strong></span> <span class='ocrx_word' id='word_1_898' title='bbox 2449 5217 2652 5288; x_wconf 68' lang='lat' dir='ltr'><strong>primis,</strong></span> <span class='ocrx_word' id='word_1_899' title='bbox 2661 5214 3022 5286; x_wconf 66' lang='lat' dir='ltr'><strong>mam</strong></span> <span class='ocrx_word' id='word_1_900' title='bbox 3042 5222 3270 5269; x_wconf 66' lang='lat' dir='ltr'><strong>modum</strong></span> <span class='ocrx_word' id='word_1_901' title='bbox 3295 5225 3374 5270; x_wconf 75' lang='lat' dir='ltr'><strong>est</strong></span> <span class='ocrx_word' id='word_1_902' title='bbox 3387 5231 3576 5276; x_wconf 50' lang='lat' dir='ltr'><strong>necuit-2</strong></span> 
     </span>
    </p>
   </div>
   <div class='ocr_carea' id='block_1_111' title="bbox 1979 5306 3577 5382">
    <p class='ocr_par' dir='ltr' id='par_1_111' title="bbox 1979 5306 3577 5382">
     <span class='ocr_line' id='line_1_111' title="bbox 1979 5306 3577 5382; baseline 0 -18"><span class='ocrx_word' id='word_1_903' title='bbox 1979 5309 2102 5364; x_wconf 77' lang='lat' dir='ltr'><strong>dum</strong></span> <span class='ocrx_word' id='word_1_904' title='bbox 2129 5310 2443 5382; x_wconf 64' lang='lat' dir='ltr'><strong>Scriptura,</strong></span> <span class='ocrx_word' id='word_1_905' title='bbox 2466 5317 2514 5362; x_wconf 82' lang='lat' dir='ltr'><strong>et</strong></span> <span class='ocrx_word' id='word_1_906' title='bbox 2534 5309 2658 5378; x_wconf 79' lang='lat' dir='ltr'><strong>quia</strong></span> <span class='ocrx_word' id='word_1_907' title='bbox 2671 5307 2901 5377; x_wconf 78' lang='lat' dir='ltr'><strong>sepultus</strong></span> <span class='ocrx_word' id='word_1_908' title='bbox 2932 5315 3023 5368; x_wconf 82' lang='lat' dir='ltr'><strong>est,</strong></span> <span class='ocrx_word' id='word_1_909' title='bbox 3069 5313 3118 5358; x_wconf 86' lang='lat' dir='ltr'><strong>et</strong></span> <span class='ocrx_word' id='word_1_910' title='bbox 3149 5306 3272 5375; x_wconf 74' lang='lat' dir='ltr'><strong>quia</strong></span> <span class='ocrx_word' id='word_1_911' title='bbox 3299 5311 3577 5364; x_wconf 62' lang='lat' dir='ltr'><strong>raurreatit</strong></span> 
     </span>
    </p>
   </div>
   <div class='ocr_carea' id='block_1_112' title="bbox 1981 5395 3576 5474">
    <p class='ocr_par' dir='ltr' id='par_1_112' title="bbox 1981 5395 3576 5474">
     <span class='ocr_line' id='line_1_112' title="bbox 1981 5395 3576 5474; baseline 0 -15"><span class='ocrx_word' id='word_1_912' title='bbox 1981 5403 2228 5460; x_wconf 79' lang='lat' dir='ltr'><strong>tertiudie</strong></span> <span class='ocrx_word' id='word_1_913' title='bbox 2253 5399 2533 5458; x_wconf 67' lang='lat' dir='ltr'><strong>secundum</strong></span> <span class='ocrx_word' id='word_1_914' title='bbox 2560 5400 2858 5471; x_wconf 67' lang='grc' dir='ltr'><strong>διῆρται-αδ</strong></span> <span class='ocrx_word' id='word_1_915' title='bbox 2880 5395 2986 5467; x_wconf 76' lang='lat' dir='ltr'><strong>(Id.</strong></span> <span class='ocrx_word' id='word_1_916' title='bbox 3015 5407 3085 5452; x_wconf 68' lang='lat' dir='ltr'><strong>sv</strong></span> <span class='ocrx_word' id='word_1_917' title='bbox 3106 5441 3122 5466; x_wconf 97' lang='lat'><strong>,</strong></span> <span class='ocrx_word' id='word_1_918' title='bbox 3150 5399 3216 5466; x_wconf 75' lang='lat'><strong>5,</strong></span> <span class='ocrx_word' id='word_1_919' title='bbox 3239 5401 3297 5474; x_wconf 66' lang='grc'><strong>4)</strong></span> <span class='ocrx_word' id='word_1_920' title='bbox 3316 5441 3330 5467; x_wconf 90' lang='grc'>,</span> <span class='ocrx_word' id='word_1_921' title='bbox 3363 5402 3410 5457; x_wconf 88' lang='lat' dir='ltr'><strong>si</strong></span> <span class='ocrx_word' id='word_1_922' title='bbox 3441 5403 3576 5460; x_wconf 80' lang='lat' dir='ltr'><strong>nihil</strong></span> 
     </span>
    </p>
   </div>
   <div class='ocr_carea' id='block_1_113' title="bbox 1980 5492 3575 5567">
    <p class='ocr_par' dir='ltr' id='par_1_113' title="bbox 1980 5492 3575 5567">
     <span class='ocr_line' id='line_1_113' title="bbox 1980 5492 3575 5567; baseline -0.002 -14"><span class='ocrx_word' id='word_1_923' title='bbox 1980 5498 2082 5553; x_wconf 87' lang='lat' dir='ltr'><strong>nisi</strong></span> <span class='ocrx_word' id='word_1_924' title='bbox 2107 5496 2414 5553; x_wconf 80' lang='lat' dir='ltr'><strong>cruciﬁxum</strong></span> <span class='ocrx_word' id='word_1_925' title='bbox 2438 5493 2728 5551; x_wconf 84' lang='lat' dir='ltr'><strong>docuerat?</strong></span> <span class='ocrx_word' id='word_1_926' title='bbox 2758 5492 2811 5544; x_wconf 87' lang='lat' dir='ltr'><strong>Si</strong></span> <span class='ocrx_word' id='word_1_927' title='bbox 2835 5500 3011 5545; x_wconf 87' lang='lat' dir='ltr'><strong>autem</strong></span> <span class='ocrx_word' id='word_1_928' title='bbox 3043 5493 3235 5548; x_wconf 86' lang='lat' dir='ltr'><strong>nonita</strong></span> <span class='ocrx_word' id='word_1_929' title='bbox 3254 5493 3575 5567; x_wconf 83' lang='lat' dir='ltr'><strong>intelligunt,</strong></span> 
     </span>
    </p>
   </div>
   <div class='ocr_carea' id='block_1_114' title="bbox 1981 5581 3578 5663">
    <p class='ocr_par' dir='ltr' id='par_1_114' title="bbox 1981 5581 3578 5663">
     <span class='ocr_line' id='line_1_114' title="bbox 1981 5581 3578 5663; baseline -0.004 -15"><span class='ocrx_word' id='word_1_930' title='bbox 1981 5590 2074 5648; x_wconf 84' lang='lat' dir='ltr'><strong>sed</strong></span> <span class='ocrx_word' id='word_1_931' title='bbox 2092 5590 2196 5648; x_wconf 87' lang='lat' dir='ltr'><strong>hoc</strong></span> <span class='ocrx_word' id='word_1_932' title='bbox 2217 5604 2426 5663; x_wconf 90' lang='lat' dir='ltr'><strong>quoque</strong></span> <span class='ocrx_word' id='word_1_933' title='bbox 2443 5587 2511 5642; x_wconf 88' lang='lat' dir='ltr'><strong>ad</strong></span> <span class='ocrx_word' id='word_1_934' title='bbox 2532 5586 2802 5642; x_wconf 88' lang='lat' dir='ltr'><strong>Christum</strong></span> <span class='ocrx_word' id='word_1_935' title='bbox 2831 5581 3138 5641; x_wconf 78' lang='lat' dir='ltr'><strong>crucifixmn</strong></span> <span class='ocrx_word' id='word_1_936' title='bbox 3157 5589 3425 5657; x_wconf 82' lang='lat' dir='ltr'><strong>pertinere</strong></span> <span class='ocrx_word' id='word_1_937' title='bbox 3451 5603 3578 5643; x_wconf 88' lang='lat' dir='ltr'><strong>con-</strong></span> 
     </span>
    </p>
   </div>
   <div class='ocr_carea' id='block_1_115' title="bbox 2048 5743 3654 5840">
    <p class='ocr_par' dir='ltr' id='par_1_115' title="bbox 2048 5743 3654 5840">
     <span class='ocr_line' id='line_1_115' title="bbox 2048 5743 3654 5840; baseline -0.004 -22"><span class='ocrx_word' id='word_1_938' title='bbox 2048 5769 2257 5840; x_wconf 41' lang='lat' dir='ltr'><strong>1_r:_ditl,.</strong></span> <span class='ocrx_word' id='word_1_939' title='bbox 2287 5764 2531 5840; x_wconf 58' lang='lat' dir='ltr'><strong>memor-ign</strong></span> <span class='ocrx_word' id='word_1_940' title='bbox 2560 5764 2920 5840; x_wconf 65' lang='lat' dir='ltr'><strong>mandarem</strong></span> <span class='ocrx_word' id='word_1_941' title='bbox 2952 5765 3132 5826; x_wconf 78' lang='lat' dir='ltr'><strong>valuit,-</strong></span> <span class='ocrx_word' id='word_1_942' title='bbox 3169 5774 3220 5818; x_wconf 86' lang='lat' dir='ltr'><strong>et</strong></span> <span class='ocrx_word' id='word_1_943' title='bbox 3237 5766 3533 5840; x_wconf 42' lang='lat' dir='ltr'><strong>paulolp‘ost</strong></span> <span class='ocrx_word' id='word_1_944' title='bbox 3555 5797 3577 5828; x_wconf 88' lang='lat'><strong>,</strong></span> <span class='ocrx_word' id='word_1_945' title='bbox 3645 5743 3654 5770; x_wconf 72' lang='grc'>³</span> 
     </span>
    </p>
   </div>
   <div class='ocr_carea' id='block_1_116' title="bbox 1979 5825 3572 5943">
    <p class='ocr_par' dir='ltr' id='par_1_116' title="bbox 1979 5825 3572 5943">
     <span class='ocr_line' id='line_1_116' title="bbox 1979 5825 3572 5898; baseline -0.003 -14"><span class='ocrx_word' id='word_1_946' title='bbox 1979 5825 2291 5898; x_wconf 69' lang='lat' dir='ltr'><strong>intelligenda</strong></span> <span class='ocrx_word' id='word_1_947' title='bbox 2323 5825 2534 5878; x_wconf 77' lang='lat' dir='ltr'><strong>ndntisit.</strong></span> <span class='ocrx_word' id='word_1_948' title='bbox 2581 5825 2752 5877; x_wconf 78' lang='lat' dir='ltr'><strong>Melius</strong></span> <span class='ocrx_word' id='word_1_949' title='bbox 2792 5835 2924 5890; x_wconf 70' lang='lat' dir='ltr'><strong>Mss,</strong></span> <span class='ocrx_word' id='word_1_950' title='bbox 2969 5841 3064 5881; x_wconf 87' lang='lat' dir='ltr'><strong>non</strong></span> <span class='ocrx_word' id='word_1_951' title='bbox 3085 5825 3366 5882; x_wconf 48' lang='grc' dir='ltr'><strong>πηκτίδα..</strong></span> <span class='ocrx_word' id='word_1_952' title='bbox 3392 5825 3572 5880; x_wconf 59' lang='lat' dir='ltr'><strong>tutelis-1</strong></span> 
     </span>
     <span class='ocr_line' id='line_1_117' title="bbox 1979 5890 2356 5943; baseline -0.011 1"><span class='ocrx_word' id='word_1_953' title='bbox 1979 5895 2138 5943; x_wconf 75' lang='lat' dir='ltr'><strong>nenda</strong></span> <span class='ocrx_word' id='word_1_954' title='bbox 2160 5890 2356 5943; x_wconf 75' lang='lat' dir='ltr'><strong>dimisit.</strong></span> 
     </span>
    </p>
   </div>
   <div class='ocr_carea' id='block_1_117' title="bbox 1979 5895 3194 6020">
    <p class='ocr_par' dir='ltr' id='par_1_117' title="bbox 1979 5895 3194 6020">
     <span class='ocr_line' id='line_1_118' title="bbox 1979 5895 3194 6020; baseline -0.002 -14"><span class='ocrx_word' id='word_1_955' title='bbox 2383 5958 2434 6006; x_wconf 83' lang='lat' dir='ltr'><strong>ut</strong></span> <span class='ocrx_word' id='word_1_956' title='bbox 2457 5951 2696 6020; x_wconf 68' lang='lat' dir='ltr'><strong>primitus.</strong></span> <span class='ocrx_word' id='word_1_957' title='bbox 2724 5954 2890 6020; x_wconf 68' lang='lat' dir='ltr'><strong>Abest,</strong></span> <span class='ocrx_word' id='word_1_958' title='bbox 2911 5953 3025 6017; x_wconf 73' lang='lat' dir='ltr'><strong>nisi,</strong></span> <span class='ocrx_word' id='word_1_959' title='bbox 3041 5959 3194 6008; x_wconf 69' lang='lat' dir='ltr'><strong>smus.</strong></span> 
     </span>
    </p>
   </div>
  </div>
