4046 6332
514 529 737 589 tendunt
764 528 778 559 ¹
804 544 819 595 ;
846 526 1018 582 sciant
1045 521 1098 578 in
1128 520 1341 580 Christo
1367 516 1623 575 cruciﬁxo
1647 518 1814 572 multa
1854 515 2099 572 homines

511 626 720 680 discere
737 663 750 687 ,
777 629 834 676 et
852 620 1082 675 maxime
1108 614 1251 688 quod
1270 622 1407 669 vetus
1434 613 1582 668 homo
1604 621 1771 667 noster
1794 610 1947 666 simul
1984 627 2101 666 cru-

510 719 695 786 ciﬁxus
719 724 828 781 est,
853 723 905 767 ut
951 721 1214 766 evacuatur
1249 723 1432 779 corpus
1476 706 1698 776 peccati,
1740 714 1786 759 et
1832 704 1968 758 ultra
1996 719 2099 757 non

509 810 787 865 serviamus
813 815 1015 878 peccato
1057 802 1231 871 (llam.
1260 816 1348 867 vr,
1400 799 1495 869 6):
1528 797 1668 853 unde
1708 797 1866 853 etiam
1922 795 1989 851 dc
2039 809 2098 851 se

510 901 628 970 ipso
654 898 817 963 dicit,
851 895 982 949 Mihi
1011 903 1177 947 autem
1192 891 1320 946 absit
1348 888 1562 962 gloriari
1584 932 1599 955 ,
1627 889 1725 943 nisi
1746 888 1797 942 in
1816 903 1961 941 cruce
1988 885 2098 939 Do-

507 993 634 1045 mini
659 990 817 1046 nostri
844 987 879 1043 J
884 1005 970 1043 esu
995 985 1179 1041 Christi
1205 1026 1220 1051 ,
1248 1001 1337 1055 per
1362 999 1507 1054 quent
1534 982 1658 1036 mihi
1682 982 1902 1035 mundus
1928 980 2095 1059 cruci:

506 1083 642 1151 ﬁxus
672 1090 785 1148 est,
816 1089 862 1134 ct
885 1095 977 1150 ego
1025 1072 1428 1145 mundo(Galat.
1473 1088 1559 1141 vr,
1602 1073 1714 1144 14).
1738 1071 1971 1129 Proinde
2012 1079 2094 1127 at-

507 1173 765 1236 tendant,
798 1179 853 1227 et
890 1169 1106 1225 videant
1147 1164 1596 1237 quemadmodum
1637 1163 1891 1220 doceatur
1932 1171 2094 1233 atque

504 1266 744 1321 discatur
770 1262 1014 1317 Christus
1038 1260 1352 1326 cruciﬁxus,
1378 1267 1434 1314 et
1484 1257 1551 1313 ad
1578 1257 1694 1329 ejus
1740 1272 1956 1313 crucem
1993 1270 2093 1311 no-

500 1356 681 1412 verint
710 1353 979 1424 pertinere
1002 1350 1145 1423 quod
1165 1351 1327 1406 etiam
1357 1365 1455 1404 nos
1479 1349 1535 1405 in
1561 1349 1681 1419 ejus
1713 1362 1940 1419 corpore
1967 1363 2092 1404 cru-

500 1447 768 1517 ciﬁgitnur
788 1443 1021 1511 mundo;
1051 1443 1137 1498 ubi
1164 1441 1476 1512 intelligitur
1495 1439 1673 1496 omnis
1698 1440 1955 1496 coercitio
1983 1453 2093 1494 ma-

500 1538 673 1594 larum
699 1534 1251 1607 concupiscentiarum
1282 1549 1297 1587 :
1327 1547 1391 1588 ac
1409 1547 1505 1603 per
1524 1531 1627 1588 hoc
1653 1530 1770 1587 ﬁeri
1785 1546 1892 1586 non
1915 1538 2092 1601 potest

500 1640 559 1685 ut
586 1631 665 1684 eis
684 1629 774 1700 qui
805 1642 964 1683 cruce
985 1624 1182 1681 Christi
1207 1624 1505 1679 formantur
1524 1624 1544 1654 ⁸
1564 1664 1579 1689 ,
1610 1623 1851 1693 professa
1877 1621 2089 1679 adulte-

497 1724 579 1779 ria
606 1722 997 1793 permittantur.
1027 1718 1161 1774 Nam
1189 1726 1242 1773 et
1262 1716 1537 1788 apostolus
1562 1717 1755 1772 Petrus
1797 1716 1865 1772 de
1905 1730 2087 1771 sacra-

499 1826 682 1872 mento
714 1816 878 1886 ipsius
898 1814 1071 1869 crucis
1092 1855 1107 1880 ,
1136 1812 1240 1868 hoc
1259 1821 1342 1867 est
1360 1811 1623 1883 passionis
1644 1811 1873 1877 Christi,
1901 1810 2087 1866 admo-

497 1922 621 1972 net.
653 1917 711 1963 ut
750 1908 839 1978 qui
866 1922 927 1961 ea
974 1914 1355 1961 consecrantur
1404 1919 1629 1975 peccare
1678 1903 1966 1970 desinant,
2014 1904 2089 1960 ita

497 2002 720 2072 loquens
754 2017 766 2052 ε
798 1999 998 2054 Christo
1044 2014 1162 2069 ergo
1200 2014 1349 2068 passo
1376 1996 1430 2051 in
1478 2013 1631 2051 carne
1654 2036 1672 2064 ,
1705 2006 1752 2051 et
1801 2012 1887 2051 vos
1912 1997 2090 2052 eadem

497 2092 799 2163 cogitatione
817 2089 1119 2155 armamini;
1152 2088 1271 2156 quia
1293 2088 1381 2157 qui
1404 2097 1631 2142 mortuus
1656 2096 1729 2141 est
1753 2105 1905 2144 carne
1930 2130 1946 2157 ,
1994 2089 2086 2144 de-

495 2184 580 2236 siit
606 2198 810 2252 peccare
828 2222 843 2249 ,
890 2189 945 2234 ut
960 2181 1077 2250 jam
1102 2194 1204 2232 non
1242 2178 1502 2232 hominum
1548 2178 1808 2233 desideriis
1830 2218 1845 2245 ,
1874 2178 1965 2233 sed
1992 2195 2084 2233 vo-

497 2276 691 2329 luntate
716 2272 925 2328 Domini
945 2271 1045 2326 Dei
1067 2271 1316 2341 reliquum
1344 2270 1397 2323 in
1425 2286 1576 2323 carne
1599 2270 1729 2323 vivat
1762 2269 1805 2340 (l
1834 2268 1977 2325 Petr.
2007 2286 2082 2340 tv,

499 2369 523 2422 1
557 2408 571 2432 ,
601 2365 657 2439 2)
681 2384 695 2433 ;
722 2376 775 2421 ct
794 2374 989 2421 eictera
1007 2406 1022 2431 ,
1054 2362 1245 2433 quibus
1272 2369 1661 2432 consequenter
1683 2362 1937 2429 ostendit,
1962 2379 2083 2419 eum

496 2461 768 2530 pertinere
790 2457 857 2512 ad
887 2456 1156 2512 Christum
1184 2452 1527 2519 crucifixum,
1561 2452 1663 2508 hoc
1687 2464 1796 2521 est,
1846 2470 1943 2525 per
1968 2470 2087 2510 car-

494 2566 619 2605 nem
636 2565 874 2620 passum,
897 2547 987 2618 qui
1010 2546 1060 2600 in
1079 2546 1195 2616 ejus
1212 2559 1436 2614 corpore
1455 2544 1723 2600 cruciﬁxis
1740 2546 1761 2576 ²
1782 2545 2084 2603 carnalibus

494 2639 774 2698 desideriis
803 2639 939 2694 bene
962 2638 1090 2691 vivit
1108 2652 1203 2706 per
1224 2635 1591 2705 Evangelium.

567 2758 654 2811 16.
683 2755 821 2823 Quid
840 2796 856 2822 ,
887 2752 1029 2824 quod
1044 2752 1204 2807 etiam
1230 2750 1336 2805 duo
1366 2751 1454 2804 illa
1484 2759 1747 2821 praecepta
1767 2792 1783 2819 ,
1811 2751 1866 2806 in
1891 2752 2083 2823 quibus

496 2848 753 2903 Dominus
805 2848 880 2900 ait
909 2855 1074 2899 totam
1118 2844 1311 2913 Legem
1364 2843 1764 2913 Prophetasque
1801 2844 2036 2914 pendere
2061 2886 2078 2913 ,

492 2940 618 2995 huic
642 2954 755 3013 suae
789 2936 1027 3008 opinioni
1073 2935 1353 3004 suffragari
1399 2934 1764 2989 arbitrantur?
1807 2944 1862 2991 et
1895 2937 1972 2991 sic
2018 2951 2082 2992 ea

490 3040 928 3095 commemorant,
953 3038 1012 3085 ut
1026 3029 1274 3099 quoniam
1288 3029 1517 3098 primum
1535 3038 1855 3099 prmceptum
1880 3029 2082 3087 dictum

491 3134 577 3181 est
598 3168 613 3191 ,
647 3124 841 3196 Diliges
872 3122 1148 3177 Dominum
1177 3119 1346 3176 Deum
1368 3131 1511 3175 tuum
1554 3138 1618 3175 ex
1640 3130 1743 3176 toto
1770 3123 1921 3177 corde
1949 3133 2035 3178 tuo
2062 3166 2079 3192 ,

491 3230 539 3273 et
568 3235 632 3273 ea:
664 3228 771 3271 tota
801 3218 974 3270 anima
1002 3224 1088 3269 tua
1107 3257 1122 3280 ,
1146 3225 1192 3268 et
1229 3231 1291 3267 ea:
1321 3223 1425 3267 tota
1448 3223 1612 3268 mente
1654 3224 1781 3282 tua;
1806 3216 2082 3271 secundum

487 3323 657 3366 autem
683 3312 847 3365 simile
866 3310 981 3363 lmic
1006 3351 1021 3375 ,
1048 3307 1244 3378 Diliges
1266 3307 1551 3377 proximum
1594 3316 1736 3362 tuum
1773 3317 2013 3379 tanquam
2036 3319 2083 3364 te

486 3407 654 3477 ipsum
681 3404 897 3477 (Matth.
927 3418 1040 3457 χιιι
1063 3442 1080 3467 ,
1133 3401 1359 3472 57-40);
1388 3402 1621 3472 primum
1652 3402 1877 3458 credant
1910 3403 2080 3472 perti-

486 3515 616 3555 nere
644 3498 711 3553 ad
739 3494 1087 3566 baptizandos
1114 3493 1159 3561 ⁸,
1200 3494 1291 3549 ubi
1340 3492 1552 3549 dilectio
1582 3494 1678 3549 Dei
1727 3495 2032 3564 praccipitur
2060 3536 2077 3562 ,

485 3589 780 3646 secundum
812 3596 990 3641 autem
1039 3585 1107 3640 ad
1152 3585 1482 3654 baptizatos,
1534 3585 1623 3639 ubi
1670 3586 1918 3640 videntur
1962 3601 2080 3643 esse

484 3695 669 3736 mores
688 3677 1112 3733 conversationis
1140 3675 1391 3728 humana:
1422 3692 1434 3725 :
1466 3675 1543 3728 sic
1569 3674 1719 3730 obliti
1765 3676 1908 3745 quod
1943 3677 2077 3731 scri-

484 3781 636 3845 ptum
656 3780 759 3837 cst,
780 3770 839 3825 Si
861 3770 1070 3838 fratrem
1096 3777 1238 3821 tuum
1252 3783 1398 3837 quem
1420 3767 1557 3821 vides
1578 3785 1678 3821 non
1701 3768 1896 3840 diligis,
1914 3767 2079 3823 Deum

484 3880 632 3934 quem
662 3879 762 3915 non
803 3862 939 3913 vides
967 3860 1216 3929 quomodo
1246 3857 1456 3929 diligere
1489 3859 1674 3928 poteris
1706 3859 1748 3929 (1
1793 3858 1948 3913 Joan.
1974 3876 2026 3914 tv
2057 3902 2074 3928 ,

484 3957 621 4025 20)?
649 3964 702 4009 et
731 3953 859 4009 illud
912 3951 1054 4006 aliud
1104 3951 1157 4005 in
1197 3950 1384 4005 eadem
1417 3951 1654 4020 Epistola
1704 3950 1923 4005 Joannis
1949 3993 1965 4018 ,
2016 3951 2079 4007 Si

487 4055 599 4125 quis
630 4050 796 4120 diligit
826 4049 1108 4115 mundum,
1164 4064 1266 4102 non
1311 4056 1384 4101 est
1429 4046 1653 4099 charitas
1705 4045 1879 4100 Patris
1907 4048 1959 4100 in
1986 4048 2077 4102 illo

492 4146 603 4217 (Id.
635 4161 702 4207 ιι,
735 4144 847 4211 15).
876 4144 992 4209 Quo
1019 4150 1196 4197 autem
1220 4140 1492 4210 pertinent
1519 4140 1696 4194 omnia
1739 4139 1933 4212 ﬂagitia
1962 4155 2079 4196 mo-

486 4255 605 4292 rum
647 4236 945 4301 malorum,
988 4234 1089 4289 nisi
1146 4233 1212 4287 ad
1272 4232 1456 4287 mundi
1502 4232 1660 4304 hujus
1691 4233 2078 4290 dilectionem?

485 4333 565 4385 Ac
594 4346 687 4399 per
710 4329 811 4383 hoc
837 4326 963 4381 illud
988 4327 1220 4397 primum
1250 4335 1611 4396 praeceptum,
1642 4325 1783 4395 quod
1814 4326 1879 4379 ad
1908 4327 2079 4395 bapti-

486 4422 687 4478 zandos
730 4421 998 4491 pertinere
1054 4418 1415 4484 arbitrantur,
1467 4419 1581 4472 sine
1629 4416 1784 4472 bonis
1835 4418 2076 4472 moribus

485 4514 761 4569 observari
788 4513 932 4566 nullo
955 4521 1109 4581 pacto
1127 4519 1320 4580 potest.
1343 4509 1478 4564 Nolo
1502 4508 1739 4579 pluribus
1762 4510 2035 4564 immorari
2059 4528 2073 4565 :

486 4623 611 4662 nam
634 4605 918 4675 diligenter
942 4602 1277 4658 considerata
1302 4602 1399 4655 ista
1429 4599 1535 4655 duo
1560 4610 1856 4670 prmcepta,
1897 4601 1970 4655 ita
2010 4616 2076 4656 ex

484 4700 745 4755 alterutro
762 4711 1001 4751 connexa
1017 4696 1374 4765 reperiuntur,
1390 4700 1446 4746 ut
1461 4707 1559 4746 nec
1572 4691 1787 4746 dilectio
1800 4692 1891 4746 Dei
1909 4691 2079 4763 possit

484 4793 669 4848 essein
688 4788 972 4853 homine,si
988 4805 1091 4841 non
1108 4787 1277 4857 diligit
1292 4784 1719 4856 proximummec
1735 4785 1949 4841 dilectio
1962 4802 2079 4856 pro-

483 4884 634 4949 simi,
661 4883 706 4939 si
720 4897 824 4937 non
836 4880 1008 4950 diligit
1034 4879 1221 4933 Deum.
1236 4876 1341 4933 Sed
1361 4875 1427 4930 ad
1443 4892 1553 4931 rem
1571 4891 1689 4946 qua:
1712 4892 1851 4933 nunc
1877 4876 2072 4949 agitur,

483 4977 627 5048 quod
656 4975 724 5032 de
742 4973 827 5029 bis
851 4974 1056 5028 duobus
1085 4970 1366 5043 praeceptis
1386 4970 1614 5025 diximus
1630 4968 1841 5025 sufﬁcit.

554 5104 782 5162 CAPUT
824 5102 1015 5159 XL—
1042 5102 1133 5156 17.
1163 5100 1421 5171 Objectio,
1466 5098 1601 5167 quod
1641 5097 1894 5153 Israelita:
1933 5099 2076 5170 prius

482 5215 625 5253 mare
644 5200 934 5253 transierint
959 5207 1006 5251 et
1031 5204 1142 5268 post
1173 5196 1332 5266 legem
1359 5193 1661 5263 acceperint.
1684 5193 1756 5250 At
1805 5192 1947 5247 enim
1970 5206 2072 5263 po-

480 5290 640 5359 pulus
679 5289 840 5345 Israel
866 5290 1097 5360 primum
1128 5303 1224 5358 per
1254 5301 1400 5341 mare
1438 5285 1678 5340 Rubrum
1706 5284 1899 5340 ductus
1947 5293 2028 5339 est
2053 5324 2069 5351 ,

481 5396 591 5452 quo
615 5381 941 5451 signiﬁcatur
966 5380 1271 5451 Baptismus
1296 5394 1311 5444 ;
1338 5386 1393 5434 et
1421 5389 1607 5449 postea
1636 5377 1806 5448 legem
1827 5376 2069 5447 accepit,

547 5533 566 5563 ί
601 5532 674 5581 sic
697 5540 800 5581 Mss.
835 5539 891 5582 At
914 5534 1051 5585 editi.
1074 5536 1359 5585 concedam.

547 5595 567 5665 _-
601 5568 805 5666 3.2:};
1565 5595 1729 5666 ire...
1752 5598 1820 5655 επ,
1841 5598 1905 5666 τῴ
1928 5598 2072 5666 φαίη,

472 5656 589 5723 aliis
612 5662 661 5704 et
683 5667 712 5705 a
733 5662 861 5718 κει,
886 5669 1094 5721 (ιιιιτι-ιιω
1114 5656 1343 5721 ιι·ωαίρυί
1366 5656 1489 5719 loco,
1506 5656 1845 5723 informantur,
1867 5660 2071 5723 habent,

1049 5780 1341 5860 Emendatt‘n:
1358 5795 1424 5860 es
1435 5782 1589 5860 editis
1604 5783 1710 5834 aliis
1732 5792 1916 5860 etmss.

546 5846 567 5876 ι
593 5842 740 5917 μάξω,
765 5842 979 5917 primum
988 5842 1227 5917 pertinere
1314 5842 1654 5907 baptiwndum
1670 5861 1689 5910 ,'
1705 5850 1883 5904 omisso
1896 5850 2070 5915 verbo,

483 5908 690 5963 credat
731 5905 860 5957 quod
882 5905 1155 5961 restituitur
1178 5918 1240 5956 ex
1266 5912 1375 5967 uss.

1502 399 1590 454 DE
1628 397 1784 454 FIDE
1824 398 1911 456 ET
1949 396 2310 462 OPERIBUS.
2350 400 2409 457 S.
2449 400 2815 461 AUGUSTINI

2767 298 2893 328 τὶ...ἵᾷ
2908 292 2951 311 ν...

3066 346 3075 354 .
3110 346 3145 355 Α
3189 345 3211 354 ο.

2213 513 2303 571 ubi
2328 515 2560 608 disceret
2600 518 3046 589 quemadmodum
3072 521 3294 581 viveret.
3323 524 3433 583 Cur
3456 542 3581 602 ergo
3604 531 3772 608 bapti.

2206 606 2390 665 zandis
2415 610 2499 665 vel
2537 611 2848 683 Symbolum
2891 615 3146 672 tradimus
3171 658 3187 684 ,
3217 618 3648 696 reddendumque
3673 606 3773 688 iro-

2202 699 2517 769 poscimus?
2546 702 2685 758 Nihil
2711 705 2855 760 enim
2886 706 2993 762 tale
3019 706 3216 765 factum
3243 719 3327 767 est
3350 726 3475 784 erga
3503 714 3622 773 llos
3644 735 3773 792 quos

2203 804 2301 860 per
2325 806 2471 847 mare
2492 793 2731 849 Rubrum
2758 796 2897 852 Deus
2916 797 2984 853 ab
3006 798 3273 873 Egyptiis
3317 803 3579 861 liberavit.
3602 807 3659 865 Si
3678 826 3770 867 au-

2204 890 2311 939 tem
2360 894 2507 940 recte
2548 886 2849 958 intelligunt
2890 889 2994 947 hoc
3032 892 3321 963 signiﬁcari
3360 880 3776 967 praecedentibus

2201 976 2470 1046 mysteriis
2487 976 2556 1033 de
2583 980 2842 1050 sanguine
2867 982 2983 1038 ovis
3009 984 3251 1054 postibus
3276 987 3411 1043 illito
3435 1031 3451 1058 ,
3475 998 3528 1046 et
3555 990 3624 1048 de
3650 1008 3774 1067 azy-

2200 1069 2303 1124 mis
2332 1068 2655 1128 sinceritatis
2682 1083 2736 1129 et
2775 1075 3014 1132 veritatis
3032 1076 3229 1149 (Exod.
3252 1082 3499 1154 χιι-ιιν);
3530 1099 3625 1140 cur
3672 1102 3776 1145 non

2203 1162 2365 1218 etiam
2392 1163 2524 1219 illud
2545 1178 2935 1239 consequenter
2971 1169 3303 1244 intelligunt,
3331 1178 3506 1246 ipsam
3535 1177 3601 1233 ab
3619 1176 3777 1252 Egy-

2200 1255 2328 1325 ptiis
2343 1257 2734 1327 separationem
2751 1260 3050 1331 signiﬁcare
3068 1262 3458 1324 discessionem
3481 1283 3514 1324 a
3531 1271 3776 1341 peccatis,

2197 1362 2359 1419 quam
2393 1350 2696 1421 baptizandi
2733 1353 3095 1424 proﬁtentur?
3119 1357 3203 1413 Ad
3241 1358 3343 1416 hoc
3369 1361 3516 1417 enim
3556 1362 3780 1434 pertinet

2195 1441 2339 1512 quod
2367 1457 2400 1497 a
2438 1443 2599 1499 Petro
2622 1444 2933 1515 dictumlest
2955 1489 2971 1517 ,
3001 1448 3148 1521 Agite
3182 1453 3529 1522 paenitentiam
3550 1496 3567 1525 ,
3616 1466 3663 1511 et
3701 1454 3779 1511 ba-

2195 1535 2412 1606 ptizetur
2430 1537 2769 1609 unusquisque
2794 1550 3015 1595 vestrum
3039 1542 3095 1597 in
3119 1545 3323 1601 nomine
3377 1544 3585 1602 Domini
3626 1548 3781 1605 nostri

2192 1626 2317 1684 Iesu
2338 1628 2524 1685 Christi
2551 1646 2571 1685 :
2599 1639 2847 1704 tanquam
2875 1633 3078 1691 diceret
3098 1678 3113 1703 ,
3140 1636 3397 1695 Recedite
3421 1640 3490 1695 ab
3508 1639 3741 1713 .Egypto
3760 1682 3779 1710 ,

2193 1730 2249 1778 et
2272 1737 2367 1793 per
2380 1738 2528 1780 mare
2545 1723 2784 1780 Rubrum
2806 1727 3049 1784 transite.
3074 1729 3229 1786 Unde
3255 1732 3380 1787 etin
3403 1732 3642 1803 Epistola
3667 1748 3783 1805 qua!

2192 1815 2262 1871 ad
2288 1815 2543 1873 Hebraeos
2571 1817 2880 1875 inscribitur
2898 1861 2913 1885 ,
2951 1835 3076 1878 cum
3104 1837 3290 1879 eorum
3315 1824 3407 1894 qui
3449 1824 3782 1896 baptizantur

2193 1918 2745 1968 commemorarentur
2772 1913 2922 1968 initia
2942 1955 2958 1981 ,
2987 1914 3158 1986 posita
3180 1924 3266 1971 est
3307 1917 3382 1972 ibi
3411 1918 3727 1989 paenitentia
3752 1934 3783 1974 a

2192 2002 2420 2058 mortuis
2444 2004 2718 2074 operibus.
2756 2004 2847 2061 Sic
2893 2005 3038 2061 enim
3084 2006 3257 2062 dicit:
3305 2007 3435 2063 Ideo
3476 2009 3784 2065 remittentes

2191 2092 2340 2148 initia
2360 2093 2552 2150 Christi
2571 2096 2773 2151 verbum
2791 2139 2805 2162 ,
2830 2098 2883 2151 in
2902 2099 3383 2153 consummationem
3414 2101 3748 2172 respiciamus
3767 2141 3783 2167 ,

2191 2200 2294 2238 non
2318 2185 2499 2238 iterum
2507 2187 2754 2256 jacientes
2773 2188 3161 2256 fundamentum
3180 2192 3486 2261 paenitentiae
3507 2209 3541 2247 a
3569 2193 3786 2248 mortuis

2189 2276 2428 2346 operibus
2450 2318 2466 2342 ,
2496 2285 2541 2329 et
2567 2276 2688 2346 ﬁdei
2727 2278 2781 2332 in
2811 2278 2972 2333 Deum
2990 2321 3003 2346 ,
3043 2281 3232 2334 lavacri
3266 2281 3549 2357 doctrinae,
3580 2283 3789 2353 imposi-

2190 2370 2341 2423 tionis
2364 2385 2643 2437 manuum,
2669 2372 3045 2426 resurrectionis
3083 2373 3233 2427 etiam
3268 2383 3584 2429 mortuorum
3611 2386 3661 2429 et
3690 2376 3787 2447 ju-

2190 2459 2311 2513 dicii
2330 2462 2501 2515 wterni
2532 2460 2718 2533 (Hebr.
2742 2478 2796 2518 Vt
2821 2504 2838 2531 ,
2870 2464 2897 2518 1
2919 2503 2934 2528 ,
2965 2464 3043 2535 2).
3074 2463 3200 2519 Haec
3223 2464 3383 2534 igitur
3408 2466 3592 2520 omnia
3621 2467 3789 2538 perti-

2189 2568 2319 2609 nere
2344 2554 2411 2608 ad
2441 2555 2586 2610 initia
2616 2556 3008 2629 neophytorum
3035 2558 3166 2613 satis
3187 2567 3479 2630 aperteque
3506 2560 3787 2632 Scriptura

2189 2653 2433 2700 testatur.
2466 2646 2604 2716 Quid
2628 2656 2711 2703 est
2745 2658 2924 2705 autem
2975 2665 3007 2704 a
3055 2651 3283 2707 mortuis
3312 2652 3569 2721 operibus
3609 2655 3786 2725 paeni-

2189 2737 2353 2792 tentia
2372 2779 2386 2803 ,
2417 2738 2520 2793 nisi
2546 2739 2615 2794 ab
2652 2740 2735 2795 his
2760 2755 2880 2811 quae
2906 2751 3117 2811 oportet
3143 2743 3491 2813 mortificari,
3523 2755 3587 2800 ut
3638 2746 3787 2801 viva-

2192 2831 2487 2899 mus?qu
2517 2831 2562 2886 si
2614 2831 2874 2888 adulteria
2927 2833 3418 2907 fornicationesque
3476 2853 3588 2893 non
3619 2846 3783 2906 sunt,

2187 2920 2314 2990 quid
2335 2921 2444 2990 jam
2472 2922 2610 2978 inter
2634 2938 2797 2994 Opera
2835 2934 3046 2980 mortua
3089 2928 3476 2984 nominandum
3516 2930 3645 2986 est?
3698 2931 3787 2986 Sic

2185 3019 2365 3065 autem
2393 3028 2498 3067 non
2522 3011 2719 3068 sufﬁcit
2742 3013 3006 3083 professio
3034 3018 3356 3073 recessionis
3376 3034 3404 3072 a
3435 3020 3659 3088 talibus,
3683 3019 3788 3076 nisi

2186 3105 2347 3160 etiam
2397 3106 2608 3163 lavacro
2637 3109 3054 3178 regenerationis
3091 3120 3279 3165 cuncta
3307 3113 3615 3181 praeterita,
3667 3129 3788 3185 qua:

2184 3198 2332 3252 velut
2375 3207 2807 3268 persequuntur,
2858 3208 3077 3269 peccata
3104 3200 3428 3269 deleantur,
3487 3204 3630 3259 sicut
3678 3219 3787 3259 non

2186 3288 2398 3344 suffecit
2424 3288 2674 3344 lsraelitis
2704 3290 2955 3346 recedere
3008 3291 3078 3347 ab
3101 3290 3368 3364 Egypto,
3418 3294 3524 3351 nisi
3554 3310 3617 3350 ea
3667 3309 3789 3367 qua

2187 3379 2569 3450 insequebatur
2612 3380 2846 3437 hostium
2891 3383 3178 3441 multitudo
3216 3385 3455 3456 ejusdem
3486 3386 3657 3442 maris
3687 3384 3789 3442 ﬁu-

2185 3472 2361 3527 clibus
2393 3473 2657 3541 interiret,
2691 3475 2780 3544 qui
2811 3474 2905 3530 Dei
2930 3477 3127 3547 populo
3157 3479 3449 3535 transituro
3476 3479 3791 3537 liberando~

2184 3578 2289 3632 que
2324 3571 2630 3634 patuerunt.
2662 3564 2760 3631 Qui
2782 3581 2910 3635 ergo
2933 3567 3215 3635 proﬁtetur
3239 3568 3307 3623 ab
3330 3568 3602 3627 adulterio
3641 3571 3792 3628 nolle
3822 3583 3826 3586 ‘

2184 3671 2243 3712 se
2269 3666 2475 3712 mutare
2495 3699 2509 3723 ,
2536 3657 2804 3726 quomodo
2831 3673 2927 3726 per
2944 3674 3093 3714 mare
3113 3658 3355 3714 Rubrum
3382 3660 3636 3729 ducetur,
3660 3678 3788 3720 cum

2184 3747 2252 3801 ab
2278 3746 2513 3819 Egypto
2540 3747 2716 3802 adhuc
2742 3757 2956 3802 recuset
2984 3748 3315 3803 abscedere?
3339 3749 3543 3807 Deinde
3563 3767 3679 3808 non
3706 3763 3792 3808 at-

2185 3840 2411 3895 tendunt
2432 3843 2484 3894 in
2514 3857 2575 3896 ea
2604 3841 2719 3910 lege
2741 3881 2757 3907 ,
2785 3855 2903 3911 qua:
2933 3850 3058 3910 post
3077 3842 3359 3897 transitum
3394 3844 3565 3923 maris
3612 3845 3791 3902 Rubri

2183 3933 2261 3988 illi
2293 3934 2491 4003 populo
2516 3933 2638 3989 data
2663 3943 2778 3997 est,
2812 3934 3043 4004 primum
3078 3948 3200 3990 esse
3239 3944 3573 4006 praeceptum
3596 3979 3612 4005 ,
3662 3938 3791 3994 Non

2182 4036 2325 4079 erunt
2351 4026 2440 4079 tibi
2460 4026 2550 4080 alii
2577 4026 2649 4079 dii
2676 4037 2861 4097 prteter
2879 4042 2978 4081 me.
2998 4025 3121 4082 Non
3142 4028 3297 4100 facies
3320 4027 3408 4082 tibi
3435 4028 3606 4099 idola,
3630 4047 3794 4102 neque

2180 4118 2343 4171 ullum
2373 4118 2702 4171 simulacrum
2730 4160 2743 4184 ,
2772 4134 3100 4191 quaecumque
3146 4119 3200 4173 in
3232 4118 3359 4174 carlo
3379 4130 3497 4174 sunt
3525 4139 3738 4176 sursum
3766 4162 3783 4189 ,

2180 4224 2226 4269 et
2245 4228 2569 4285 quaecumque
2593 4213 2646 4266 in
2674 4221 2807 4265 terra
2834 4211 3069 4267 deorsum
3093 4252 3108 4279 ,
3132 4221 3177 4267 et
3202 4228 3532 4284 quwcumque
3556 4215 3613 4267 in
3649 4231 3789 4295 aqua

2180 4318 2227 4359 et
2252 4308 2343 4359 sub
2375 4316 2542 4371 terra;
2574 4322 2675 4359 non
2696 4305 2933 4360 adorabis
2949 4322 3009 4359 ea
3030 4347 3046 4372 ,
3080 4321 3237 4372 neque
3258 4305 3441 4359 servies
3466 4311 3541 4360 eis
3578 4308 3766 4379 (Exod
3775 4347 3787 4361 .

2180 4415 2282 4463 xx,
2314 4400 2378 4463 4,
2408 4401 2501 4467 5);
2529 4407 2583 4450 et
2607 4406 2803 4450 cretera
2833 4397 2901 4449 ad
2935 4395 3039 4450 hoc
3068 4407 3393 4466 pmceptum
3425 4398 3785 4468 pertinentia.

2179 4490 2463 4546 Afﬁrment
2493 4487 2670 4558 itaque
2705 4488 2828 4554 isti,
2876 4487 2920 4543 si
2945 4487 3157 4555 volunt,
3187 4497 3372 4543 contra
3400 4490 3578 4560 ipsam
3628 4507 3785 4547 suam

2178 4580 2757 4646 assertionem,etiam
2783 4579 2851 4633 de
2896 4578 3055 4633 unius
3100 4577 3197 4634 Dei
3236 4580 3382 4635 cultu
3427 4582 3789 4655 cavendaque

2178 4670 2480 4729 idololatria
2500 4710 2516 4735 ,
2545 4686 2652 4727 non
2682 4668 2855 4726 adhuc
2878 4670 3241 4743 baptizandis,
3274 4673 3367 4728 scd
3391 4673 3508 4743 jam
3538 4674 3787 4748 baptiza-

2178 4767 2246 4821 tis
2295 4779 2417 4821 esse
2468 4764 2865 4836 [medicandum
2896 4782 2911 4819 :
2948 4773 3003 4819 et
3030 4778 3138 4819 non
3161 4764 3272 4834 jam
3316 4765 3536 4834 dicant,
3570 4768 3653 4826 eis
3694 4768 3787 4840 qui

2175 4858 2512 4929 Baptismum
2540 4856 2838 4929 percepturi
2881 4865 3039 4921 sunt,
3092 4856 3250 4910 ﬁdem
3296 4865 3503 4913 tantum
3557 4875 3682 4930 qua:
3731 4860 3787 4914 in

2177 4952 2349 5009 Deum
2369 4960 2452 5007 est
2476 4949 2824 5005 intimandum
2849 4989 2864 5015 ,
2892 4956 2948 5003 et
2973 4957 3094 5019 post
3118 4948 3234 5019 ejus
3275 4948 3621 5007 Sacramenti
3654 4965 3785 5022 per-

2178 5046 2481 5117 ceptionem
2510 5044 2578 5101 de
2600 5042 2839 5100 moribus
2855 5043 2976 5098 vitae
2998 5050 3248 5114 tanquam
3275 5041 3343 5097 de
3368 5042 3615 5099 secundo
3645 5058 3782 5113 pne-

2176 5145 2337 5209 cepto
2357 5153 2450 5193 eos
2476 5135 2618 5207 quod
2652 5134 2719 5189 ad
2750 5133 3088 5189 dilectionem
3134 5134 3363 5205 proximi
3414 5134 3658 5202 pertinet
3697 5133 3785 5191 in-

2179 5228 2485 5286 struendos.
2514 5228 2810 5297 Utrumque
2836 5227 2978 5281 enim
3006 5227 3091 5280 lex
3117 5226 3389 5294 continet,
3436 5243 3604 5299 quam
3660 5238 3786 5300 post

2178 5340 2327 5381 mare
2358 5322 2595 5377 Rubrum
2623 5329 2875 5390 tanquam
2902 5328 3024 5389 post
3041 5319 3371 5391 Baptismum
3406 5322 3645 5392 populus
3687 5338 3783 5379 ac-

2174 5415 2352 5486 cepit;
2377 5429 2477 5469 nec
2519 5413 2591 5468 ita
2638 5411 2773 5467 facta
2802 5419 2885 5466 est
2928 5410 3233 5467 distributio
3259 5422 3691 5483 praeceptorum,
3722 5424 3785 5471 ut

2174 5517 2298 5563 ante
2339 5506 2483 5561 illius
2535 5505 2699 5561 maris
2740 5504 3020 5560 transitum
3066 5502 3134 5560 de
3180 5504 3416 5561 cavenda
3463 5505 3781 5564 idololatria

2177 5601 2327 5676 plebs
2345 5600 2651 5668 doceretur,
2674 5608 2730 5655 et
2759 5608 3105 5672 posteaquam
3134 5599 3489 5664 transierunt,
3520 5600 3786 5658 audirent

2174 5692 2546 5751 honorandum
2600 5702 2803 5765 patrem
2832 5704 2886 5749 et
2909 5701 3168 5760 matrem,
3202 5708 3309 5748 non
3337 5691 3727 5749 moscbandum
3759 5735 3779 5763 ,

2174 5804 2281 5845 non
2312 5787 2692 5852 occidendum,
2736 5796 2790 5841 et
2826 5794 3019 5844 caetera
3069 5786 3223 5843 bona:
3251 5792 3411 5858 atque
3459 5781 3778 5846 innocentis

2175 5881 2601 5942 conversationis
2627 5880 2895 5941 humanas.
