4046 6332
221 312 322 378 Μ
1170 282 1228 330 υκ
1444 312 1477 323 ,.

291 429 522 490 CAPUT
549 429 674 486 XII.
708 440 779 477 -‘—-
799 430 887 486 18.
933 422 1315 484 Incommodum
1339 443 1489 501 grave
1512 427 1566 482 in
1614 428 1824 481 aduersa

230 528 487 585 sententia.
521 525 582 580 Si
609 539 747 596 ergo
769 524 839 579 ita
868 523 1093 594 quisque
1120 523 1299 579 veniat
1324 522 1392 577 ad
1430 521 1599 577 sancti
1629 520 1825 575 lavacri

232 619 543 695 petitionem
564 658 582 684 ,
610 624 673 672 ut
701 616 1018 687 proﬁteatur
1062 629 1122 672 se
1162 614 1230 671 ab
1259 613 1521 671 idolorum
1553 613 1827 669 sacriﬁciis

238 728 341 769 non
363 722 714 765 recessurum
732 750 749 775 ,
779 706 883 763 nisi
922 706 1058 762 forte
1095 715 1279 778 postea
1307 704 1519 777 quando
1544 705 1825 776 placuerit,

234 802 565 875 Baptismum
591 808 775 856 tamen
793 799 903 871 jam
924 797 1139 870 jamque
1159 797 1433 867 deposcat,
1464 797 1828 869 templumque

235 897 326 954 Dei
352 893 461 950 vivi
485 908 549 951 se
575 892 694 949 ﬁeri
720 891 925 964 ﬂagitet
945 932 962 960 ,
994 905 1101 946 non
1131 891 1307 946 solum
1338 891 1511 946 cultor
1536 889 1825 956 idolorum,

232 1005 417 1047 verum
447 987 615 1044 etiam
638 987 693 1042 in
712 986 892 1057 aliquo
914 993 1022 1041 tam
1044 983 1251 1040 nefario
1279 982 1581 1039 sacerdotio
1602 983 1621 1015 ⁸
1647 995 1831 1053 perse-

233 1097 461 1148 verans;
484 1095 670 1153 quer
691 1079 760 1135 ab
780 1078 896 1134 istis
920 1085 1097 1134 utrum
1117 1093 1238 1133 eum
1269 1075 1569 1132 faciendum
1611 1074 1694 1130 vel
1738 1088 1832 1130 ca-

233 1176 620 1232 techumenum
648 1181 946 1229 censeant:
972 1170 1115 1242 quod
1164 1172 1347 1242 procul
1388 1169 1549 1226 dubio
1584 1169 1697 1225 ﬁeri
1723 1183 1832 1223 non

235 1266 435 1322 debere
460 1265 790 1321 clamabunt.
814 1262 997 1334 Neque
1017 1262 1159 1318 enim
1178 1260 1320 1316 aliud
1336 1261 1403 1317 de
1428 1260 1643 1315 illorum
1670 1258 1833 1315 corde

234 1357 581 1415 sentiendum
612 1365 715 1413 est.
744 1355 990 1412 Reddam
1028 1356 1208 1426 itaque
1245 1355 1510 1410 rationem
1538 1352 1832 1410 secundum

236 1448 547 1507 testimonia
571 1448 988 1519 Scripturarum,
1018 1462 1135 1517 quae
1161 1447 1239 1502 sic
1265 1446 1606 1518 intelligenda
1624 1452 1830 1516 putant,

235 1558 343 1614 quo
366 1541 535 1597 modo
556 1541 681 1596 huic
709 1540 943 1594 audeant
969 1537 1339 1594 contradicere
1359 1581 1375 1607 ,
1420 1552 1521 1593 nec
1548 1536 1835 1592 admitten-

234 1633 363 1689 dum
392 1648 519 1689 esse
572 1632 895 1687 conﬁrment
936 1630 1313 1686 reclamantem
1338 1639 1497 1700 atque
1522 1629 1789 1685 dicentem
1816 1645 1831 1683 :

240 1723 407 1779 Didici
429 1732 488 1779 et
513 1738 744 1778 veneror
762 1722 1031 1778 Christum
1057 1720 1369 1778 cruciﬁxum
1392 1765 1405 1789 ,
1453 1720 1615 1777 credo
1644 1721 1835 1775 Filium

238 1815 336 1871 Dei
365 1830 491 1871 esse
534 1814 807 1871 Christum
854 1815 1071 1881 lesum;
1103 1831 1211 1870 non
1259 1831 1346 1870 me
1390 1817 1527 1871 ultra
1573 1815 1789 1871 differas
1817 1857 1833 1883 ,

240 1907 371 1962 nihil
399 1907 636 1978 amplius
653 1908 764 1977 jam
790 1907 1053 1978 requiras.
1083 1906 1228 1974 Quos
1252 1922 1347 1978 per
1370 1907 1720 1978 Evangelium
1744 1922 1837 1977 ge-

239 1999 470 2055 nerabat
520 1999 849 2070 Apostolus,
904 2000 1036 2054 nihil
1086 2015 1179 2055 eos
1230 2013 1390 2055 nosse
1437 2009 1562 2055 tunc
1609 2000 1839 2070 amplius

238 2106 402 2162 quam
428 2089 703 2146 Christum
723 2090 1036 2146 cruciﬁxum
1066 2091 1313 2157 volebat;
1346 2101 1468 2161 post
1494 2107 1681 2148 vocem
1704 2092 1839 2161 Spa-

236 2180 406 2237 donis
428 2222 444 2245 ,
466 2196 570 2252 qua
598 2196 656 2236 se
702 2180 922 2237 credere
950 2180 1134 2237 Iesum
1179 2180 1449 2238 Christum
1498 2182 1692 2238 Filium
1742 2182 1837 2238 Dei

238 2287 363 2328 esse
387 2272 687 2343 respondit,
711 2273 969 2328 continuo
989 2273 1263 2344 Philippus
1284 2288 1407 2329 eum
1436 2274 1708 2344 baptizare
1732 2290 1838 2329 non

240 2364 493 2419 distulit:
520 2364 646 2435 quid
676 2380 764 2422 me
792 2366 861 2420 ab
889 2366 1151 2421 idolorum
1192 2367 1341 2422 cultu
1393 2366 1645 2437 prohibes
1669 2410 1685 2436 ,
1740 2382 1841 2424 nec

240 2458 309 2513 ad
356 2469 757 2514 sacramentum
809 2458 1009 2514 Christi
1050 2459 1318 2526 admittis,
1358 2460 1668 2532 priusquam
1717 2461 1840 2517 inde

239 2550 588 2608 discessero?
613 2551 747 2606 Illud
772 2566 801 2605 a
831 2553 1057 2622 pueritia
1085 2552 1280 2619 didici,
1333 2553 1723 2610 consuetudine
1768 2555 1840 2610 ibi

240 2644 557 2716 gravissima
584 2659 804 2714 premor
828 2661 842 2698 :
868 2644 1056 2700 faciam
1086 2660 1207 2701 cum
1235 2654 1460 2717 potuero
1486 2688 1501 2713 ,
1533 2660 1655 2701 cum
1683 2661 1841 2703 com-

239 2736 463 2792 modum
490 2735 685 2801 fuerit;
708 2734 851 2807 quod
881 2736 982 2791 etsi
1005 2751 1111 2792 non
1133 2736 1322 2792 faciam
1350 2779 1364 2803 ,
1393 2752 1501 2793 non
1518 2747 1697 2794 tamen
1726 2739 1843 2796 sine

240 2825 443 2883 Christi
466 2838 812 2883 sacramento
837 2827 977 2883 hanc
1006 2827 1168 2883 vitam
1201 2828 1381 2884 ﬁniam
1401 2870 1416 2894 ,
1448 2844 1516 2884 ne
1540 2828 1680 2885 Deus
1728 2830 1844 2887 exi-

240 2929 330 2991 gat
356 2920 599 2977 animam
648 2936 822 2977 meam
851 2920 919 2978 de
961 2922 1208 2978 manibus
1247 2923 1371 2978 tuis.
1400 2921 1539 2991 Quid
1580 2922 1705 2979 huic
1756 2940 1846 2981 re-

242 3013 621 3084 spondendum
670 3013 1023 3069 existimanti
1060 3015 1142 3070 An
1173 3015 1347 3086 placet
1386 3023 1447 3071 ut
1486 3014 1845 3074 admittatur?

242 3105 434 3161 Absit:
458 3105 615 3162 nullo
638 3105 800 3162 modo
814 3106 1132 3163 crediderim
1153 3109 1206 3163 in
1232 3116 1435 3163 tantum
1456 3123 1550 3165 eos
1571 3111 1841 3182 progredi.

244 3194 382 3263 Quid
407 3211 543 3268 ergo
560 3196 966 3268 respondebunt
987 3198 1103 3253 haec
1123 3198 1358 3266 dicenti,
1391 3208 1446 3256 et
1470 3199 1687 3256 addenti
1702 3200 1846 3272 quod

244 3288 376 3344 nihil
406 3289 510 3344 sibi
536 3288 608 3346 de
633 3288 932 3346 idololatria
945 3289 1291 3361 relinquenda
1316 3290 1503 3347 saltem
1531 3291 1637 3348 dici
1663 3292 1846 3350 debuit

244 3386 375 3435 ante
402 3379 740 3452 Baptismum
760 3422 777 3449 ,
799 3380 938 3437 sicut
956 3380 1089 3437 nihil
1120 3380 1243 3437 inde
1272 3390 1397 3437 ante
1425 3396 1575 3438 mare
1602 3382 1845 3441 Rubrum

245 3471 477 3543 populus
503 3472 597 3528 ille
618 3472 827 3545 primus
844 3474 1083 3543 audivit,
1114 3476 1368 3546 quoniam
1389 3476 1474 3532 lex
1501 3475 1608 3532 hoc
1636 3477 1840 3548 habet,

244 3578 406 3635 quam
435 3579 505 3621 ex
531 3563 770 3637 Egypto
784 3565 896 3637 jam
935 3565 1192 3623 liberatus
1216 3568 1456 3639 accepit.
1488 3568 1737 3626 Proiecto
1759 3571 1846 3627 di-

247 3654 387 3713 cturi
424 3661 556 3710 sunt
601 3654 807 3712 homini
838 3656 1158 3728 :Templum
1205 3658 1299 3714 Dei
1341 3659 1551 3716 iuturus
1580 3676 1672 3728 es,
1722 3677 1845 3719 cum

247 3744 587 3817 Baptismnm
614 3752 923 3819 acceperis;
963 3748 1094 3805 dicit
1136 3758 1313 3806 autem
1358 3753 1679 3822 Apostolus,
1716 3754 1845 3820 Quae

246 3840 550 3909 conpositio
576 3840 767 3913 templo
794 3839 1036 3896 Deicum
1074 3841 1229 3897 idolis
1278 3841 1345 3917 (II
1395 3842 1514 3898 Cor.
1563 3859 1651 3911 vr,
1708 3844 1842 3917 16)?

246 3928 429 3997 Quare
447 3946 579 4001 ergo
595 3947 706 3989 non
722 3931 907 3989 vident
924 3933 1173 3991 similiter
1191 3949 1312 3991 esse
1332 3935 1617 4001 dicendum
1645 3954 1660 3992 :
1684 3937 1847 3995 Mem-

246 4022 405 4078 bmm
433 4022 635 4081 Christi
660 4025 875 4082 futurus
901 4041 961 4082 es
978 4066 995 4093 ,
1023 4041 1147 4083 cum
1181 4029 1452 4098 acceperis
1479 4028 1843 4100 Baptismum;

248 4130 356 4171 non
386 4128 615 4188 possunt
630 4118 876 4175 membra
889 4118 1088 4177 Christi
1109 4135 1230 4177 esse
1245 4122 1485 4178 membra
1511 4124 1848 4180 meretricis?

250 4206 386 4275 Quia
408 4217 468 4264 et
487 4208 595 4265 hoc
612 4211 905 4281 Apostolus
932 4210 1101 4267 dicit:
1126 4213 1215 4283 qui
1238 4214 1415 4269 etalio
1446 4214 1564 4270 loco
1588 4257 1603 4282 ,
1636 4214 1845 4285 Nolite,

251 4297 426 4369 inquit
448 4340 464 4365 ,
491 4316 704 4367 errare;
748 4318 909 4371 neque
948 4303 1314 4373 fornicatores,
1342 4321 1504 4377 neque
1545 4306 1698 4362 idolis
1742 4323 1853 4363 ser-

248 4391 474 4459 uientes,
522 4400 580 4448 et
605 4401 801 4451 extera
845 4408 967 4465 quae
1008 4393 1118 4451 illic
1145 4403 1465 4462 enumerat,
1518 4414 1731 4470 regnum
1752 4398 1852 4455 Dei

250 4485 604 4557 possidebunt.
634 4486 744 4543 Cur
763 4502 895 4558 ergo
918 4486 987 4542 ad
1008 4487 1337 4558 Baptismum
1362 4487 1520 4544 idolis
1555 4490 1853 4547 servientes

250 4593 363 4635 non
403 4578 775 4646 admittimus,
823 4587 881 4636 et
904 4579 1258 4637 fornicatores
1305 4580 1668 4638 admittendos
1693 4591 1851 4654 puta-

252 4687 374 4729 mus
393 4716 411 4741 ,
441 4688 568 4730 cum
587 4681 643 4730 et
679 4672 765 4730 his
793 4682 849 4730 et
866 4674 1079 4731 caeteris
1123 4674 1279 4731 malis
1306 4674 1483 4741 dicat,
1511 4674 1579 4730 Et
1607 4677 1716 4732 haec
1738 4678 1853 4749 qui-

253 4767 373 4821 dam
403 4768 606 4837 fuistis,
633 4767 724 4822 sed
743 4767 903 4823 abluti
928 4770 1076 4837 estis,
1121 4769 1211 4823 sed
1236 4769 1538 4838 sanctiﬁcati
1589 4770 1705 4825 estis
1723 4812 1739 4837 ,
1761 4770 1852 4826 sed

246 4861 525 4932 iustiﬁcati
544 4862 664 4916 estis
690 4862 746 4916 in
769 4862 971 4918 nomine
998 4860 1207 4916 Domini
1225 4860 1354 4915 Iesu
1378 4861 1568 4916 Christi
1595 4870 1641 4917 et
1662 4864 1716 4918 in
1736 4864 1852 4934 spi-

255 4955 356 5009 ritu
384 4954 487 5010 Dei
511 4956 673 5011 nostri
699 4955 745 5027 (I
776 4954 895 5011 Cor.
921 4971 1011 5024 Vl,
1045 4956 1113 5011 15
1136 4998 1150 5023 ,
1175 4955 1248 5023 9,
1277 4955 1381 5023 to,
1414 4956 1550 5025 Il)?
1578 4954 1714 5024 Quid
1755 4955 1852 5027 igi-

259 5054 343 5101 tur
364 5062 549 5104 causa
576 5057 663 5105 est
693 5057 752 5103 ut
777 5062 900 5104 cum
929 5058 1165 5118 potestas
1190 5056 1373 5119 pateat
1411 5058 1695 5119 utrumque
1721 5064 1853 5120 pro-

258 5136 508 5206 bibendi,
541 5141 845 5196 venientem
867 5139 935 5195 ad
968 5130 1304 5211 Baptis‘mum
1336 5140 1639 5210 permittam
1689 5140 1855 5196 torni-

200 5288 203 5295 ,
260 5230 463 5285 carium
488 5246 837 5302 permanere,
858 5240 914 5287 et
949 5248 1057 5287 non
1094 5232 1399 5302 permittam
1424 5232 1582 5287 idolis
1617 5234 1855 5289 servien-

200 5309 219 5331 "
262 5330 408 5389 tem;
440 5338 565 5379 cum
592 5332 649 5381 et
675 5324 782 5379 illis
808 5332 865 5379 et
889 5323 996 5379 illis
1015 5323 1120 5379 dici
1141 5322 1354 5379 audiam
1379 5365 1396 5391 ,
1424 5323 1492 5377 Et
1512 5325 1621 5380 lucc
1644 5325 1852 5397 quidam

262 5413 461 5484 fuistis,
492 5417 582 5470 sed
605 5415 769 5471 abluti
814 5414 934 5472 estis
952 5415 978 5469 Ρ
1011 5415 1120 5471 Sed
1149 5430 1215 5472 eo
1241 5425 1526 5471 moventur
1578 5416 1698 5484 isti,
1729 5416 1852 5488 quia

262 5517 449 5580 putant
487 5524 612 5566 esse
654 5509 710 5565 in
757 5515 875 5565 tuto
916 5507 1143 5564 salutem
1191 5522 1418 5577 eorum,
1465 5507 1709 5580 quamvis
1757 5524 1857 5580 per

322 5665 341 5697 ⁸
373 5666 447 5716 sic
476 5665 692 5717 melitris
712 5669 972 5727 πρεξεδε,
1000 5662 1197 5724 Quidam
1220 5662 1432 5727 addunt,
1464 5662 1703 5727 sacrilego
1731 5676 1748 5713 :
1772 5663 1855 5713 alii

262 5734 423 5800 ptem
445 5741 564 5794 pro,
603 5725 911 5790 sacerdotio,
956 5725 1166 5790 habent,
1203 5725 1400 5778 scelere.
1444 5733 1500 5776 At
1524 5725 1675 5789 editi‘,
1699 5728 1856 5778 sacri-

262 5784 395 5858 legio.

1652 306 1855 365 LIBER
1891 298 2096 367 UNUS.

3415 313 3524 374 210

1934 422 2130 493 ignem,
2150 422 2239 494 qui
2267 424 2319 480 in
2348 418 2623 481 Christum
2648 423 2992 493 crediderint,
3009 424 3522 506 Sacramentumque

1934 516 2050 586 ejus
2078 516 2419 587 acceperint,
2450 516 2503 572 id
2530 527 2614 574 est
2636 518 2887 590 baptizati
2919 519 3142 588 fuerint,
3166 524 3374 579 etiamsi
3400 542 3521 581 mo-

1934 622 2052 662 rum
2084 608 2521 679 corrigendorum
2550 610 2620 665 ita
2647 610 2979 681 negligentes
3003 612 3147 679 sint,
3178 624 3235 669 ut
3278 620 3523 687 nequiter

1933 697 2132 753 vivant.
2161 698 2316 755 Unde
2346 715 2473 755 mox
2501 701 2696 757 videbo
2715 742 2731 769 ,
2764 702 2808 756 si
2836 702 2974 758 Deus
2996 702 3227 775 juverit,
3268 707 3396 777 quid
3436 724 3526 764 se-

1933 789 2168 845 cundum
2198 790 2505 862 Scripturas
2533 794 2873 849 sentiendum
2897 795 2986 850 sit.

2006 879 2232 939 CAPUT
2270 882 2409 940 XIII.
2431 916 2504 926 —-
2528 885 2613 941 l9.
2634 885 2967 958 Baptizandis
2995 900 3247 962 prwcepta
3272 907 3470 946 morum
3495 906 3527 947 α

1934 972 2135 1031 Joanne
2164 975 2371 1031 tradita.
2400 978 2481 1031 Ad
2508 980 2911 1051 consequendam
2938 982 3091 1036 vitam
3118 992 3357 1039 aeternam
3390 1000 3529 1053 prte-

1935 1075 2084 1137 cepta
2125 1069 2313 1123 seruari
2348 1069 2505 1139 jussit
2539 1068 2959 1128 Christus.Nunc
3003 1074 3056 1129 in
3098 1074 3198 1131 hac
3232 1076 3529 1146 quiestione

1936 1157 2111 1215 adhuc
2136 1175 2341 1229 versor,
2367 1162 2420 1217 in
2448 1179 2550 1235 qua
2576 1164 2654 1220 eis
2677 1164 2891 1221 videtur
2913 1167 3207 1237 baptizatos
3228 1170 3529 1226 admonen-

1936 1249 2034 1307 dos
2064 1267 2183 1308 esse
2212 1253 2277 1308 de
2306 1255 2545 1310 moribus
2574 1256 2639 1311 ad
2673 1256 3017 1313 christianam
3046 1260 3209 1315 vitam
3251 1261 3530 1331 pertinen—

1937 1344 2099 1411 tibus,
2144 1345 2477 1417 baptizandis
2514 1357 2692 1404 autem
2735 1349 2900 1404 solam
2946 1350 3316 1405 insinuandam
3346 1350 3527 1407 ﬁdem.

1937 1436 2091 1504 Quod
2133 1437 2178 1492 si
2221 1437 2292 1492 ita
2337 1448 2499 1506 esset,
2532 1449 2726 1510 prmter
2760 1449 2867 1495 tam
2909 1441 3074 1497 multa
3116 1459 3237 1513 qua:
3277 1438 3528 1509 diximus,

1939 1542 2049 1583 non
2105 1528 2339 1585 Joannes
2398 1531 2631 1602 Baptista
2694 1533 3029 1589 venientibus
3083 1533 3149 1588 ad
3206 1535 3531 1604 baptismum

1940 1635 2096 1675 suum
2127 1620 2345 1688 diceret,
2378 1621 2645 1677 Generatio
2673 1624 2980 1694 viperarum,
3013 1626 3122 1697 quis
3152 1626 3366 1679 ostendit
3396 1626 3535 1680 vobis

1942 1716 2116 1785 fugere
2142 1716 2204 1767 ab
2231 1714 2308 1768 ira
2334 1718 2581 1771 ventura?
2608 1717 2785 1772 Facite
2808 1735 2925 1789 ergo
2953 1719 3173 1788 fructum
3199 1721 3407 1791 dignum
3438 1737 3539 1790 pw-

1941 1809 2165 1865 nitentia:
2188 1808 2403 1880 (Matth.
2428 1827 2505 1880 ιιι,
2531 1814 2584 1878 7,
2609 1812 2694 1884 8);
2726 1822 2779 1869 et
2808 1821 2999 1867 caetera
3022 1856 3034 1878 ,
3068 1829 3185 1883 qua:
3218 1816 3397 1884 utique
3427 1829 3536 1869 non

1942 1899 2011 1955 de
2042 1900 2165 1968 ﬁde,
2199 1901 2293 1956 sed
2319 1901 2385 1957 de
2410 1904 2565 1959 bonis
2594 1905 2845 1973 operibus
2875 1904 3145 1959 admonet.
3177 1905 3327 1961 Unde
3357 1916 3409 1962 et
3437 1907 3539 1960 mi-

1943 1991 2127 2047 litibus
2160 1992 2479 2061 dicentibus,
2512 1995 2648 2061 Quid
2677 1995 2960 2065 faciemus?
2988 2012 3093 2049 non
3125 1996 3250 2050 dixit
3272 2039 3285 2061 ,
3318 1996 3537 2051 Interim

1944 2083 2148 2139 credite
2175 2094 2230 2139 et
2257 2086 2617 2155 baptizamini,
2645 2094 2764 2157 post
2795 2085 3021 2142 audietis
3059 2087 3184 2157 quid
3224 2087 3397 2142 facere
3437 2086 3536 2142 dc-

1943 2174 2150 2238 beatis;
2183 2175 2277 2230 sed
2320 2184 2443 2231 ante
2482 2176 2635 2243 dixit,
2680 2186 2803 2232 ante
2843 2178 3184 2246 praemonuit,
3215 2186 3273 2231 ut
3314 2185 3539 2233 venturo

1946 2265 2173 2320 Domino
2204 2266 2255 2320 in
2286 2282 2381 2321 cor
2405 2282 2591 2322 eorum
2635 2276 2884 2337 tanquam
2926 2282 3224 2338 prmcursor
3256 2269 3541 2324 mandaret

1943 2356 2085 2413 viam
2115 2375 2129 2410 :
2165 2356 2435 2412 Neminem
2464 2360 2837 2426 concusseritis,
2862 2360 2993 2413 nulli
3021 2359 3328 2414 calumniam
3356 2360 3540 2431 feceri-

1946 2449 2031 2517 tis,
2059 2448 2270 2520 sufficiat
2300 2450 2438 2504 vobis
2466 2450 2773 2519 stipendium
2803 2460 3041 2505 uestrum.
3075 2450 3332 2507 Similiter
3361 2451 3539 2522 publi-

1942 2542 2095 2597 canis
2110 2543 2469 2613 quaarentibus
2482 2543 2608 2615 quid
2626 2543 2802 2600 facere
2822 2544 3101 2611 deberent,
3125 2544 3275 2599 Nihil
3293 2548 3517 2615 amplius

1947 2631 2137 2704 inquit,
2156 2636 2369 2705 exigatis
2394 2645 2577 2705 printer
2602 2653 2755 2706 quam
2780 2637 3107 2692 constitutum
3133 2647 3205 2692 est
3228 2638 3365 2692 vobis
3385 2637 3536 2709 (Luc.

1946 2739 2024 2791 lli,
2056 2724 2221 2781 12-14
2241 2724 2282 2798 ).
2315 2725 2410 2782 llis
2438 2726 2672 2783 breviter
2710 2730 3164 2797 commemoratis,
3199 2729 3540 2800 Evangelista

1953 2817 2102 2891 ('non
2132 2819 2274 2874 enim
2320 2828 2461 2875 totos
2502 2822 2859 2877 catechismos
2889 2823 3127 2879 inserere
3155 2823 3379 2896 debuit)
3411 2825 3543 2881 satis

1948 2909 2270 2981 signiﬁcavit
2300 2913 2567 2983 pertinere
2595 2913 2663 2968 ad
2689 2929 2810 2970 eum
2829 2929 2859 2969 a
2888 2930 2995 2986 quo
3021 2914 3372 2987 baptizandus
3393 2926 3542 2972 catc-

1948 3000 2209 3070 cllzatur,
2237 3002 2433 3059 docere
2461 3013 2517 3060 et
2543 3021 2764 3062 monere
2802 3006 2871 3062 de
2910 3007 3168 3063 moribus.
3196 3008 3349 3075 Quod
3378 3010 3424 3065 si
3454 3025 3546 3065 re-

1949 3093 2293 3163 spondissent
2316 3094 2531 3163 Joanni,
2554 3096 2783 3154 Prorsus
2811 3113 2919 3154 non
2948 3097 3207 3156 faciemus
3230 3098 3435 3156 fructus
3465 3101 3549 3156 di-

1948 3198 2086 3256 gnos
2134 3185 2487 3256 paenitentiae,
2537 3188 2913 3244 calumniaturi
2962 3205 3178 3257 sumus,
3231 3191 3547 3247 concussuri

1949 3290 2159 3343 sumus,
2189 3291 2251 3333 ea
2281 3292 2403 3348 qua:
2435 3279 2593 3334 nobis
2629 3294 2736 3336 non
2767 3279 3029 3336 debentur
3057 3284 3293 3338 exacturi
3333 3299 3544 3353 sumus,

1950 3379 2009 3425 et
2035 3368 2385 3427 nihilominus
2418 3385 2513 3427 eos
2549 3381 2673 3443 post
2701 3373 2839 3429 hanc
2879 3373 3266 3444 professionem
3303 3376 3545 3447 baptiza-

1949 3468 2067 3527 ret;
2098 3476 2197 3517 nec
2238 3463 2315 3517 sic
2357 3471 2538 3519 tamen
2577 3464 2681 3520 dici
2720 3474 2924 3537 posset,
2952 3466 3092 3523 unde
3131 3468 3291 3523 modo
3319 3470 3547 3540 quazstio

1951 3561 2054 3617 est,
2083 3567 2191 3608 non
2217 3567 2337 3609 esse
2365 3555 2622 3625 temporis
2645 3571 2768 3611 cum
2794 3556 3019 3628 quisque
3058 3557 3406 3630 baptizandus
3435 3568 3543 3629 est,

1950 3650 2011 3698 ut
2039 3643 2184 3713 prius
2226 3643 2303 3699 illi
2342 3660 2523 3702 sermo
2550 3645 2644 3703 ﬁat
2670 3647 3121 3718 quemadmodum
3150 3650 3315 3707 vitam
3345 3651 3544 3710 bonam

1950 3747 2109 3805 agere
2136 3734 2347 3792 debeat.

2021 3836 2112 3893 20.
2141 3835 2279 3904 Quid
2307 3837 2421 3909 ipse
2445 3839 2722 3908 Dominus,
2746 3850 2806 3897 ut
2830 3842 2931 3898 alia
2957 3843 3221 3911 omittam,
3251 3861 3372 3902 cum
3394 3848 3461 3902 ab
3480 3862 3547 3904 eo

1950 3928 2103 3987 dives
2132 3930 2223 3986 ille
2249 3942 2518 4003 quareret
2554 3933 2680 4004 quid
2719 3934 2845 3990 boni
2885 3934 3088 3992 faceret
3112 3947 3171 3992 ut
3197 3938 3357 3993 vitam
3386 3950 3548 3995 teter-

1952 4037 2077 4078 nam
2107 4032 2554 4095 consequeretur;
2576 4026 2816 4081 recolant
2838 4026 2964 4097 quid
2991 4029 3365 4098 responderit:
3392 4030 3454 4084 Si
3477 4033 3551 4085 vis

1952 4116 2141 4183 venire,
2174 4116 2365 4187 inquit,
2388 4118 2458 4171 ad
2488 4118 2662 4186 vitam,
2684 4135 2828 4174 serua
2850 4120 3112 4174 mandata.
3141 4122 3211 4176 At
3238 4120 3351 4187 ille,
3386 4122 3550 4188 Quin?

1954 4205 2105 4263 Tunc
2144 4208 2401 4265 Dominus
2440 4211 2878 4266 commemoravit
2914 4221 3181 4283 praecepta
3213 4213 3390 4283 Legis,
3427 4210 3549 4267 Non

1955 4299 2152 4355 occides
2170 4340 2185 4365 ,
2219 4299 2340 4355 Non
2366 4301 2711 4368 machaberis,
2739 4311 2792 4358 et
2819 4311 3032 4358 caetera.
3058 4303 3156 4360 Ubi
3183 4319 3305 4360 cum
3337 4304 3429 4360 ille
3458 4320 3551 4360 re-

1954 4392 2259 4463 spondisset
2303 4393 2422 4449 haec
2462 4410 2521 4450 se
2570 4394 2763 4451 fecisse
2805 4410 2835 4448 a
2876 4395 3155 4465 juventute
3197 4411 3311 4461 sua,
3344 4397 3553 4453 addidit

1956 4482 2116 4538 etiam
2145 4483 2488 4554 perfectionis
2515 4493 2864 4555 prteceptum,
2894 4494 2952 4541 ut
2978 4487 3207 4542 venditis
3234 4489 3346 4543 suis
3375 4488 3551 4543 omni-

1956 4574 2058 4630 bus
2100 4584 2155 4630 et
2204 4575 2256 4630 in
2299 4590 2596 4646 pauperum
2639 4575 3010 4649 eleemosynas
3054 4580 3286 4651 erogatis
3328 4579 3553 4637 haberet

1957 4666 2269 4723 thesaurum
2300 4668 2352 4721 in
2381 4669 2539 4736 coelo,
2570 4677 2624 4724 et
2652 4670 2899 4726 eumdem
2925 4670 3208 4727 Dominum
3238 4683 3554 4743 sequeretur

1958 4760 2175 4835 (Matth.
2198 4777 2309 4828 xix,
2334 4760 2541 4835 I7-2I).
2563 4761 2794 4819 Videant
2822 4763 2984 4835 igitur
3002 4779 3110 4820 non
3134 4764 3184 4820 ei
3206 4765 3407 4820 dictum
3430 4779 3553 4820 esse

1957 4862 2017 4908 ut
2041 4852 2287 4909 crederet
2311 4862 2366 4909 et
2394 4853 2772 4924 baptizaretur,
2800 4871 2905 4926 quo
2930 4856 3045 4912 solo
3070 4856 3337 4925 adjutorio
3363 4864 3553 4925 putant

1958 4942 2046 4999 isti
2078 4944 2258 5000 venire
2286 4945 2557 5001 hominem
2587 4945 2655 5002 ad
2685 4947 2883 5012 vitam;
2913 4947 3007 5002 sed
3035 4963 3245 5003 morum
3285 4954 3551 5017 przecepta

1959 5034 2161 5091 homini
2198 5035 2339 5103 data,
2370 5052 2488 5107 quae
2515 5037 2696 5108 utique
2724 5039 2841 5094 sine
2867 5039 2973 5095 ﬁde
3002 5039 3257 5094 custodiri
3293 5038 3555 5092 observa-

1958 5128 2109 5199 rique
2130 5142 2234 5184 non
2264 5137 2506 5198 possunt.
2530 5128 2642 5184 Nec
2668 5138 2845 5186 tamen
2873 5131 2996 5201 quia
3024 5131 3108 5185 hic
3136 5130 3205 5185 de
3232 5128 3551 5186 insinuanda

1959 5218 2066 5275 ﬁde
2092 5219 2350 5275 Dominus
2379 5219 2589 5276 videtur
2623 5224 2849 5279 tacuisse
2868 5263 2882 5287 ,
2915 5220 3311 5292 praescribimus
3338 5230 3553 5276 nosat-

1957 5326 2062 5382 que
2098 5311 2489 5378 contendimus,
2520 5327 2728 5368 morum
2771 5309 3136 5367 tantummodo
3165 5320 3428 5381 praecepta
3466 5312 3552 5368 di-

1959 5406 2126 5462 cenda
2147 5421 2267 5463 esse
2287 5406 2592 5463 hominibus
2610 5406 2676 5461 ad
2698 5407 2859 5461 vitam
2882 5404 3161 5475 pervenire
3183 5400 3572 5477 cupientibus.{

1958 5497 2195 5570 Utraque
2220 5498 2362 5554 enim
2391 5509 2576 5553 mutuo
2603 5513 2842 5553 connexa
2873 5506 2995 5552 sunt
3015 5539 3029 5562 ,
3062 5498 3200 5553 sicut
3239 5507 3361 5553 ante
3397 5498 3547 5566 dixi;

1959 5592 2081 5662 quia
2110 5606 2281 5661 neque
2306 5589 2519 5645 dilectio
2541 5589 2634 5643 Dci
2663 5596 2836 5659 potest
2864 5604 2982 5644 esse
3005 5589 3055 5643 in
3087 5589 3300 5645 homine
3320 5591 3408 5661 qui
3438 5603 3548 5648 non

1960 5685 2132 5753 diligit
2165 5684 2489 5752 proximum,
2523 5697 2621 5737 nec
2651 5681 2863 5737 dilectio
2890 5683 3117 5756 proximi
3146 5686 3197 5739 in
3225 5701 3290 5743 eo
3318 5684 3409 5753 qui
3439 5697 3549 5739 non

1965 5776 2133 5851 diligit
2156 5777 2341 5831 Deum.
2368 5773 2491 5830 Ideo
2517 5773 2801 5848 aliquando
2826 5778 3047 5835 alterum
3076 5779 3191 5834 sine
3218 5778 3403 5845 altero,
3433 5773 3549 5832 sive
