4046 6332
528 346 638 406 115

526 468 855 526 tinacissime
872 465 1204 521 cohaerentes
1222 504 1237 533 ,
1257 476 1358 519 nec
1377 461 1709 519 emendando
1728 468 1818 516 aut
1834 461 2106 531 pmniten-

523 564 595 621 do
616 570 869 619 mutatos.

595 654 821 712 CAPUT
847 652 987 709 XVI.
1009 653 1182 707 —-27.
1210 651 1376 707 Locus
1398 652 1628 723 Apastoli
1647 650 1895 722 quomodo
1919 647 2113 703 intelli-

520 748 733 822 gendus.
754 747 898 801 Alius
920 745 1150 817 Apostoli
1178 744 1319 799 locus
1343 747 1534 815 frustra
1557 744 1619 798 ab
1644 744 1707 798 iis
1727 744 1996 810 adductus,
2024 742 2113 812 qui

518 843 673 913 ﬁdem
702 842 811 897 sine
829 840 1059 912 operibus
1080 839 1277 894 salvare
1306 839 1503 893 docent.
1520 838 1822 893 Chananaza:
1836 836 1962 906 ﬁdes
1978 852 2106 907 qua—

423 910 455 1030 ;i
519 910 585 993 lis
641 910 988 990 laudatorest.
1055 933 1153 990 Hic
1205 948 1235 987 a
1292 948 1378 987 me
1432 932 1658 987 fortasse
1699 942 1988 1002 qumratur,
2039 930 2107 986 de

515 1028 632 1102 ipsa
656 1027 804 1083 Pauli
826 1026 1052 1097 apostoli
1073 1024 1335 1080 sententia
1357 1024 1482 1093 quid
1504 1037 1604 1093 ego
1625 1023 1871 1088 sentiam,
1900 1031 1953 1076 et
1974 1036 2105 1091 quo-

429 1111 437 1136 ³
513 1134 641 1175 nam
676 1117 837 1173 modo
866 1115 1266 1186 intelligendam
1294 1124 1494 1185 putem.
1526 1113 1738 1180 Fateor,
1771 1112 1893 1166 hinc
1914 1113 1931 1143 ί
1975 1111 2106 1166 mal-

506 1212 620 1269 lem
657 1210 842 1266 audire
881 1208 1318 1280 intelligentiores
1367 1216 1525 1276 atque
1567 1205 1854 1270 doctiores,
1895 1204 1984 1273 qui
2027 1204 2104 1257 sic

511 1319 631 1361 eam
656 1307 961 1372 exponant,
992 1308 1053 1355 ut
1081 1300 1173 1354 illa
1200 1299 1379 1354 omnia
1399 1313 1525 1353 vera
1556 1305 1612 1354 et
1634 1297 1945 1352 inconcussa
1977 1310 2100 1365 per-

508 1402 783 1459 maneant,
823 1406 943 1463 quae
979 1405 1140 1461 supra
1177 1387 1617 1452 commemoravi,
1658 1396 1713 1443 et
1751 1401 2098 1457 quaecumque

508 1487 609 1542 alia
632 1501 737 1542 non
765 1482 1256 1549 commmemoravi,
1280 1482 1471 1552 quibus
1496 1479 1832 1551 apertissime
1852 1477 2096 1548 Scriptu-

506 1594 569 1634 ra
587 1585 813 1635 testatur
831 1577 958 1631 nihil
978 1576 1231 1646 prodesse
1251 1574 1432 1640 fidem,
1453 1573 1553 1627 nisi
1579 1588 1696 1627 eam
1718 1586 1875 1641 quam
1901 1570 2096 1625 deﬁni-

504 1670 582 1724 vit
593 1669 896 1740 Apostolus,
913 1667 967 1722 id
979 1676 1078 1731 est,
1094 1682 1206 1736 qua:
1218 1683 1305 1737 per
1319 1665 1633 1720 dilectionem
1645 1672 1884 1733 operatur
1896 1662 2090 1735 (Galat.

505 1779 562 1832 v,
586 1763 674 1834 6);
716 1763 831 1817 sine
858 1760 1106 1831 operibus
1135 1768 1312 1814 autem
1339 1759 1547 1813 salvare
1577 1772 1682 1811 non
1712 1770 1890 1829 posse,
1923 1770 2094 1825 neque

502 1864 701 1927 praeter
717 1855 913 1925 ignem,
930 1866 1100 1922 neque
1115 1851 1416 1922 perignem:
1429 1850 1549 1920 quia
1562 1848 1605 1903 si
1625 1864 1718 1918 per
1736 1849 1910 1917 ignem
1922 1847 2094 1901 salvat

504 1949 620 2018 ipsa
638 1949 818 2020 utique
832 1949 1020 2003 salvat.
1037 1945 1294 2002 Absolute
1305 1953 1481 2000 autem
1500 1944 1698 1998 dictum
1717 1950 1799 1997 est
1813 1950 1865 1996 et
1885 1949 2088 2011 aperte,

506 2040 644 2110 Quid
667 2041 891 2113 prodest,
914 2041 956 2095 si
978 2040 1112 2093 dicat
1138 2040 1248 2112 quis
1277 2054 1331 2092 se
1352 2039 1505 2107 fidem
1522 2036 1722 2101 habere,
1748 2051 1901 2106 Opera
1917 2045 2087 2087 autem

500 2151 605 2188 non
631 2134 850 2188 habeat?
878 2132 1142 2203 Numquid
1168 2132 1349 2201 poterit
1377 2130 1502 2197 ﬁdes
1522 2129 1716 2184 salvare
1736 2129 1888 2181 eum?
1909 2126 2088 2181 Dicam

500 2233 701 2289 tamen,
732 2240 888 2295 quam
916 2224 1226 2280 brevissime
1254 2231 1461 2292 potero,
1494 2222 1654 2275 etiam
1682 2221 1794 2289 ipse
1818 2218 1945 2288 quid
1972 2231 2091 2272 sen-

501 2317 630 2372 tiam
665 2318 731 2373 de
758 2318 844 2373 illa
872 2318 1134 2374 sententia
1159 2315 1307 2371 Pauli
1336 2314 1562 2384 apostoli
1587 2313 1654 2367 ad
1689 2311 2088 2382 intelligendum

501 2408 703 2465 difficili
723 2426 739 2477 ;
761 2409 1054 2465 dummodo
1079 2406 1226 2473 illud,
1255 2405 1399 2477 quod
1414 2404 1480 2460 ad
1505 2419 1677 2460 meam
1700 2402 2089 2473 professionem

500 2502 1040 2574 attinet',przecipue
1084 2507 1347 2565 teneatur,
1392 2496 1531 2567 quod
1562 2496 1631 2551 de
1670 2496 1768 2550 hac
1805 2509 1893 2549 me
1929 2494 2091 2551 malle

501 2592 613 2649 dixi
656 2592 841 2649 audire
875 2592 1144 2647 meliores.
1187 2587 1611 2644 Fundamentum
1645 2585 1889 2641 Christus
1923 2594 2006 2641 est
2036 2584 2089 2640 in

498 2684 767 2740 structura
792 2683 1065 2739 architecti
1092 2680 1375 2751 sapientis;
1402 2680 1502 2733 hoc
1521 2677 1852 2747 expositione
1876 2691 1982 2731 non
2005 2677 2091 2731 in-

503 2778 651 2850 diget
681 2798 693 2832 :
726 2786 910 2849 aperte
949 2776 1089 2832 enim
1124 2774 1323 2831 dictum
1359 2781 1462 2839 est,
1508 2771 1919 2825 Fundamentum
1955 2771 2090 2825 enim

502 2869 650 2923 aliud
679 2886 822 2923 nemo
849 2877 1007 2938 potest
1034 2882 1217 2937 ponere
1257 2874 1441 2936 praeter
1484 2863 1539 2917 id
1567 2862 1702 2931 quod
1748 2862 1967 2935 positum
1993 2869 2086 2929 est,

498 2958 636 3030 quod
662 2968 733 3013 est
755 2957 984 3012 Christus
1003 2957 1174 3012 .Iesus.
1204 2956 1261 3011 Si
1288 2964 1464 3010 autem
1493 2952 1754 3018 Christus,
1780 2952 1966 3023 procul
1986 2951 2088 3007 du-

498 3049 589 3106 bio
611 3050 742 3105 fides
770 3050 970 3105 Christi
1008 3068 1020 3103 :
1064 3065 1159 3120 per
1189 3048 1346 3103 [idem
1388 3047 1583 3118 quippe
1616 3045 1817 3101 habitat
1842 3045 2089 3102 Christus

497 3140 553 3196 in
570 3142 822 3197 cordibus
849 3142 1069 3205 nostris,
1093 3140 1233 3196 sicut
1253 3138 1393 3195 idem
1418 3137 1694 3209 apostolus
1720 3136 1849 3193 dicit
1868 3136 2085 3209 (Ephes.

504 3249 586 3299 ιιι,
620 3232 732 3305 17).
762 3233 929 3288 Porro
952 3234 996 3287 si
1026 3231 1158 3287 fides
1193 3229 1415 3296 Christi,
1442 3229 1529 3285 illa
1552 3230 1733 3300 utique
1758 3244 1919 3299 quam
1949 3227 2087 3284 deli-

502 3325 640 3381 nivit
687 3326 994 3396 Apostolus,
1040 3338 1155 3394 qua:
1198 3339 1287 3392 per
1324 3320 1641 3376 dilectionem
1678 3330 1932 3391 operatur.
1968 3319 2085 3375 Non

498 3419 641 3473 enim
675 3418 807 3473 fides
835 3417 921 3472 illa
945 3416 1267 3479 daemonum,
1298 3430 1419 3469 cum
1444 3421 1500 3469 et
1524 3413 1623 3484 ipsi
1645 3413 1863 3469 credant
1886 3421 1941 3468 et
1957 3426 2087 3467 con-

494 3512 830 3574 tremiscant,
862 3517 916 3563 et
944 3507 1137 3563 Filium
1168 3507 1259 3561 Dei
1292 3505 1645 3561 confiteantur
1669 3504 1879 3568 Jesum,
1911 3512 2085 3573 potest

495 3603 668 3671 accipi
708 3602 760 3655 in
801 3600 1166 3655 fundamento.
1207 3600 1406 3665 Quare,
1439 3597 1539 3650 nisi
1565 3596 1688 3665 quia
1715 3610 1821 3650 non
1849 3602 1933 3649 est
1952 3594 2086 3652 ﬁdes

496 3708 616 3763 qua:
657 3706 752 3763 per
789 3691 1132 3745 dilectionem
1171 3695 1447 3757 operatur,
1491 3686 1585 3741 sed
1614 3701 1731 3755 quae
1769 3685 2086 3756 exprimitur

496 3800 596 3855 per
622 3784 904 3840 timorem?
934 3783 1090 3837 Fides
1120 3783 1297 3851 itaque
1321 3780 1538 3845 Christi,
1570 3779 1703 3835 fides
1727 3779 1912 3851 gratia:
1938 3779 2085 3835 chri-

495 3875 704 3941 stianaa,
728 3873 782 3929 id
809 3883 922 3941 est,
955 3888 1015 3929 ea
1040 3872 1169 3928 fides
1192 3887 1311 3942 qua:
1336 3886 1433 3942 per
1462 3871 1802 3928 dilectionem
1835 3880 2087 3943 operatur

498 3965 672 4037 posita
698 3966 749 4020 in
771 3965 1115 4020 fundamento
1140 3964 1407 4018 neminem
1446 3963 1620 4033 perire
1662 3964 1938 4034 permittit.
1975 3964 2085 4021 Sed

498 4056 627 4128 quid
665 4057 738 4112 sit
771 4056 1038 4112 mdilicare
1077 4069 1238 4126 super
1266 4055 1366 4109 hoc
1400 4053 1800 4111 fundamentum
1820 4095 1835 4121 ,
1868 4070 2081 4123 aurum,

492 4156 797 4220 argentum,
830 4147 1034 4218 lapides
1060 4146 1323 4217 pretiosos
1344 4187 1358 4211 ,
1387 4155 1442 4201 ct
1468 4146 1605 4218 ligna
1623 4188 1637 4213 ,
1671 4146 1846 4202 fenum
1867 4187 1881 4212 ,
1909 4148 2083 4219 stipu-

489 4240 622 4307 lam,
655 4241 698 4296 si
725 4240 976 4297 subtilius
1000 4238 1263 4295 disserere
1293 4253 1478 4307 coner,
1514 4254 1703 4295 vereor
1727 4254 1797 4295 ne
1825 4239 1893 4295 ad
1920 4240 2083 4297 intel-

490 4332 761 4403 ligendum
793 4330 1066 4388 difﬁcilior
1105 4330 1175 4385 sit
1210 4330 1323 4402 ipsa
1350 4330 1650 4400 expositio:
1682 4330 1855 4386 enitar
1878 4338 2079 4402 tamen,

492 4434 747 4497 quantum
771 4424 1028 4479 Dominus
1047 4422 1297 4493 adjuvat,
1341 4430 1396 4477 et
1420 4421 1680 4487 breviter,
1723 4431 1779 4478 et
1818 4419 2079 4493 quantum

488 4527 700 4589 potero,
730 4516 963 4573 dilucide
1002 4516 1262 4588 expedire
1294 4514 1437 4587 quod
1475 4517 1673 4573 sentio.
1706 4516 1845 4573 Ecce
1873 4517 1962 4574 ille
1986 4513 2086 4590 qui

488 4610 736 4683 quaesivit
762 4624 792 4663 a
820 4608 1074 4679 magistro
1100 4610 1260 4675 bono,
1279 4607 1405 4679 quid
1427 4607 1552 4663 boni
1578 4606 1798 4677 faceret,
1831 4620 1891 4667 ut
1916 4611 2080 4671 habe-

488 4709 574 4759 ret
593 4701 753 4755 vitam
781 4710 1036 4755 aeternam
1055 4717 1071 4767 ;
1093 4708 1149 4756 et
1167 4699 1387 4767 audivit,
1412 4701 1459 4756 si
1478 4700 1547 4756 ad
1575 4700 1736 4757 vitam
1758 4705 1941 4760 venire
1964 4705 2079 4761 vel-

486 4794 579 4862 let,
606 4793 867 4849 servanda
894 4794 995 4849 sibi
1021 4808 1141 4850 esse
1156 4794 1432 4849 mandata:
1454 4802 1509 4850 et
1529 4810 1648 4851 cum
1673 4806 2078 4869 quaereretque

485 4885 759 4950 mandata,
781 4885 978 4940 dictum
994 4894 1075 4941 est
1090 4885 1161 4952 ei,
1190 4884 1312 4940 Non
1336 4885 1553 4953 occides,
1579 4886 1703 4942 Non
1731 4888 2071 4957 moechaberis,

491 4975 614 5033 Non
637 4980 831 5050 furtum
858 4978 1036 5049 facies,
1068 4977 1188 5032 Non
1208 4978 1396 5048 falsum
1420 4978 1759 5033 testimonium
1780 4979 1936 5047 dices,
1969 4981 2079 5038 Ilo-

485 5087 613 5127 uara
631 5074 826 5137 patrem
851 5079 995 5125 tuum
1013 5078 1061 5124 et
1080 5077 1291 5123 matrem
1309 5078 1474 5135 tuam;
1493 5079 1560 5137 et,
1579 5070 1769 5143 Diliges
1790 5073 2075 5142 proximum

483 5171 631 5216 tuum
654 5172 894 5234 tanquam
919 5173 967 5218 te
1002 5163 1189 5234 ipsum.
1218 5162 1345 5218 Hice
1372 5162 1570 5218 faciens
1610 5165 1663 5220 in
1705 5164 1809 5221 fide
1849 5165 2069 5231 Christi,

484 5262 696 5311 toleret
719 5256 901 5325 procul
923 5254 1086 5310 dubio
1113 5253 1272 5309 fidem
1300 5271 1417 5324 quae
1448 5270 1544 5324 per
1575 5257 1912 5313 dilectionem
1939 5274 2071 5329 ope-

483 5352 657 5401 ratur.
700 5345 880 5418 Neque
916 5348 1059 5402 enim
1097 5347 1345 5415 diligeret
1379 5346 1678 5416 proximum
1721 5356 1973 5419 tanquam
2011 5364 2071 5406 se

485 5439 691 5511 ipsum,
713 5440 814 5496 nisi
837 5450 1048 5511 recepta
1077 5440 1364 5495 dilectione
1394 5440 1515 5504 Dei,
1550 5442 1665 5496 sine
1683 5455 1786 5510 qua
1816 5457 1920 5497 non
1949 5442 2071 5499 dili~

486 5541 637 5604 geret
654 5548 713 5589 se
737 5533 929 5602 ipsum.
957 5532 1124 5587 Porro
1149 5532 1193 5587 si
1218 5530 1419 5587 faceret
1449 5537 1604 5587 etiam
1636 5531 1779 5601 quod
1811 5533 2067 5590 Dominus

549 5690 568 5722 ι
602 5688 734 5751 Apud
755 5694 828 5737 Er.
856 5687 1003 5751 Lugd.
1030 5695 1150 5737 Ven.
1184 5694 1313 5749 Lov.,
1337 5688 1431 5738 hic.
1496 5694 1552 5736 Μ.

547 5753 569 5783 ⁸
601 5748 735 5813 aditi,
752 5748 887 5820 quod
909 5748 974 5799 ad
1012 5761 1169 5820 meum
1192 5748 1555 5820 promissionem,
1572 5751 1754 5806 attinet.
1780 5755 2066 5808 Concinnius

507 5816 615 5903 με,
636 5810 848 5884 mea
866 5824 1026 5872 meum
1038 5810 1377 5881 professionem
1393 5812 1573 5871 attinet.

1492 340 1580 398 DE
1618 340 1776 398 FIDE
1815 340 1907 399 ET
1946 338 2307 409 OPERIBUS,
2350 342 2409 399 S.
2449 344 2818 404 AUGUSTINI

3693 360 3797 421 216

2223 459 2443 527 addidit,
2470 463 2674 531 dicens,
2708 464 2769 519 Si
2804 466 2878 519 vis
2901 466 3151 536 perfectus
3188 481 3316 534 esse,
3344 469 3490 536 vade,
3515 475 3666 530 vende
3685 492 3797 533 Otil-

2221 553 2306 607 nia
2329 570 2442 624 qua:
2468 555 2619 609 habes
2637 598 2651 622 ,
2680 565 2728 610 et
2756 557 2824 610 da
2850 558 3155 628 pauperibus
3172 601 3189 627 ,
3221 568 3268 613 et
3288 559 3491 616 habebis
3515 564 3795 623 thesaurum

2218 646 2273 701 in
2292 647 2455 714 creto;
2486 657 2532 702 et
2560 651 2690 717 veni,
2721 667 2923 721 sequere
2947 668 3025 705 me
3053 651 3270 720 (Matth.
3293 670 3405 721 xix,
3434 654 3650 726 {6-21);
3669 659 3794 715 tedi-

2218 739 2401 797 ﬂcaret
2428 744 2738 813 superillud
2764 744 3165 801 fundamentum
3186 789 3199 811 ,
3245 763 3437 803 aurum
3457 790 3473 816 ,
3506 759 3792 821 argentum,

2218 832 2420 903 lapides
2448 835 2711 905 pretiosos
2739 854 2751 893 :
2781 851 2892 891 non
2921 838 3064 893 enim
3084 839 3345 910 cogitaret
3367 881 3383 904 ,
3409 840 3518 897 nisi
3541 857 3655 913 qua:
3679 854 3799 902 sunt

2216 923 2329 991 Dei,
2357 926 2625 996 quomOdo
2651 927 2887 997 placeret
2907 928 3051 995 Deo;
3084 939 3139 985 et
3162 930 3248 987 hae
3280 932 3630 1003 cogitationes
3653 945 3794 1002 sunt,

2212 1027 2465 1086 quantum
2482 1019 2755 1086 existimo,
2778 1033 2988 1088 aurum,
3003 1032 3302 1093 argentum,
3328 1024 3533 1094 lapides
3553 1025 3797 1094 pretiosi.

2211 1109 2387 1164 Porro
2415 1112 2459 1165 si
2491 1112 2633 1166 circa
2654 1111 2874 1168 divitias
2897 1128 3022 1169 suas
3051 1115 3253 1170 carnali
3271 1114 3503 1186 quodam
3534 1123 3794 1172 teneretur

2217 1199 2429 1267 allectu,
2455 1203 2697 1271 quamvis
2736 1219 2804 1260 ex
2841 1206 2920 1260 eis
2960 1207 3155 1263 multas
3180 1208 3555 1281 eleemosynas
3578 1208 3793 1277 faceret,

2210 1307 2310 1348 nec
2348 1293 2416 1348 ad
2454 1309 2549 1349 eas
2581 1296 2850 1366 augendas
2888 1297 3093 1354 fraudis
3128 1299 3327 1370 aliquid
3361 1300 3671 1370 rapinasque
3690 1316 3800 1357 mo-

2206 1384 2422 1453 liretur,
2465 1398 2558 1443 aut
2593 1406 2780 1448 earum
2821 1394 3226 1449 minuendarum
3263 1395 3350 1451 vel
3387 1394 3798 1452 amittendarum

2205 1490 2350 1535 metu
2377 1483 2428 1536 in
2447 1484 2663 1553 aliquod
2686 1485 2894 1542 facinus
2911 1486 3237 1558 flagitiumve
3259 1488 3798 1559 laberetur(alioquin

2198 1572 2307 1642 jam
2335 1588 2393 1627 se
2422 1573 2524 1628 isto
2554 1576 2714 1630 modo
2742 1577 2810 1631 ab
2835 1577 2974 1632 illius
2998 1577 3331 1634 fundamenti
3357 1579 3646 1635 stabilitate
3668 1580 3800 1636 sub-

2200 1663 2492 1737 traheret),
2521 1666 2615 1721 sed
2647 1675 2863 1738 propter
2887 1670 3180 1737 carnalem,
3208 1679 3266 1724 ut
3290 1670 3421 1736 dixi,
3443 1686 3605 1741 quem
3633 1671 3687 1726 in
3707 1671 3787 1727 eis

2201 1752 2421 1811 haberet
2450 1755 2718 1824 allectum,
2745 1775 2854 1829 quo
2876 1759 3067 1816 talibus
3088 1758 3241 1817 bonis
3261 1765 3378 1817 sine
3397 1760 3587 1816 dolore
3606 1776 3798 1817 carere

2200 1861 2305 1900 non
2334 1858 2545 1917 posset;
2588 1851 2880 1907 aedificaret
2914 1866 3075 1922 super
3111 1852 3519 1908 fundamentum
3566 1853 3697 1909 illud
3729 1853 3800 1908 li-

2198 1952 2323 2008 gna,
2356 1939 2537 1995 fenum
2562 1983 2577 2007 ,
2609 1942 2859 2012 stipulam
2889 1960 2903 1996 :
2935 1945 3167 2000 maxime
3192 1945 3321 2000 si‘et
3345 1960 3570 2000 uxorem
3601 1945 3682 1999 sic
3702 1943 3803 1998 ha-

2198 2032 2377 2098 beret,
2425 2045 2485 2089 ut
2520 2035 2682 2090 etiam
2709 2044 2926 2106 propter
2955 2036 3124 2107 ipsam
3145 2038 3403 2108 cogitaret
3426 2053 3489 2093 ea
3529 2053 3651 2108 quae
3674 2041 3802 2092 sunt

2196 2126 2404 2190 mundi,
2432 2128 2700 2197 quomodo
2728 2130 2964 2198 placeret
2998 2131 3173 2185 uxori.
3202 2130 3326 2185 Haec
3352 2130 3511 2200 igitur
3534 2130 3797 2200 quoniam

2195 2215 2390 2271 affectu
2445 2216 2639 2272 dilecta
2690 2219 2891 2273 carnali
2925 2234 3032 2274 non
3060 2220 3175 2275 sine
3224 2220 3412 2274 dolore
3458 2222 3801 2286 amittuntur,

2194 2316 2477 2379 propterea
2512 2310 2602 2380 qui
2644 2326 2705 2365 ea
2752 2311 2831 2366 sic
2881 2310 3100 2378 habent,
3139 2319 3198 2365 nt
3245 2310 3476 2365 habeant
3514 2310 3568 2365 in
3607 2310 3807 2366 funda-

2194 2412 2376 2459 mento
2417 2404 2577 2460 ﬁdem
2622 2420 2740 2475 quae
2786 2420 2882 2475 per
2922 2403 3263 2460 dilectionem
3308 2412 3593 2473 operatur,
3624 2417 3804 2474 neque

2195 2497 2319 2553 huic
2348 2497 2451 2552 ista
2477 2498 2585 2552 ulla
2615 2498 2824 2553 ratione
2840 2498 2925 2552 vel
2940 2496 3230 2568 cupiditate
3253 2504 3598 2568 praeponam,
3628 2496 3686 2552 in
3710 2509 3804 2553 eo-

2193 2603 2312 2643 rum
2339 2587 2626 2643 amissione
2650 2589 2793 2659 passi
2824 2587 3203 2644 detrimentum
3221 2629 3238 2653 ,
3265 2602 3363 2660 per
3391 2588 3575 2657 ignem
3605 2602 3801 2658 quem-

2193 2680 2316 2736 dam
2345 2680 2546 2736 doloris
2567 2681 2888 2751 perveniunt
2913 2680 2977 2735 ad
3000 2680 3247 2735 salutem.
3277 2681 3318 2734 A
3358 2695 3466 2749 quo
3494 2679 3689 2736 dolore
3715 2688 3800 2734 at-

2193 2788 2297 2844 que
2320 2772 2641 2828 detrimento
2678 2780 2826 2829 tanto
2851 2781 2935 2829 est
2962 2773 3186 2842 quisque
3211 2770 3473 2835 securior,
3503 2780 3708 2841 quanto
3736 2784 3800 2826 ea

2192 2866 2277 2921 vel
2314 2866 2489 2921 minus
2518 2865 2801 2933 amaverit,
2832 2865 2916 2921 vel
2944 2873 3196 2936 tanquam
3222 2878 3330 2918 non
3358 2862 3569 2918 habens
3590 2861 3800 2917 habue-

2190 2958 2281 3014 rit.
2311 2958 2413 3027 Qui
2429 2973 2560 3015 vero
2588 2967 2807 3029 propter
2837 2958 2927 3013 illa
2972 2958 3058 3013 vel
3088 2955 3317 3013 tenenda
3358 2954 3441 3010 vel
3483 2954 3795 3026 adipiscen-

2190 3048 2278 3117 da,
2299 3048 2665 3113 homicidium,
2686 3049 3027 3113 adulterium,
3070 3048 3501 3115 fornicationem,
3550 3047 3786 3102 idolola-

2192 3139 2370 3205 triam,
2394 3148 2450 3196 et
2472 3141 2665 3196 similia
2685 3156 2910 3211 quisque
2928 3139 3280 3207 commiserit,
3303 3152 3409 3194 non
3431 3147 3661 3209 propter
3681 3136 3801 3191 iun-

2191 3230 2501 3287 damentum
2530 3246 2626 3302 per
2649 3231 2827 3302 ignem
2851 3231 3145 3286 salvabitur
3166 3273 3184 3298 ,
3226 3229 3323 3288 sed
3359 3230 3568 3287 amisso
3606 3228 3799 3285 funda-

2189 3332 2395 3391 mento,
2423 3332 2625 3379 aeterno
2656 3324 2776 3395 igne
2806 3323 3157 3395 torquebitur.

2188 3416 2189 3419 “
2259 3413 2350 3470 28.
2379 3413 2739 3481 Quamobrem
2773 3423 2827 3469 et
2878 3415 3006 3469 illud
3049 3414 3191 3485 quod
3230 3413 3434 3481 dicunt,
3466 3415 3637 3470 veluti
3664 3428 3799 3485 pro-

2190 3504 2320 3561 bare
2369 3506 2645 3577 cupientes
2681 3516 2940 3578 quantum
2968 3507 3142 3562 valeat
3187 3507 3299 3561 sola
3336 3506 3493 3574 fides,
3527 3507 3624 3563 ubi
3649 3509 3802 3579 Apo—

2189 3599 2360 3656 stolus
2400 3600 2550 3667 dicit,
2587 3600 2736 3667 Quod
2753 3601 2797 3654 si
2830 3600 3051 3669 inﬁdelis
3098 3599 3329 3663 discedit,
3368 3598 3651 3663 discedat;
3690 3615 3797 3654 non

2188 3702 2261 3748 est
2285 3695 2418 3750 enim
2440 3695 2665 3749 servituti
2698 3693 2950 3764 subjectus
2975 3692 3133 3763 frater
3166 3692 3243 3745 vel
3260 3707 3403 3747 soror
3423 3691 3479 3745 in
3507 3692 3797 3763 Imjusmoe

2189 3786 2283 3860 di(
2308 3786 2327 3841 l
2357 3788 2476 3844 Cor.
2530 3804 2624 3855 vn,
2656 3788 2724 3842 15
2744 3787 2797 3859 );
2830 3787 2883 3841 id
2904 3794 3006 3852 est,
3051 3794 3109 3839 ut
3138 3793 3351 3855 propter
3396 3783 3559 3839 ﬁdem
3589 3784 3800 3840 Christi

2188 3882 2347 3938 etiam
2375 3883 2488 3953 ipsa
2514 3896 2649 3936 uxor
2669 3880 2899 3951 legitima
2927 3878 3180 3934 societate
3204 3877 3510 3947 conjuncta,
3542 3880 3669 3933 sine
3700 3878 3792 3933 ul-

2188 3976 2236 4031 la
2248 3975 2404 4047 culpa
2429 3976 2778 4045 relinquatur,
2809 3971 2857 4028 si
2898 3986 3020 4027 cum
3065 3970 3181 4027 viro
3211 3969 3534 4036 christiano,
3566 3978 3799 4041 propter

2187 4066 2292 4123 hoc
2328 4067 2449 4136 quia
2494 4063 2818 4121 christianus
2854 4070 2960 4130 est,
3006 4075 3326 4132 permanere
3373 4058 3655 4114 noluerit:
3684 4075 3797 4114 non

2185 4156 2548 4213 attendunteo
2567 4153 2728 4210 modo
2752 4153 2896 4208 illam
2917 4151 3216 4209 rectissime
3230 4150 3447 4217 dimitti,
3472 4151 3520 4205 si
3542 4151 3667 4205 viro
3693 4163 3797 4206 suo

2186 4247 2348 4313 dicat,
2372 4245 2489 4303 Non
2518 4259 2613 4300 ero
2657 4260 2794 4301 uxor
2843 4254 2954 4313 tua,
2995 4244 3095 4300 nisi
3122 4243 3256 4298 mihi
3292 4243 3375 4297 vel
3402 4242 3475 4299 de
3500 4242 3796 4299 latrocinio

2182 4338 2396 4395 divitias
2424 4351 2699 4407 congeras,
2726 4347 2821 4393 aut
2833 4336 2936 4393 nisi
2964 4336 3119 4393 solita
3148 4333 3655 4405 lenocinia,quibus
3683 4349 3790 4389 no-

2184 4439 2349 4486 stram
2366 4429 2580 4487 domum
2602 4430 3122 4503 transigebas,etiam
3142 4426 3471 4483 christianus
3493 4440 3794 4493 exerceas;

2185 4532 2277 4579 aut
2302 4524 2348 4579 si
2374 4522 2499 4593 quid
2533 4520 2676 4577 aliud
2707 4522 2792 4577 vel
2835 4520 3189 4577 facinorosum
3230 4520 3315 4576 vel
3365 4518 3706 4589 flagitiosum
3735 4518 3794 4574 in

2183 4617 2301 4673 viro
2324 4616 2601 4680 noverat‘,
2624 4630 2731 4685 quo
2751 4613 3012 4671 delectata
3049 4612 3135 4668 vel
3182 4610 3461 4667 libidinem
3500 4610 3787 4681 explebat,

2183 4708 2268 4764 vel
2290 4707 2496 4763 facilem
2542 4705 2741 4761 victum
2784 4704 3033 4770 habebat,
3065 4702 3152 4759 vel
3190 4702 3347 4757 etiam
3379 4701 3679 4758 incedebat
3699 4716 3794 4757 or-

2183 4802 2376 4857 natior.
2405 4799 2554 4855 Tunc
2582 4799 2725 4855 enim
2767 4798 2853 4853 ille
2879 4798 2965 4853 cui
3017 4796 3118 4851 hoc
3155 4809 3291 4850 uxor
3317 4794 3474 4861 dicit,
3506 4796 3554 4851 si
3583 4795 3795 4852 veracia

2183 4902 2265 4949 ter
2290 4893 2399 4964 egit
2419 4891 2786 4962 paenitentiam
2841 4888 2909 4944 ab
2952 4887 3204 4957 operibus
3256 4871 3513 4954 mortuis,
3563 4888 3791 4958 quando

2180 4987 2407 5043 accessit
2467 4985 2533 5039 ad
2598 4984 2961 5051 Baptismum,
3014 4978 3279 5050 habetque
3322 4978 3374 5031 in
3425 4979 3792 5036 fundamento

2181 5078 2338 5132 fidem
2373 5092 2489 5146 qua:
2514 5089 2611 5145 per
2665 5073 3004 5128 dilectionem
3042 5079 3314 5142 operatur,
3364 5074 3564 5141 procul
3616 5072 3787 5129 dubio

2179 5170 2298 5239 plus
2319 5168 2585 5223 tenebitur
2602 5181 2783 5221 amore
2809 5165 3002 5221 divinae
3023 5166 3227 5238 gratiae,
3252 5180 3411 5235 quam
3439 5167 3630 5222 carnis
3660 5181 3783 5222 uxo-
3822 5240 3825 5243 _

2176 5263 2290 5329 riae,
2315 5270 2369 5318 et
2395 5260 2689 5317 membrum
2717 5259 2859 5328 quod
2880 5275 3002 5315 eum
3029 5258 3371 5323 scandalizat,
3426 5257 3651 5315 fortiter
3671 5276 3777 5315 am.

2176 5366 2343 5429 putat.
2368 5355 2767 5424 Quemcumque
2794 5360 2971 5409 autem
3012 5353 3065 5407 in
3085 5353 3184 5408 hac
3208 5351 3581 5422 diremptione
3620 5353 3783 5410 dolo-

2174 5464 2287 5505 rem
2313 5445 2491 5502 cordis
2543 5453 2763 5515 propter
2793 5446 3059 5499 carnalem
3082 5442 3329 5499 affectum
3368 5443 3628 5513 conjugis
3658 5459 3787 5499 sus-

2176 5540 2379 5603 tinebit,
2410 5538 2512 5592 hoc
2548 5547 2629 5591 est
2671 5535 3046 5591 detrimentum
3087 5533 3228 5605 quod
3271 5526 3533 5603 patietur,
3576 5534 3667 5590 hic
3695 5544 3781 5591 est

2176 5633 2309 5705 ignis
2336 5647 2429 5701 per
2449 5645 2606 5700 quem
2640 5627 2760 5682 feno
2780 5628 3136 5705 ardenteipse
3157 5627 3474 5681 salvabitur.
3500 5628 3561 5682 Si
3592 5637 3786 5684 autem

2169 5701 2276 5797 jam
2307 5725 2379 5779 sic
2412 5721 2640 5777 habebat
2690 5736 2908 5776 uxorem
2952 5701 3199 5783 tanquam
3232 5733 3340 5775 non
3388 5717 3627 5791 habens,
3665 5734 3781 5781 non

2252 5816 2271 5851 ³
2293 5817 2542 5869 nemcnsis
2563 5821 2666 5881 Ms,
2690 5812 2843 5866 virum
2865 5826 3006 5881 agere
3025 5815 3232 5864 noverat.
3705 5797 3747 5881 ’
