4046 6332
241 372 345 436 ﬂ?

249 502 461 569 propter
482 490 1006 563 concupiscentiam,
1031 488 1127 545 sed
1153 496 1371 559 propter
1389 485 1834 549 misericordiam,

253 604 317 644 ne
342 586 481 642 forte
501 598 626 641 eam
657 584 865 640 salvam
913 581 1134 650 faceret,
1167 581 1399 638 reddens
1452 580 1629 651 potius
1679 596 1841 651 quam

248 683 471 755 exigens
498 679 746 735 debitum
770 678 1083 748 conjugale;
1115 675 1355 747 profecto
1377 689 1476 731 nec
1501 674 1702 730 dolebit
1723 689 1842 730 car-

249 775 461 838 naliter,
517 787 644 828 cum
689 772 760 827 ab
806 771 899 826 illo
933 770 1037 826 tale
1089 760 1412 825 cdnnubium
1465 768 1839 839 separabitur:

250 883 420 939 neque
441 865 586 922 enim
608 865 663 920 in
694 881 759 921 ea
790 867 807 898 ⁸
835 864 1119 935 cogitabat,
1147 864 1249 918 nisi
1275 879 1395 934 quae
1419 872 1542 918 sunt
1567 862 1681 928 Dei,
1708 876 1843 931 quo-

249 960 409 1015 modo
459 960 697 1031 placeret
734 955 1043 1030 Deo(Ibid.
1091 956 1329 1027 29-34).
1377 959 1454 1013 Ac
1494 971 1588 1026 per
1636 955 1739 1009 hoc
1786 955 1839 1010 in

250 1062 508 1124 quantum
547 1067 769 1118 aurum,
803 1059 1101 1121 argentum,
1129 1058 1184 1106 et
1226 1048 1427 1119 lapides
1454 1048 1717 1119 pretiosos
1738 1047 1842 1103 illis

246 1144 662 1216 cogitationibus
705 1143 1185 1214 superaediﬁcabat,
1235 1142 1288 1197 in
1319 1151 1521 1197 tantum
1551 1142 1842 1197 detrimen-

248 1245 358 1291 tum
388 1236 598 1291 nullum
628 1245 920 1305 pateretur,
950 1236 1002 1289 in
1018 1245 1222 1290 tantum
1256 1234 1372 1304 ejus
1400 1243 1693 1302 structura,
1720 1249 1839 1305 qua:

247 1347 352 1387 non
382 1339 503 1387 erat
528 1331 701 1395 (enea,
734 1330 884 1385 nullo
911 1324 1157 1385 incendio
1180 1337 1534 1384 cremaretur.

312 1422 551 1479 29.Sive
575 1436 703 1491 ergo
726 1420 778 1475 in
808 1421 906 1475 hac
942 1427 1147 1475 tantum
1176 1419 1283 1475 vita
1318 1419 1421 1474 ista
1465 1418 1709 1475 homines
1734 1432 1837 1488 pa-

245 1515 472 1581 tiuntur,
525 1516 639 1570 sive
667 1514 829 1569 etiam
872 1521 993 1583 post
1043 1512 1180 1568 hanc
1224 1512 1386 1567 vitam
1439 1512 1560 1566 talia
1595 1510 1839 1581 quaedam

241 1606 441 1676 judicia
493 1606 910 1675 subsequuntur,
942 1619 1049 1659 non
1077 1604 1351 1669 abhorret,
1404 1612 1658 1674 quantum
1698 1603 1839 1659 arbi-

245 1709 378 1765 tror,
408 1714 439 1753 a
468 1700 678 1754 ratione
728 1698 966 1753 veritatis
1008 1698 1111 1752 iste
1136 1697 1436 1752 intellectus
1466 1696 1685 1767 hujusce
1711 1711 1836 1751 sen-

245 1792 446 1849 tentiae.
476 1791 859 1846 Verumtamen
893 1790 1054 1845 etiam
1080 1790 1124 1844 si
1151 1799 1234 1844 est
1259 1790 1419 1855 alius,
1449 1790 1537 1859 qui
1566 1788 1694 1842 mihi
1724 1803 1830 1842 non

244 1884 501 1950 occurrit,
522 1884 697 1953 potius
739 1882 1048 1954 eligendus;
1077 1881 1235 1936 istum
1283 1882 1535 1952 quamdiu
1568 1891 1833 1946 tenemus,

244 1992 350 2032 non
377 1978 621 2047 cogimur
648 1976 830 2031 dicere
885 1975 1093 2045 injustis
1112 2014 1128 2040 ,
1158 1990 1263 2029 non
1294 1974 1539 2037 subditis,
1573 1974 1834 2039 scelestis,

242 2070 639 2131 contaminatis,
691 2067 986 2138 parricidis,
1032 2067 1346 2133 matricidis,
1399 2065 1697 2132 homicidis,
1732 2066 1838 2120 for-

242 2161 596 2225 nicatoribus,
642 2161 998 2216 masculorum
1039 2159 1495 2223 concubitoribus,
1542 2158 1834 2229 plagiariis,

241 2251 611 2317 mendacibus,
630 2251 877 2324 perjuris,
896 2262 949 2307 et
987 2252 1031 2306 si
1058 2251 1184 2322 quid
1233 2251 1374 2306 aliud
1403 2265 1544 2305 sana:
1579 2250 1837 2305 doctrinae

240 2342 581 2409 adversatur,
616 2358 734 2413 qua:
764 2351 847 2397 est
900 2342 1194 2397 secundum
1250 2342 1597 2412 Evangelium
1654 2341 1836 2412 gloria:

239 2434 384 2489 beati
408 2433 503 2490 Dei
537 2435 595 2506 (ι
627 2433 758 2488 Tim.
779 2450 814 2500 ι,
860 2434 981 2489 9-ll
1011 2434 1065 2504 ):
1093 2433 1150 2489 Si
1203 2434 1567 2487 tantummodo
1596 2433 1645 2487 in
1675 2432 1836 2487 Chri-

240 2534 383 2579 stum
412 2524 667 2593 credatis,
714 2535 769 2580 et
822 2534 1215 2579 sacramentum
1263 2524 1520 2595 Baptismi
1547 2524 1663 2594 ejus
1691 2523 1835 2577 acci-

240 2618 420 2690 piatis,
451 2617 661 2674 etiamsi
691 2618 853 2675 vitam
882 2618 1036 2673 istam
1068 2616 1356 2689 pessimam
1405 2634 1511 2672 non
1542 2615 1834 2671 mutaveri-

239 2711 326 2775 tis,
358 2710 494 2765 salvi
525 2712 694 2765 eritis.

305 2803 401 2858 50.
428 2802 585 2859 Unde
612 2818 712 2858 nec
743 2802 830 2857 illa
856 2802 1009 2857 nobis
1053 2803 1248 2857 mulier
1269 2801 1571 2858 Chanancea
1593 2803 1839 2872 przescri-

238 2893 337 2960 bit,
364 2894 490 2964 quia
518 2894 779 2947 Dominus
807 2892 857 2949 ei
901 2893 1042 2964 quod
1096 2894 1309 2964 petebat
1359 2892 1527 2958 dedit,
1565 2909 1685 2947 cum
1713 2900 1838 2946 ante

239 2986 480 3050 dixisset,
513 2983 635 3039 Non
664 2995 737 3039 est
765 2986 949 3040 bonum
974 2986 1150 3040 tollere
1171 3002 1348 3056 panem
1375 2984 1620 3056 ﬁliorum,
1647 2993 1693 3038 et
1717 2986 1837 3038 mit-4

240 3086 341 3132 tere
358 3078 614 3142 canibus;
642 3077 765 3149 quia
795 3078 883 3133 ille
898 3077 1075 3133 cordis
1092 3078 1363 3148 inspector
1390 3086 1648 3133 mutatam
1680 3077 1832 3142 vidit,

242 3169 456 3240 quando
479 3169 737 3224 laudavit.
759 3168 828 3225 Et
852 3168 972 3225 ideo
994 3184 1100 3224 non
1129 3169 1224 3236 ait,
1273 3168 1316 3223 Ο
1338 3170 1507 3236 canis,
1538 3183 1727 3239 magna
1754 3177 1837 3223 est

244 3260 375 3317 ﬁdes
405 3271 495 3316 tua
523 3262 537 3316 l
561 3260 679 3328 sed,
716 3260 761 3315 0
787 3262 984 3327 mulier,
1007 3277 1194 3333 magna
1235 3268 1308 3315 est
1337 3261 1464 3329 ﬁdes
1489 3260 1606 3330 tua(
1642 3259 1834 3314 Matth.

241 3366 338 3420 xv,
358 3352 452 3418 26,
481 3351 556 3407 28
583 3350 605 3423 )
634 3353 647 3406 !
672 3350 890 3407 Mutavit
916 3351 1256 3420 vocabulum,
1287 3352 1412 3421 quia
1463 3360 1722 3406 mutatum
1751 3350 1838 3406 vi-

242 3445 320 3500 dit
366 3444 643 3509 aﬂ‘ectum,
696 3453 858 3515 atque
895 3444 1038 3501 illam
1070 3447 1463 3516 correptionem
1493 3445 1558 3500 ad
1607 3445 1838 3501 fructum

242 3539 556 3609 pervenisse
609 3539 881 3609 cognovit.
923 3538 1085 3594 Miror
1112 3548 1292 3594 autem
1321 3539 1364 3593 si
1397 3539 1637 3594 laudaret
1672 3539 1723 3592 in
1770 3553 1837 3594 ea

246 3631 405 3687 ﬁdem
434 3632 555 3687 sine
596 3632 887 3702 operibus;
932 3632 986 3686 id
1024 3639 1128 3699 est,
1176 3629 1334 3686 ﬁdem
1362 3647 1469 3686 non
1522 3631 1680 3685 talem
1719 3646 1840 3703 quae

242 3726 352 3794 jam
376 3740 475 3796 per
497 3726 841 3781 dilectionem
876 3733 1059 3796 posset
1083 3726 1316 3796 operari,
1348 3725 1504 3780 ﬁdem
1552 3733 1837 3792 mortuam,

244 3826 301 3873 et
326 3818 469 3889 quod
499 3818 735 3874 Jacobus
782 3819 965 3875 dicere
993 3817 1213 3874 minime
1236 3818 1514 3885 dubitavit,
1542 3819 1701 3875 ﬁdem
1731 3834 1839 3875 non

243 3910 678 3969 Christianorum
709 3956 724 3979 ,
770 3914 865 3968 sed
907 3913 1232 3969 daemonum.
1273 3914 1552 3970 Postremo
1593 3915 1640 3970 si
1684 3915 1839 3970 istam

242 4004 604 4063 Cbananazam
641 4008 828 4063 nolunt
866 4008 1162 4080 intelligere
1188 4016 1424 4065 mutasse
1441 4009 1679 4079 perditos
1719 4025 1841 4064 mo-

242 4114 352 4167 res,
377 4101 596 4172 quando
608 4116 731 4157 eam
767 4100 1015 4157 Christus
1044 4102 1439 4158 contemnendo
1467 4111 1521 4158 et
1543 4103 1841 4174 corripien-

242 4191 316 4248 do
360 4192 639 4265 redarguit
667 4211 683 4249 :
710 4207 1072 4265 quoscumque
1120 4193 1420 4250 invenerint
1465 4198 1841 4250 tantummodo

244 4286 503 4355 credere,
558 4287 724 4342 vitam
764 4302 893 4343 vero
935 4287 1413 4358 inquinatissimam
1439 4331 1455 4355 ,
1512 4304 1612 4344 nec
1652 4289 1840 4344 saltem

243 4379 539 4446 occultare,
566 4378 662 4435 sed
676 4380 838 4436 etiam
864 4379 1031 4435 libere
1044 4379 1305 4451 profiteri,
1327 4394 1391 4435 ac
1412 4380 1557 4436 nolle
1587 4390 1798 4437 mutare
1821 4399 1836 4448 ;

243 4482 438 4529 sanent
463 4472 606 4528 ﬁlios
631 4486 841 4538 eorum,
870 4473 916 4528 si
958 4482 1203 4545 possunt,
1254 4475 1392 4530 sicut
1418 4484 1600 4529 sanata
1627 4484 1710 4530 est
1736 4475 1841 4530 ﬁlia

245 4562 567 4619 Chaunum
592 4564 868 4630 mulieris;
890 4580 997 4620 non
1024 4573 1203 4621 tamen
1244 4580 1340 4621 eos
1378 4565 1577 4621 faciant
1602 4566 1840 4622 membra

245 4652 467 4723 Christi,
495 4670 620 4711 cum
654 4655 754 4726 ipsi
780 4669 899 4712 esse
918 4670 1025 4711 non
1048 4656 1297 4713 desinant
1333 4659 1570 4714 membra
1591 4660 1841 4714 meretri-

245 4747 342 4803 cis.
373 4745 513 4802 lllud
554 4761 687 4803 sane
716 4762 821 4803 non
847 4748 1079 4805 absurde
1106 4749 1427 4821 intelligunt,
1453 4765 1575 4806 eum
1620 4766 1842 4821 peccare

248 4839 300 4895 in
322 4838 585 4911 Spiritum
615 4848 883 4907 sanctum,
928 4851 983 4897 et
1006 4856 1125 4898 esse
1152 4843 1269 4898 sine
1295 4843 1449 4898 venia
1477 4858 1627 4898 reum
1654 4845 1841 4900 aeterni

247 4933 470 5004 peccati,
500 4935 591 5005 qui
622 4948 792 5005 usque
830 4935 885 4989 in
934 4936 1093 4992 ﬁnem
1116 4937 1240 4991 vita:
1285 4938 1518 4993 noluerit
1544 4936 1767 4992 credere
1786 4937 1840 4993 in

248 5022 522 5080 Christum
555 5043 569 5080 :
594 5026 689 5081 sed
710 5027 755 5082 si
781 5036 927 5083 recte
956 5028 1332 5100 intelligerent,
1375 5029 1501 5100 quid
1528 5031 1597 5084 sit
1621 5028 1843 5085 credere

250 5114 303 5170 in
339 5115 642 5171 Christum.
681 5117 796 5173 Non
835 5120 979 5173 enim
1028 5119 1128 5174 hoc
1169 5130 1253 5175 est
1292 5121 1488 5177 habere
1536 5122 1843 5177 daemonum

250 5207 432 5275 ﬁdem,
460 5224 583 5279 quae
611 5218 757 5264 recte
792 5219 1001 5266 mortua
1042 5211 1389 5281 perhibetur;
1417 5216 1510 5270 sed
1542 5213 1699 5269 ﬁdem
1721 5229 1842 5285 qua:

249 5313 343 5369 per
366 5299 714 5356 dilectionem
744 5312 1014 5371 operatur.

314 5391 548 5449 CAPUT
586 5391 750 5448 XVII.
780 5395 957 5449 —5i.
999 5395 1366 5467 Argumentum
1403 5402 1596 5469 frustra
1636 5399 1843 5455 ductum

252 5499 311 5536 α
333 5484 593 5555 parabolis
642 5486 958 5540 zizaniorum
984 5496 1034 5542 et
1067 5488 1401 5543 adductorum
1444 5484 1511 5545 ad
1557 5493 1836 5547 convivium

254 5592 342 5643 pro
360 5578 629 5633 obstinatis
668 5578 721 5632 in
766 5588 971 5649 peccato
1018 5580 1343 5635 admittendis
1373 5582 1440 5635 ad
1488 5582 1807 5654 Baptismmn

253 5668 548 5726 Similitndo
593 5673 725 5726 servi
753 5672 967 5726 nolentis
1000 5690 1208 5746 erogare
1249 5675 1491 5730 talentum
1519 5678 1586 5730 ad
1610 5679 1836 5732 eamdem

252 5806 440 5931 “insse
455 5815 561 5860 κει.
584 5815 641 5860 At
666 5807 809 5873 editi,
837 5806 924 5860 tali
940 5808 1158 5876 conjugio
1180 5811 1480 5876 separabitnr
1510 5825 1694 5879 :neqne
1716 5813 1843 5867 enim

379 5902 393 5927 ς

379 5902 393 5927 9

1672 369 1873 425 LIBER
1908 367 2107 427 UNUS.

1953 501 2061 539 rem
2084 484 2298 540 inutilis.
2338 486 2467 555 Qua:
2514 502 2637 544 cum
2679 489 2752 544 ita
2777 490 2905 559 sint,
2935 493 3148 563 quando
3172 494 3306 551 tales
3329 494 3398 551 ad
3426 496 3533 552 Ba-

1950 578 2202 648 ptismum
2250 596 2357 635 nou
2398 580 2749 649 admittimus,
2796 598 2902 639 non
2927 592 3051 640 ante
3079 594 3287 657 tempus
3328 588 3530 644 zizania

1950 673 2179 728 evellere
2200 688 2478 742 conamur,
2512 676 2607 732 sed
2632 678 2880 733 nolumus
2910 678 3148 750 insuper,
3178 680 3316 735 sicut
3338 680 3525 737 diabo-

1949 766 2051 832 lus,
2081 768 2280 822 zizania
2308 770 2574 825 seminare
2605 788 2618 824 :
2650 785 2748 826 nec
2774 771 2843 826 ad
2866 768 3136 827 Christum
3166 771 3408 828 volentes
3438 786 3529 829 ve-

1950 859 2064 913 nire
2085 859 2448 928 prohibemus,
2480 861 2573 917 sed
2600 876 2696 918 eos
2743 861 2811 917 ad
2839 860 3110 919 Christum
3135 864 3318 919 venire
3364 863 3529 932 nolle,

1949 949 2063 1020 ipsa
2089 965 2183 1006 sua
2206 951 2538 1022 professione
2566 954 2968 1010 convincimus:
2992 970 3092 1011 nec
3109 965 3349 1011 vetamus
3377 954 3531 1010 Chri-

1948 1052 2031 1098 sto
2058 1043 2300 1111 credere,
2327 1045 2421 1100 sed
2438 1044 2865 1101 demonstramus
2888 1061 2981 1102 eos
3010 1047 3150 1103 nolle
3171 1046 3381 1103 Christo
3401 1061 3526 1103 cre-

1947 1132 2097 1197 dere,
2129 1134 2216 1203 qui
2266 1135 2345 1188 vel
2377 1134 2694 1189 adulterium
2723 1134 2909 1191 dicunt
2950 1152 3059 1191 non
3091 1151 3211 1193 esse
3254 1136 3395 1208 quod
3440 1137 3533 1193 ille

1947 1223 2263 1279 adulterium
2289 1225 2417 1279 dicit
2438 1241 2576 1291 esse,
2596 1226 2910 1282 velcredunt
2933 1226 3203 1283 adulteros
3229 1228 3345 1299 ejus
3361 1243 3532 1283 mem-

1947 1316 2040 1371 bra
2064 1332 2219 1387 posse
2244 1333 2383 1383 esse,
2405 1334 2540 1389 quos
2561 1334 2657 1390 per
2681 1321 2993 1389 Apostolum
3013 1322 3142 1377 dicit
3169 1337 3389 1392 regnum
3424 1322 3524 1378 Dei

1946 1426 2054 1466 non
2078 1412 2368 1481 possidere,
2396 1422 2451 1467 et
2502 1429 2647 1469 sana:
2696 1414 2954 1470 doctrina:
2981 1414 3270 1480 adversari,
3304 1430 3421 1486 quae
3447 1424 3528 1472 est

1946 1503 2235 1559 secundum
2284 1505 2627 1576 Evangelium
2676 1506 2860 1577 gloria:
2900 1507 3043 1563 beati
3082 1507 3198 1562 Dei.
3243 1506 3396 1563 Unde
3422 1521 3530 1562 non

1945 1603 2071 1649 sunt
2126 1596 2209 1650 isti
2265 1596 2404 1651 inter
2452 1612 2546 1651 eos
2598 1597 2920 1668 deputandi,
2954 1597 3048 1668 qui
3111 1597 3179 1653 ad
3226 1598 3532 1653 convivium

1947 1687 2252 1755 nuptiarum
2288 1698 2551 1743 venerunt
2575 1705 2590 1754 ;
2621 1689 2714 1745 sed
2734 1690 2873 1745 inter
2902 1706 2997 1746 eos
3013 1692 3103 1761 qui
3132 1691 3315 1747 venire
3343 1691 3533 1747 nolue-

1938 1778 2088 1831 runt.
2120 1777 2253 1832 Cum
2291 1779 2434 1833 enim
2468 1780 2567 1850 ipsi
2594 1780 2849 1837 doctrina:
2892 1781 3091 1837 Christi
3132 1781 3331 1837 audent
3367 1797 3529 1852 aper-

1946 1870 2148 1926 tissime
2217 1873 2621 1941 contradicere,
2668 1884 2722 1930 et
2783 1885 2968 1930 sancto
3017 1875 3289 1931 adversari
3351 1876 3529 1932 Evan-

1943 1963 2085 2033 gelia
2110 2004 2125 2028 ,
2150 1981 2254 2019 non
2310 1967 2586 2022 venientes
2631 1967 2961 2037 repelluntur
2984 2008 2999 2031 ,
3038 1967 3134 2023 sed
3179 1968 3362 2023 venire
3399 1982 3533 2023 con-

1945 2063 2208 2110 temnunt.
2240 2056 2339 2123 Qui
2386 2066 2559 2112 autem
2605 2058 2800 2113 saaculo
2860 2059 3047 2113 saltem
3101 2058 3297 2125 verbis,
3314 2058 3527 2115 etiamsi

1946 2163 2050 2200 non
2118 2147 2315 2215 factis,
2357 2150 2709 2218 renuntiant,
2763 2151 2985 2207 veniunt
3035 2151 3251 2222 quidem
3280 2192 3298 2219 ,
3343 2160 3397 2207 et
3445 2152 3531 2206 in-

1943 2249 2026 2295 ter
2070 2239 2302 2295 triticum
2339 2241 2667 2296 seminantur
2695 2283 2711 2307 ,
2743 2251 2798 2297 et
2832 2242 2887 2297 in
2936 2258 3116 2298 aream
3145 2249 3529 2313 congeruntur,

1943 2341 1999 2387 et
2043 2333 2233 2387 ovibus
2289 2342 2661 2404 aggregantur,
2702 2344 2757 2389 et
2808 2335 2940 2389 retia
2989 2333 3260 2402 subeunt,
3291 2344 3348 2391 et
3401 2348 3534 2389 con-

1944 2430 2240 2485 vivantibus
2292 2430 2688 2497 admiscentur;
2727 2431 2824 2487 sed
2876 2430 3021 2487 intus
3050 2432 3164 2488 sive
3204 2429 3422 2497 lateant,
3453 2428 3533 2486 si-

1940 2538 2008 2578 ve
2064 2532 2305 2592 pareant.
2344 2533 2470 2580 tunc
2494 2523 2596 2579 erit
2637 2525 2772 2580 ratio
2795 2524 3057 2581 tolerandi
3082 2525 3128 2579 si
3154 2532 3390 2596 potestas
3406 2523 3530 2579 nul-

1942 2618 1994 2674 la
2018 2626 2103 2673 est
2128 2618 2450 2689 corrigendi,
2507 2633 2607 2675 nec
2632 2618 2792 2675 debet
2815 2633 2936 2676 esse
2985 2618 3333 2690 praesumptio
3364 2630 3527 2688 sepa-

1940 2708 2115 2765 randi.
2140 2709 2483 2766 Absitautem
2514 2710 2672 2766 utsic
2694 2710 3053 2781 intelligamus
3076 2708 3219 2781 quod
3262 2709 3526 2781 scriptum

1943 2810 2046 2868 est,
2072 2801 2138 2856 ad
2173 2802 2476 2859 convivium
2511 2803 2816 2872 nuptiarum
2856 2801 3134 2867 adductos,
3159 2817 3285 2875 quos
3327 2801 3534 2857 inme-

1942 2906 2060 2950 rant
2076 2896 2230 2951 bonos
2254 2905 2299 2951 et
2325 2895 2702 2967 ntalosulattlt.
2725 2912 2856 2964 ml,
2881 2895 2970 2951 24
2980 2896 3061 2967 0),
3088 2903 3148 2952 ut
3165 2910 3261 2953 eos
3278 2894 3534 2952 adduxis-

1944 3002 2006 3044 se
2031 2988 2336 3055 credantur,
2383 2989 2481 3058 qui
2504 3004 2563 3043 se
2616 2989 2788 3044 malos
2815 2995 3255 3060 perseveraturus
3298 2987 3529 3061 professi

1944 3088 2086 3136 sunt.
2122 3081 2368 3152 Alioquin
2394 3081 2491 3150 ipsi
2512 3081 2651 3137 servi
2671 3079 3065 3152 patrisfamilias
3077 3082 3281 3139 zizania
3297 3082 3532 3139 semina-

1944 3182 2155 3239 verunt,
2188 3171 2484 3242 l'alsumque
2529 3175 2632 3227 erit
2675 3172 2824 3228 illud.
2850 3171 3097 3228 Inimicus
3133 3183 3304 3229 autem
3355 3173 3445 3244 qui
3469 3189 3532 3228 ea

1942 3266 2238 3332 seminavit,
2268 3265 2497 3320 diabolus
2523 3264 2639 3337 est(
2668 3263 2755 3319 Id.
2785 3280 2878 3321 xm
2897 3306 2914 3333 ,
2959 3264 3030 3321 39
3060 3263 3102 3336 ).
3131 3264 3239 3321 Sed
3271 3264 3400 3337 quia
3429 3264 3533 3321 hoc

1943 3355 2136 3413 falsum
2160 3372 2279 3412 esse
2307 3373 2413 3414 non
2436 3364 2630 3427 potest,
2656 3355 3137 3411 adduxeruntservi
3161 3356 3319 3411 bonos
3345 3364 3394 3411 et
3415 3372 3530 3410 ma-

1945 3452 2043 3519 los,
2062 3453 2177 3508 sive
2220 3452 2309 3521 qui
2344 3452 2592 3515 laterent,
2615 3449 2730 3505 sive
2764 3450 2856 3520 qui
2895 3449 3004 3521 jam
3033 3449 3269 3518 adducti,
3293 3457 3348 3505 et
3368 3449 3537 3505 intro-

1945 3544 2093 3599 missi
2135 3550 2494 3613 apparerent;
2532 3542 2644 3597 sive
2684 3540 2840 3595 bonos
2888 3550 2936 3595 et
2992 3539 3155 3596 malos
3197 3539 3401 3596 dictum
3448 3548 3536 3596 est

1946 3634 2238 3692 secundum
2288 3633 2570 3705 quamdam
2628 3631 2913 3688 humanam
2966 3632 3447 3697 conversationem,
3479 3631 3535 3688 in

1946 3741 2049 3797 qua
2064 3725 2224 3782 etiam
2271 3725 2307 3779 ii
2332 3724 2422 3794 qui
2456 3724 2693 3780 nondum
2716 3722 3083 3790 crediderunt,
3108 3723 3193 3779 vel
3227 3719 3432 3777 laudari
3446 3720 3533 3777 vel

1946 3820 2235 3890 vituperari
2261 3820 2455 3873 solent.
2482 3817 2636 3874 Unde
2659 3825 2742 3874 est
2756 3817 2914 3874 etiam
2940 3825 2997 3874 et
3032 3815 3163 3871 illud
3189 3814 3330 3887 quod
3350 3815 3536 3871 Domi-

1945 3928 2047 3969 nus
2072 3919 2255 3968 monet
2300 3910 2612 3981 discipulos,
2658 3925 2794 3981 quos
2845 3910 2913 3965 ad
2964 3908 3308 3980 Evangelium
3339 3907 3536 3979 praedi-

1948 4005 2181 4061 candum
2205 4004 2453 4074 primitus
2477 4003 2659 4071 mittit,
2692 4012 2750 4058 ut
2797 4004 2851 4057 in
2880 4017 3268 4073 quamcumque
3292 4001 3540 4059 venerint

1946 4099 2213 4155 civitatem
2235 4138 2250 4165 ,
2279 4105 2521 4168 quserant
2545 4096 2663 4167 quis
2689 4095 2796 4151 illic
2821 4094 3015 4165 dignus
3042 4094 3132 4161 sit,
3162 4103 3220 4149 ut
3240 4093 3381 4163 apud
3410 4108 3534 4149 eum

1948 4193 2207 4258 habitent,
2231 4191 2402 4246 donec
2430 4190 2553 4246 inde
2578 4188 3021 4260 proﬁciscantur(
3050 4187 3138 4243 Id.
3158 4205 3216 4257 ι,
3246 4190 3306 4245 ll
3332 4186 3377 4259 ).
3407 4187 3539 4243 Pro-

1947 4286 2088 4342 lecto
2118 4286 2207 4342 ille
2233 4285 2427 4355 dignus
2453 4284 2574 4354 quis
2597 4284 2719 4348 erit,
2751 4283 2854 4340 nisi
2878 4284 2970 4354 qui
2996 4283 3389 4339 existimatione
3411 4295 3538 4339 suo-

1947 4398 2067 4437 rum
2117 4381 2311 4438 civium
2343 4381 2516 4437 bonus
2544 4380 2867 4438 habebitur?
2886 4389 2942 4438 et
2964 4382 3086 4453 quis
3113 4382 3394 4455 indignus,
3428 4384 3538 4441 nisi

1947 4475 2036 4545 qui
2085 4475 2163 4531 eis
2210 4474 2383 4530 malus
2432 4475 2757 4531 innotuerit?
2785 4476 2864 4531 Ex
2907 4475 3010 4532 hoc
3061 4485 3289 4549 utroque
3337 4494 3539 4549 genere

1947 4567 2169 4621 veniunt
2189 4566 2256 4621 ad
2285 4566 2483 4622 Christi
2541 4565 2722 4633 ﬁdem,
2750 4575 2805 4623 et
2853 4567 2931 4623 sic
2956 4567 3290 4626 adducuntur
3332 4571 3459 4628 boni
3482 4580 3541 4630 et

1948 4657 2074 4713 mali
2103 4674 2116 4711 :
2144 4658 2267 4727 quia
2294 4665 2351 4714 et
2397 4658 2472 4714 illi
2504 4659 2627 4713 mali
2655 4674 2684 4712 a
2725 4659 2949 4716 mortuis
2991 4661 3243 4731 operibus
3270 4664 3537 4734 paeniten-

1949 4752 2077 4808 tiam
2102 4767 2208 4807 non
2259 4762 2528 4809 recusant.
2574 4750 2629 4811 Si
2658 4763 2836 4811 autem
2886 4765 3155 4823 recusant,
3200 4773 3309 4814 non
3336 4759 3537 4816 intrare

1947 4846 2225 4916 cupientes
2246 4846 2597 4916 repelluntur,
2620 4847 2715 4903 sed
2736 4847 2805 4903 ab
2832 4848 3052 4905 introitu
3072 4849 3174 4920 ipsi
3199 4860 3385 4923 aperta
3401 4865 3532 4907 con-

1949 4938 2264 4995 tradictione
2293 4939 2590 4995 discedunt.

2021 5034 2108 5089 '52.
2138 5034 2253 5089 Erit
2288 5050 2416 5104 ergo
2445 5045 2498 5089 et
2526 5049 2715 5090 servus
2744 5036 2832 5091 ille
2864 5051 3108 5102 securus,
3137 5051 3236 5093 nec
3282 5036 3421 5092 inter
3445 5036 3532 5107 pi-
3618 5046 3623 5049 '

1949 5140 2074 5197 gros
2099 5127 2456 5191 damnabitur,
2486 5126 2629 5197 quod
2653 5127 2983 5184 dominicum
3036 5129 3289 5184 talentum
3339 5128 3531 5184 nolue-

1951 5218 2021 5272 rit
2072 5233 2333 5288 erogare;
2366 5219 2793 5289 quandoquidem
2826 5221 2898 5275 illi
2928 5221 3215 5275 noluerunt
3234 5219 3375 5289 quod
3411 5235 3535 5277 ero-

1950 5312 2109 5383 gabat
2144 5314 2405 5382 accipere.
2457 5313 2683 5383 Propter
2732 5314 2851 5368 illos
2894 5313 3037 5368 enim
3074 5312 3190 5368 haec
3238 5313 3533 5370 similitudo

1951 5406 2219 5476 proposita
2243 5415 2344 5461 est.
2375 5404 2503 5479 (Id.
2538 5422 2666 5472 xxv,
2691 5404 2919 5477 14-30),
2948 5404 3039 5474 qui
3066 5404 3252 5461 nolunt
3291 5407 3532 5478 suscipe-

1952 5513 2011 5553 re
2062 5498 2114 5553 in
2155 5498 2391 5554 Ecclesia
2462 5497 2846 5567 dispensatoris
2898 5495 3155 5564 ofﬁcium,
3208 5496 3535 5556 desidiosam

1952 5589 2346 5661 praetendentes
2375 5589 2790 5652 excusationem,
2825 5587 2967 5643 nolle
2983 5603 3042 5645 se
3057 5590 3319 5649 rationem
3341 5591 3537 5649 redde-

1954 5698 2011 5737 re
2044 5683 2111 5737 de
2151 5683 2383 5753 peccatis
2420 5681 2642 5744 alienis;
2676 5680 2764 5751 qui
2809 5681 3031 5737 audiunt
3076 5691 3132 5738 et
3175 5697 3280 5737 non
3312 5683 3529 5749 faciunt,

1934 5764 2005 5831 .id
2034 5786 2134 5841 est,
2163 5778 2492 5847 accipiuntet
2521 5790 2624 5830 non
2656 5776 2903 5831 reddunt.
2937 5774 3068 5832 Cum
3093 5791 3221 5831 vero
3249 5774 3536 5846 diSpensa-

1958 5880 2040 5928 tor
2068 5868 2239 5925 ﬁdelis
2276 5876 2331 5925 et
2373 5864 2621 5944 diligens,
2675 5867 2729 5926 in
2758 5867 3026 5944 erogando
3069 5867 3457 5947 paratissimus,
3482 5871 3547 5945 et

3539 5956 3563 5990 Χ
