4046 6332
480 400 753 455 lucrorum
785 391 1174 450 dominieorum
1224 384 1583 451 avidissimus,
1615 380 1745 437 dicit
1791 376 2055 441 adultero,

478 489 598 548 Noil
643 503 769 545 esse
812 486 1040 551 adulter,
1083 482 1255 542 si’vis
1298 477 1553 551 baptizari
1578 493 1593 542 ;
1622 473 1784 531 crede
1823 470 2060 534 Christo,

478 583 579 656 qui
610 583 713 638 hoc
754 580 896 654 quod
925 578 1055 635 facis
1081 576 1213 633 dicit
1234 590 1355 631 esse
1393 568 1734 635 adulterium,
1772 566 1818 621 si
1843 565 1924 620 vis
1968 564 2065 619 bac

480 676 713 749 ptizari;
742 673 852 730 noli
880 687 1002 730 esse
1047 671 1347 727 metnbrum
1386 663 1701 727 meretricis,
1748 662 1794 719 si
1821 662 1901 715 vis
1939 658 2057 714 ﬁeri

366 852 375 857 Χ
481 769 783 827 membrum
806 767 1001 823 Christi
1029 782 1045 820 :
1077 765 1173 820 itte
1186 773 1363 818 autem
1386 758 1694 849 respondet,
1713 755 1827 811 Non
1849 752 2064 818 obedio,

483 880 591 921 non
618 862 791 918 facio:
824 862 1056 933 ipsenon
1076 859 1188 912 vult
1212 870 1391 911 veram
1419 844 1699 925 pecuniam
1745 846 2067 903 dominicam

483 957 748 1028 accipere,
772 954 866 1010 sed
891 968 1042 1009 suam
1085 952 1262 1022 potius
1297 947 1648 1003 adulterinam
1675 937 2070 997 vultthesauris

482 1026 765 1104 dominicis
794 1047 1103 1116 importare.
1135 1043 1195 1099 Si
1215 1051 1392 1097 autem
1414 1055 1472 1095 se
1490 1026 1761 1093 facturum
1782 1031 2071 1106 proﬁtere-

482 1149 590 1210 tur,
612 1154 712 1196 nec
758 1137 975 1205 faceret,
1032 1151 1129 1192 nec
1172 1143 1358 1206 postea
1400 1131 1639 1202 quolibet
1669 1126 1826 1183 modo
1875 1122 2071 1192 corrigi

484 1241 703 1305 posset;
732 1230 1061 1286 inveniretur
1094 1227 1219 1298 quid
1241 1226 1309 1281 de
1340 1225 1426 1279 illo
1455 1223 1625 1288 ﬁeret,
1655 1235 1723 1275 ne
1750 1218 1868 1273 aliis
1894 1216 2065 1271 inuti-

484 1327 548 1382 lis
573 1333 736 1391 esset,
762 1323 852 1396 qui
870 1322 969 1377 sibi
994 1320 1139 1376 utilis
1187 1333 1303 1374 esse
1347 1331 1453 1372 non
1481 1322 1663 1386 posset
1694 1328 1706 1365 :
1738 1319 1795 1365 ut
1837 1308 1883 1363 si
1934 1307 2071 1362 intra

484 1418 620 1473 retia
642 1417 849 1471 Domini
875 1415 1013 1469 bona
1042 1412 1201 1483 piscis
1232 1408 1403 1465 malus
1445 1414 1609 1473 esset,
1642 1418 1748 1458 non
1788 1410 1964 1456 tamen
1990 1397 2074 1469 pi-

485 1525 608 1566 sces
630 1508 838 1565 Domini
868 1507 950 1563 sui
996 1506 1150 1561 malis
1171 1504 1373 1559 retibus
1398 1501 1657 1565 irretiret;
1683 1498 1783 1551 hoc
1813 1501 1914 1559 est,
1944 1498 2003 1547 ut
2028 1490 2074 1547 si

486 1601 710 1659 haberet
734 1602 787 1655 in
816 1598 1051 1655 Ecclesia
1085 1598 1247 1652 vitam
1269 1593 1484 1661 malum,
1515 1605 1622 1646 non
1651 1597 1829 1643 tamen
1860 1585 1968 1640 illic
1991 1585 2076 1640 in-

487 1697 732 1751 stitueret
756 1692 1053 1749 doctrinam
1082 1690 1295 1744 malam.
1327 1685 1463 1743 Cum
1485 1684 1627 1740 enim
1651 1682 1785 1737 tales
1806 1680 1941 1734 facta
1971 1692 2071 1732 sua

490 1788 611 1842 talia
641 1785 949 1851 defendunt,
981 1784 1066 1839 vel
1094 1784 1144 1838 in
1169 1783 1246 1837 eis
1272 1796 1331 1837 se
1377 1786 1809 1851 perseveraturos
1846 1771 2074 1843 apertis-

488 1883 622 1941 sime
647 1882 956 1952 prolltentes
981 1879 1329 1933 admittuntur
1349 1873 1415 1929 ad
1440 1872 1805 1943 Baptismum;
1837 1865 1967 1923 nihil
1998 1864 2078 1919 vi-

492 1972 649 2029 detur
674 1971 815 2027 aliud
862 1969 1139 2042 pmdicari
1165 1970 1206 2037 ί,
1238 1967 1340 2023 nisi
1392 1958 1740 2020 fornicatores
1767 1968 1821 2017 et
1872 1958 2077 2013 adulte-

488 2082 579 2124 ros
605 2067 763 2123 etiam
784 2079 954 2137 usque
1004 2064 1059 2119 in
1106 2063 1229 2118 vitae
1256 2060 1417 2131 hujus
1465 2058 1624 2114 ﬁnem
1656 2056 1707 2111 in
1739 2070 1800 2111 ea
1842 2051 2078 2123 nequitia

489 2166 904 2230 permanentes,
955 2168 1177 2226 regmtm
1229 2153 1321 2208 Bei
1365 2162 1726 2222 possessuros,
1783 2154 1837 2201 et
1885 2144 2078 2199 merito

490 2249 635 2317 ﬁdei,
663 2264 781 2320 qua:
809 2248 924 2303 sine
951 2246 1200 2323 operibus
1239 2251 1445 2299 mortua
1474 2250 1575 2305 est,
1607 2239 1673 2294 ad
1717 2238 1877 2291 vitam
1923 2242 2078 2289 teter-

491 2357 615 2398 nam
650 2340 981 2410 salutemque
1007 2346 1283 2393 venturos.
1315 2335 1441 2390 Haec
1466 2340 1594 2389 sunt
1618 2330 1756 2385 mala
1783 2328 1934 2392 retia,
1960 2340 2079 2395 qua:

492 2447 683 2491 cavere
729 2432 925 2489 debent
972 2430 1237 2502 praecipue
1285 2427 1579 2498 piscatores
1611 2441 1623 2477 :
1655 2422 1700 2477 si
1764 2429 1943 2475 tamen
1990 2417 2095 2471 illa.

494 2524 803 2594 evangelica
846 2522 1194 2578 similitudine
1220 2520 1510 2590 piscatores
1548 2513 1804 2586 episcopi,
1832 2512 1917 2567 vel
1944 2510 2077 2567 infc-

491 2616 647 2673 rioris
664 2615 866 2672 ordinis
894 2613 1250 2670 Ecelesiarum
1272 2609 1542 2682 praepositi
1571 2604 1899 2676 intelligendi
1920 2612 2077 2669 sunt;

494 2710 619 2781 quia
640 2710 965 2775 dictum'est,
1012 2704 1211 2773 Venite,
1257 2712 1304 2758 et
1332 2702 1519 2775 faciam
1559 2715 1646 2754 vos
1677 2698 1956 2770 piscatores
1982 2695 2080 2750 Ita-

495 2799 951 2872 minum(MuNh.
998 2794 1243 2869 ιν,19).
1296 2795 1518 2851 Retibus
1557 2792 1697 2847 enim
1752 2790 1914 2845 bonis
1961 2785 2082 2856 capi

494 2900 719 2964 possunt
744 2892 923 2963 pisces
941 2898 997 2947 et
1031 2888 1157 2947 boni
1178 2899 1233 2946 et
1259 2887 1385 2943 mali
1415 2901 1429 2951 ;
1475 2885 1677 2941 retibus
1706 2891 1883 2938 autem
1926 2879 2083 2934 malis

496 2985 615 3055 capi
646 2990 754 3040 n'on
792 2989 1017 3053 possunt
1040 2982 1214 3053 pisces
1256 2979 1400 3034 boni.
1443 2977 1703 3043 Quoniam
1740 2974 1793 3028 in
1839 2971 2082 3033 doctrina

496 3076 637 3131 bona
664 3084 721 3132 et
738 3075 914 3131 bonus
937 3080 1112 3146 potest
1140 3087 1265 3129 esse
1291 3070 1382 3141 qui
1409 3068 1555 3124 audit
1606 3075 1660 3122 et
1688 3066 1826 3132 facit,
1869 3073 1923 3120 et
1963 3077 2083 3118 ma-

496 3167 583 3224 lus
608 3167 700 3239 qui
724 3166 871 3223 audit
910 3174 971 3223 et-
1008 3181 1115 3221 non
1163 3163 1289 3219 facit
1321 3181 1333 3216 :
1364 3163 1416 3217 in
1464 3160 1706 3216 doctrina
1751 3171 1879 3213 vero
1921 3155 2079 3221 mala,

497 3269 553 3317 et
580 3262 671 3334 qui
695 3276 1021 3318 eatnveram
1050 3267 1219 3331 putat,
1239 3255 1481 3328 quamvis
1509 3256 1558 3310 ei
1584 3269 1689 3309 non
1719 3251 2081 3322 obtemperet,

499 3353 673 3408 malus
698 3360 811 3419 est;
841 3360 895 3407 et
930 3351 1021 3422 qui
1044 3351 1401 3420 obtemperat,
1425 3346 1576 3418 pejor
1602 3354 1705 3401 est.

569 3442 794 3502 CAPUT
820 3441 1446 3501 XVlll.—35.Prohiberi
1463 3440 1738 3512 pertimui:
1756 3436 1919 3491 malas
1932 3452 1965 3490 a
1987 3434 2091 3489 Ba-

500 3540 685 3611 ptisms
722 3557 825 3595 non
850 3554 1054 3595 novum.
1102 3537 1233 3593 Illud
1272 3551 1401 3591 sane
1427 3534 1668 3589 mirabile
1697 3529 1959 3600 est,un
1983 3528 2091 3582 fra-

500 3641 611 3690 tres
640 3633 728 3703 qui
755 3633 915 3687 aliter
932 3633 1142 3700 sapiunt
1164 3671 1178 3695 ,
1209 3644 1331 3684 cum
1359 3627 1590 3682 debeant
1617 3625 1683 3678 ab
1714 3626 1813 3679 ista
1843 3622 1925 3676 vel
1947 3637 2087 3676 nova

501 3723 586 3781 vel
614 3733 821 3788 vetere,
852 3722 1149 3792 perniciosa
1176 3727 1352 3773 tamen
1381 3716 1634 3785 opinione
1659 3714 1952 3778 discedere,
1986 3711 2089 3781 ipsi

503 3817 723 3889 insuper
744 3817 927 3873 dicunt
952 3830 1140 3871 novam
1168 3828 1288 3870 esse
1307 3811 1628 3877 doctrinam,
1651 3824 1753 3880 qua
1774 3807 2088 3879 nequissimi

504 3910 752 3968 homines
774 3909 831 3965 in
856 3908 968 3965 suis
1007 3906 1217 3979 ﬂagitiis
1246 3920 1307 3961 se
1334 3911 1769 3976 perseveraturos
1798 3900 1849 3955 in
1893 3914 2090 3971 propa-

504 4003 627 4060 tulo
674 4002 984 4074 proﬁtentes
1029 4015 1136 4055 non
1197 3996 1549 4053 admittuntur
1602 3995 1669 4050 ad
1714 3993 2086 4063 Baptismum;

509 4095 659 4167 quasi
686 4078 876 4151 nescio
899 4093 991 4149 ubi
1020 4091 1444 4164 peregrinentur,
1469 4087 1682 4158 quando
1707 4087 2017 4142 meretrices
2036 4092 2093 4139 et

507 4188 828 4253 histriones,
858 4195 913 4244 et
949 4185 1170 4258 quilibet
1207 4181 1298 4239 alii
1326 4181 1552 4253 publicae
1595 4179 1935 4251 turpitudinis
1964 4192 2092 4247 pro-

507 4282 760 4349 liesmres,
785 4282 886 4337 nisi
910 4282 1097 4338 solutis
1118 4289 1209 4335 aut
1231 4278 1486 4348 disruptis
1514 4277 1704 4332 talibus
1729 4273 1956 4331 vinculis
1973 4314 1989 4342 ,
2023 4271 2092 4328 ad

510 4375 799 4430 christiana
840 4381 1173 4431 sacramenta
1216 4388 1320 4428 non
1370 4370 1749 4441 permittuntur
1793 4366 2087 4433 accedere;

509 4468 600 4539 qui
623 4469 807 4539 utique
836 4468 1131 4527 secundum
1172 4467 1394 4522 istorum
1423 4464 1741 4520 sententiam
1781 4474 1970 4518 omnes
1994 4460 2087 4515 ad-

509 4562 883 4627 mitterentur,
915 4561 1017 4617 nisi
1037 4561 1310 4630 antiquum
1344 4565 1400 4614 et
1427 4557 1706 4613 robustum
1736 4570 1939 4611 morem
1963 4568 2091 4609 san-

510 4664 595 4709 eta
622 4651 863 4709 Eedesia
880 4652 1135 4708 retineret
1156 4694 1171 4716 ,
1200 4667 1264 4706 ex
1291 4650 1379 4705 illa
1403 4650 1606 4706 scilicet
1635 4646 1981 4719 liquidissima
2003 4660 2094 4702 ve-

509 4747 669 4803 ritate
692 4746 1012 4811 venientem,
1040 4760 1147 4817 qua
1172 4752 1378 4801 certum
1412 4743 1587 4808 habet,
1608 4742 1845 4812 quoniant
1869 4743 1955 4814 qui
1971 4742 2096 4797 talia

511 4848 669 4911 agant
688 4880 702 4905 ,
733 4854 947 4910 regnum
981 4836 1077 4892 Dei
1104 4854 1207 4891 non
1232 4835 1557 4905 possidebunt
1584 4833 1779 4907 (Galat.
1810 4848 1868 4899 ν,
1897 4833 2049 4889 19-21
2074 4875 2090 4902 ,

510 4941 559 4987 et
600 4931 621 4986 l
660 4931 779 4986 Cor.
820 4946 873 4986 vi
897 4972 913 4999 ,
937 4930 972 4986 9
995 4970 1011 4996 ,
1038 4928 1148 5001 10).
1178 4927 1245 4983 Et
1270 4929 1373 4984 nisi
1400 4929 1604 4999 egerint
1642 4926 1707 4981 ab
1746 4925 1829 4979 his
1870 4925 2096 4979 mortuis

513 5029 767 5099 operibus
805 5026 1169 5099 paenitentiam
1190 5065 1205 5093 ,
1237 5024 1496 5080 accedere
1535 5022 1599 5078 ad
1630 5021 1957 5091 Baptismum
1984 5033 2096 5075 non

510 5122 757 5179 sinuntur
779 5140 795 5179 :
820 5123 866 5178 si
891 5128 1070 5177 autem
1095 5119 1497 5191 subrepserint,
1527 5116 1731 5173 nisich
1757 5124 1940 5186 postea
1971 5130 2095 5171 mu-

514 5215 610 5269 tati
653 5215 862 5286 egerint
880 5216 922 5282 ί,
944 5213 1077 5270 salvi
1118 5226 1240 5269 esse
1278 5226 1385 5266 non
1420 5216 1661 5280 possunt.
1713 5208 1819 5264 Sed
1861 5208 2090 5276 ebriosi,

511 5306 679 5372 nari,
710 5308 975 5377 maledici,
1008 5316 1061 5365 et
1086 5308 1130 5363 si
1155 5322 1257 5379 qua
1286 5305 1387 5359 alia
1416 5304 1539 5358 vitia
1573 5302 1895 5358 damnabilia
1934 5317 2096 5374 aper-

512 5401 583 5457 tis
612 5399 765 5456 tactis
804 5403 1044 5458 convinci
1083 5401 1437 5471 mdarguiqtie
1469 5414 1574 5453 non
1604 5404 1859 5468 possunt;
1891 5410 2094 5466 prmce-

512 5494 619 5565 ptis
644 5503 820 5548 tamen
846 5502 901 5550 et
921 5494 1258 5549 cateehismis
1284 5492 1609 5548 vnlidissime
1632 5490 1984 5561 ﬁagellantur,
2016 5497 2097 5545 at-

513 5600 618 5660 que
662 5599 852 5641 omnes
906 5587 1043 5641 tales
1096 5597 1295 5642 mutata
1351 5586 1403 5640 in
1451 5585 1641 5639 melius
1696 5584 1966 5638 voluntate
2017 5583 2083 5639 ad

579 5727 598 5796 ξ
636 5732 703 5776 tta
718 5734 823 5796 Mss.
851 5723 969 5796 mliti
990 5731 1173 5796 autem,
1340 5722 1560 5795 videntur
1581 5719 1715 5796 aliud
1740 5721 2027 5796 pra’dicare.

542 5863 549 5871 .
574 5786 601 5829 ⁸
633 5788 765 5857 Apud
796 5795 872 5842 Er.
897 5786 1047 5855 Lugd.
1068 5786 1173 5841 ven
1194 5794 1247 5841 et
1268 5794 1399 5855 hoc,
1422 5786 1603 5854 egerint
1626 5786 1967 5855 pwniteutium.
2031 5794 2087 5837 tu.

1434 267 1522 325 DE
1558 263 1715 323 FIDE
1754 260 1844 319 ET
1880 256 2239 330 OPERIBUS,
2266 257 2325 316 S.
2365 258 2736 319 AUGUSTINI

3638 255 3742 315 220

2173 372 2501 446 Baptismum
2531 378 2778 435 videntur
2792 378 3064 435 accedere.
3087 378 3193 436 Sed
3222 379 3269 436 si
3297 378 3432 434 forte
3453 376 3748 446 adulteros,

2174 486 2310 541 quos
2338 488 2444 526 non
2474 473 2559 528 lex
2587 472 2837 540 humana,
2867 473 2963 531 sed
2990 474 3167 530 divina
3194 473 3539 539 eoum,
3570 471 3748 541 idest,

2175 565 2264 635 qui
2286 566 2491 627 alienas
2520 583 2715 625 uxores
2749 577 2998 638 tanquam
3023 583 3147 624 suas
3176 568 3390 635 habent,
3420 565 3753 624 “Hemina

2176 676 2293 731 qua:
2314 661 2521 717 alienos
2563 662 2781 717 maritos
2801 704 2817 731 ,
2839 662 3030 734 θηριωιὶ
3055 661 3409 734 negligentius
3426 659 3637 715 admitti
3660 674 3755 727 so.

2178 753 2288 810 lere
2311 754 2653 813 adverterunt
2675 771 2689 823 ;
2711 771 2776 811 ex
2800 729 3077 813 illis'reetis
3097 729 3491 813 dabanteonari
3514 755 3619 810 ista
3638 769 3760 811 eor-

2178 846 2383 917 rigene,
2412 847 2515 904 hoc
2547 858 2663 917 est,
2695 857 2756 905 ut
2775 850 2939 905 etiam
2980 849 3065 904 isti
3090 863 3198 905 non
3234 848 3621 915 admittuntur;
3652 862 3758 911 non

2178 954 2242 995 ex
2270 938 2355 993 his
2384 940 2558 1010 pravis
2579 941 2667 996 illa
2705 949 2848 998 recta
2888 941 3182 1013 depravare
3201 983 3215 1008 ,
3244 950 3307 997 ut
3329 955 3507 1011 neque
3545 940 3618 999 de
3646 954 3763 995 nvo-

2178 1045 2295 1085 rum
2323 1033 2655 1091 correctione
2674 1034 3078 1091 catechizandos
3105 1050 3226 1092 esse
3257 1042 3512 1091 censeant
3530 1034 3764 1104 Compe-

2181 1132 2379 1191 tentes;
2424 1135 2478 1180 et
2515 1137 2904 1198 consequenter
2934 1144 3123 1184 omnes
3145 1129 3303 1189 etiam
3340 1128 3555 1183 illam
3592 1128 3768 1199 pub“-

2180 1231 2365 1272 carum
2389 1219 2770 1288 turpitudinum
2790 1230 2843 1275 et
2866 1222 3125 1277 scelerum
3148 1221 3504 1293 protessores,
3534 1221 3637 1276 hoc
3661 1229 3762 1289 est,

2180 1310 2509 1376 meretrices,
2536 1311 2774 1378 lenones,
2801 1312 3139 1383 gladiatores,
3160 1328 3222 1369 ac
3243 1314 3289 1368 si
3306 1314 3433 1385 quid
3462 1311 3775 1383 huiusmodi:

2183 1411 2282 1469 est,
2306 1404 2543 1459 etiamin
2575 1404 2681 1461 illis
2709 1406 2863 1461 malis
2905 1416 3281 1477 permanentes
3301 1448 3316 1474 ,
3357 1406 3570 1462 admitti
3603 1421 3768 1477 Opor-

2183 1504 2297 1553 tere
2340 1498 2683 1556 arbitrentur.
2729 1499 2917 1556 Omnia
2958 1501 3153 1571 quippe
3192 1501 3279 1556 illa
3322 1516 3443 1571 qua:
3482 1500 3773 1571 Apostolus

2181 1602 2487 1657 enumerat,
2517 1593 2838 1649 concludens
2858 1635 2872 1661 ,
2899 1597 3137 1665 quoniam
3169 1596 3256 1665 qui
3296 1596 3423 1649 talia
3461 1603 3658 1667 agunt,
3686 1610 3772 1648 re-

2182 1702 2336 1757 gnum
2368 1686 2466 1742 Dei
2492 1705 2591 1743 non
2619 1690 2984 1759 possidebunt;
3023 1692 3113 1761 qui
3148 1690 3523 1747 vehementius
3562 1696 3765 1761 agunt,

2183 1780 2517 1836 manifestata
2561 1784 2661 1838 sibi
2687 1794 3043 1854 congruenter
3068 1786 3408 1856 increpant‘,
3436 1794 3493 1842 et
3519 1784 3773 1841 resisten-

2185 1879 2268 1926 tes
2292 1880 2451 1942 atque
2481 1874 2533 1927 in
2564 1874 2644 1929 eis
2683 1890 2744 1931 se
2774 1891 3149 1945 permansuros
3178 1878 3493 1948 proﬁtentes
3520 1878 3590 1934 ad
3632 1876 3773 1933 acci-

2185 1966 2435 2037 piendum
2465 1967 2794 2039 Baptismnm
2819 1984 2925 2024 non
2954 1970 3261 2025 admittunt.

2260 2081 2484 2137 CAPUT
2524 2081 2742 2136 ΧΙΧ.-
2762 2084 2849 2139 54.
2869 2082 2991 2138 Tria
3008 2085 3205 2157 ﬂagitia
3239 2087 3389 2141 etiam
3412 2085 3768 2157 benigniorum

2185 2173 2443 2228 hominum
2486 2192 2731 2230 consensu
2762 2177 3023 2250 mortifera
3060 2178 3105 2232 et
3134 2178 3654 2233 cxcommunicatione
3675 2194 3776 2251 pu-

2185 2265 2389 2319 nienda.
2435 2264 2581 2322 Unde
2618 2271 2809 2340 factum
2848 2277 2901 2321 ut
2945 2268 3008 2322 de
3047 2268 3346 2323 adulterinis
3375 2268 3628 2341 conjugiis
3672 2286 3776 2323 non

2185 2370 2415 2428 ageretur
2450 2360 2503 2415 in
2533 2362 2867 2418 catec/tismis.
2899 2360 3287 2419 Matrimonium
3314 2379 3427 2418 cum
3452 2362 3774 2433 inﬁdelibus.

2186 2450 2286 2518 Qui
2358 2461 2535 2507 autem
2599 2454 2885 2524 opinantur
2942 2465 3134 2509 cretcra
3194 2454 3553 2525 elecmosyuis
3624 2454 3778 2511 facile

2186 2549 2542 2619 compensari,
2574 2549 2670 2603 tria
2700 2557 2879 2603 tamen
2922 2549 3195 2607 mortifera
3234 2563 3355 2604 esse
3389 2562 3501 2604 non
3530 2546 3780 2603 dubitant

2188 2651 2242 2697 et
2279 2641 2918 2697 cxcommuuicationibus
2945 2640 3237 2711 punienda,
3266 2639 3437 2696 donec
3459 2638 3777 2711 poenitentia

2188 2734 2471 2790 humiliore
2514 2742 2795 2803 sanentur,
2826 2734 3226 2805 impudicitiam,
3268 2733 3652 2801 idololatriam,
3682 2733 3778 2788 ho-

2188 2828 2481 2885 micidium.
2514 2829 2696 2899 Neque
2734 2844 2875 2889 nunc
2915 2844 3048 2900 opus
3092 2837 3175 2885 est
3212 2844 3455 2901 quaerere
3494 2827 3667 2899 qualis
3712 2826 3777 2885 sit

2188 2939 2374 2983 eorum
2403 2924 2502 2978 ista
2531 2923 2813 2990 sententia,
2842 2936 2897 2979 et
2925 2932 3098 2979 utrum
3126 2922 3464 2995 corrigenda,
3488 2938 3556 2979 an
3585 2934 3778 2991 appro~

2187 3017 2361 3074 banda
2383 3060 2397 3084 ,
2427 3033 2494 3073 ne
2528 3033 2661 3089 opus
2690 3027 2997 3089 susceptum
3025 3018 3298 3077 mittamus
3329 3017 3381 3072 in
3410 3017 3626 3089 longum
3651 3029 3778 3086 pru-

2189 3119 2309 3181 pter
2332 3126 2449 3167 eam
2471 3110 2839 3181 quaeStionem,
2873 3126 2992 3180 quae
3016 3109 3137 3164 huic
3158 3108 3499 3167 absolvenda:
3520 3110 3540 3139 ²
3559 3106 3779 3165 minime

2190 3203 2491 3263 necessaria
2527 3211 2626 3263 est.
2654 3200 2862 3258 Sufﬁcit
2890 3201 3032 3259 enim
3057 3243 3072 3268 ,
3098 3202 3220 3272 quia
3242 3201 3285 3257 si
3314 3201 3492 3259 omnia
3524 3214 3629 3257 non
3656 3204 3779 3254 sunt

2190 3296 2517 3367 admittenda
2560 3296 2628 3353 ad
2690 3295 2945 3367 Baptismi
2994 3302 3420 3359 sacramentum,
3475 3294 3613 3349 inter
3661 3290 3779 3349 haec

2192 3390 2368 3451 omnia
2389 3400 2470 3451 est
2486 3390 2805 3447 adulterium
2831 3409 2844 3445 :
2860 3391 2904 3447 si
2931 3399 3107 3465 autem
3124 3389 3220 3451 tria
3238 3388 3325 3443 illa
3338 3386 3452 3445 sola
3469 3379 3783 3453 excipienda

2193 3492 2337 3551 sunt,
2378 3483 2623 3539 etiamin
2666 3483 2748 3540 his
2788 3484 2953 3547 tribus
2992 3490 3077 3543 cst
3112 3480 3466 3548 adulterium,
3494 3477 3638 3541 unde
3679 3475 3781 3535 ista

2192 3573 2481 3645 disputatio
2505 3584 2626 3637 nata
2643 3585 2725 3633 est
2744 3575 2787 3628 ³.

2266 3689 2354 3747 55.
2382 3687 2492 3747 Sed
2519 3689 2766 3759 quoniam
2807 3687 3072 3747 titulorum
3106 3685 3525 3745 christianorum
3562 3697 3781 3748 morm,

2193 3780 2285 3852 qui
2300 3780 2514 3841 ﬁlerunt
2542 3789 2696 3839 antea
2721 3780 2883 3836 etiam
2910 3778 3155 3847 pessimi,
3186 3776 3437 3835 habuisse
3459 3790 3566 3834 non
3588 3774 3785 3833 viden.

2196 3884 2284 3935 tur
2311 3874 2412 3933 hoc
2440 3875 2636 3931 malum
2656 3914 2673 3941 ,
2694 3880 2754 3933 ut
2780 3872 2985 3933 alienas
3002 3886 3198 3929 uxores
3238 3870 3497 3929 ducerent
3526 3867 3655 3933 viri,
3689 3872 3781 3923 aut

2194 3968 2382 4027 alienis
2428 3967 2561 4023 viris
2594 3965 2811 4027 {ciuium
2853 3964 3151 4030 nuberem;
3184 3962 3311 4023 inde
3356 3960 3589 4019 fortasse
3640 3955 3780 4028 apud

2194 4060 2450 4133 quasdam
2497 4058 2765 4121 Ecclesiae
2808 4056 3127 4128 negligentia
3162 4056 3264 4115 ista
3304 4053 3602 4125 subrepsit,
3628 4058 3688 4109 ut
3728 4050 3785 4104 in

2196 4153 2534 4213 eateehismis
2550 4150 3094 4222 Competenliumnec
3130 4155 3497 4220 qumremnw
3524 4161 3628 4207 nec
3661 4159 3783 4216 per-

2197 4257 2503 4309 cutereutur
2524 4247 2545 4280 ⁸
2570 4248 2685 4304 haec
2702 4246 2858 4313 vitia;
2889 4254 3049 4315 atque
3074 4244 3199 4307 inde
3220 4243 3419 4303 factum
3444 4249 3549 4304 est,
3573 4248 3631 4294 ut
3654 4237 3783 4299 inci-

2198 4353 2387 4414 pereat
2409 4351 2465 4401 ct
2488 4340 2698 4401 defendi
2729 4358 2742 4395 :
2771 4354 2892 4410 quae
2920 4347 3101 4395 tamen
3128 4337 3184 4397 in
3210 4334 3492 4405 baptizatis
3511 4345 3634 4389 rara
3659 4334 3783 4395 εμυι

2198 4438 2392 4506 adhuc,
2415 4438 2461 4493 si
2480 4452 2544 4497 ea
2568 4450 2667 4494 nos
2693 4430 3011 4504 negligenda
3028 4444 3137 4489 non
3156 4428 3323 4499 densa
3340 4427 3363 4471 ⁵
3386 4426 3667 4489 iaciamus.
3690 4420 3781 4487 Ta-

2200 4532 2305 4591 lem
2349 4530 2545 4602 quippe
2569 4529 2623 4587 in
2658 4524 2975 4597 quihusdam
3012 4520 3425 4592 negligentiam,
3454 4519 3507 4575 in
3535 4517 3655 4577 aliis
3680 4515 3779 4569 ima

2199 4625 2441 4697 peritiam
2463 4665 2479 4691 ,
2502 4624 2557 4678 in
2594 4621 2715 4677 aliis
2749 4616 3103 4689 ignorantiam
3136 4612 3488 4685 ptolmbilialer
3529 4608 3780 4669 Domitii

2200 4720 2373 4778 somni
2400 4717 2617 4777 nomine
2659 4714 2991 4786 sigmﬁcasne
3017 4709 3329 4779 uitelligitur
3351 4748 3366 4773 ,
3398 4706 3493 4764 ubi
3519 4705 3594 4765 ait
3621 4720 3635 4759 :
3659 4698 3782 4759 Cum

2201 4823 2368 4870 autem
2391 4811 2668 4868 dormirent
2702 4807 2932 4864 homines
2954 4847 2970 4873 ,
3000 4804 3135 4859 reicit
3173 4802 3408 4861 inimicus
3430 4842 3450 4868 ,
3474 4807 3521 4857 et
3548 4808 3781 4867 superse-

2199 4905 2407 4963 m‘nevit
2429 4902 2628 4959 simia
2663 4899 2877 4969 (Matth.
2922 4912 3051 4961 nu,
3074 4895 3192 4965 25).
3218 4894 3354 4951 Hinc
3384 4900 3565 4953 autem
3598 4882 3780 4951 .esisti-

2202 4999 2452 5055 mandum
2481 5005 2697 5053 estnon
2726 5006 2789 5049 ea
2829 4990 3064 5060 primum
3100 4985 3414 5057 apparuisse
3456 4985 3512 5043 in
3548 4976 3782 5041 moribus

2202 5092 2443 5164 quamvis
2462 5089 2722 5145 malorum
2748 5082 3181 5146 Christianorum,
3206 5080 3459 5150 quoniam
3480 5078 3662 5133 beatus
3683 5066 3779 5140 Cy-

2200 5186 2419 5255 prianus
2448 5181 2501 5235 in
2522 5176 2748 5249 cpistola
2771 5175 2840 5231 de
2866 5173 3075 5245 Lapsis,
3102 5187 3227 5228 cum
3260 5168 3595 5241 deplorando
3616 5172 3668 5223 et
3691 5174 3777 5255 ar-

2200 5252 2413 5346 cuendo
2438 5271 2601 5326 multa
2622 5274 3068 5323 commemoraret
3090 5306 3105 5330 ,
3126 5264 3321 5333 quibus
3339 5263 3532 5321 merito
3556 5256 3682 5315 dicit
3700 5252 3778 5307 in-

2201 5341 2563 5440 uisnauonem
2609 5361 2707 5419 Dei
2756 5360 2923 5417 misse
2958 5365 3281 5418 commotam
3304 5399 3325 5424 ,
3358 5365 3416 5413 ut
3457 5341 3769 5413 hitolerablli

2266 5519 2283 5551 ι
2321 5514 2546 5579 Plerique
2579 5519 2705 5579 Ms_s.,
2729 5507 2982 5579 manifesta
3003 5504 3096 5579 sibi
3118 5510 3431 5579 congruenter

2264 5581 2287 5613 ¹
2321 5587 2421 5627 Am.
2444 5569 2517 5624 ἐν.
2546 5581 2597 5625 et
2618 5569 2714 5625 duo
2731 5569 3186 5635 Mss.,'absotvendo.

2267 5643 2288 5676 ³
2320 5643 2394 5691 sic
2415 5646 2520 5690 uss.
2544 5638 2661 5688 aliti
2686 5651 2823 5701 vero,
2846 5644 2975 5689 mota
2990 5639 3077 5686 est.

2267 5705 2290 5737 δ
2321 5705 2393 5752 sic
2416 5710 2521 5751 Mss.
2549 5708 2603 5749 At
2620 5701 2737 5750 editi
2756 5740 2769 5761 ,
2791 5701 3226 5763 repercuterentur.

2273 5768 2295 5808 ⁸
2756 5748 2970 5819 etiam
3001 5764 3250 5826 «meum
3269 5762 3470 5817 veteres
3499 5748 3625 5811 libri-
