4046 6332
517 354 625 417 925

586 472 811 533 CAPUT
824 471 992 529 XXII.
1014 502 1085 513 —
1100 470 1188 527 40.
1214 471 1442 543 Cognitio
1470 470 1561 525 Dei
1577 486 1807 541 quamam
1828 486 1944 526 vera
1965 477 2011 523 et
2029 467 2098 522 ad

512 571 668 627 vitam
694 579 936 625 (eternam
975 567 1279 623 conducens.
1323 563 1655 635 Indulgentia
1684 581 1785 618 non
1812 562 2094 631 obstinatis,

1511 353 1599 411 DE
1637 302 1795 410 FIDE
1833 350 1923 410 ET
1960 338 2323 425 OPERIBUS,
2366 356 2423 415 s.
2464 359 2835 421 AUGUSTINI

3682 376 3795 439 ΞΜ

2207 469 2340 524 male
2384 472 2683 531 intellectus.
2738 478 2998 535 Iudicium
3038 482 3094 537 in
3132 483 3411 557 Scripturis
3451 506 3545 563 pro
3596 504 3791 552 teterna

2203 564 2546 624 damnatione.
2599 572 2678 624 An
2712 572 2808 626 soli
2833 574 3006 642 ﬁdeles
3035 577 3157 630 mali
3196 578 3508 651 intelligendi
3536 584 3636 639 sint
3664 588 3793 644 ituri

511 663 603 719 εεά
631 680 664 718 α
696 672 898 734 peccato
932 660 1269 717 recedentibus
1290 658 1559 730 speranda.
1597 657 1938 729 Nequaquam
1970 671 2099 728 ergo
2201 655 2254 709 in
2282 661 2697 716 resurrectionem
2736 665 2956 734 judicii,
3002 678 3057 721 ut
3084 669 3340 739 judicium
3379 690 3479 729 non
3506 676 3572 730 sit
3595 688 3789 736 (eterna

498 738 665 810 imens
691 753 901 809 incauta
930 752 1172 819 fallatur,
1215 758 1273 805 ut
1308 767 1367 806 se
1395 751 1663 806 existimet
1703 752 1868 808 Deum
1899 765 2097 821 cogno-

509 844 651 901 visse
670 887 685 911 ,
718 845 763 901 si
790 860 914 901 eum
943 843 1047 900 [ide
1068 851 1297 909 mortua,
1325 841 1429 897 hoc
1457 850 1559 907 est,
1589 843 1705 897 sine
1733 842 1888 897 bonis
1913 840 2093 910 operi-

490 922 608 992 rbus
650 936 1002 1002 conﬁteatur,
1055 950 1205 991 more
1250 935 1593 1002 daemonum;
1639 944 1694 991 et
1730 935 1851 991 ideo
1889 949 1947 990 se
1980 932 2090 1004 jam

507 1047 615 1085 non
652 1029 857 1086 dubitet
880 1030 949 1086 ad
975 1030 1138 1085 vitam
1181 1037 1435 1084 aeternam
1463 1044 1582 1086 esse
1623 1038 1900 1084 venturam
1923 1070 1937 1092 ,
1968 1026 2091 1097 quia

505 1121 762 1181 Dominus
786 1122 952 1190 dicit,
985 1120 1110 1175 Htec
1135 1130 1207 1176 est
1226 1130 1392 1175 autem
1416 1122 1518 1175 vita
1554 1130 1742 1176 teterna
1767 1162 1781 1186 ,
1809 1129 1863 1174 ut
1903 1135 2093 1191 cogno-

501 1222 645 1268 scant
688 1223 736 1269 te
780 1231 937 1267 unum
979 1229 1151 1267 verum
1194 1212 1389 1279 Deum,
1438 1222 1484 1266 et
1526 1230 1671 1283 quem
1707 1212 1885 1266 misisti
1908 1209 2085 1265 Iesum

499 1302 754 1359 Christum
780 1304 956 1375 (Joan.
985 1322 1096 1361 xvn
1117 1348 1133 1373 ,
1165 1303 1244 1374 5).
1291 1305 1487 1361 Venire
1519 1305 1714 1376 quippe
1742 1304 1901 1361 debet
1925 1304 2085 1359 etiam

498 1395 627 1452 Illud
657 1399 709 1452 in
735 1408 1003 1464 mentem,
1035 1397 1175 1468 quod
1201 1398 1457 1468 scriptum
1485 1406 1587 1465 est,
1616 1398 1682 1452 In
1707 1399 1801 1452 hoc
1820 1397 2082 1469 cognosci-

496 1478 609 1545 inus
634 1508 745 1545 eum
768 1532 785 1556 ,
830 1491 875 1545 si
900 1492 1138 1544 mandata
1162 1493 1273 1563 ejus
1312 1507 1577 1545 servemus.
1625 1490 1724 1557 Qui
1751 1491 1906 1556 dicit,
1951 1489 2085 1557 Quia

498 1583 709 1655 cognovi
732 1600 865 1650 eum,
894 1592 941 1637 et
979 1585 1223 1638 mandata
1261 1585 1370 1655 ejus
1400 1601 1499 1638 non
1525 1593 1708 1650 servat,
1741 1584 1959 1637 mendas:
1986 1591 2079 1651 est,

495 1672 543 1727 et
563 1675 615 1727 in
640 1676 734 1729 hoc
762 1675 944 1729 veritas
969 1693 1069 1730 non
1103 1684 1175 1729 est
1203 1675 1245 1749 (I
1270 1675 1427 1729 Joan.
1460 1692 1525 1741 tt,
1559 1676 1612 1741 '5,
1645 1676 1723 1747 4).
1754 1675 1819 1730 Et
1845 1691 1911 1730 ne
1931 1676 2079 1745 quis-

495 1781 653 1836 quam
698 1768 963 1823 existimet
999 1768 1247 1824 mandata
1274 1770 1390 1840 ejus
1432 1769 1499 1825 ad
1528 1769 1695 1824 solam
1724 1769 1879 1824 tidem
1911 1769 2078 1840 perti-

495 1874 622 1915 nere
652 1878 666 1914 :
698 1877 998 1931 quanquam
1034 1862 1212 1919 dicere
1254 1862 1355 1918 hoc
1382 1863 1558 1918 nullus
1586 1872 1668 1919 est
1692 1879 1854 1919 ausus
1874 1906 1889 1931 ,
1936 1879 2077 1935 prte-

490 1952 676 2005 sertim
711 1953 833 2023 quia
868 1955 1106 2008 ntandata
1131 1954 1296 2020 dixit,
1328 1972 1445 2026 quae
1471 1973 1538 2013 ne
1566 1956 1900 2012 multitudine
1928 1956 2077 2028 cogi-

490 2043 744 2099 tationem
767 2058 1076 2116 Spargerent
1107 2049 1147 2114 ¹,
1178 2046 1244 2102 1η
1266 2048 1367 2103 illis
1394 2047 1587 2103 duobus
1613 2059 1717 2103 tota
1752 2048 1863 2104 Lea:
1890 2050 2078 2121 pendet

489 2141 535 2187 et
561 2132 834 2206 Propheta:
872 2136 1079 2207 (Matth.
1110 2154 1220 2193 χχιι
1242 2179 1257 2205 ,
1286 2139 1380 2209 40)
1411 2158 1424 2194 :
1457 2140 1579 2195 licet
1607 2149 1753 2195 recte
1774 2139 1879 2195 dici
1909 2142 2076 2211 possit

486 2224 555 2279 ad
582 2227 749 2281 solam
788 2227 945 2283 ﬁdem
975 2230 1244 2299 pertinere
1274 2231 1366 2284 Dei
1398 2231 1677 2296 mandata,
1710 2231 1755 2286 si
1789 2246 1894 2284 non
1924 2247 2071 2286 mor-

487 2322 593 2381 tua,
637 2318 730 2373 sed
760 2319 877 2373 viva
900 2318 986 2374 illa
1012 2320 1333 2391 intelligatur
1360 2319 1493 2375 tidcs
1515 2362 1531 2387 ,
1560 2336 1677 2390 quae
1708 2336 1803 2390 per
1830 2320 2072 2375 dilectio-

484 2424 611 2465 nem
650 2419 939 2482 operatur;
993 2421 1168 2467 tamen
1208 2422 1393 2483 postea
1423 2412 1657 2468 Joannes
1698 2414 1812 2484 ipse
1858 2410 2068 2485 aperuit

483 2501 609 2571 quid
649 2502 885 2568 diceret,
932 2518 1053 2557 cum
1084 2504 1156 2558 ait
1185 2521 1197 2557 :
1228 2502 1343 2557 Hoc
1380 2513 1453 2558 est
1495 2505 1791 2560 mandatum
1817 2508 1927 2577 ejus
1948 2548 1962 2573 ,
2013 2515 2069 2561 ut

482 2590 745 2646 credamus
773 2594 966 2647 nomini
994 2593 1119 2648 Filii
1157 2596 1267 2666 ejus
1293 2592 1422 2649 Jesu
1445 2595 1631 2652 Christi
1654 2640 1670 2666 ,
1706 2606 1757 2653 et
1794 2598 2067 2673 diligamus

480 2680 688 2736 invicem
719 2683 760 2754 (I
782 2684 938 2738 Joan.
971 2702 1048 2752 ιη,
1072 2686 1184 2757 ‘25).

492 2782 495 2785 '
550 2775 641 2828 4t.
674 2775 785 2830 [loc
830 2776 1009 2847 itaque
1037 2778 1288 2849 prodest,
1334 2781 1389 2836 in
1418 2780 1586 2837 Deum
1621 2790 1765 2838 recta
1805 2782 1911 2842 ﬁde
1945 2800 2067 2841 cre-

479 2863 642 2932 dere,
668 2866 845 2923 Deumo
867 2869 1043 2926 colere
1060 2913 1075 2938 ,
1110 2871 1277 2927 Deum
1301 2888 1461 2929 nosse
1484 2916 1499 2940 ,
1532 2882 1592 2930 ut
1613 2884 1668 2931 et
1694 2877 1830 2932 bene
1852 2878 2063 2933 vivendi

478 2958 548 3014 ab
576 2959 668 3014 illo
691 2960 760 3014 sit
779 2962 932 3018 nobis
960 2963 1213 3019 auxilium
1238 3006 1252 3031 ,
1280 2974 1333 3020 et
1357 2967 1401 3021 si
1428 2968 1844 3037 peccaverimus,
1876 2970 1944 3025 ab
1974 2970 2064 3025 illo

479 3051 861 3124 indulgentiam
896 3070 1231 3123 mereamur;
1275 3073 1384 3113 non
1415 3059 1466 3113 in
1498 3058 1651 3115 factis
1688 3076 1806 3132 quae
1832 3061 1945 3116 odit
1974 3077 2064 3116 se-

478 3144 592 3199 curi
638 3157 1079 3217 perseverantes,
1131 3150 1225 3205 sed
1269 3151 1337 3207 ab
1377 3152 1456 3207 eis
1509 3154 1859 3224 recedentes,
1907 3156 2063 3229 eique

478 3234 717 3293 dicentes
735 3280 751 3305 ,
781 3239 893 3311 Ego
914 3240 1025 3295 dimi
1042 3284 1057 3309 ,
1088 3240 1307 3298 Domine
1327 3286 1344 3313 ,
1371 3246 1603 3301 miserere
1627 3250 1765 3314 mei;
1800 3266 1926 3304 sana
1952 3254 2065 3306 ani-

477 3342 612 3381 mam
640 3345 824 3397 meam,
849 3333 1089 3403 quoniam
1122 3338 1324 3407 peccavi
1350 3338 1439 3392 tibi
1470 3338 1639 3410 (Psal.
1667 3340 1843 3414 111,5)
1875 3361 1888 3398 :
1921 3343 2063 3415 quod

476 3432 586 3475 non
615 3420 813 3477 habent
837 3423 922 3479 cui
962 3424 1176 3493 dicant,
1228 3428 1316 3499 qui
1347 3444 1451 3484 non
1491 3431 1546 3485 in
1573 3447 1692 3487 cum
1719 3434 1976 3500 credunt;
2009 3444 2065 3492 et

476 3509 672 3569 frustra
692 3515 875 3572 dicunt
898 3519 989 3590 qui
1015 3535 1135 3575 cum
1166 3530 1275 3576 tam
1300 3522 1459 3593 longe
1478 3525 1545 3581 ab
1574 3526 1662 3582 illo
1683 3529 1810 3597 sint,
1843 3544 1872 3582 a
1892 3531 2063 3600 gratia

476 3603 778 3664 Mediatoris
814 3611 973 3667 alieni
1016 3623 1160 3669 sunt.
1206 3615 1342 3671 Hinc
1371 3618 1461 3673 illa
1490 3621 1650 3676 verba
1687 3632 1811 3678 sunt
1841 3625 1893 3679 in
1921 3625 2061 3683 libro

477 3696 765 3767 Sapientia:
789 3742 804 3768 ,
828 3718 947 3772 qua:
983 3706 1163 3760 nescio
1189 3708 1458 3776 quomodo
1488 3709 1734 3782 intelligit
1759 3716 2062 3783 perniciosa

479 3782 738 3845 Securitas
774 3810 787 3846 :
823 3792 887 3846 Et
924 3796 969 3849 si
1012 3798 1411 3867 pcccaverimus,
1443 3801 1517 3854 tui
1544 3818 1758 3869 sumus;
1807 3808 2059 3876 quoniam

477 3878 683 3935 scilicet
719 3880 915 3937 bunum
947 3893 1001 3940 et
1038 3902 1288 3957 magnum
1320 3889 1599 3946 Dominum
1641 3894 1897 3953 habemus
1921 3939 1934 3963 ,
1968 3900 2059 3971 qui

477 3978 531 4025 et
574 3972 701 4027 velit
747 3983 906 4044 atque
953 3978 1120 4048 possit
1164 3982 1532 4051 poenitentium
1585 3998 1798 4057 peccata
1844 4004 2056 4061 sanare,

476 4078 582 4118 non
623 4066 711 4136 qui
750 4068 968 4125 minime
1009 4071 1203 4127 audeat
1244 4089 1619 4144 permanentes
1649 4081 1703 4136 in
1730 4083 2058 4154 malignitate

476 4152 803 4227 disperdere.
834 4160 1071 4234 Denique
1099 4180 1218 4220 cum
1240 4166 1481 4237 dixisset,
1515 4172 1587 4225 tui
1608 4190 1809 4241 sumus;
1833 4152 2057 4245 addidit,

474 4248 683 4304 scientes
699 4254 973 4321 potentiam
990 4263 1129 4309 tuam
1150 4274 1169 4311 :
1196 4259 1374 4329 utique
1402 4265 1713 4331 potentiam,
1738 4267 1823 4321 cui
1843 4282 1902 4322 se
1928 4268 2058 4324 sub-

475 4339 688 4396 trahere
716 4354 945 4414 nequeat
982 4356 1072 4401 aut
1110 4350 1379 4407 occultare
1408 4363 1672 4423 peccator.
1715 4356 1945 4430 Ideoque
1965 4375 2055 4416 se-

475 4442 627 4488 cutus
649 4434 888 4505 adjunxit
920 4455 934 4491 :
969 4438 1088 4493 Non
1115 4443 1427 4509 peccabimus
1462 4458 1627 4501 autent
1646 4491 1661 4516 ,
1690 4450 1900 4507 scientes
1926 4470 2053 4522 quo-

476 4524 613 4578 niam
641 4526 715 4579 tui
739 4543 911 4583 sumus
932 4529 1156 4600 deputati
1171 4533 1324 4605 (Sap.
1352 4552 1441 4604 xv,
1468 4536 1550 4608 2).
1575 4539 1704 4606 Quis
1724 4542 1867 4597 enim
1896 4543 2055 4615 digne

474 4616 712 4687 cogitans
761 4618 1138 4679 habitationem
1183 4625 1324 4693 apud
1368 4626 1533 4682 Deum
1562 4671 1579 4698 ,
1624 4630 1677 4686 in
1722 4648 1824 4703 qua
1868 4650 2055 4692 omnes

474 4710 938 4781 prurdestinatione
963 4724 1086 4769 sunt
1119 4714 1391 4785 deputati,
1416 4719 1507 4789 qui
1536 4723 1829 4779 secundum
1857 4741 2055 4797 propo-

472 4801 631 4857 situm
658 4804 828 4858 vocati
871 4814 1025 4872 sunt,
1072 4821 1177 4862 non
1218 4808 1447 4864 enitatur
1481 4812 1552 4866 ita
1593 4814 1809 4883 vivere,
1862 4827 1920 4871 ut
1964 4818 2054 4874 tali

472 4891 786 4949 habitationi
833 4898 1131 4966 congruat?
1184 4898 1335 4966 Quod
1368 4916 1494 4974 ergo
1525 4914 1575 4960 et
1622 4905 1856 4963 Joannes
1904 4910 2049 4980 dicit,

474 4983 599 5039 Hinc
618 4986 800 5057 scripsi
824 4988 977 5055 vobis,
1003 4998 1055 5043 ut
1076 5008 1174 5045 non
1204 4996 1412 5063 peccetis
1436 5014 1457 5063 ;
1485 5007 1532 5051 et
1553 4998 1600 5052 si
1624 5001 1735 5069 quis
1754 5005 2048 5074 peccaverit,

470 5078 769 5135 advocatum
815 5082 1055 5138 habemus
1098 5085 1237 5155 apud
1284 5086 1528 5157 Patrem,
1569 5090 1750 5147 Iesum
1795 5094 2051 5151 Christum

459 5169 692 5240 justum;
722 5184 767 5228 et
794 5176 899 5247 ipse
922 5185 996 5230 est
1021 5179 1244 5232 exoratio
1269 5198 1361 5250 pro
1383 5187 1596 5252 peccatis
1612 5189 1797 5243 nostris
1824 5189 1867 5260 (I
1888 5189 2046 5247 Joan.

469 5277 541 5330 ιι,
575 5266 638 5332 1,
669 5267 726 5329 2)
763 5288 774 5323 :
807 5286 909 5325 non
938 5270 989 5327 id
1006 5272 1169 5343 agit',
1202 5282 1261 5328 ut
1280 5289 1399 5330 cum
1420 5281 1703 5337 securitate
1729 5298 2045 5354 peccemus;

468 5357 562 5413 sed
593 5368 651 5413 ut
689 5365 999 5422 recedentes
1022 5385 1049 5421 a
1078 5380 1323 5440 peccato,
1365 5374 1408 5429 si
1441 5377 1582 5447 quod
1615 5379 1902 5435 admissum
1944 5393 2045 5451 est,

468 5458 684 5520 propter
708 5451 852 5508 illum
882 5457 1217 5529 advocatum,
1251 5479 1405 5535 quem
1429 5483 1533 5523 non
1567 5468 1759 5527 habent
1786 5473 2045 5545 infideles,

467 5543 684 5598 minime
707 5545 775 5601 de
802 5548 1119 5621 indulgentia
1151 5556 1512 5627 desperemus.

539 5635 762 5693 CAPUT
792 5640 977 5695 XXIII.
1001 5674 1070 5684 —
1107 5648 1195 5701 42.
1222 5650 1386 5705 Locus
1412 5654 1637 5722 Apostoli
1656 5658 1717 5711 ab
1750 5660 2048 5717 adversariis

532 5752 550 5832 ξ
583 5753 779 5832 ξίξξιιμεε.
792 5755 927 5832 fditi
945 5770 1063 5807 vero
1081 5797 1095 5820 ,
1109 5762 1431 5832 cogitationes
1454 5779 1695 5832 parerent.

528 5813 550 5849 ι
584 5815 699 5868 aditi
718 5852 732 5879 ,
757 5814 856 5881 ait;
879 5831 968 5885 pro
987 5813 1092 5884 quo
1108 5813 1236 5885 nisi,
1253 5813 1368 5891 agit.

2201 748 2478 806 damnatio.
2507 752 2614 809 Nec
2646 755 2714 811 de
2740 756 2824 812 his
2852 759 3008 829 igitur
3031 762 3208 819 verbis
3230 764 3406 820 mitior
3432 767 3535 822 ulla
3552 771 3791 831 conditio

2196 845 2558 911 promittenda
2581 858 2659 903 est
2681 892 2696 915 ,
2725 850 2805 906 sic
2834 852 2885 907 in
2918 854 3086 910 Deum
3118 858 3336 914 credere
3366 860 3688 933 volentibus,
3725 873 3789 922 ut

2196 949 2542 1006 permaneant
2587 942 2639 997 in
2686 946 2905 1015 perditis
2951 948 3187 1006 moribus
3220 970 3232 1007 :
3261 953 3428 1008 multo
3473 954 3651 1011 minus
3700 958 3774 1016 de

2194 1028 2300 1083 illis
2329 1029 2415 1085 ubi
2445 1033 2732 1103 Apostolus
2758 1037 2851 1102 ait,
2884 1038 2981 1105 Qui
3005 1041 3113 1095 sine
3139 1041 3272 1115 Lege
3300 1059 3645 1113 peccauerunt,
3674 1050 3787 1107 sine

2193 1118 2326 1192 Lege
2354 1122 2583 1191 peribunt
2603 1143 2623 1192 ;
2651 1128 2738 1198 qui
2764 1138 2933 1184 autem
2956 1133 3008 1185 in
3035 1132 3167 1205 Lege
3192 1147 3536 1205 peccaverunt,
3568 1157 3658 1211 per
3680 1139 3788 1196 Lu—

2189 1229 2303 1283 gem
2331 1214 2696 1283 judicabuntur
2737 1220 2914 1290 (Rom.
2958 1239 3031 1290 ll,
3067 1225 3192 1295 12);
3242 1236 3491 1299 tanquam
3533 1230 3635 1287 hoc
3660 1233 3784 1289 Ioco

2189 1304 2387 1375 aliquid
2413 1306 2575 1363 distet
2604 1309 2743 1365 inter
2776 1314 2950 1382 perire
2979 1325 3034 1370 et
3052 1317 3279 1386 judicari
3298 1362 3312 1387 ,
3342 1335 3463 1375 cum
3484 1322 3589 1377 alio
3614 1324 3781 1383 verbo

2188 1393 2292 1450 hoc
2316 1397 2457 1452 idem
2485 1399 2839 1471 signiﬁcatum
2867 1406 2956 1461 sit.
2986 1407 3169 1465 Solent
3195 1411 3337 1465 enim
3370 1412 3657 1483 Scriptura:
3681 1415 3776 1486 ju-

2188 1488 2385 1543 dicium
2415 1491 2574 1546 etiam
2617 1510 2712 1564 pro
2739 1504 2938 1551 aeterna
2979 1498 3318 1557 damnatione
3360 1519 3557 1573 ponere
3588 1523 3602 1559 :
3635 1507 3777 1564 sicut

2184 1580 2238 1635 in
2275 1581 2564 1654 Evangelio
2596 1587 2850 1644 Dominus
2888 1591 3156 1662 quuitur,
3194 1593 3366 1650 Veniet
3394 1599 3551 1667 hora,
3593 1600 3646 1654 in
3670 1618 3776 1672 qua

2183 1693 2352 1731 omnes
2388 1678 2476 1747 qui
2498 1689 2615 1733 sunt
2641 1681 2693 1735 in
2718 1686 3050 1740 monumentis
3077 1688 3280 1742 audient
3324 1705 3490 1744 vocem
3529 1693 3675 1763 ejus;
3719 1702 3772 1749 et

2182 1770 2449 1837 procedent
2479 1771 2565 1840 qui
2592 1772 2711 1826 bene
2733 1778 2957 1845 fecerunt
2987 1777 3040 1831 in
3067 1781 3479 1835 resurrectionem
3507 1784 3620 1838 vitta
3636 1802 3655 1849 ;
3682 1786 3775 1856 qui

2180 1870 2348 1915 autem
2373 1863 2505 1917 male
2529 1874 2735 1935 egerunt
2770 1867 2823 1920 in
2851 1871 3261 1925 resurrectionem
3288 1873 3477 1943 judicii
3502 1875 3676 1946 (Joan.
3710 1892 3768 1945 ν,

2180 1951 2271 2018 28,
2295 1953 2410 2028 29).
2445 1955 2625 2027 Neque
2646 1956 2732 2031 hic
2757 1959 2775 1989 ¹
2805 1958 3002 2014 dictum
3029 1972 3133 2029 est,
3162 1962 3275 2018 Hoc
3294 1964 3382 2034 qui
3405 1966 3764 2035 crediderunt,

2178 2044 2309 2099 illud
2348 2054 2522 2101 autem
2573 2049 2660 2118 qui
2703 2065 2809 2103 non
2854 2050 3221 2120 crediderunt;
3261 2055 3391 2122 sed,
3435 2055 3547 2111 Iloc
3579 2058 3656 2111 illi
3678 2058 3771 2129 qui

2177 2136 2298 2191 bene
2316 2149 2522 2208 egerunt
2540 2181 2557 2207 ,
2589 2141 2718 2197 illud
2744 2144 2833 2212 qui
2858 2144 2991 2199 male
3017 2156 3243 2218 egerunt.
3285 2148 3654 2220 Inseparabilis
3678 2160 3767 2207 est

2174 2231 2367 2300 quippe
2397 2231 2535 2285 bona
2577 2233 2680 2287 vita
2709 2250 2739 2287 a
2766 2235 2871 2291 [ide
2898 2253 3017 2307 qua:
3058 2254 3154 2308 per
3192 2239 3530 2297 dilectionem
3572 2258 3769 2313 opera-

2174 2328 2294 2386 tur;
2330 2322 2437 2377 imo
2464 2339 2592 2378 vero
2616 2339 2677 2380 ea
2709 2326 2819 2396 ipsa
2848 2339 2929 2383 est
2958 2329 3095 2384 bona
3125 2332 3250 2386 vita.
3294 2332 3550 2390 Videmus
3580 2336 3766 2408 itaque

2172 2413 2625 2469 resurrectionem
2663 2415 2849 2485 judicii
2890 2417 3088 2473 dixisse
3116 2420 3399 2477 Dominum
3440 2440 3539 2494 pro
3579 2440 3766 2482 resur-

2172 2504 2411 2558 rectione
2452 2503 2810 2562 damnationis
2864 2517 3099 2566 aeternm.
3159 2512 3234 2567 De
3273 2514 3521 2570 omnibus
3562 2517 3763 2588 quippe

2169 2597 2552 2652 resurrecturis
2598 2598 2723 2669 (ubi
2771 2601 2954 2670 procul
3004 2601 3168 2659 dubio
3216 2613 3373 2661 erunt
3411 2608 3570 2663 etiam
3602 2610 3636 2663 ii
3665 2610 3760 2678 qui

2167 2690 2385 2744 omnino
2427 2705 2535 2746 non
2579 2692 2835 2762 credunt;
2885 2709 3061 2766 neque
3090 2697 3235 2753 enim
3273 2699 3374 2770 ipsi
3416 2716 3522 2756 non
3549 2703 3757 2760 suntin

2166 2788 2565 2861 monumentis)
2591 2791 2723 2847 duas
2750 2802 2931 2865 partes
2957 2794 3083 2851 fecit
3103 2838 3118 2864 ,
3148 2796 3282 2853 alios
3313 2797 3367 2853 in
3402 2799 3755 2856 resurrectio-

2165 2892 2287 2933 nem
2318 2880 2471 2949 vitae,
2507 2882 2639 2940 alios
2667 2884 2718 2939 in
2748 2888 3194 2944 resurrectionem
3212 2890 3398 2961 judicii
3423 2902 3756 2950 resurrectu-

2164 2983 2254 3024 ros
2298 2986 2415 3027 esse
2441 2972 2738 3032 declarans.

2237 3061 2327 3117 43.
2360 3062 2513 3131 Quod
2541 3067 2586 3121 si
2613 3066 2795 3125 dicunt
2820 3085 2925 3125 non
2956 3071 3029 3127 ibi
3070 3072 3441 3146 intelligendos
3470 3078 3629 3135 etiam
3654 3095 3752 3137 eos

2164 3153 2255 3223 qui
2305 3156 2525 3211 omnino
2572 3173 2679 3213 non
2731 3159 2997 3228 credunt,
3043 3164 3137 3219 sed
3178 3180 3272 3222 eos
3300 3167 3390 3238 qui
3437 3185 3533 3240 per
3574 3170 3752 3241 ignem

2167 3246 2298 3300 salvi
2328 3257 2516 3316 erunt,
2548 3250 2670 3321 quia
2690 3250 3059 3324 crediderunt,
3085 3258 3292 3314 etiamsi
3318 3261 3459 3318 male
3484 3264 3747 3334 vixerunt,

2164 3347 2225 3392 ut
2260 3353 2446 3395 eorum
2474 3343 2832 3401 transitoriam
2870 3362 3082 3417 ponam
3119 3349 3306 3421 judicii
3348 3355 3563 3411 nomine
3586 3356 3754 3427 signi-

2166 3428 2377 3486 ﬁcatam
2413 3432 2760 3491 arbitrentur.
2811 3436 3126 3510 Quanquam
3170 3443 3272 3499 hoc
3296 3443 3751 3515 impudentissime

2164 3520 2405 3591 dicatur,
2445 3540 2565 3580 cum
2592 3530 2812 3585 omnino
2840 3529 3097 3587 Dominus
3117 3547 3305 3589 omnes
3329 3546 3749 3606 resurrecturus,

2164 3613 2220 3669 in
2251 3617 2443 3687 quibus
2467 3619 2585 3675 sine
2613 3619 2774 3676 dubio
2797 3630 2851 3677 et
2877 3623 3135 3680 increduli
3170 3636 3359 3695 erunt,
3406 3629 3457 3684 in
3484 3630 3591 3686 duo
3619 3632 3755 3688 divi-

2163 3708 2326 3775 serit,
2372 3709 2535 3763 nitam'
2564 3720 2619 3765 et
2641 3712 2937 3781 judicium;
2982 3715 3055 3770 ita
3084 3716 3268 3772 volens
3293 3718 3549 3787 judicium
3585 3730 3751 3778 mter-

2162 3812 2290 3854 num
2340 3800 2596 3871 intelligi,
2638 3804 2882 3872 quamvis
2922 3804 3025 3861 hoc
3068 3821 3174 3862 non
3201 3808 3497 3879 addiderit,
3532 3814 3670 3869 sicut
3695 3826 3752 3872 et

2160 3891 2345 3945 vitam.
2381 3890 2564 3961 Neque
2589 3893 2732 3947 enim
2759 3896 2853 3963 ait,
2882 3895 2939 3950 in
2961 3898 3410 3957 resurrectionem
3442 3902 3566 3959 vita:
3590 3913 3751 3962 aeter-

2161 3997 2282 4045 nte;
2345 3997 2466 4037 cum
2511 3983 2653 4038 aliud
2706 3985 2890 4055 utique
2943 3987 3165 4060 intelligi
3218 3991 3468 4048 noluerit.
3521 3993 3752 4054 Videant

2162 4083 2342 4131 tamen
2371 4076 2496 4147 quid
2521 4080 2827 4147 responsuri
2857 4090 3018 4149 sunt,
3052 4083 3138 4137 ubi
3168 4085 3271 4152 ait,
3319 4086 3422 4152 Qui
3454 4097 3621 4144 autem
3644 4107 3748 4148 non

2160 4169 2344 4236 credit,
2380 4171 2493 4241 jam
2508 4171 2772 4241 judicatus
2795 4184 2867 4229 est
2892 4174 2999 4245 (Id.
3025 4192 3081 4231 nt
3100 4218 3115 4245 ,
3143 4178 3256 4251 18).
3285 4178 3418 4236 Nam
3447 4182 3534 4237 hic
3562 4186 3747 4254 procul

2160 4260 2323 4316 dubio
2348 4303 2363 4329 ,
2392 4272 2485 4317 aut
2509 4262 2767 4332 judicium
2798 4281 2895 4335 pro
2918 4282 3076 4337 paena
3100 4279 3299 4326 aeterna
3334 4275 3563 4343 positum
3590 4276 3748 4335 intel-

2162 4350 2350 4421 ligunt,
2381 4361 2471 4408 aut
2501 4368 2596 4424 per
2616 4354 2791 4425 ignem
2816 4358 2993 4415 salvos
3019 4360 3228 4419 futuros
3256 4364 3417 4421 etiam
3444 4367 3749 4428 incredulos

2158 4441 2339 4498 dicere
2364 4444 2666 4501 audebunt
2707 4450 2959 4518 quoniam
2982 4493 2996 4519 ,
3028 4452 3130 4518 Qui
3168 4471 3269 4510 non
3309 4457 3500 4525 credit,
3551 4460 3743 4532 inquit,

2150 4536 2264 4607 jam
2297 4537 2563 4608 judicatus
2601 4548 2708 4605 est,
2742 4541 2844 4599 hoc
2866 4551 2987 4610 est,
3026 4545 3136 4616 jam
3170 4547 3374 4618 judicio
3400 4550 3743 4612 destinatus:

2157 4634 2214 4682 et
2257 4643 2363 4683 non
2392 4629 2494 4685 erit
2534 4631 2677 4701 quod
2718 4648 2816 4703 pro
2859 4650 3051 4707 magno
3095 4638 3359 4697 beneﬁcio
3394 4642 3745 4713 polliceantur

2157 4721 2497 4780 credentibus
2526 4726 2873 4799 nequiterque
2898 4731 3229 4803 viventibus,
3258 4736 3473 4806 quando
3496 4745 3551 4793 et
3579 4740 3611 4793 ii
3646 4741 3743 4811 qui

2156 4828 2265 4869 non
2315 4816 2540 4873 credunt
2587 4833 2693 4874 non
2733 4830 2892 4877 erunt
2942 4824 3237 4893 perdendi,
3298 4828 3393 4884 sed
3444 4830 3743 4899 iudicandi.

2156 4906 2307 4976 Quod
2334 4909 2377 4965 si
2408 4910 2585 4967 dicere
2605 4926 2713 4967 non
2743 4914 2968 4982 audent,
3004 4931 3112 4971 non
3149 4920 3380 4975 audeant
3416 4921 3613 4992 aliquid
3643 4925 3746 4980 mi-

2156 4999 2261 5054 tius
2287 5001 2527 5070 polliceri
2565 5003 2643 5058 eis
2670 5002 2738 5059 de
2761 5004 2953 5074 quibus
2976 5005 3176 5063 dictum
3200 5018 3321 5078 est,
3342 5029 3431 5082 per
3450 5010 3634 5084 Legem
3651 5016 3742 5085 ju-

2155 5092 2501 5160 dicabuntur;
2541 5095 2662 5165 quia
2692 5106 2902 5153 constat
2935 5098 3192 5169 judicium
3227 5105 3385 5159 etiam
3417 5120 3514 5176 pro
3538 5117 3741 5166 :cternl

2154 5184 2494 5242 damnatione
2536 5188 2712 5244 solere
2742 5192 3027 5248 nominari.
3057 5193 3195 5263 Quid
3213 5237 3230 5263 ,
3267 5199 3409 5268 quod
3438 5199 3739 5256 invenimus

2153 5294 2259 5334 non
2290 5281 2460 5334 solum
2488 5280 2707 5336 minime
2754 5284 2984 5340 mitioris
3007 5327 3022 5351 ,
3053 5302 3240 5343 verum
3273 5290 3434 5345 etiam
3460 5291 3742 5349 deterioris

2153 5372 2472 5428 conditionis
2496 5389 2615 5429 esse
2661 5375 2777 5431 illos
2805 5378 2895 5447 qui
2932 5380 3163 5437 scientes
3204 5384 3465 5452 peccant?
3515 5384 3581 5439 Hi
3615 5395 3743 5442 sunt

2155 5465 2296 5520 enim
2324 5467 2555 5522 maxime
2578 5468 2667 5538 qui
2694 5469 2865 5541 legem
2905 5485 3243 5544 acceperunt.
3289 5477 3422 5533 Nam
3446 5480 3583 5534 sicut
3606 5480 3743 5536 seri.

2154 5566 2299 5628 ptum
2331 5568 2430 5626 est,
2469 5558 2569 5615 Ubi
2595 5561 2678 5615 lea;
2703 5579 2804 5617 non
2831 5574 2923 5629 est,
2952 5583 3043 5620 nec
3067 5570 3421 5637 praevaricatio
3450 5569 3629 5643 (Rom.
3659 5587 3737 5638 tv,

2156 5649 2268 5718 15).
2303 5648 2436 5703 Hinc
2460 5660 2619 5707 estet
2651 5652 2809 5721 illud,
2851 5654 3315 5727 Concupiscentiam
3340 5663 3615 5717 nesciebant
3641 5664 3741 5720 nisi

2155 5741 2236 5796 lex
2263 5740 2469 5809 diceret,
2499 5742 2620 5799 Non
2647 5748 2982 5817 concupisces.
3020 5748 3295 5807 Occasione
3316 5755 3485 5827 itaque
3507 5765 3734 5829 accepta,

2230 5846 2247 5878 ι
2277 5845 2406 5908 Apud
2423 5852 2497 5898 Er.
2521 5848 2672 5913 Lugd.
2697 5857 2814 5901 ven.
2841 5856 2950 5902 Lov.
2989 5864 3002 5902 :
3039 5860 3197 5919 Neque
3217 5854 3371 5908 illud.
3426 5863 3485 5910 nt.
