4046 6332
245 538 503 607 peccatum
544 546 642 602 per
680 529 978 585 mandatum
1028 535 1292 601 apemtum
1329 533 1401 581 est
1428 525 1483 580 in
1519 539 1599 579 me
1638 536 1837 578 omnem

246 622 703 693 concupiscentiam
728 622 904 693 (Rom.
928 637 1023 689 vn,
1051 620 1108 689 7,
1126 619 1221 691 8);
1249 628 1304 677 et
1331 617 1433 673 alia
1458 616 1623 672 multa
1639 630 1757 687 quae
1774 612 1844 670 de

247 714 344 771 hac
372 728 435 769 re
474 712 621 769 idem
647 712 923 785 apostolus
949 711 1098 767 dicit.
1142 708 1227 766 Ab
1260 707 1364 764 hoc
1404 716 1558 764 reatu
1592 705 1843 779 graviore

244 807 433 865 liberat
455 806 628 879 gratia
657 805 888 878 Spiritus
913 804 1081 861 sancti
1110 819 1207 874 per
1233 801 1415 858 .lesum
1439 800 1710 857 Christum
1738 798 1844 855 Do-

246 898 452 956 minum
492 906 741 953 nostrum
766 939 783 967 ,
829 911 948 969 quae
988 894 1178 951 dilfusa
1214 893 1476 950 charitate
1515 893 1568 947 in
1592 890 1843 948 cordibus

248 991 449 1048 nostris
474 990 641 1047 donat
673 989 896 1062 iustitiae
921 987 1329 1045 delectationem
1359 988 1376 1020 ¹
1397 1028 1413 1053 ,
1443 1002 1547 1058 qua
1576 984 1841 1041 immode-

242 1084 378 1140 ratio
403 1082 861 1156 concupiscentiae
901 1090 1200 1153 superetur.
1250 1079 1388 1136 Hinc
1430 1080 1607 1150 itaque
1642 1078 1841 1135 conﬁr-

248 1174 425 1232 matur
454 1190 567 1233 non
614 1176 788 1233 solum
817 1175 948 1230 nihil
987 1173 1168 1229 mitius
1189 1214 1206 1240 ,
1263 1171 1357 1229 sed
1392 1172 1604 1244 gravius
1645 1169 1843 1242 aliquid

243 1265 651 1339 intelligendum
676 1305 694 1333 ,
741 1265 811 1322 de
852 1264 1043 1336 quibus
1083 1263 1287 1320 dictum
1334 1270 1448 1330 est,
1498 1261 1599 1328 Qui
1625 1261 1681 1316 in
1710 1260 1844 1333 Lege

244 1367 623 1431 peccaverunt,
661 1374 754 1431 per
784 1357 970 1431 Legem
1000 1357 1413 1429 iudicabuntur;
1456 1370 1617 1428 quam
1642 1354 1709 1410 de
1736 1353 1843 1410 illis

241 1451 333 1522 qui
358 1451 482 1507 sine
504 1450 647 1522 Lege
677 1458 963 1521 peccantes
987 1450 1106 1505 sine
1130 1448 1273 1521 Lege
1299 1448 1546 1520 peribunt
1578 1466 1592 1504 :
1618 1462 1718 1505 nec
1744 1462 1841 1519 pro

243 1554 400 1614 porta
428 1542 740 1598 transitoria
772 1541 876 1599 hoc
911 1541 1031 1597 loco
1057 1540 1259 1598 dictum
1286 1540 1544 1612 judicium
1563 1581 1581 1609 ,
1621 1539 1719 1596 sed
1742 1552 1842 1611 pro

242 1648 308 1690 ea
334 1649 441 1705 qua
484 1632 649 1690 etiam
673 1648 783 1689 non
808 1630 1092 1690 credentes
1121 1631 1519 1704 iudicabuntur.

314 1726 409 1782 ιι.
455 1724 593 1781 Nam
620 1725 713 1797 qui
754 1724 856 1781 hac
889 1732 1110 1781 utuntur
1136 1724 1401 1781 sententia
1423 1722 1489 1779 ad
1522 1722 1839 1795 promittan-

245 1819 369 1876 (ιω
417 1820 648 1875 salutem
690 1834 789 1891 per
826 1818 1002 1890 ignem
1026 1858 1043 1885 ,
1092 1818 1198 1873 illis
1238 1817 1331 1889 qui
1357 1818 1519 1874 etiam
1558 1816 1841 1873 credentes

245 1911 481 1985 pessime
508 1911 714 1976 vivunt,
746 1918 806 1966 ut
837 1909 919 1965 eis
939 1908 1152 1978 dicant,
1187 1908 1288 1976 Qui
1312 1909 1421 1963 sine
1446 1907 1577 1981 Lege
1605 1922 1842 1979 peccave-

243 2015 392 2075 runt,
427 2006 541 2061 sine
569 2004 706 2076 Lege
745 2002 1023 2075 peribunt;
1050 2003 1139 2075 qui
1163 2011 1334 2058 autem
1364 2002 1419 2056 in
1443 2001 1576 2075 Lege
1606 2017 1843 2074 peccave-

249 2107 370 2153 runt
394 2139 410 2164 ,
444 2114 535 2168 per
558 2095 742 2168 Legem
765 2094 1177 2168 judicabuntur,
1226 2103 1475 2166 tanquam
1519 2094 1720 2150 dictum
1747 2094 1838 2161 sit,

244 2205 357 2247 non
386 2187 668 2260 peribunt,
710 2185 807 2243 sed
835 2200 934 2257 per
970 2185 1147 2257 ignem
1174 2184 1307 2241 salvi
1334 2194 1523 2253 erunt;
1566 2201 1667 2241 nec
1709 2185 1840 2241 illud

249 2282 536 2339 attendere
553 2288 873 2353 potuerunt,
904 2280 1009 2336 hoc
1035 2281 1346 2352 Apostolum
1373 2280 1441 2337 de
1476 2280 1579 2336 illis
1608 2280 1696 2351 qui
1725 2280 1841 2337 sine

244 2375 391 2449 Lege
428 2384 487 2432 et
528 2376 634 2431 illis
660 2374 752 2447 qui
778 2375 835 2430 in
873 2373 1015 2446 Lege
1052 2382 1407 2445 peccaverunt
1432 2373 1667 2442 dixisse,
1717 2389 1841 2429 cum

244 2468 313 2526 de
357 2468 621 2526 Gentibus
665 2479 722 2527 et
762 2470 831 2527 de
871 2470 1070 2527 Iudaeis
1111 2479 1323 2543 ageret;
1380 2479 1440 2527 ut
1481 2486 1587 2527 non
1634 2479 1840 2526 tantum

244 2560 536 2631 Gentibus,
568 2563 664 2620 sed
690 2565 929 2637 utrisque
952 2564 1178 2637 gratiam
1208 2563 1442 2633 Christi,
1470 2580 1575 2636 qua
1604 2565 1839 2621 liberen-

244 2661 333 2710 tur
355 2695 376 2723 ,
437 2656 799 2712 necessariam
858 2656 1251 2713 demonstraret
1282 2675 1297 2712 :
1337 2657 1480 2729 quod
1536 2667 1647 2713 tota
1676 2660 1697 2689 ²
1726 2658 1841 2729 ipsa

246 2745 494 2818 Epistola
524 2747 592 2803 ad
639 2748 910 2806 Romanos
949 2750 1226 2807 evidenter
1266 2749 1520 2807 ostendit.
1570 2749 1686 2806 Jam
1713 2764 1840 2822 ergo

245 2841 406 2897 etiam
444 2840 649 2899 Judais
698 2843 752 2897 in
781 2843 898 2915 lege
929 2844 1301 2915 peccantibus,
1328 2843 1395 2900 de
1424 2842 1616 2914 quibus
1641 2842 1839 2899 dictum

246 2940 349 2997 est,
375 2948 469 3004 per
496 2932 687 3003 Legem
706 2933 1094 3005 iudicabuntur,
1128 2950 1239 2991 non
1266 2950 1360 2992 eos
1388 2935 1648 2992 liberante
1670 2934 1839 3005 gratia

247 3020 482 3090 Christi,
520 3024 874 3094 promittant,
919 3026 964 3080 si
990 3025 1195 3095 placet,
1243 3042 1340 3097 per
1367 3026 1543 3097 ignem
1573 3026 1838 3095 salutem;

244 3115 502 3186 quoniam
528 3115 596 3171 de
623 3115 707 3172 his
745 3116 944 3172 dictum
967 3124 1084 3184 est,
1117 3134 1208 3188 per
1239 3115 1426 3189 Legem
1449 3117 1837 3188 judicabunmr.

247 3207 398 3275 Quod
444 3208 492 3263 si
534 3223 640 3265 non
677 3208 913 3278 faciunt,
960 3226 1031 3266 ne
1058 3217 1244 3265 contra
1272 3226 1333 3265 se
1371 3209 1518 3279 ipsos
1544 3211 1760 3264 veniant
1787 3209 1837 3278 ³,

251 3301 340 3373 qui
387 3317 483 3357 eos
535 3302 854 3373 gravissimo
907 3300 1232 3358 inﬁdelitatis
1282 3302 1506 3357 crimine
1556 3302 1842 3357 obstrictos

248 3408 371 3451 esse
409 3393 598 3450 dicunt
629 3412 643 3448 :
673 3394 860 3466 utquid
902 3395 1228 3450 transferunt
1255 3393 1322 3449 ad
1362 3393 1605 3450 infideles
1632 3403 1687 3449 et
1713 3392 1844 3449 lide-

246 3484 322 3544 les
358 3486 415 3541 in
453 3502 522 3542 eo
550 3486 693 3558 quod
722 3487 790 3543 ad
821 3487 977 3543 ﬁdem
1020 3488 1217 3543 Christi
1254 3487 1477 3555 attinet,
1527 3487 1659 3542 illud
1698 3487 1842 3559 quod

247 3574 449 3633 dictum
486 3585 577 3632 est
619 3579 688 3633 de
726 3578 792 3633 iis
819 3579 909 3650 qui
953 3580 1071 3634 sine
1104 3579 1245 3650 Lege
1287 3588 1343 3635 et
1385 3579 1451 3634 iis
1488 3578 1577 3650 qui
1617 3578 1671 3633 in
1701 3578 1843 3649 Lege

246 3677 624 3737 peccaverunt,
655 3684 776 3725 cum
802 3669 870 3725 de
895 3669 1089 3725 Iudaeis
1116 3678 1170 3726 et
1197 3670 1265 3725 de
1290 3670 1549 3727 Gentibus
1574 3679 1839 3741 ageretur,

251 3768 310 3813 nt
334 3761 404 3815 ad
450 3760 650 3816 Christi
680 3763 906 3833 gratiam
932 3764 1148 3835 utrique
1174 3764 1558 3821 invitarentur?

318 3854 553 3911 CAPUT
599 3854 793 3911 XXIV.
825 3886 896 3898 -—
943 3856 1173 3912 Libertas
1216 3858 1338 3927 ﬁdei
1379 3874 1481 3913 non
1515 3859 1582 3913 sit
1610 3859 1843 3929 ﬁdelibus

249 3944 477 4000 velamen
503 3945 737 4000 malitiae.
785 3946 970 4017 Neque
998 3948 1141 4003 cnim
1180 3947 1378 4004 dictum
1409 3957 1491 4004 est
1514 3989 1529 4015 ,
1578 3948 1680 4017 Qui
1728 3949 1844 4005 sine

252 4035 356 4092 ﬁde
384 4048 779 4107 peccaverunt,
831 4039 949 4095 sine
976 4039 1081 4095 fide
1120 4042 1401 4111 peribunt;
1451 4041 1542 4111 qui
1580 4050 1758 4097 autem
1789 4042 1843 4097 in

250 4128 776 4201 ﬁdepeccaverunt,
819 4148 920 4203 per
946 4133 1102 4189 ﬁdem
1129 4134 1506 4205 iudicabuntur
1534 4154 1547 4190 :
1580 4137 1695 4204 sed,
1736 4138 1847 4192 sine

252 4217 383 4292 Lege
420 4220 625 4277 dictum
655 4230 763 4291 est,
799 4236 855 4280 et
877 4264 892 4290 ,
920 4225 975 4278 in
1010 4224 1177 4296 Lege;
1215 4235 1275 4280 ut
1302 4228 1432 4282 satis
1461 4237 1743 4298 appareret
1777 4229 1844 4283 il-

252 4310 355 4366 lam
407 4327 630 4369 causam
678 4315 858 4386 tangi,
911 4331 1033 4386 quae
1084 4317 1225 4372 inter
1273 4317 1474 4374 Gentes
1522 4328 1577 4374 et
1630 4319 1845 4377 Judaeos

253 4403 549 4473 agebatur,
610 4420 720 4462 non
776 4422 897 4478 quae
948 4408 1088 4464 inter
1136 4409 1307 4465 bonos
1361 4412 1640 4483 malosque
1688 4411 1841 4468 Chri-

252 4494 472 4551 stianom

320 4588 410 4644 45.
439 4587 758 4662 Quanquam
802 4591 850 4647 si
890 4591 984 4648 illo
1020 4591 1141 4649 loco
1183 4593 1354 4665 legem
1395 4609 1494 4666 pro
1531 4595 1637 4652 llde
1676 4598 1846 4670 accipi

253 4677 472 4747 volunt,
507 4681 655 4751 quod
697 4682 860 4740 nimis
898 4684 1263 4755 importunum
1301 4694 1359 4742 et
1394 4688 1682 4743 absurdum
1723 4697 1842 4759 est,

253 4769 409 4825 etiam
448 4770 578 4827 hinc
614 4774 1009 4843 apertissimam
1043 4785 1270 4846 possunt
1309 4777 1488 4849 legere
1524 4780 1845 4837 sententiam

253 4865 479 4933 apostoli
504 4864 685 4935 Petri,
707 4869 800 4939 qui
824 4883 947 4925 cum
973 4869 1282 4942 loqueretur
1305 4870 1374 4928 de
1394 4873 1459 4928 iis
1484 4874 1574 4945 qui
1604 4875 1657 4930 in
1686 4891 1845 4932 occa-

254 4954 458 5013 sionem
476 4959 659 5014 carnis
678 4969 999 5035 acceperant
1016 5003 1032 5030 ,
1058 4970 1113 5019 et
1132 4963 1188 5018 in
1208 4963 1568 5020 velamentum
1589 4966 1805 5024 malitiae
1824 5007 1842 5035 ,

254 5048 389 5115 quod
417 5048 683 5120 scriptum
698 5032 813 5118 'est,
851 5069 943 5107 nos
970 5053 1037 5108 ad
1063 5053 1268 5110 Novum
1295 5055 1694 5113 Testamentum
1723 5032 1847 5130 per-

255 5140 506 5210 mentes,
532 5158 638 5196 non
659 5144 864 5200 ancilla:
892 5145 1031 5201 ﬁlios
1051 5161 1202 5214 esse,
1233 5148 1323 5202 sed
1351 5148 1537 5216 liberae,
1568 5167 1667 5221 qua
1691 5152 1842 5207 liber-

255 5239 352 5287 tate
387 5232 624 5289 Christus
660 5251 754 5291 nos
780 5235 1008 5292 liberavit
1042 5237 1236 5309 (Galat.
1265 5255 1340 5307 tv,
1371 5240 1498 5312 3i);
1526 5252 1581 5297 et
1617 5252 1842 5313 putave-

255 5337 375 5383 rant
420 5328 528 5385 hoc
565 5344 689 5386 esse
729 5331 896 5387 libere
935 5332 1154 5399 vivere,
1199 5343 1256 5388 ut
1295 5342 1546 5405 tanquam
1586 5335 1654 5391 de
1697 5346 1849 5407 tanta,

256 5420 626 5492 redemptione
649 5423 845 5489 securi,
868 5422 1129 5495 quidquid
1165 5418 1363 5482 liberel
1379 5426 1541 5482 licere
1566 5427 1667 5483 sibi
1696 5428 1844 5484 arbi-

257 5520 559 5578 trarentur,
602 5529 709 5570 non
757 5515 1029 5572 intuentes
1068 5516 1209 5587 quod
1244 5515 1442 5572 dictum
1482 5528 1601 5584 est,
1658 5520 1754 5576 Vos
1792 5523 1847 5578 in

258 5606 533 5662 libertatem
555 5610 719 5662 vocati
739 5610 860 5664 estis
879 5651 893 5674 ,
932 5613 1149 5681 fratres;
1180 5620 1373 5665 tantum
1401 5628 1464 5666 ne
1487 5612 1765 5669 libertatem
1790 5617 1845 5671 in

326 5746 343 5778 ⁸
361 5744 585 5795 Nonnulli
605 5746 827 5807 codices,
853 5746 1170 5799 dilectionem.

323 5807 344 5838 ³
367 5808 444 5858 Sic
466 5815 573 5858 uss.
600 5816 656 5859 At
686 5809 826 5867 editi,
851 5816 1016 5861 totum.

716 5872 1079 5945 Partiqlllame,
1111 5872 1325 5939 habent,
1353 5881 1593 5933 cattrase
1615 5877 1744 5945 ipsos
1766 5894 1846 5937 υε.

255 5938 406 5983 Inui.
430 5933 761 5985 mentiantur
776 5946 807 5984 a
830 5942 937 5985 Mss.

1663 404 1865 463 LIBER
1902 402 2103 463 UNUS.

1946 519 2257 575 occasionem
2286 521 2454 576 carnis
2485 522 2612 577 detis
2642 522 2753 596 (Id.
2782 538 2816 579 ν
2834 564 2850 591 ,
2880 524 3005 595 15);
3033 525 3175 583 unde
3204 536 3259 585 et
3287 527 3401 600 ipse
3427 529 3537 586 Pe.

1951 620 2066 668 trus
2085 611 2232 679 dicit,
2246 613 2434 682 Liberi,
2454 633 2553 671 non
2573 618 2702 672 sicut
2721 618 3053 673 velamentum
3074 621 3282 675 malitia:
3301 602 3538 679 habentes

1949 705 2225 761 libertatem
2257 706 2313 781 (Ι
2338 706 2483 765 Petr.
2509 726 2575 777 ιι,
2610 708 2699 783 16)
2732 712 2845 765 :ait
2875 711 2944 767 de
2981 711 3089 767 illis
3126 721 3179 769 et
3215 711 3270 768 in
3306 712 3537 769 secunda

1947 798 2185 871 Epistola
2214 817 2308 857 sua
2327 843 2343 869 ,
2374 801 2447 856 Ili
2473 812 2591 857 sunt
2608 803 2771 873 fontes
2792 803 2914 859 sicci
2931 846 2947 873 ,
2979 814 3026 858 et
3061 802 3257 859 nebula:
3282 821 3313 859 a
3342 804 3540 860 turbine

1946 890 2231 965 exagitatae,
2261 893 2440 964 quibus
2464 894 2625 966 caligo
2656 894 2972 950 tenebrarum
3009 906 3263 950 reservata
3289 905 3364 951 est
3392 912 3411 951 :
3441 912 3534 951 su-

1946 986 2101 1056 perba
2122 987 2254 1041 enim
2273 988 2509 1042 vanitatis
2531 988 2785 1058 loquentes
2805 990 3022 1044 illiciunt
3042 991 3095 1045 in
3114 989 3528 1062 concupiscentii.

1946 1079 2113 1134 carnis
2133 1080 2462 1151 impudicitia:
2480 1098 2564 1136 eos
2584 1085 2670 1155 qui
2692 1083 2957 1151 paululunt
2978 1082 3282 1156 eﬂ'ugerunt,
3295 1083 3349 1138 in
3366 1099 3509 1137 error

1946 1171 2224 1225 conversati
2242 1213 2258 1239 ,
2290 1171 2569 1227 libertatem
2600 1173 2704 1228 illis
2734 1176 3108 1245 promittentes,
3140 1192 3255 1230 cum
3284 1175 3382 1248 ipsi
3406 1192 3515 1231 serv

1944 1261 2047 1315 sint
2071 1262 2432 1333 corruptionis.
2460 1264 2505 1317 Α
2533 1281 2633 1335 quo
2659 1266 2790 1319 enim
2816 1266 2930 1338 quis
2959 1266 3179 1321 devictus
3204 1276 3312 1332 est,
3346 1267 3463 1321 huic
3488 1272 3536 1322 et

1945 1371 2115 1410 servus
2141 1356 2375 1411 addictus
2401 1366 2492 1413 est.
2524 1357 2587 1413 Si
2615 1359 2748 1413 enim
2772 1360 3077 1431 refugientes
3104 1359 3537 1431 coinquinationes

1945 1446 2124 1501 mundi
2142 1448 2195 1501 in
2215 1448 2521 1521 agnitionem
2541 1447 2748 1503 Domini
2769 1442 2928 1504 nostri
2956 1459 3004 1505 et
3023 1451 3385 1506 conservatoris
3405 1449 3537 1505 Jests

1945 1537 2166 1608 Christi,
2192 1540 2271 1596 his
2306 1557 2484 1596 rursus
2509 1542 2719 1614 implexi
2753 1552 3062 1614 superantur
3080 1584 3094 1610 ,
3119 1548 3259 1616 facta
3283 1552 3401 1598 sunt
3429 1540 3536 1599 illis

1945 1631 2224 1701 posteriora
2248 1632 2499 1687 deteriora
2520 1633 2793 1704 prioribus.
2823 1632 3009 1691 Melius
3028 1635 3161 1690 enim
3185 1644 3293 1691 erat
3312 1635 3415 1690 illis
3434 1650 3538 1690 non

1944 1739 2243 1795 cognoscere
2269 1725 2402 1779 viam
2422 1726 2668 1795 iustitia,
2699 1743 2852 1795 quam
2880 1737 3233 1799 cognoscentes
3260 1736 3538 1783 retrorsum

1943 1818 2134 1886 reﬂecti
2154 1834 2185 1870 a
2209 1818 2395 1872 tradito
2416 1818 2512 1873 sibi
2538 1828 2714 1874 sancto
2742 1819 3003 1874 mandato.
3032 1819 3250 1891 Contigit
3274 1820 3407 1875 enim
3430 1819 3537 1876 illis

1944 1924 2025 1964 res
2061 1910 2166 1964 veri
2199 1912 2473 1982 proverbii,
2505 1910 2659 1969 Canis
2678 1928 2905 1968 reversus
2929 1913 2998 1967 ad
3026 1929 3177 1967 suum
3195 1914 3456 1980 vomitum,
3486 1922 3537 1969 et

1945 2016 2032 2055 sus
2072 2001 2176 2057 lota
2213 2003 2268 2056 in
2309 2004 2586 2059 volutabris
2630 2003 2776 2059 carni.
2816 2003 2955 2072 Quid
2998 2004 3175 2060 adhuc
3213 2004 3539 2080 promittitur

1944 2103 2131 2150 contra
2157 2095 2313 2151 istam
2344 2097 2837 2153 manifestissimam
2866 2098 3149 2153 veritatem
3168 2096 3404 2153 conditio
3424 2110 3539 2154 me-

1945 2184 2049 2241 lior
2072 2185 2139 2241 iis
2165 2188 2255 2257 qui
2282 2197 2649 2257 cognoverunt
2676 2188 2815 2243 viam
2837 2188 3079 2259 iustitiae,
3107 2188 3207 2243 hoc
3227 2196 3328 2256 est,
3351 2188 3537 2244 Domi-

1944 2292 2074 2331 num
2103 2276 2375 2333 Christum
2399 2321 2414 2346 ,
2448 2287 2501 2334 ct
2527 2278 2735 2349 pcrdite
2763 2279 2975 2346 vivunt,
3010 2294 3167 2350 quam
3198 2278 3243 2333 si
3272 2279 3288 2311 ¹
3320 2278 3541 2334 omnino

1944 2385 2051 2426 non
2093 2373 2504 2443 cognovissent;
2537 2388 2659 2428 cum
2702 2375 3039 2445 apertissime
3077 2374 3315 2442 dicatur,
3344 2373 3534 2431 Metius

1944 2473 2052 2518 erat
2081 2464 2185 2519 illis
2212 2481 2311 2519 non
2332 2482 2631 2537 cognoscere
2649 2468 2782 2520 viam
2793 2466 3028 2537 justitice,
3053 2483 3206 2538 quam
3226 2484 3537 2539 cognoscen-

1945 2564 2016 2611 tes
2044 2566 2318 2611 retrorsum
2340 2560 2530 2629 reﬂecti
2564 2577 2595 2613 a
2622 2559 2805 2613 tradito
2826 2558 2920 2614 sibi
2944 2571 3118 2615 sancto
3150 2561 3389 2617 mandato
3406 2562 3434 2615 2

2015 2647 2242 2704 CAPUT
2261 2648 2430 2704 XXV.
2447 2680 2518 2691 —
2533 2650 2623 2705 46.
2643 2650 2894 2707 Sanctum
2910 2652 3206 2706 mandatum
3226 2652 3366 2724 quid,
3388 2653 3540 2725 idque

1944 2750 2297 2810 cognoscentes
2316 2757 2376 2794 ac
2396 2743 2817 2813 transgredientes
2835 2760 2950 2815 qua:
2969 2743 3116 2817 paena
3137 2755 3356 2800 maneat.
3374 2743 3539 2800 Poena

1945 2833 2236 2887 transitoria
2278 2833 2547 2904 baptizatis
2587 2834 2829 2890 scelerate
2864 2837 3140 2893 viventibus
3183 2855 3285 2892 non
3329 2839 3541 2910 promit-

1946 2924 2117 2980 tenda.
2174 2925 2361 2998 Neque
2413 2928 2555 2982 cnim
2606 2927 2737 2983 illud
2789 2928 2893 2984 hoc
2949 2929 3068 2985 loco
3135 2928 3540 3002 intelligendum

1945 3027 2030 3073 est
2071 3026 2319 3073 sanctum
2362 3017 2709 3087 mandatum,
2752 3034 2858 3090 quo
2896 3031 3221 3091 praeceptum
3264 3029 3348 3077 est
3390 3030 3449 3076 nt
3484 3036 3541 3077 tn

1947 3110 2118 3167 Deum
2145 3111 2461 3179 credamus;
2502 3128 2806 3183 quanquam
2838 3128 2904 3169 eo
2946 3114 3063 3184 ipso
3093 3125 3259 3170 totum
3296 3116 3542 3172 contine-

1945 3210 2063 3269 tur,
2096 3203 2141 3257 si
2169 3218 2290 3258 eam
2321 3203 2684 3274 intelligamus
2711 3202 2872 3259 ﬁdem
2897 3204 3233 3261 credentium
3258 3247 3274 3274 ,
3302 3222 3420 3277 qua:
3445 3221 3543 3278 per

1944 3294 2286 3350 dilectionem
2314 3305 2569 3366 operatur
2607 3313 2621 3350 :
2661 3295 2758 3352 sed
2794 3305 2978 3367 aperte
3004 3298 3273 3368 expressit
3298 3298 3423 3369 quid
3454 3298 3541 3353 di-

1945 3394 2094 3440 ceret
2119 3394 2361 3439 sanctum
2387 3386 2719 3453 mandatum,
2744 3386 2797 3441 id
2827 3395 2941 3453 est,
2974 3403 3079 3458 quo
3110 3397 3431 3459 praeceptum
3458 3398 3543 3444 est

1945 3485 2005 3531 ut
2032 3475 2098 3531 ab
2122 3475 2279 3545 hujus
2300 3476 2487 3532 mundi
2512 3476 3031 3547 coinquinationibus
3052 3478 3365 3535 recedentes
3389 3488 3539 3535 casta

1947 3567 2357 3624 conversatione
2381 3566 2644 3623 vivamus.
2672 3566 2761 3623 Sic
2786 3567 2928 3623 enim
2955 3566 3030 3623 ait
3072 3585 3086 3622 :
3130 3568 3194 3624 Si
3229 3570 3362 3623 enim
3401 3570 3542 3639 refu-

1947 3660 2136 3731 gientes
2179 3659 2610 3730 coinquinationes
2656 3659 2835 3713 mundi
2873 3660 2927 3714 in
2974 3661 3284 3733 agnitionem
3333 3661 3542 3719 Domini

1948 3752 2109 3806 nostri
2142 3761 2187 3805 et
2214 3751 2579 3806 conservatoris
2611 3750 2738 3807 Jesu
2767 3751 2993 3822 Christi,
3021 3754 3102 3809 his
3129 3770 3304 3809 rursus
3330 3754 3541 3826 implexi

1947 3850 2272 3913 superantur,
2304 3843 2445 3913 facta
2474 3852 2591 3897 sunt
2617 3842 2722 3897 illis
2761 3845 3044 3914 posteriora
3077 3845 3328 3900 deteriora
3354 3846 3543 3917 priori.

1950 3934 2059 3988 bus.
2090 3933 2206 3989 Non
2243 3934 2352 4002 ait,
2385 3934 2707 4005 refugientes
2734 3935 3088 4006 ignorantiam
3121 3937 3250 4003 Dei,
3281 3948 3372 3993 aut
3399 3938 3543 3993 refu-

1948 4025 2157 4095 gientes
2197 4024 2570 4081 inﬁdelitatem
2615 4027 2833 4094 swculi,
2864 4027 2950 4082 vel
2987 4027 3093 4084 tale
3130 4027 3367 4099 aliquid;
3405 4029 3537 4098 sed,

1950 4115 2377 4185 coinquinationes
2419 4116 2630 4182 mundi,
2677 4116 2732 4170 in
2772 4116 2966 4187 quibus
3006 4129 3091 4174 est
3138 4119 3322 4189 utique
3365 4120 3541 4175 omnis

1950 4207 2286 4262 immunditia
2308 4208 2653 4279 ﬂagitiorum.
2673 4208 2805 4264 Nam
2828 4209 2895 4265 de
2915 4209 3001 4265 his
3022 4211 3268 4282 superius
3288 4211 3538 4283 loquens,

1950 4296 2112 4365 dixit,
2148 4296 2481 4369 Coepulantes
2529 4300 2819 4368 vobiscum,
2866 4302 3039 4357 oculos
3083 4302 3317 4358 habentes
3367 4305 3542 4374 plenos

1950 4390 2190 4444 adulterii
2230 4401 2277 4444 et
2315 4391 2644 4445 indesinentis
2683 4393 2875 4463 peccati
2913 4393 2993 4466 (ll
3027 4391 3175 4449 Pelr.
3214 4410 3286 4463 ιι,
3325 4395 3538 4468 15-22).

1950 4479 2076 4536 Ideo
2098 4481 2260 4536 etiam
2283 4481 2457 4538 fontes
2478 4482 2651 4538 siccos
2670 4497 2765 4538 eos
2784 4484 3016 4554 appellat
3037 4502 3052 4540 :
3074 4484 3249 4542 fontes
3268 4486 3538 4557 videlicet,

1950 4572 2094 4643 quod
2133 4574 2441 4644 acceperint
2473 4574 2798 4646 agnitionem
2836 4575 3049 4631 Domini
3087 4576 3322 4646 Christi;
3366 4580 3540 4636 siccos

1949 4673 2128 4721 autem
2153 4704 2169 4732 ,
2219 4665 2341 4737 quia
2392 4681 2500 4721 non
2552 4675 2912 4737 congruenter
2957 4669 3161 4724 vivunt.
3214 4670 3293 4725 De
3346 4671 3542 4728 talibus

1950 4759 2146 4829 quippe
2165 4759 2325 4815 etiam
2347 4759 2375 4814 J
2382 4759 2512 4816 udas
2532 4761 2807 4830 apostolus
2830 4761 3078 4833 loquens,
3101 4762 3153 4817 Ii
3173 4774 3319 4833 sunt,
3342 4764 3536 4837 inquit,

1950 4854 2037 4925 qui
2071 4854 2125 4908 in
2155 4853 2503 4909 dilectionibus
2541 4855 2714 4910 vestris
2754 4856 2995 4910 maculati
3033 4856 3398 4927 coepulantur,
3430 4858 3540 4911 sine

1950 4947 2128 5000 timore
2149 4946 2440 5017 semetipsos
2464 4954 2724 5013 pascentes
2744 4988 2759 5013 ,
2798 4949 2951 5001 nubes
2985 4948 3093 5002 sine
3120 4965 3251 5018 aqua
3275 4947 3452 5019 (Iuda:
3485 4962 3537 5016 ι,

1952 5036 2073 5109 12);
2112 5046 2165 5093 et
2192 5046 2407 5093 caatera.
2445 5036 2599 5106 Quod
2637 5036 2781 5094 enim
2823 5038 3016 5094 Petrus
3054 5040 3158 5105 ait,
3202 5038 3543 5107 Coepulasstes’

1949 5130 2225 5200 vobiscum,
2254 5130 2429 5185 oculos
2450 5131 2685 5186 habentes
2714 5131 2889 5203 plenos
2917 5132 3189 5195 adulterii;
3214 5132 3314 5186 hoc
3338 5130 3503 5188 Judas
3519 5175 3536 5202 ,

1949 5222 2021 5278 In
2077 5223 2431 5279 dilectionibus
2478 5226 2651 5279 vestris
2698 5226 2943 5279 maculati
2990 5225 3341 5294 coepulantur.
3388 5225 3538 5284 Mixti

1951 5325 2076 5371 sunt
2101 5315 2244 5371 enim
2276 5316 2431 5371 bonis
2453 5316 2508 5371 in
2532 5316 2705 5387 epulis
2724 5316 3191 5371 Sacramentorum
3213 5325 3266 5371 et
3291 5315 3537 5375 dilectio-

1952 5410 2106 5467 nibus
2135 5410 2389 5482 plebium.
2423 5409 2492 5465 Et
2514 5408 2657 5481 quod
2689 5406 2881 5465 Petrus
2905 5406 2997 5475 ait,
3032 5405 3225 5464 Fontes
3248 5411 3405 5480 sicci;
3434 5411 3538 5471 hoc

1951 5503 2149 5570 Judas,
2183 5503 2357 5560 Nubes
2381 5504 2489 5559 sine
2525 5517 2694 5571 aqua;
2720 5500 2823 5557 hoc
2846 5500 3075 5558 Jacobus
3095 5544 3113 5571 ,
3146 5503 3304 5562 Fides
3340 5506 3553 5565 mortua

1954 5598 2158 5668 (Jacobi
2182 5614 2219 5652 tt
2235 5639 2249 5661 ,

2025 5691 2114 5745 47.
2157 5690 2269 5745 Non
2300 5689 2475 5757 itaque
2506 5685 2849 5754 promittatur
2872 5702 3030 5759 poena
3062 5688 3199 5761 ignis
3232 5692 3539 5749 transitoria

1953 5783 2183 5853 turpiter
2222 5780 2589 5848 scelerateque
2631 5777 2967 5848 viventibus,
2994 5782 3117 5852 quia
3154 5783 3291 5837 viam
3314 5774 3555 5853 justitio'

2021 5941 2041 5973 ι
2074 5936 2352 6000 tnestis,
2378 5934 2535 6007 quasi.
2557 5935 3177 6001 VeriusinMss.,quamss.
3306 5981 3436 6025 ..Ἤ
3478 5977 3496 6003 ,
3542 6016 3548 6025 Δ
