4046 6332
437 430 549 496 ’Ξῒΐ

443 554 838 628 cognoverunt,
890 546 1083 623 quibus
1131 544 1325 606 melius
1365 557 1479 605 erat
1526 562 1633 603 non
1671 558 2029 618 cognoscere,

446 648 589 707 sicut
612 645 956 704 veracissima
982 642 1257 714 Scriptura
1290 650 1533 699 testatur.
1557 642 1634 697 De
1650 640 1851 696 talibus
1878 638 2035 709 quip-

440 742 513 814 pe
533 743 694 798 etiam
719 736 980 796 Dominus
1007 739 1102 806 ait,
1135 736 1202 791 Et
1230 747 1372 792 erunt
1398 736 1668 791 novissima
1693 736 1834 789 illius
1864 731 2032 787 [tonsi-

446 834 524 889 nis
545 834 720 906 pejora
740 848 889 901 quant
911 840 1053 885 erant
1073 829 1239 899 prima
1261 828 1471 900 (Matth.
1497 844 1600 896 xu,
1628 827 1717 901 45)
1742 844 1757 893 ;
1782 826 2033 897 quoniam

445 924 775 999 purgationis
813 939 924 979 sua:
954 923 1313 979 habitatorem
1359 920 1615 993 Spiritum
1652 926 1895 977 sanctum
1925 932 2034 973 non

446 1012 733 1091 recipiens,
756 1011 881 1073 iecit
907 1015 961 1072 in
984 1030 1040 1071 se
1064 1012 1401 1071 immundum
1421 1014 1667 1085 spiritum
1689 1010 2034 1084 multiplicio-

446 1112 561 1167 rem
582 1110 779 1166 redire.
803 1102 915 1165 Nisi
932 1104 1075 1163 forte
1094 1106 1213 1163 ideo
1235 1114 1361 1162 sunt
1379 1107 1463 1161 isti
1484 1148 1500 1173 ,
1526 1105 1591 1161 de
1614 1105 1804 1176 quibus
1824 1105 1996 1175 agitur
2015 1145 2033 1173 ,

447 1199 701 1260 meliores
723 1198 973 1267 habendi,
990 1200 1112 1271 quia
1133 1215 1240 1255 nun
1263 1198 1536 1255 redierunt
1556 1198 1623 1253 ad
1644 1198 2036 1254 immunditiam

440 1295 829 1351 adulteriorum
853 1335 869 1362 ,
912 1290 1008 1349 scd
1048 1290 1117 1347 ab
1156 1306 1219 1347 ea
1249 1306 1355 1347 non
1387 1298 1757 1357 recesserunt;
1786 1303 1886 1344 nec
1911 1303 2039 1359 pur-

443 1388 551 1461 gati
586 1404 646 1444 se
676 1396 864 1443 rdrsus
891 1386 1303 1458 inquinaverunt
1326 1428 1340 1453 ,
1372 1384 1466 1441 sed
1505 1385 1723 1457 purgari
1749 1398 2037 1439 recusave-

442 1491 589 1538 rnnt.
620 1476 801 1553 Neque
829 1478 973 1535 enim
994 1520 1009 1546 ,
1036 1488 1092 1534 ut
1118 1479 1352 1535 relevata
1391 1478 1717 1533 conscientia
1746 1477 1948 1531 intrent
1972 1474 2038 1531 ad

434 1566 777 1643 Baptismum
798 1614 814 1641 ,
853 1568 1143 1642 dignantur
1182 1570 1373 1626 saltem
1400 1583 1620 1625 vomere
1646 1568 1901 1640 pristinas
1932 1568 2037 1622 im-

436 1660 739 1721 niunditias
761 1705 776 1731 ,
819 1679 951 1736 quas
988 1677 1182 1718 canum
1214 1677 1363 1717 more
1394 1662 1586 1717 iterum
1628 1661 1910 1726 sorbeam;
1944 1652 2039 1715 sed

436 1746 505 1811 in
530 1752 729 1811 lavacri
763 1754 932 1826 ipsius
953 1754 1236 1810 sanctitate
1261 1753 1606 1824 pertinaciter
1632 1752 1797 1809 crudo
1822 1761 2041 1822 pectore

436 1838 765 1921 indigestam
792 1846 1088 1919 nequitiam
1114 1856 1297 1902 tenere
1318 1845 1649 1902 contendunt
1679 1862 1691 1898 :
1726 1860 1828 1901 nec
1855 1844 2039 1902 occul-

442 1936 563 1996 ian‘t
589 1942 706 1996 eam
734 1934 1120 2013 pollicitatione
1145 1937 1229 1994 vel
1259 1930 1402 2005 ticta,
1433 1930 1528 1993 sed
1558 1936 1888 2006 impudentia
1919 1950 2041 2005 pro-

446 2028 696 2092 fessionis
734 2042 981 2091 eructant
1020 2052 1034 2088 :
1071 2048 1172 2089 nec
1208 2041 1464 2089 exeuntes
1503 2031 1573 2088 de
1613 2031 1862 2088 Sodomis
1892 2045 2043 2103 more

448 2127 630 2182 uxOris
660 2118 822 2193 Loth,
853 2125 906 2179 in
927 2124 1198 2196 prmterita
1226 2123 1419 2179 iterum
1441 2121 1723 2178 attendunt
1750 2120 1901 2193 (Gen.
1926 2136 2039 2188 xix,

447 2216 566 2289 26),
598 2214 695 2271 sed
721 2216 940 2270 omnino
966 2212 1033 2270 de
1062 2210 1313 2271 Sodomis
1342 2213 1699 2285 dedignantur
1729 2213 1905 2274 exire;
1935 2212 2041 2266 imo

448 2308 521 2366 ad
554 2304 827 2365 Christum
866 2318 988 2363 cum
1022 2304 1273 2364 Sodomis
1302 2315 1567 2363 conantur
1596 2305 1816 2362 intrare.
1844 2305 2043 2363 Paulus

449 2402 724 2474 apostolus
744 2394 894 2468 dicit,
929 2399 1200 2473 Quiprius
1226 2398 1305 2472 {ui
1333 2399 1658 2470 blasphemus
1682 2410 1729 2455 et
1752 2407 2044 2471 persecutor

451 2496 497 2550 et
532 2494 808 2567 injuriosus
824 2512 842 2561 ;
870 2489 963 2549 sed
989 2493 1390 2549 misericordiam
1416 2502 1713 2549 consecutus
1751 2508 1898 2557 sum,
1922 2492 2045 2563 quia

449 2589 693 2661 ignorans
727 2586 825 2658 feci
861 2586 915 2642 in
954 2584 1307 2642 incredulitate
1342 2587 1398 2657 (Ι
1426 2585 1562 2641 Tim.
1590 2600 1647 2652 1,
1676 2586 1768 2657 ιδ)
1801 2593 1895 2640 :et
1927 2584 2043 2640 istis

450 2678 667 2749 dicitur,
698 2674 850 2737 Tunc
875 2680 1055 2753 potius
1082 2679 1509 2736 misericordiam
1538 2677 1967 2749 consequemiui,
1996 2674 2044 2749 si

448 2771 683 2830 iacientes
705 2772 846 2828 male
870 2770 1110 2828 vixeritis
1130 2773 1187 2827 in
1210 2772 1325 2844 ipsa
1357 2771 1482 2827 ﬁde.
1507 2770 1677 2826 Nimis
1694 2771 1916 2841 longum
1938 2777 2042 2840 est,

450 2866 508 2920 et
524 2874 660 2936 pene
677 2860 942 2920 inﬁnitum
965 2865 1143 2920 omnia
1165 2864 1471 2920 testimonia
1495 2863 1889 2933 Scripturarum
1908 2862 2045 2919 velle

455 2950 708 3030 Colligere
728 3001 743 3027 ,
773 2958 965 3033 quibus
994 2968 1215 3030 apparet
1242 2973 1351 3013 non
1377 2958 1553 3014 solum
1582 2971 1692 3011 non
1719 2970 1840 3012 esse
1860 2954 2043 3010 mitio-

452 3052 568 3107 rem
596 3066 810 3107 causam
834 3055 1021 3107 eorum
1051 3050 1141 3121 qui
1167 3049 1423 3116 seientes,
1445 3063 1604 3119 quam
1629 3048 1719 3119 qui
1745 3048 2045 3103 nescientes

456 3136 619 3196 vitam
660 3139 1039 3212 nequissimam
1070 3148 1125 3195 et
1158 3138 1550 3209 iniquissimam
1591 3137 1829 3205 ducunt,
1856 3152 2045 3193 verum

454 3232 616 3293 etiam
643 3235 744 3292 hoc
772 3234 890 3308 ipso
919 3248 1039 3292 esse
1064 3234 1370 3307 graviorem
1399 3250 1413 3288 :
1436 3232 1665 3309 proinde
1692 3232 1794 3288 ista
1814 3230 2045 3289 suffece-

454 3328 583 3385 rint.
1454 3402 1457 3403 ν

526 3410 755 3475 CAPUT
777 3411 968 3475 XXVI.
985 3408 1163 3475 ~48.
1178 3408 1442 3489 Baptismo
1470 3417 1567 3473 nisi
1591 3417 1692 3471 vita
1714 3416 2045 3489 respondeat,

460 3529 563 3567 non
590 3508 892 3567 obtinebitur
925 3528 1139 3584 regnum
1178 3511 1437 3565 caelorum.
1474 3509 1696 3564 Pescata
1721 3510 1933 3581 triplicis
1954 3525 2048 3582 ge-

458 3603 594 3660 neris
640 3603 830 3675 triplici
871 3603 1094 3659 remedio
1135 3602 1386 3656 sanando.
1437 3600 1740 3656 Caveamus
1789 3614 1919 3671 ergo
1962 3600 2049 3654 di-

459 3688 686 3766 ligenter
722 3690 778 3761 in
820 3694 1087 3765 adjutorio
1125 3692 1335 3747 Domini
1381 3692 1479 3746 Dei
1522 3689 1695 3747 nostri
1730 3707 1839 3745 non
1872 3690 2051 3749 facere

459 3782 707 3842 homines
731 3786 870 3842 male
892 3801 1138 3853 securos,
1163 3784 1404 3840 dicentes
1423 3784 1502 3840 eis
1526 3784 1668 3854 quod
1696 3784 1742 3838 si
1770 3783 1970 3840 fuerint
1992 3783 2047 3839 in

430 3868 674 3933 'Cliristo
698 3877 952 3948 baptizati
972 3918 989 3944 ,
1018 3874 1425 3948 quomodolibet
1452 3875 1508 3930 in
1535 3889 1601 3930 ea
1641 3873 1747 3945 ﬁde
1781 3874 2048 3944 vixerint,

460 3985 556 4025 eos
584 3969 651 4025 ad
680 3969 910 4026 salutem
938 3977 1196 4025 aeternam
1220 3984 1342 4024 esse
1360 3977 1613 4024 venturos
1646 3984 1660 4022 :
1688 3982 1757 4023 ne
1784 3967 1863 4023 sic
1889 3966 2051 4024 facia-

463 4072 583 4118 mus
612 4062 946 4120 Christianos
965 4105 982 4133 ,
1008 4062 1278 4134 quomodo
1301 4061 1473 4117 Judaei
1499 4060 1798 4133 proselytos
1816 4100 1833 4128 ,
1858 4060 2052 4131 quibus

464 4146 727 4207 Dominus
752 4153 845 4219 ait,
887 4148 977 4206 Vte
1011 4150 1183 4217 nobis,
1215 4148 1410 4205 Scriba:
1438 4157 1485 4204 et
1522 4148 1809 4216 Pharistei,
1839 4148 1927 4219 qui
1951 4148 2054 4201 cir-

464 4249 664 4303 cumitis
688 4263 827 4302 mare
859 4257 907 4301 et
935 4256 1141 4311 terram,
1172 4248 1337 4318 facere
1366 4262 1527 4300 unum
1561 4243 1872 4315 proselytum
1890 4259 1911 4309 ;
1938 4258 2055 4299 cum

462 4352 629 4396 autem
653 4341 888 4412 feceritis,
915 4341 1081 4413 facitis
1106 4356 1219 4395 eum
1246 4340 1409 4410 ﬁlium
1435 4340 1675 4410 geltennte
1696 4337 1855 4410 duplo
1876 4352 2029 4409 quam

464 4446 553 4488 vos
579 4435 700 4489 estis
728 4432 940 4501 (Matth.
973 4448 1107 4488 xxiii
1124 4474 1147 4501 ,
1172 4428 1285 4505 15).
1313 4430 1420 4489 Sed
1442 4433 1621 4503 potius
1638 4447 1825 4489 sanam
1842 4433 2049 4490 doctri-

465 4526 590 4583 nam
631 4526 727 4581 Dei
764 4526 1008 4600 magistri
1047 4529 1103 4582 in
1146 4535 1374 4597 utroque
1415 4534 1726 4594 teneamus;
1773 4535 1832 4582 ut
1867 4536 2058 4585 saneto

467 4608 741 4688 Baptismo
775 4632 1013 4673 consona
1052 4617 1125 4672 sit
1160 4617 1267 4671 vita
1300 4616 1623 4685 christiana,
1669 4632 1771 4673 nec
1806 4618 2058 4689 cuiquam

468 4710 691 4777 homini,
719 4711 766 4766 si
795 4712 1106 4767 utrumlibet
1127 4710 1380 4778 defuerit,
1402 4711 1511 4766 vita
1535 4712 1879 4782 promittatur
1899 4722 2061 4768 aetern-

412 4826 419 4831 ν
466 4821 554 4862 na.
584 4804 683 4872 Qui
710 4806 854 4861 enim
880 4804 1040 4870 dixit,
1070 4800 1189 4860 Nisi
1216 4804 1329 4875 quis
1356 4814 1562 4860 renatus
1588 4804 1742 4875 fuerit
1770 4820 1835 4861 ea:
1854 4822 1991 4877 aqua
2010 4816 2062 4863 es

468 4899 673 4973 Spiritu
705 4898 748 4966 ί,
777 4914 880 4953 non
906 4895 1113 4952 intrabit
1140 4898 1196 4952 in
1225 4914 1435 4969 regnum
1472 4898 1718 4953 caelorum
1750 4896 1930 4968 (Joan.
1966 4899 2061 4968 sit,

468 4984 560 5065 5);
597 4992 713 5063 ipse
737 4990 899 5047 etiam
933 4989 1100 5059 dixit,
1135 4988 1253 5045 Nisi
1294 4989 1624 5045 abundaverit
1653 4991 1858 5061 justitia
1896 4998 2061 5045 vestra

466 5100 620 5156 super
646 5082 942 5141 Scribarum
964 5092 1012 5137 ot
1043 5081 1422 5138 Pharisteorum
1445 5123 1460 5147 ,
1486 5099 1589 5138 non
1618 5082 1873 5137 intrabitis
1894 5082 1949 5136 in
1980 5098 2061 5137 ro-

467 5192 626 5248 gnum
662 5176 903 5231 certorum
942 5173 1153 5246 (Matth.
1190 5189 1258 5241 ν,
1298 5173 1409 5245 20).
1452 5174 1528 5230 De
1567 5174 1671 5230 illis
1706 5174 1902 5245 quippe
1934 5174 2012 5229 ait
2042 5191 2057 5229 :

469 5258 667 5315 Scriba:
702 5270 751 5315 et
792 5260 1044 5316 Pharisau'
1084 5275 1237 5331 super
1278 5260 1569 5314 cathedram
1614 5259 1785 5330 Moysi
1826 5258 1999 5314 sedent
2040 5275 2059 5314 :

467 5367 581 5422 quae
616 5350 816 5418 dicunt,
853 5353 1033 5421 facite;
1064 5368 1177 5424 quae
1204 5362 1371 5407 autem
1408 5352 1639 5422 faciunt,
1665 5355 1834 5426 facere
1862 5353 2017 5408 nolite
2038 5371 2058 5411 .'

469 5438 643 5497 dicunt
669 5443 801 5498 enim
819 5454 867 5500 et
888 5461 989 5499 non
1010 5446 1201 5517 faciunt
1230 5444 1340 5518 (Id.
1374 5461 1532 5515 χχιιι,
1558 5446 1613 5513 2,
1638 5445 1714 5516 '5).
1737 5446 1879 5519 Ergo
1903 5445 2063 5517 justi»

468 5534 543 5592 tia
574 5550 761 5592 eorum
794 5546 874 5592 est
893 5578 909 5605 ,
938 5538 1119 5595 dicere
1146 5549 1202 5596 et
1231 5556 1341 5596 non
1372 5541 1547 5597 facere
1575 5558 1588 5595 :
1620 5557 1683 5596 ac
1704 5558 1805 5613 per
1833 5542 1936 5597 hoc
1964 5556 2063 5598 no-

470 5636 636 5684 stram
664 5642 784 5685 esse
808 5629 972 5684 voluit
1001 5631 1360 5688 abundantem
1391 5649 1554 5706 super
1588 5634 1800 5690 illorum
1822 5678 1837 5703 ,
1879 5635 2061 5692 dicere

471 5718 528 5779 et
548 5708 751 5790 facere;
782 5740 901 5794 qua:
923 5724 967 5778 si
990 5741 1096 5780 non
1120 5727 1292 5794 fuerit,
1319 5746 1421 5783 non
1452 5729 1736 5786 intrabitur
1759 5732 1810 5786 in
1834 5748 2060 5804 regnum

473 5808 755 5873 eiciorum.
784 5814 901 5872 Non
931 5816 1055 5889 quia
1092 5819 1371 5891 quisquam
1410 5822 1480 5875 ita
1511 5823 1671 5879 debet
1708 5825 1931 5893 extolli,
1966 5833 2058 5896 ut,

534 5954 557 5991 ⁸
589 5960 797 6013 votem
816 5955 947 6023 libri,
970 5970 1036 6013 es
1056 5957 1237 6027 Spiritu
1258 5965 1422 6013 stricto
1448 5973 1465 6015 :
1488 5974 1686 6027 omisso,
1711 5976 1839 6029 (leua
1852 5969 1916 6018 et.

1211 430 1301 488 DE
1329 429 1487 487 FIDE
1525 429 1615 487 ET
1650 416 2009 498 OPERiBUS,
2048 423 2108 483 S.
2149 416 2515 487 AUGUSTINI
2553 432 2756 490 LIBER
2794 432 2998 493 UNUS.

3619 436 3728 499 828

2146 534 2251 598 non
2294 544 2466 601 dicam
2506 548 2647 617 apud
2685 550 2820 606 alios
2855 550 3099 621 jactare,
3130 551 3229 609 sed
3262 552 3404 624 apud
3448 566 3510 610 se
3550 553 3728 626 ipsum

2136 644 2330 707 putare
2354 639 2547 695 audeat
2576 656 2634 696 se
2660 642 2711 696 in
2740 645 2838 697 hac
2867 643 2981 698 vita
3017 659 3135 700 esse
3174 644 3292 701 sine
3329 655 3552 718 peccato
3586 666 3600 702 :
3631 649 3729 705 θαι

2142 730 2244 784 nisi
2271 742 2450 787 essent
2476 732 2718 803 quaedam
2749 734 2818 788 ita
2847 735 3050 804 gravia,
3080 743 3141 789 ιιι
3160 737 3327 791 etiam
3358 741 3731 796 essement-

2143 823 2352 880 cationc
2392 826 2667 894 plectenda
2696 826 2832 892 sint,
2873 841 2980 882 non
3012 828 3215 884 diceret
3236 829 3563 900 Apostolus,
3594 832 3731 889 ϐαι-

2141 916 2360 986 gregatis
2389 917 2524 985 vobis
2547 926 2591 971 et
2613 934 2721 973 meo
2742 919 2929 989 spiritu
2956 920 3157 975 tradere
3178 920 3434 991 «ῥηθησΔὸ
3456 931 3652 979 satana
3670 924 3731 979 in

2141 1005 2399 1062 interitum
2432 1009 2634 1076 carnis,
2664 1020 2721 1064 ut
2753 1012 2963 1081 spiritus
3000 1012 3172 1067 salvus
3210 1013 3276 1067 sit
3306 1014 3366 1067 in
3400 1014 3486 1069 dio
3518 1013 3734 1071 Domini

2126 1098 2266 1154 .Jesu
2296 1101 2350 1172 (I
2378 1100 2496 1157 Cor.
2524 1118 2588 1169 v,
2614 1103 2684 1171 4,
2722 1101 2798 1179 5).
2830 1103 2981 1160 Unde
3016 1104 3179 1160 etiam
3216 1105 3387 1161 dicit:
3414 1105 3499 1160 Ne
3528 1108 3731 1179 luam

2143 1197 2358 1261 multos,
2386 1197 2472 1266 qui
2496 1206 2611 1250 ante
2640 1205 3000 1267 peccaverunt,
3029 1207 3077 1252 et
3111 1213 3213 1252 non
3246 1206 3454 1269 egerunt
3476 1200 3730 1269 ponitote-

2143 1288 2265 1343 tism
2293 1306 2446 1359 super
2472 1290 2846 1345 immunditiam
2883 1301 2933 1347 et
2970 1292 3356 1361 fornicationem
3386 1309 3540 1363 quam
3562 1310 3733 1365 my

2142 1392 2259 1435 runt
2286 1381 2362 1456 (ll
2390 1380 2510 1438 Cor.
2546 1399 2657 1449 xu,
2686 1383 2799 1455 21).
2839 1382 2970 1439 Item
3007 1383 3113 1439 nisi
3139 1393 3320 1439 essent
3348 1385 3591 1456 quasdam
3620 1400 3730 1442 non

2132 1488 2208 1529 ea
2241 1475 2540 1532 humilitate
2566 1476 2893 1546 poenitentiae
2918 1476 3176 1545 sanando,
3208 1477 3379 1547 qualis
3409 1478 3461 1533 in
3487 1478 3730 1534 Ecclesia

2144 1568 2301 1624 datur
2337 1572 2415 1625 eis
2444 1570 2534 1640 qui
2564 1571 2779 1641 proprie
2814 1572 3135 1642 pamitentes
3162 1578 3453 1636 vocentur,
3486 1570 3583 1627 sed
3613 1571 3735 1643 qni-

2143 1658 2369 1716 busdam
2389 1662 2786 1729 eorreptionum
2811 1661 3237 1727 medicamentis,
3262 1678 3367 1717 non
3391 1662 3594 1718 diceret
3615 1663 3735 1734 ipse

2145 1750 2403 1806 Dominus
2430 1770 2442 1805 :
2468 1751 2677 1823 Corripe
2700 1769 2816 1807 eum
2837 1753 2972 1808 inter
2991 1761 3040 1806 te
3058 1762 3107 1807 et
3132 1753 3300 1823 ipsum
3322 1753 3517 1819 solun;
3544 1762 3595 1808 et
3616 1754 3663 1809 si
3685 1736 3737 1810 Β

2145 1844 2399 1911 audierit,
2426 1846 2652 1900 lucratus
2682 1863 2733 1902 es
2758 1851 2969 1919 fratrem
3006 1853 3147 1901 tuum
3174 1846 3391 1919 (Matth.
3418 1864 3550 1904 mu
3569 1886 3586 1915 ,
3610 1846 3733 1923 55);.

2145 1935 2426 1995 Postremo
2464 1939 2566 1994 nisi
2594 1947 2781 1995 essent
2815 1938 3061 2009 qiuedam
3090 1940 3211 1996 sine
3242 1940 3434 2009 quibus
3466 1940 3588 1997 haec
3623 1943 3737 1997 vita

2145 2043 2255 2083 non
2300 2030 2509 2100 agitur,
2554 2045 2660 2085 non
2699 2030 3061 2101 quotidianam
3106 2031 3368 2087 medelam
3408 2044 3634 2101 poneret
3675 2033 3733 2090 in

2140 2122 2389 2177 oratione
2417 2124 2577 2194 quam
2601 2122 2813 2187 docuit,
2848 2130 2907 2177 ut
2932 2123 3179 2179 dicamus
3203 2140 3216 2177 :
3240 2122 3456 2178 Dimitte
3476 2123 3623 2179 nobis
3642 2128 3737 2181 ab
3820 2120 3823 2121 ⁷

2147 2210 2251 2264 bita
2288 2219 2462 2266 nostra
2480 2252 2497 2280 ,
2526 2212 2658 2268 sicut
2683 2222 2732 2268 et
2758 2229 2849 2268 nos
2878 2212 3177 2269 dimittimus
3202 2214 3515 2271 debitoribus
3542 2218 3738 2275 nostris

2151 2299 2261 2373 (Id.
2293 2316 2377 2364 νι,
2413 2301 2520 2371 is).

2219 2386 2446 2451 CAPUT
2482 2393 2697 2451 XXVII.
2716 2425 2787 2436 -—
2811 2396 2900 2452 i9.
2927 2395 3178 2468 Epilogus
3205 2397 3587 2467 praedictorum.
3604 2402 3734 2461 Jan

2147 2492 2277 2548 satis
2298 2534 2314 2561 ,
2346 2498 2603 2562 quantum
2647 2491 2899 2561 arbitror,
2932 2493 2999 2548 de
3038 2501 3148 2548 tota
3190 2493 3279 2549 illa
3320 2494 3579 2565 Opinione
3606 2498 3735 2567 quid

2146 2583 2281 2639 mihi
2309 2582 2581 2638 videretur
2618 2583 2875 2653 exposui,
2903 2583 2994 2638 ubi
3036 2590 3143 2639 tres
3187 2586 3510 2653 quaestiones
3550 2602 3736 2644 movea-

2147 2684 2276 2731 runt
2302 2694 2317 2733 :
2341 2690 2500 2732 unam
2540 2675 2608 2732 de
2638 2675 2993 2747 permixtione
3031 2676 3085 2731 in
3122 2675 3363 2733 Ecclesia
3392 2677 3655 2735 bonorum
3684 2684 3741 2737 α

2148 2770 2412 2826 malorum
2431 2810 2445 2837 ,
2476 2777 2727 2840 tanquam
2751 2769 2914 2825 tritici
2952 2777 3007 2825 et
3039 2770 3369 2825 zizaniorum
3396 2770 3525 2826 :ubi
3545 2784 3739 2830 cnven-

2150 2862 2277 2918 dum
2303 2870 2421 2931 est,
2450 2877 2517 2917 ne
2543 2861 2665 2917 ideo
2700 2870 2945 2932 putemus
2969 2876 3091 2919 esse
3115 2863 3414 2932 propositas
3436 2864 3564 2920 istas
3584 2866 3740 2920 sine.

2149 2957 2435 3025 litudines,
2463 2956 2547 3012 vel
2578 2954 2751 3021 hanc,
2784 2956 2869 3011 vel
2898 2954 2967 3011 de
2996 2955 3285 3012 immundis
3310 2956 3513 3014 in-anca
3537 2959 3741 3015 animus

2150 3046 2291 3105 libus
2311 3090 2327 3118 ,
2360 3049 2445 3106 vel
2480 3062 2828 3120 quacumque
2853 3048 2958 3102 alia
2988 3048 3129 3120 idem
3156 3048 3491 3119 signiﬁcant,
3521 3058 3581 3105 ut
3610 3049 3743 3106 duo

2149 3140 2285 3199 niat
2306 3142 2559 3199 Ecclesiae
2587 3141 2898 3211 disciplina,
2932 3140 3000 3197 de
3023 3155 3129 3212 qua
3168 3140 3221 3197 in
3250 3141 3417 3212 ﬁgura
3444 3142 3583 3199 illius
3620 3154 3741 3199 inu-

2148 3230 2301 3292 lictis
2342 3233 2546 3289 dictum
2587 3242 2705 3302 est,
2732 3232 2934 3288 Severus
2974 3241 3093 3287 sunt
3134 3234 3533 3288 conomtiones
3554 3233 3741 3289 domus

2151 3327 2267 3398 ejus
2299 3323 2480 3399 (Prov.
2506 3339 2545 3381 ιι
2564 3366 2582 3394 ,
2611 3324 2713 3391 i8,
2738 3341 2850 3382 sec.
2889 3324 3089 3397 LXX);
3120 3326 3213 3382 sed
3240 3334 3298 3381 ut
3323 3340 3430 3381 non
3470 3340 3535 3380 eo
3568 3340 3742 3396 usque

2153 3418 2526 3491 progrediatur
2552 3417 2839 3474 dementiae
2862 3419 3038 3488 potius
3067 3418 3371 3485 temeritas,
3402 3433 3559 3488 quam
3584 3432 3742 3473 aereo

2153 3510 2283 3567 ritas
2312 3509 2636 3582 diligentiae,
2670 3516 2729 3564 ut
2755 3510 2905 3580 quasi
2946 3510 3116 3565 bonos
3153 3525 3184 3562 a
3224 3509 3377 3563 malis
3417 3524 3511 3578 per
3540 3509 3743 3565 nefaria

2154 3603 2441 3658 schismata
2483 3616 2735 3672 separare
2763 3599 3280 3669 prusu‘mat..Neque
3322 3599 3469 3653 enim
3502 3616 3603 3669 per
3645 3599 3743 3659 has

2153 3692 2529 3751 similitudines
2571 3698 2628 3747 et
2668 3690 3148 3762 prmnuntiationes
3190 3688 3473 3745 consilium
3519 3690 3744 3746 desidia

2155 3784 2337 3841 datum
2384 3793 2469 3840 est
2506 3783 2694 3851 bouis,
2720 3798 2826 3853 qua
2854 3781 3127 3852 negligant
3151 3780 3292 3851 quod
3330 3779 3614 3849 prohibere
3642 3782 3743 3837 de-

2154 3876 2314 3942 bent;
2344 3876 2440 3933 sed
2485 3874 2786 3945 patientire,
2819 3887 2921 3944 qua
2975 3870 3244 3943 perierant
3289 3870 3442 3927 salva
3492 3870 3744 3929 doctrina

2155 3970 2401 4027 veritatis
2429 3968 2569 4041 quod
2594 3968 2883 4025 emendare
2911 3981 3019 4023 non
3060 3966 3256 4023 valent.
3286 3965 3398 4021 Nec
3444 3965 3570 4037 quia
3611 3967 3746 4023 θοι-ἰ»

2156 4074 2307 4139 ptum
2335 4073 2420 4145 est
2458 4064 2709 4120 introisse
2736 4063 2805 4119 ad
2830 4062 2943 4119 Noe
2970 4062 3027 4119 in
3053 4076 3231 4117 aream
3266 4061 3425 4117 etiam
3470 4061 3745 4117 inmunda

2157 4158 2405 4214 animalia
2433 4156 2585 4229 (Gen.
2610 4171 2686 4211 vn
2704 4198 2717 4221 ,
2741 4155 2821 4226 2),
2850 4154 2973 4211 ideo
3002 4153 3269 4225 prtepositi
3310 4163 3492 4209 vetare
3517 4167 3625 4209 non
3649 4153 3747 4210 do~

2158 4254 2317 4319 bent,
2340 4252 2384 4306 si
2428 4251 2518 4321 qui
2562 4247 2975 4305 immundissimi
3012 4247 3080 4303 ad
3120 4245 3449 4316 Baptiomum
3474 4246 3641 4301 velint
3663 4246 3748 4301 in-

2161 4352 2311 4400 trare
2337 4342 2622 4409 saltantes,
2645 4341 2788 4411 quod
2808 4347 2894 4396 est
2912 4348 3057 4395 certe
3081 4338 3263 4394 mitius
3287 4353 3447 4409 quam
3462 4337 3749 4394 machara-

2159 4446 2242 4495 tes
2272 4457 2285 4492 :
2312 4437 2406 4494 sed
2436 4451 2532 4508 per
2574 4435 2713 4489 hanc
2755 4434 2977 4506 ﬁguram
3018 4433 3099 4487 rei
3134 4440 3299 4503 gestae
3336 4431 3751 4503 praenuntiam

2161 4540 2246 4589 est
2273 4528 2581 4588 immundos
2615 4528 2669 4583 in
2696 4527 2933 4584 Ecclesia
2959 4525 3412 4594 manusva
3452 4522 3750 4580 “orantia:

2161 4626 2455 4688 rationem,
2489 4637 2597 4677 non
2642 4628 2859 4691 propter
2900 4616 3160 4674 doctrina:
3188 4614 3591 4686 corruptionem
3612 4651 3629 4680 ,
3656 4614 3751 4671 vet

2164 4706 2464 4788 disciplinae
2490 4714 2916 4771 dissolutionem.
2940 4710 3058 4768 Non
3079 4709 3223 4766 enim
3242 4722 3575 4778 quacumque
3595 4707 3755 4763 libuit

2164 4811 2503 4867 intraverunt
2530 4806 2802 4863 immunda
2845 4803 3094 4859 animalia
3142 4814 3282 4861 arcte
3320 4812 3579 4872 compage
3616 4812 3756 4877 eone

2164 4902 2332 4959 fracta
2349 4945 2366 4971 ,
2398 4901 2495 4958 sed
2519 4915 2583 4956 ea
2612 4900 2817 4970 integra
2848 4911 2944 4967 per
2966 4911 3131 4951 unum
3155 4903 3316 4971 atque
3340 4893 3482 4950 idern
3511 4893 3711 4950 ostium
3733 4933 3752 4963 ,

2165 4997 2307 5069 quod
2336 4970 2529 5051 artifex
2554 4993 2772 5049 fecerat.
2812 4990 2994 5046 Altera
3033 4990 3257 5061 qumstio
3282 4970 3397 5057 Est,
3429 4988 3629 5065 inqua
3674 4986 3757 5045 eis

2166 5092 2337 5147 visum
2370 5098 2452 5144 est
2494 5086 2652 5141 ﬁdem
2693 5085 2861 5139 solam
2892 5081 3225 5153 baptizandis
3248 5096 3369 5139 esse
3390 5072 3715 5137 tradendam
3735 5116 3753 5147 ,

2167 5194 2348 5258 postea
2371 5198 2499 5239 vero
2518 5180 2628 5251 jam
2652 5177 2945 5249 baptizatos
2964 5176 3239 5233 docendos
3257 5190 3378 5233 esse
3396 5175 3466 5232 de
3486 5174 3752 5232 moribus.

2166 5278 2272 5337 Sed
2298 5277 2430 5332 satis
2468 5274 2891 5330 demonstratum
2920 5278 3035 5337 est,
3062 5270 3165 5326 nisi
3210 5268 3393 5338 fallor,
3424 5278 3550 5325 tunc
3582 5266 3761 5338 magis

2166 5370 2435 5444 pertinere
2459 5366 2525 5422 ad
2558 5378 2742 5421 curam
2783 5363 3162 5434 speculatoris,
3184 5376 3311 5418 cum
3356 5372 3544 5416 omnes
3572 5359 3665 5430 qui
3694 5359 3759 5412 ti-

2166 5463 2368 5521 delium
2397 5464 2708 5528 competunt
2731 5454 3136 5513 Sacramentum
3160 5497 3176 5523 ,
3208 5454 3387 5510 omnia
3412 5466 3535 5525 quas
3561 5453 3759 5508 diculn-

2167 5564 2254 5612 tur
2299 5550 2553 5609 intentius
2603 5557 2659 5607 et
2708 5549 2985 5605 sollicitius
3031 5547 3279 5611 audiunt,
3311 5562 3417 5602 non
3464 5553 3645 5600 tacere
3686 5540 3759 5599 de

2166 5662 2327 5719 poena
2367 5660 2526 5717 quam
2571 5644 2713 5698 male
2740 5642 3040 5697 viventibus
3073 5640 3330 5695 Dominus
3358 5636 3753 5700 comminatur;

2168 5759 2237 5799 ne
2256 5744 2307 5796 in
2326 5742 2438 5810 ipso
2457 5738 2728 5809 Baptismo
2753 5738 2827 5791 rei
2856 5737 2963 5790 sint
2984 5734 3419 5806 gravissimorum
3443 5731 3751 5798 criminum,

2169 5852 2275 5910 quo
2302 5835 2523 5891 veniant
2552 5838 2608 5886 ut
2632 5829 2936 5885 remittatur
2960 5829 2982 5861 ³
3008 5834 3189 5885 reatus
3227 5824 3463 5885 omnium
3505 5828 3758 5898 peccato-

2238 5957 2256 5991 ι
2290 5952 2457 6007 Plures
2482 5955 2609 6013 Mss,
2631 5945 2951 6007 regamur.
