4046 6332
246 616 390 661 πω.
420 598 607 656 Tertia
638 597 871 669 quaestio
911 603 994 652 est
1024 594 1496 665 periculosissima,
1527 608 1630 663 qua
1659 608 1844 664 parum

256 694 627 758 considerata,
667 700 727 747 et
776 706 883 745 non
936 689 1227 744 secundum
1279 687 1516 742 divinum
1572 688 1845 758 eloquium

244 793 604 861 pertractata,
631 792 746 839 tota
787 783 874 838 illa
903 780 1084 853 Opinio
1120 779 1249 834 mihi
1290 780 1499 835 videtur
1538 790 1720 835 exorta
1744 820 1757 845 ,
1792 780 1845 835 in

254 893 353 951 qua
384 877 720 948 promittitur
745 874 1125 930 scelestissime
1167 872 1576 943 turpissimeque
1616 872 1845 927 viventi-

251 974 381 1035 bus,
404 970 617 1027 etiamsi
635 984 703 1025 eo
728 967 889 1024 modo
915 968 1094 1022 vivere
1121 974 1495 1037 perseverent,
1527 972 1579 1022 et
1606 974 1843 1021 tantum-

242 1063 413 1120 nodo
438 1060 667 1117 credant
688 1060 747 1114 in
768 1058 1071 1125 Christum,
1098 1057 1322 1128 ejusque
1346 1058 1690 1114 Sacramenta
1718 1072 1845 1128 per-

252 1155 480 1224 cipiant,
510 1167 606 1207 eos
632 1151 699 1205 ad
735 1150 961 1205 salutem
990 1150 1257 1220 vitamque
1285 1157 1541 1204 aeternam
1567 1164 1687 1204 esse
1716 1164 1844 1204 ven-

254 1255 405 1300 turos
430 1263 446 1298 :
470 1252 657 1299 contra
698 1240 1087 1314 apertissimum
1129 1236 1339 1298 Domini
1372 1243 1687 1298 sententiam
1710 1282 1726 1309 ,
1754 1243 1842 1313 qui

249 1335 580 1392 desideranti
613 1336 772 1391 vitam
812 1342 1066 1391 aeternam
1111 1330 1418 1405 respondit,
1453 1320 1512 1390 si
1561 1335 1637 1389 vis
1679 1335 1846 1389 venire

249 1428 317 1481 ad
346 1428 521 1489 vitam,
551 1443 695 1481 serva
712 1426 991 1492 mandata;
1013 1435 1067 1482 et
1086 1426 1525 1482 commemoravit
1548 1441 1667 1497 qua!
1690 1442 1844 1481 mau-

248 1518 371 1572 data
403 1517 622 1589 (Matth.
650 1533 771 1583 nx,
805 1518 1013 1588 17-19),
1045 1519 1131 1573 ubi
1162 1526 1227 1573 ca'
1263 1517 1465 1575 scilicet
1507 1526 1724 1589 peccata
1758 1518 1841 1573 vi-

253 1618 456 1677 tantur,
487 1610 683 1679 quibus
708 1610 892 1665 nescio
914 1610 1183 1681 quomodo
1212 1612 1359 1668 salus
1387 1621 1587 1669 aeterna
1618 1615 1843 1685 promit-

249 1703 379 1757 titur
416 1710 639 1773 propter
667 1703 825 1757 ﬁdem
869 1704 986 1759 sine
1030 1704 1281 1776 operibul
1333 1715 1618 1762 mortuam.
1654 1710 1727 1763 De
1758 1708 1840 1765 his

249 1794 420 1849 tribus
444 1794 834 1863 quaestionibus
872 1797 1030 1863 satis,
1058 1806 1310 1867 quantum
1351 1792 1627 1867 esistimo,
1662 1800 1843 1871 dispu-

247 1888 356 1942 tavi
387 1905 400 1940 :
430 1887 905 1959 demonstravique
935 1890 1013 1946 sic
1038 1890 1343 1949 tolerandos
1374 1894 1427 1948 iu
1455 1894 1695 1950 Ecclesia
1720 1910 1839 1950 ma-

245 1978 360 2044 los,
397 1988 457 2033 ut
502 1995 609 2033 non
651 1980 952 2050 negligatur
1000 1983 1360 2038 ecclesiastica
1406 1984 1723 2055 disciplina;
1760 1987 1844 2042 sic

246 2064 654 2125 catecbizandos
689 2086 784 2126 eos
812 2072 899 2141 qui
928 2072 1253 2143 Baptismum
1276 2083 1492 2144 petunt,
1526 2086 1584 2131 ut
1609 2091 1717 2131 non
1748 2091 1840 2132 so-

1223 469 1594 532 annosmo
1631 472 1696 529 lN
1736 470 2287 543 suossousursu
2323 452 2607 530 LIBRUM.

1952 588 2113 644 vitam
2142 596 2431 656 aeternam,
2463 595 2521 644 ut
2546 603 2651 645 non
2693 588 2855 644 etiam
2896 602 2991 662 per
3025 589 3183 647 ﬁdem
3228 602 3494 652 mortuam
3518 637 3533 661 ,

1949 696 2069 751 quae
2117 680 2234 736 sine
2280 680 2531 752 operibus
2569 680 2775 737 saivare
2814 696 2920 737 non
2964 690 3178 752 potest,
3206 682 3272 739 ad
3314 700 3431 741 eam
3475 701 3536 743 se

1950 773 2174 845 quisque
2206 773 2480 843 pervenire
2505 788 2663 843 posse
2699 772 3011 842 arbitretur,
3041 775 3136 831 sed
3166 791 3259 846 per
3285 777 3433 833 illam
3463 778 3533 833 li-

1949 866 2070 922 dem
2087 867 2295 937 gratim,
2314 880 2432 937 qute
2455 870 2552 937 per
2571 862 2907 923 dilectionem
2926 874 3196 938 operatur.
3215 862 3336 924 i'ton
3362 869 3542 941 itaque

1949 959 2231 1031 culpentur
2268 958 2665 1030 diSpensatores
2694 960 2906 1029 ﬁdeles,
2934 972 3043 1017 non
3078 972 3175 1017 sua
3221 960 3543 1034 negligentia

1949 1054 2034 1107 vel
2062 1052 2273 1123 pigritia
2293 1093 2309 1118 ,
2338 1053 2431 1108 sed
2464 1052 2814 1123 quorumdam
2844 1054 3019 1125 potius
3048 1055 3383 1110 contumacia
3405 1095 3421 1122 ,
3452 1055 3544 1126 qui

1952 1144 2230 1215 pecuniam
2258 1145 2575 1201 dominicam
2616 1152 2869 1200 recusant
2894 1145 3139 1216 accipere
3160 1188 3175 1212 ,
3203 1154 3258 1201 et
3276 1144 3541 1201 adulteri-

1948 1248 2073 1292 num
2094 1248 2242 1291 suum
2263 1246 2460 1307 cogunt
2487 1246 2672 1293 servos
2691 1238 2989 1293 dominicus
3004 1252 3233 1307 erogare
3248 1279 3262 1303 ,
3291 1237 3418 1293 dum
3442 1253 3540 1292 no-

1948 1326 2066 1383 iniit
2086 1328 2281 1384 saltem
2308 1330 2443 1385 tales
2467 1342 2587 1385 esse
2609 1328 2755 1395 mali,
2784 1329 2970 1399 quales
2995 1336 3210 1384 sanctus
3239 1328 3541 1401 Cyprianus

1948 1427 2335 1476 commemorat
2356 1420 2547 1493 (Serm.
2573 1420 2635 1475 de
2658 1418 2893 1493 Lapsis),
2916 1420 3112 1475 saeculo
3136 1421 3314 1476 verbis
3332 1421 3463 1477 solis
3487 1429 3542 1478 et

1948 1512 2053 1567 non
2079 1510 2231 1566 factis
2253 1512 2619 1566 renuntiantes
2638 1527 2652 1579 ;
2677 1511 2890 1581 quando
2911 1525 3011 1567 nec
3029 1510 3207 1566 verbis
3225 1510 3536 1567 renuntiare

1947 1600 2150 1659 diaboli
2173 1602 2424 1673 operibus
2448 1602 2675 1670 volunt,
2691 1617 2814 1658 cum
2833 1618 2892 1659 se
2918 1603 2970 1657 in
2997 1603 3261 1658 adulterio
3290 1618 3541 1673 perman-

1949 1702 2102 1750 suros
2123 1706 2254 1750 voce
2279 1693 2614 1764 apertissima
2643 1693 2981 1766 proﬁtentur.
3007 1694 3064 1750 Si
3084 1694 3211 1765 quid
3229 1694 3299 1749 ab
3329 1695 3409 1749 eis
3429 1694 3557 1751 dicit

1949 1789 2121 1856 solet,
2150 1788 2292 1858 quod
2314 1788 2449 1843 lorte
2474 1782 2795 1858 disputando
2823 1803 2929 1843 non
2959 1786 3142 1858 attigi,
3174 1787 3280 1842 tale
3308 1801 3430 1843 esse
3449 1802 3542 1841 ar-

1948 1880 2176 1935 bitratus
2196 1895 2314 1935 sum
2335 1922 2349 1946 ,
2382 1880 2465 1935 cui
2494 1894 2616 1935 mea
2644 1879 2924 1950 responsio
2953 1878 3256 1934 necessaria
3280 1894 3386 1934 non
3406 1877 3541 1935 fuis-

1947 1981 2065 2037 set;
2090 1974 2205 2028 sive
2228 1970 2372 2043 quod
2393 1964 2459 2028 ad
2492 1988 2606 2029 rem
2627 1973 2694 2028 de
2723 1987 2828 2043 qua
2857 1970 3054 2043 agitur,
3085 1987 3191 2027 non
3212 1971 3506 2043 pertineret
3522 2013 3541 2039 ,

1947 2069 2061 2124 sive
2088 2067 2228 2139 quod
2258 2076 2363 2122 tam
2390 2067 2507 2123 leve
2527 2075 2696 2134 esset,
2726 2074 2785 2121 ut
2807 2080 2838 2120 a
2856 2064 3097 2137 quolibet
3120 2063 3367 2137 redargui
3390 2064 3537 2120 iacil-

249 2160 369 2215 lum
401 2161 616 2216 audiant
652 2170 816 2232 atque
862 2164 1155 2234 suscipiant
1196 2166 1323 2237 quid
1368 2167 1623 2235 credere,
1652 2166 1837 2224 verum
1936 2156 2072 2214 ’πῖωο
2100 2170 2281 2229 Ροεεθι
2306 2160 2348 2213 ‘-

245 2253 416 2309 etiam
446 2252 670 2323 quatitur
690 2254 881 2311 vivere
906 2254 1171 2324 debeant;
1204 2258 1283 2312 sic
1311 2258 1550 2329 promitti
1591 2259 1841 2317 ﬁdelibus

2011 2271 2030 2303 ³
2064 2269 2795 2333 mummium”,
2822 2264 3151 2334 magi-iu.

258 2395 3525 2457 Μ

1329 2524 2401 2654 ΑΒΜ-θυιπο

1338 2726 1427 2789 IN
2134 2722 2461 2794 LIBRUM.

1602 2876 2184 2943 «moueo»

310 3020 666 3079 Mifﬂin!
687 3021 757 3078 ad
784 3020 1129 3079 Laurentium
1154 3023 1295 3080 inter
1319 3032 1617 3095 postremas
1638 3036 1763 3083 snas
1788 3022 2186 3083 lucubrationes
2204 3025 2477 3083 recensuit
2501 3022 2897 3097 Augustinusitt
2926 3024 3532 3082 libro‘Retra‘entim

240 3114 502 3183 secundo,
526 3123 759 3187 postque
794 3130 890 3173 sex
920 3125 1106 3172 contra
1132 3116 1401 3173 Juiianum
1426 3120 1610 3187 libros,
1661 3120 1750 3190 qui
1778 3120 1847 3175 ad
1893 3126 2091 3175 annum
2122 3119 2334 3175 circiter
2378 3118 2478 3174 42‘!
2540 3120 2833 3191 pertinent,
2872 3118 3179 3173 ecﬂoeuvit.
3202 3118 3366 3173 iiunc
3390 3124 3539 3173 certe

244 3204 436 3261 librum
463 3207 677 3262 labente
703 3222 846 3261 anno
875 3204 981 3263 ηρ
1023 3208 1257 3264 nomium
1303 3209 1620 3280 perfecerat.
1660 3209 1797 3265 Nam
1846 3212 2252 3282 Hieronymum,
2286 3212 2376 3284 qui
2402 3222 2544 3266 anno
2586 3212 2774 3266 eodem
2821 3208 2948 3276 ne,
2996 3209 3145 3281 iusta
3192 3211 3536 3280 Prosperum,

242 3299 415 3367 pridie
438 3300 696 3355 calendas
715 3300 950 3355 octobris
976 3301 1125 3368 obiit,
1152 3302 1261 3372 jam
1288 3311 1459 3359 morte
1480 3302 1721 3358 {mictum
1746 3304 1997 3361 laudabat
2025 3319 2144 3376 cap.
2178 3304 2268 3372 87,
2322 3306 2376 3361 in
2408 3304 2522 3360 haec
2540 3303 2704 3360 verba
2731 3320 2745 3359 :
2770 3302 2979 3360 Sanco:
3004 3305 3263 3360 minaria:
3288 3302 3545 3376 Hierony-

244 3402 355 3444 η
376 3391 637 3462 ρινεώῃιεν
656 3393 907 3463 scriptum
933 3392 1152 3462 reliquit.

310 3483 639 3539 Munatius
666 3494 855 3554 porro,
888 3486 972 3539 cui
998 3486 1227 3555 scriptus
1246 3484 1402 3549 iiber,
1428 3484 1592 3541 frater
1607 3484 1828 3543 Dnicitii
1853 3488 2154 3558 appeiiatur‘
2179 3488 2231 3543 in
2259 3487 2398 3544 libro
2426 3487 2495 3545 de
2521 3495 2642 3545 octo
2658 3484 2872 3544 Dulcitii
2900 3482 3319 3557 Questionibus,
3338 3492 3533 3559 quasi.

246 3578 297 3644 ι,
321 3588 379 3633 ti.
410 3579 523 3644 to;
554 3579 678 3650 quia
699 3579 1089 3650 propiutptitate
1112 3588 1166 3635 et
1193 3580 1535 3651 cognatione,
1562 3582 1637 3635 uti
1667 3581 2015 3649 arbitramur,
2048 3581 2297 3650 naturali,
2334 3596 2435 3637 non
2469 3578 2763 3638 christiana
2785 3587 2994 3637 tantum
3043 3580 3276 3635 Dulcitio
3310 3582 3542 3652 conjun-

245 3676 362 3728 ειυς
385 3678 528 3727 erat.
588 3670 775 3726 Virum
804 3672 873 3727 ab
898 3672 1195 3729 eruditione
1224 3682 1278 3729 et
1330 3690 1359 3729 a
1388 3674 1491 3744 piis
1518 3674 1708 3729 studiis
1760 3675 1973 3747 egregie
2012 3672 2374 3744 commendat,
2408 3676 2503 3733 sed
2551 3694 2581 3732 a
2624 3677 2883 3733 laieorum
2910 3670 3142 3731 ﬁdelium
3171 3684 3331 3747 grege
3374 3674 3544 3733 nihilo

244 3764 477 3821 secernit
503 3765 857 3837 Augusﬁnus,
880 3767 970 3837 qui
1004 3777 1056 3821 et
1081 3767 1272 3836 Operis
1302 3767 1451 3822 initio
1478 3767 1643 3823 filium
1676 3768 1848 3837 ipsum
1880 3776 2054 3833 vocat,
2084 3777 2136 3824 et
2169 3770 2222 3824 in
2258 3769 2364 3824 fine
2391 3778 2511 3825 eum
2552 3762 2655 3825 sibi
2683 3770 2736 3825 in
2764 3764 2962 3826 Christi
3006 3766 3261 3824 membris
3283 3766 3536 3825 dilectum

244 3857 396 3913 dicit.
423 3857 613 3929 Neque
640 3858 917 3914 Laurentii
943 3858 1172 3929 dignitas
1202 3861 1477 3931 explorata
1506 3868 1588 3917 est
1627 3870 1679 3915 ct
1707 3863 1930 3932 probata
1964 3863 2094 3916 satis
2121 3878 2185 3916 ex
2211 3862 2426 3933 vulgato
2454 3862 2576 3918 libri
2632 3863 2803 3918 titulo.
2855 3860 3062 3934 Quippe
3111 3856 3327 3920 codices
3375 3864 3544 3919 nostri

246 3951 577 4021 antiit-triones
630 3951 830 4007 habent
880 3960 1107 4018 tantum,
1152 3951 1343 4022 Incipit
1396 3952 1731 4007 Enchiridion
1758 3954 1893 4024 :qui
1947 3969 2075 4009 vero
2122 3954 2203 4007 Ad
2244 3954 2575 4009 Laurentium
2622 3950 2962 4025 priiiticeriunt
3010 3952 3233 4022 addunt,
3276 3956 3547 4027 aliquanto

248 4045 591 4104 fecen‘tiores
618 4050 763 4114 sum,
791 4052 950 4116 atque
975 4044 1063 4101 isti
1086 4053 1269 4101 secum
1312 4046 1538 4100 invicem
1566 4046 1703 4101 haud
1733 4048 1951 4101 amitino
1990 4047 2404 4103 consentientes.
2450 4048 2895 4104 Careassonensis
2935 4048 3173 4119 praefert,
3208 4048 3289 4101 Ad
3311 4046 3546 4104 Lauren-

252 4142 372 4193 tium
404 4139 765 4209 primicerium
809 4138 1120 4192 notariorum
1165 4137 1303 4191 urbis
1358 4134 1554 4191 Romae.
1586 4135 1739 4192 Unus
1765 4146 1799 4192 δ
1838 4138 2109 4193 Vaticanis
2152 4139 2204 4194 in
2238 4140 2411 4195 fronte
2449 4138 2661 4210 Operis,
2702 4138 2783 4193 Ad
2827 4138 3159 4195 Laurentium
3197 4142 3544 4213 prhnieefium

250 4224 503 4289 ﬂamma!
549 4230 832 4299 Ecclesia);
876 4238 929 4287 et
971 4231 1037 4284 ad
1062 4230 1267 4285 ‘caiceiu
1300 4230 1484 4297 habet,
1531 4230 1612 4284 Ad
1640 4230 1967 4286 Laurentium
1994 4231 2335 4303 primicerium
2359 4230 2602 4287 Ecclesia:
2628 4232 2764 4287 orbis
2793 4232 3057 4287 Raptatus.
3085 4230 3461 4289 Cistercicnsis
3484 4243 3541 4292 et

255 4320 342 4382 stu
376 4326 605 4398 quidam
660 4322 790 4381 Mss.
836 4320 904 4377 ad
930 4318 1256 4378 Laurentium
1304 4325 1642 4394 primicerium
1666 4340 1684 4377 :
1716 4322 1931 4393 Regius,
1956 4332 2087 4393 etc.,
2116 4324 2187 4378 ad
2209 4322 2556 4393 Laurentium,
2587 4320 2823 4395 nihilque
2862 4330 3057 4395 supra;
3087 4324 3354 4395 quomodo
3386 4324 3547 4386 etiam

265 4418 532 4475 Μῖῐῑόηεε
558 4416 897 4473 Amerbachii
929 4424 982 4471 e’t
1009 4407 1239 4471 Erasini.
1273 4415 1342 4469 At
1368 4410 1786 4471 ‘Lovan‘iensium
1820 4414 1982 4471 editio
2007 4417 2157 4470 titulo
2204 4415 2423 4483 addidit,
2460 4417 2801 4486 primicerium
2842 4416 2983 4471 urbis
3040 4416 3233 4472 Rom.
3258 4410 3324 4471 τη
3354 4426 3540 4481 vetere

248 4512 390 4569 libro
438 4509 856 4583 Compendiensi
883 4508 1097 4581 legitur,
1126 4508 1207 4564 Ad
1255 4506 1583 4564 Laurentium
1613 4509 1869 4565 notarium
1928 4509 2065 4564 urbis
2115 4509 2312 4566 Romte.
2344 4508 2402 4567 In
2441 4510 2610 4567 altero
2638 4527 2670 4567 e
2705 4502 3045 4579 contemnas,
3097 4506 3180 4565 ΑΔ
3209 4506 3546 4573 Laurentium

256 4604 551 4663 diaconum.

322 4698 573 4757 Tametsi
600 4698 731 4754 vero
756 4692 892 4752 liber
917 4698 1060 4751 recte
1086 4690 1383 4767 appelletur
1404 4694 1754 4751 Encbiridion
1782 4695 1958 4767 ipsius
1984 4698 2244 4752 bonees‘su
2278 4695 2560 4771 Augustini
2582 4696 2635 4753 in
2653 4713 2773 4771 cap.
2806 4694 2929 4767 ΜΞ,
2955 4698 3078 4775 quia
3120 4698 3321 4763 scilicet
3351 4698 3551 4764 Enchi-

256 4786 433 4851 ridion
461 4792 823 4865 postulaverat
851 4790 1188 4855 Laurentius,
1224 4788 1276 4845 id
1330 4798 1432 4857 est,
1463 4784 1774 4859 opusculum
1798 4790 1947 4847 mole
1980 4790 2227 4861 exiguum
2274 4789 2339 4847 de
2365 4788 2482 4863 ejus
2526 4795 2773 4851 manibus
2801 4813 2905 4851 non
2937 4814 3278 4858 recessurum
3310 4821 3322 4856 :
3354 4800 3547 4859 ibidem

257 4898 441 4944 tamen
463 4885 814 4957 Augustinus,
846 4882 1075 4955 itemque
1097 4884 1149 4939 in
1181 4880 1683 4948 Relractationibus,
1718 4885 1770 4939 in
1786 4882 1932 4939 libro
1956 4878 2023 4939 de
2061 4899 2183 4941 ueto
2208 4878 2423 4943 Dulcitii
2450 4876 2863 4962 Quaéstiouibus,
2906 4902 2958 4949 et
2987 4890 3037 4950 in
3061 4896 3297 4969 Epistula
3327 4888 3450 4963 231,
3477 4896 3544 4951 ad

259 4981 479 5037 Darium
510 4988 828 5037 constanter
859 4985 1013 5033 vocat
1036 4977 1231 5034 librum
1257 4977 1326 5033 de
1369 4974 1522 5045 Fide,
1547 4975 1651 5047 Spe
1679 4984 1734 5032 et
1773 4972 2045 5034 Charitate
2074 4997 2088 5046 ;
2128 4996 2225 5036 nec
2242 4981 2395 5037 aliter
2418 4974 2695 5039 Possidius
2730 4980 2899 5041 indic.
2932 5003 3049 5057 cap.
3074 4982 3125 5044 6.
3158 4988 3238 5043 Ad
3264 4988 3378 5043 haec
3398 4989 3543 5046 enim

258 5077 355 5131 tria
376 5073 727 5132 commodum
757 5073 931 5128 visum
956 5082 1039 5127 est
1058 5072 1117 5128 S.
1147 5071 1364 5128 Doctori
1392 5082 1645 5128 revocare
1686 5070 1967 5128 Laurentii
1994 5074 2320 5145 quaestiones
2347 5091 2555 5145 omnes,
2576 5079 2665 5149 qui
2694 5081 2969 5150 sapientiae
2996 5083 3171 5137 studio
3193 5082 3462 5150 incensus,
3486 5101 3550 5141 ac

258 5178 485 5235 nostrae,
510 5180 669 5239 quam
692 5158 1062 5236 profitebatur,
1090 5176 1272 5221 amore
1306 5163 1599 5235 religionis,
1622 5164 1833 5221 volebat
1876 5165 1930 5220 in
1971 5167 2157 5238 primis
2186 5176 2392 5223 certum
2444 5169 2828 5242 propriumque
2852 5168 2989 5229 ‘lldei
3038 5172 3313 5228 catholica:
3359 5173 3550 5230 funda-

258 5270 526 5324 mentum,
560 5259 725 5315 totum
739 5258 1041 5313 christianos
1080 5257 1337 5312 doctrina
1366 5271 1650 5323 summam,
1680 5266 1736 5312 et
1761 5258 2046 5313 universim
2093 5260 2344 5331 quidquid
2370 5261 2664 5318 orthodoxa
2711 5264 2813 5319 ﬁde
2838 5279 2901 5320 ae
2939 5264 3199 5332 religione
3221 5280 3255 5320 ι
3280 5268 3459 5336 primo
3480 5270 3548 5326 ait

260 5352 515 5409 ultimum
545 5358 832 5421 teneretur,
873 5351 941 5406 ab
972 5351 1265 5421 Augustino
1314 5351 1574 5422 accipere,
1616 5362 1786 5422 eoque
1840 5352 2093 5423 magistro
2124 5353 2328 5409 insutui
2366 5361 2419 5411 et
2456 5356 2652 5412 muniri
2708 5363 2891 5414 contra
2943 5352 3180 5413 diversas
3211 5350 3447 5418 haereses
3475 5352 3564 5453 ea]

264 5456 590 5521 tempestate
623 5456 950 5519 grassantes.

330 5546 518 5600 Prima
548 5544 759 5615 quidem
790 5552 845 5599 et
872 5556 1030 5612 quam
1055 5540 1285 5596 maxima
1311 5541 1431 5596 libri
1459 5550 1609 5612 parte
1633 5542 1954 5612 Augustinus
1983 5559 2098 5614 quze
2123 5544 2387 5600 credenda
2419 5545 2524 5599 sint
2549 5545 2723 5613 docet,
2754 5555 2965 5602 servato
2986 5546 3450 5621 Symboliordine,
3484 5569 3549 5611 ac

262 5639 445 5694 varias
471 5639 706 5695 haereses
734 5632 1171 5703 Manichaeorum,
1203 5634 1721 5706 Apollinaristarmn,
1757 5628 2302 5703 Priscinianistat‘um,
2326 5639 2665 5703 Arianorum,
2697 5641 3071 5714 praecipueque
3102 5642 3530 5718 Pelagianorum,

262 5734 437 5787 tacite
461 5738 642 5789 citrum
689 5733 930 5798 nomine,
980 5732 1177 5801 passim
1224 5728 1440 5784 refeiii't.
1483 5728 1785 5784 Secundam
1828 5739 2064 5799 partem,
2124 5730 2188 5784 de
2246 5732 2308 5783 iis
2362 5744 2479 5798 qua:
2505 5730 2570 5784 ad
2618 5730 2781 5802 Spem
2837 5737 3101 5804 pertinent
3130 5739 3221 5803 ,in
3267 5739 3547 5793 doniinicz

254 5828 531 5885 orationis
582 5829 925 5903 enpositione
974 5841 1134 5900 quam
1176 5824 1493 5882 brevissima
1542 5818 1822 5896 impendit.
1871 5823 2106 5881 Tertiam
2156 5832 2463 5894 postremo,
2524 5839 2625 5881 nec
2666 5841 2783 5884 eam
2821 5831 3085 5905 prolixam
3120 5872 3137 5900 ,
3182 5829 3418 5901 adiungit
3467 5826 3537 5888 de

267 5920 569 5982 Charitate.
