4046 6332
930 279 1021 297 ...λθ

503 390 608 451 ssi
1040 384 1506 456 EUCHIRIDION,
1537 382 1691 442 sws
1728 381 1818 439 ne
1844 337 2023 455 rios,
2062 382 2191 441 SPE
2226 382 2317 442 ΕΤ
2343 382 2761 456 CHARITATE,
2799 384 2857 443 s.
2899 383 3263 444 AUGUSTlNl
3458 382 3517 453 ,ς’
3684 384 3800 445 an

567 508 716 580 Opus
740 507 793 563 in
820 506 1033 580 scriptis
1066 506 1341 564 codicibus
1370 506 1778 577 capitulationes
1805 516 1861 558 et
1896 502 2160 559 sectiones
2182 517 2289 557 non
2318 502 2537 559 easdem
2572 504 2815 564 sortitum
2864 512 2962 559 est.
2997 501 3056 557 In
3083 500 3401 573 quibusdam
3440 509 3657 560 centum
3686 503 3796 562 td-

494 604 640 674 ginta
669 610 929 673 quatuor,
948 609 1040 655 aut
1063 609 1280 656 centum
1316 598 1503 669 viginti
1522 611 1636 662 sex,
1658 598 1763 664 vel,
1790 605 1847 651 ut
1894 597 1948 651 in
1973 594 2151 663 editis,
2205 605 2419 652 centum
2461 597 2645 668 viginti
2670 597 2846 663 duas;
2883 598 2937 653 in
2983 596 3107 653 aliis
3147 597 3485 670 septuaginta
3512 605 3570 654 et
3598 612 3794 669 unam,

499 694 555 748 in
583 691 852 748 nonnullis
868 690 1249 761 quinquaginta
1277 698 1523 759 quatuor,
1562 696 1653 743 aut
1668 689 1898 744 rariores
1926 686 2111 749 habet,
2141 695 2196 743 et
2225 687 2280 742 in
2317 688 2635 759 quibusdam
2661 689 2857 745 nullas.

575 810 658 871 In
681 806 1097 870 Encbiridion
1128 805 1267 868 vide
1288 804 1399 867 lib.
1427 804 1488 881 2,
1516 822 1650 883 cap.
1677 803 1781 878 63,
1812 802 2385 879 Retractationum,
2414 812 2560 865 tom.
2597 804 2654 879 1,
2687 802 2806 865 col.
2836 802 2979 878 655,
3002 822 3039 864 a
3058 802 3284 874 verbis,
3321 802 3563 884 Scripsi
3588 803 3789 867 etiam

491 912 755 986 librum,
784 928 973 990 usque
1002 907 1083 970 ad
1101 907 1307 978 verba,
1341 908 1482 970 Tua
1502 904 1863 968 eruditione
1887 904 2184 968 delecter.
2402 905 2490 967 M.

1526 1074 1635 1083 ..ε-..ε

1526 1074 1635 1083 ...υ
1814 1072 2369 1083 _____..______.._
2409 1075 2665 1083 __.__..__
2683 1074 3283 1086 .._.._._._....__.__.__~.
3303 1077 3413 1087 η...

497 1074 3777 1131 W

443 1121 2089 1448 frus—.AURELII
2190 1121 3812 1377 AUGUSTINi'

1461 1446 2226 1533 HIPPONENSIS
2265 1448 2799 1534 EPISCOPI
3038 1548 3041 1551 _
3404 1446 3549 1563 ,

1303 1621 2910 1788 ENCHIRIDION
3104 1626 3676 1853 ,-

1498 1926 1709 2030 AD
1770 1924 2781 2030 LAURENTIUM

496 2047 591 2096 “"2
634 2050 697 2107 ἐν

2022 2099 2207 2164 sm
3526 2104 3587 2114 ._
3611 2107 3645 2115 ._
3688 2099 3734 2172 ,η

490 2238 595 2417 fi
770 2258 1009 2373 nn
1121 2259 1541 2372 una
1575 2323 1627 2402 ,
1688 2255 2017 2370 sp}:

2197 2260 2340 2371 ιιι·
2426 2256 3518 2378 cunarum-3
3586 2173 3740 2434 ³

1546 2448 2030 2556 LIBER
2107 2446 2542 2553 UNU'S
2598 2446 2718 2557 (α).

2062 2688 2161 2737 e

564 2811 789 2869 CAPUT
827 2808 1110 2867 PRIMUM-
1138 2837 1212 2849 -
1231 2807 1283 2861 ί·
1304 2805 1583 2874 Sapientia!
1625 2819 1753 2858 υεναῖ
1776 2804 1967 2857 donum
2003 2820 2093 2858 επ-
2200 2821 2417 2876 pressus
2436 2819 2537 2876 est,
2568 2825 2688 2865 cum
2706 2810 2831 2879 quid
2866 2820 3008 2868 esset
3033 2812 3236 2869 homini
3280 2816 3538 2887 sapientia
3570 2821 3785 2881 dicere-

492 2913 636 2978 optat
664 2904 957 2960 Laurentio.
988 2901 1101 2957 Dici
1126 2915 1233 2956 non
1258 2906 1450 2969 potest,
1480 2896 1823 2952 dilectissime
1839 2895 1911 2949 illi
1945 2896 2089 2951 Lau-
2197 2907 2300 2953 tur.
2320 2900 2593 2966 Quaerisne
2617 2904 2815 2974 aliquid
2835 2904 2938 2961 dici
2966 2906 3199 2975 brevius,
3228 2909 3317 2979 qui
3345 2912 3479 2979 petis
3528 2929 3560 2969 a
3597 2930 3688 2971 me
3718 2926 3783 2973 ut

485 2998 647 3061 renti,
676 3004 930 3067 quantum
971 3003 1060 3049 tua
1103 2990 1401 3048 eruditione
1441 2988 1694 3052 delecter,
1732 3002 1997 3057 quamque
2037 2997 2088 3043 te
2194 2988 2627 3063 brevitermagna
2654 2993 2933 3050 dicantur?
2955 2997 3035 3052 An
3064 2998 3166 3053 hoc
3195 2998 3369 3069 ipsum
3419 3003 3514 3059 tibi
3551 3003 3786 3065 fortasse

1492 2694 2060 2729 -——--==

2166 2696 2737 2732 ᾢ--η

486 3088 701 3158 cupiam
720 3101 841 3142 esse
856 3085 1149 3155 sapientem
1176 3099 1187 3136 :
1212 3096 1319 3136 non
1342 3096 1408 3135 ex
1437 3096 1621 3134 eorum
1651 3094 1876 3135 numero
1898 3079 1966 3134 de
1977 3079 2087 3149 quia

485 3172 587 3228 bus
600 3172 814 3236 dicitur,
845 3169 942 3225 Ubi
966 3168 1205 3240 sapiens?
1226 3165 1310 3220 ubi
1332 3163 1532 3219 scriba?
1554 3164 1638 3217 ubi
1661 3164 1969 3237 conquisitor
1990 3165 2088 3219 hu-

478 3263 568 3331 jus
588 3262 762 3316 sazculi
783 3263 810 3316 .9
840 3260 1026 3314 Nonne
1052 3259 1259 3313 stultam
1292 3257 1405 3328 fecit
1427 3256 1565 3311 Deus
1600 3257 1900 3327 sapientiam
1932 3256 2085 3327 hujus

488 3355 667 3408 mundi
697 3352 717 3427 (
743 3352 765 3407 Ι
788 3353 912 3410 Cor.
931 3354 986 3420 1,
1006 3351 1115 3424 20)
1148 3352 1162 3406 ι
1206 3350 1300 3407 sed
1328 3365 1394 3405 ex
1420 3365 1608 3405 eorum
1631 3349 1699 3405 de
1728 3350 1921 3420 quibus
1947 3349 2084 3405 scri-

486 3454 632 3518 ptum
645 3453 747 3511 est,
764 3443 1042 3499 Multitudo
1058 3442 1362 3513 sapientium
1378 3442 1568 3495 sanitas
1589 3452 1661 3495 est
1682 3440 1815 3495 orbis
1836 3451 2083 3495 terrarum

487 3536 663 3611 (Sap.
690 3552 764 3601 γι,
794 3534 919 3608 26);
961 3544 1017 3590 et
1052 3535 1237 3605 quales
1261 3534 1375 3587 vult
1401 3532 1689 3602 Apostolus
1724 3532 1859 3597 ﬁeri,
1892 3532 2084 3600 quibus

488 3628 648 3693 dicit,
690 3626 818 3681 Volo
846 3635 1014 3680 autem
1037 3642 1123 3680 vos
1163 3626 1413 3694 sapientes
1457 3622 1656 3691 quidem
1684 3639 1790 3677 esse
1833 3623 1886 3675 in
1914 3623 2044 3676 bono
2063 3664 2079 3691 ,

487 3722 739 3791 simplices
760 3730 926 3775 autem
953 3721 1006 3773 in
1025 3720 1160 3773 malo
1191 3704 1366 3790 (Rom.
1384 3730 1499 3782 xw,
1529 3714 1642 3784 ‘19).
1680 3713 1869 3786 [Sicut
1902 3724 2081 3770 autem

489 3830 648 3869 nemo
676 3828 707 3868 a
730 3828 788 3870 se
814 3813 930 3884 ipso
956 3826 1074 3868 esse
1103 3819 1308 3881 potest;
1337 3810 1407 3864 ita
1444 3808 1601 3863 etiam
1628 3822 1786 3862 nemo
1809 3822 1839 3861 a
1867 3822 1925 3861 se
1964 3807 2080 3876 ipso

489 3905 702 3976 sapiens
726 3918 847 3960 esse
876 3910 1073 3974 potest,
1111 3900 1206 3957 sed
1260 3900 1327 3955 ab
1377 3898 1469 3954 illo
1500 3898 1813 3965 illustrante,
1861 3898 1929 3954 de
1973 3913 2079 3969 quo

486 3999 745 4070 scriptum
771 4006 875 4063 est,
906 3995 1081 4051 Omnis
1111 3993 1360 4065 sapientia
1385 4008 1416 4045 a
1441 3990 1549 4046 Deo
1576 3993 1676 4045 est‘
1697 3989 1879 4062 (Eccli.
1907 4007 1945 4057 ι,
1974 3990 2076 4063 ιη.

558 4091 785 4149 CAPUT
827 4091 889 4146 ll.
918 4120 989 4131 —
1017 4089 1286 4160 Sapientia
1319 4086 1535 4141 hominis
1555 4127 1570 4151 ,
1606 4086 1786 4156 pietas.
1835 4086 2078 4143 Hominis

487 4193 664 4239 autem
695 4181 955 4254 sapientia
981 4181 1151 4252 pietas
1175 4188 1280 4235 est.
1312 4177 1494 4233 Habes
1522 4177 1622 4233 hoc
1652 4177 1705 4231 in
1736 4177 1872 4233 libro
1908 4178 2077 4233 sancti

487 4274 587 4329 Job
613 4292 627 4328 :
656 4287 781 4328 nam
806 4271 880 4327 ibi
906 4271 1119 4343 legitur,
1148 4268 1290 4341 quod
1319 4268 1434 4339 ipsa
1460 4267 1730 4337 Sapientia
1757 4267 1951 4322 dixerit
1978 4266 2077 4320 lio-

487 4364 638 4431 mini,
689 4361 823 4418 Ecce
850 4363 1011 4434 pietas
1054 4370 1127 4416 est
1182 4359 1433 4431 sapientia
1460 4355 1595 4431 (Job
1625 4373 1824 4423 xxvnt,
1872 4356 1990 4429 28).
2018 4356 2077 4411 Si

486 4463 664 4511 autem
694 4469 899 4526 quieras
926 4467 1085 4524 quam
1110 4451 1303 4507 dixerit
1328 4465 1395 4505 eo
1423 4449 1542 4506 loco
1584 4449 1870 4519 pietatem,
1889 4447 2078 4503 distin-

486 4547 628 4603 ctius
646 4547 699 4602 in
720 4561 894 4618 graeco
915 4545 1150 4617 reperies
1168 4554 1425 4600 θεοσέϐειαν
1440 4586 1456 4613 ,
1480 4544 1570 4615 qui
1612 4553 1695 4599 est
1731 4543 1826 4598 Dei
1876 4542 2073 4598 cultus.

497 4639 702 4697 Dicitur
720 4638 862 4695 enim
890 4652 1066 4709 graice
1091 4638 1259 4710 pietas
1288 4646 1344 4693 et
1361 4638 1537 4704 aliter,
1566 4636 1620 4692 id
1649 4644 1731 4693 est
1745 4642 1952 4691 ιῦσιϐιια
1971 4650 2076 4707 quo

486 4734 703 4792 nomine
743 4732 1073 4804 significatur
1117 4731 1289 4787 bonus
1339 4731 1534 4796 cultus,
1575 4730 1815 4801 quamvis
1867 4740 1924 4786 et
1972 4730 2076 4784 hoc

484 4827 752 4899 praecipue
778 4826 1043 4882 referatur
1066 4824 1135 4880 ad
1154 4824 1440 4881 colendum
1469 4823 1657 4878 Deum.
1687 4822 1793 4879 Sed
1831 4822 1963 4877 nihil
1993 4831 2077 4878 est

486 4918 819 4978 commedius
847 4921 938 4977 illo
969 4920 1209 4987 nomine,
1232 4935 1337 4990 quo
1359 4917 1634 4975 evidenter
1659 4917 1755 4973 Dei
1776 4915 1949 4971 cultus
1978 4931 2073 4971 ex-

2194 3078 2467 3137 desideras
2491 3082 2724 3141 breviter
2752 3088 2969 3157 aperiri,
2990 3096 3149 3159 atque
3174 3090 3227 3144 in
3256 3106 3562 3151 sermonem
3602 3097 3784 3171 colligi

2192 3171 2431 3240 brevem,
2452 3192 2681 3245 quonam
2711 3180 2870 3235 modo
2896 3181 2965 3235 sit
2989 3182 3247 3239 colendus
3277 3186 3461 3241 Deus?

2262 3266 2485 3322 CAPUT
2524 3268 2612 3323 lll.
2640 3301 2712 3309 —
2730 3270 2893 3325 Deum
2918 3273 3017 3327 coli
3046 3275 3167 3342 ﬁde,
3192 3292 3281 3347 spe
3317 3287 3364 3330 et
3391 3278 3652 3334 charitate.
3679 3280 3785 3339 Hic

2189 3359 2235 3413 si
2257 3360 2605 3428 respondero,
2636 3363 2760 3430 tide,
2809 3379 2924 3435 spe,
2953 3360 3215 3423 cliaritale
3239 3369 3523 3426 colendum
3566 3371 3736 3428 Deum
3761 3390 3779 3441 ;

2190 3450 2432 3519 profecto
2457 3453 2695 3510 dicturus
2728 3471 2807 3522 es,
2836 3456 3052 3513 brevius
3091 3457 3194 3515 hoc
3231 3458 3432 3516 dictum
3460 3476 3581 3518 esse
3618 3479 3782 3535 quam

2187 3545 2353 3600 velles
2386 3563 2398 3597 :
2425 3562 2488 3601 ac
2515 3547 2708 3604 deinde
2728 3550 2990 3620 petiturus
3013 3565 3076 3605 ea
3109 3550 3203 3605 tibi
3227 3551 3464 3608 breviter
3486 3555 3741 3625 explicari
3759 3596 3777 3622 ,

2186 3652 2305 3704 qua:
2330 3635 2395 3691 ad
2424 3638 2626 3708 singula
2650 3640 2746 3693 tria
2778 3640 2876 3693 ista
2905 3640 3207 3709 pertineant
3232 3657 3247 3704 ;
3273 3642 3403 3710 quid
3447 3643 3783 3701 credendum

2185 3730 2407 3797 scilicet,
2434 3732 2560 3801 quid
2607 3732 2948 3801 sperandum,
2996 3732 3120 3801 quid
3163 3733 3451 3787 amandum
3496 3734 3585 3788 sit.
3623 3736 3782 3803 Quod

2184 3838 2305 3878 cum
2334 3823 2529 3889 fecero,
2565 3824 2637 3878 ibi
2666 3833 2823 3878 eruut
2850 3826 3027 3879 omnia
3055 3823 3143 3878 illa
3179 3839 3298 3894 quae
3345 3825 3401 3878 in
3430 3824 3657 3895 epistola
3689 3836 3783 3883 tua

2186 3919 2479 3988 quaerendo
2498 3920 2513 3949 ¹
2543 3917 2763 3988 posuisti
2789 3934 2802 3969 :
2831 3917 2982 3986 cujus
3007 3916 3309 3986 exemplum
3327 3917 3374 3972 si
3403 3926 3487 3974 est
3511 3934 3675 3988 penes
3700 3928 3778 3987 te,

2184 4008 2337 4065 facile
2361 4019 2443 4065 est
2467 4017 2601 4064 utea
2621 4007 2862 4064 revolvas
2887 4016 2942 4062 et
2966 4006 3172 4077 relegas
3187 4009 3241 4074 ¹;
3264 4007 3312 4062 si
3335 4018 3643 4075 autemnon
3666 4018 3777 4079 est,

2182 4108 2635 4156 commemorante
2661 4114 2749 4155 me
2775 4099 3007 4154 recolas.

2253 4191 2474 4247 CAPUT
2525 4190 2612 4246 1V.
2641 4221 2710 4231 —
2765 4191 3078 4257 Qua'stiones
3129 4191 3412 4247 Laurentii.
3465 4190 3782 4262 Responsio-

2183 4299 2270 4337 nes
2310 4281 2599 4353 Augustini.
2652 4281 2745 4338 Vis
2792 4281 2942 4349 enim
3003 4281 3133 4349 tibi,
3184 4292 3243 4337 ut
3308 4281 3533 4349 scribis,
3589 4281 3780 4337 librum

2181 4389 2214 4426 a
2263 4389 2341 4427 me
2387 4372 2538 4442 ﬁeri,
2575 4387 2724 4442 quem
2768 4371 3106 4427 Enchiridion
3162 4372 3187 4443 (
3198 4381 3251 4425 ut
3289 4372 3496 4442 dicunt)
3552 4372 3776 4441 habeas,

2182 4472 2227 4516 et
2252 4463 2315 4516 de
2344 4462 2441 4516 tuis
2479 4461 2710 4515 manibus
2738 4478 2841 4515 non
2868 4462 3068 4516 recedat
3095 4478 3114 4515 ε
3133 4462 3392 4516 continens
3418 4462 3693 4532 postulata,
3719 4463 3781 4517 id

2182 4563 2276 4621 est,
2304 4553 2426 4624 quid
2453 4553 2760 4623 sequendum
2806 4553 3025 4607 maxime
3048 4593 3062 4618 ,
3118 4552 3241 4623 quid
3292 4560 3497 4623 propter
3549 4551 3778 4607 diuersas

2182 4643 2527 4714 principaliter
2572 4643 2784 4698 hereses
2808 4644 2873 4699 sit
2903 4643 3233 4715 fugiendum;
3265 4644 3321 4697 in
3348 4634 3594 4714 quantum
3640 4643 3777 4698 ratio

2181 4752 2273 4805 pro
2300 4734 2542 4807 religione
2569 4735 2859 4803 contendat,
2889 4735 2966 4790 vel
2990 4734 3112 4804 quid
3145 4735 3202 4788 in
3228 4734 3424 4788 ratione
3444 4774 3459 4799 ,
3491 4750 3607 4788 cum
3645 4733 3777 4803 fides

2180 4826 2245 4881 sit
2263 4826 2518 4901 sola,non
2547 4826 2808 4881 conveniat
2834 4827 2887 4893 ³;
2917 4827 3039 4897 quid
3065 4827 3286 4897 primum
3311 4868 3327 4892 ,
3379 4826 3502 4897 quid
3538 4825 3777 4880 ultimum

2186 4925 2433 4986 teneatur,
2462 4934 2574 4988 qua:
2600 4919 2751 4972 totius
2777 4917 3086 4986 deﬁnitionis
3112 4934 3309 4971 summa
3341 4917 3441 4983 sit;
3483 4918 3622 4985 quod
3666 4934 3779 4972 cer-

1654 5045 1940 5087 ΔΒΙΟΝΙΤΙΟ
1976 5046 2060 5086 PP.
2100 5046 2579 5088 BENEDICTINORUI.

546 5129 846 5179 Enchiridion
860 5162 876 5188 ,
900 5139 995 5177 seu
1014 5124 1192 5176 librum
1215 5124 1281 5174 de
1303 5124 1443 5188 Fide,
1466 5131 1560 5188 Spe
1585 5131 1637 5174 et
1670 5124 2309 5188 Charitaterecognovimus
2328 5124 2386 5172 ad
2411 5130 2612 5188 veteres
2633 5123 2827 5188 codices
2848 5122 3047 5188 triginta
3067 5135 3186 5188 sex;
3212 5124 3437 5188 nimirum
3460 5126 3521 5173 ad
3545 5132 3780 5188 Romanos

486 5191 728 5241 Vaticana:
749 5183 1057 5240 bibliothecae
1074 5194 1297 5250 quatuor,
1312 5183 1874 5250 adfariSiensgesviginti
1896 5183 2105 5250 duos,5d
2126 5192 2207 5235 Ms.
2216 5194 2266 5250 γ,
2283 5185 2529 5250 GAntonii
2543 5191 2710 5243 Faure,
2720 5183 2935 5250 doctoris
2948 5183 3177 5247 Theologi
3190 5185 3451 5250 Facultatis
3474 5187 3774 5250 lfarisiensis,

487 5221 1465 5305 ἐῖἵὲιῖἒς”ἱέὶιῖζ“ἑέἓὲἠἓί“ι”ὃέ“ἕόἰ.“ᾗδῖ
1474 5221 1800 5297 ι’ῖόἔῖιίὲῧ
1806 5221 1877 5294 Eli
1897 5221 2649 5308 iéciiéﬁ‘ésmvhiia‘ﬁfeEEESi-‘u’n‘i
2657 5221 2789 5308 ᾰὲὶἒ

2776 5247 2956 5309 icorum
2977 5257 3006 5294 a
3028 5248 3409 5309 Lovaniensibus
3425 5247 3650 5309 vulgatas
3674 5261 3687 5297 :
3717 5256 3773 5299 et

485 5314 682 5363 demum
713 5314 773 5363 ad
796 5314 1037 5364 editiones
1055 5320 1153 5360 Am.
1177 5316 1252 5359 Er.
1276 5316 1384 5371 ιον.
1410 5316 1526 5358 Dan.
1555 5316 1608 5360 et
1630 5316 1760 5369 Arn.,
1782 5309 1831 5358 id
1853 5317 1931 5360 est
1951 5311 2146 5360 Joannis
2160 5307 2457 5359 Amerbacbii
2474 5342 2488 5367 ,
2512 5306 2946 5358 Desiderii'Erasmi
2963 5342 2978 5368 ,
3002 5307 3357 5371 Theologorum
3379 5306 3774 5370 Lovariiensium,

485 5376 731 5425 Lamberti
755 5375 916 5425 Danaai
938 5382 992 5425 et
1012 5373 1197 5424 Antonii
1215 5370 1420 5421 Arualdi.

567 5458 1075 5538 Comparavimus
1094 5467 1399 5537 praeterea
1427 5473 1525 5514 eas
1557 5471 1760 5514 omnes
1790 5452 2091 5515 editiones
2124 5452 2313 5516 initio
2336 5453 2510 5512 Rctr.
2540 5454 2595 5510 et
2615 5447 2902 5511 Confess.
2944 5458 2990 5510 t.
3021 5452 3080 5524 1,
3113 5459 3500 5514 memoratas.
3598 5453 3687 5515 M.

551 5585 575 5647 ξ
586 5592 701 5647 quac
720 5583 996 5643 sententia,
1037 5593 1148 5647 quae
1183 5581 1319 5630 uncis
1359 5575 1652 5641 continetur,
1690 5585 1859 5629 carent
1882 5584 2082 5629 veteres

489 5644 684 5697 codices
703 5650 810 5692 uss.
1055 5644 1070 5647 '

548 5700 629 5769 (α)
650 5707 858 5769 scriptus
877 5717 1004 5765 anno
1026 5704 1133 5768 ‘21,
1161 5711 1243 5755 aut
1266 5703 1408 5769 paulo
1430 5711 1556 5768 prst.

1719 5840 1759 5860 ﬁ
1772 5848 1793 5858 4
1822 5866 1823 5871 l

2255 5578 2516 5690 ἓιὲιάιον.
2545 5586 2597 5627 et
2628 5584 2815 5629 Arn.st
2851 5584 2953 5627 Am.
2986 5583 3060 5627 Er.
3104 5586 3156 5629 et
3190 5584 3305 5629 Dan.
3343 5591 3400 5629 ac
3435 5577 3607 5643 plures
3640 5586 3776 5643 Mss,

2423 5653 2474 5689 a.

2188 5650 2530 5816 ﬁmum.
2576 5707 2770 5753 Dan.et
2799 5707 2904 5753 tres
2946 5708 3095 5764 Uss,
3128 5708 3180 5753 ut
3221 5715 3330 5753 eam
3365 5701 3577 5756 revolvas
3606 5708 3656 5755 α
3695 5718 3754 5757 re

2485 5825 2639 5877 codex
2672 5827 3040 5888 Germanensis,
3085 5831 3136 5876 tn
3173 5824 3402 5887 religione
3422 5826 3683 5891 οωηιῖάεδ
3703 5829 3776 5885 la
