4046 6332
234 336 325 400 tss
1046 342 1055 350 ~
1170 334 1200 387 ε
1586 286 1592 293 ’
1654 328 1830 388 LiBEl

1942 329 2095 390 nos.
2288 308 2305 341 ⁷
2356 307 2503 355 ”’²·⁷
2556 308 2581 361 ν’
2618 287 2698 359 ίίί

236 464 333 510 una
360 448 736 525 propriumque
759 448 880 523 ﬁdei
928 448 1194 505 catholica
1244 449 1651 522 fundamutuin.
1691 447 1819 504 Haec

234 545 403 605 onmia
417 559 542 616 quae
587 544 821 615 requiris
866 544 1051 614 procul
1099 543 1261 599 dubio
1313 544 1488 614 scies,
1537 543 1820 614 diligenter

234 637 449 697 sciendo
471 635 605 709 quid
618 636 790 703 credi,
812 636 938 707 quid
959 636 1167 706 sperari
1186 636 1409 706 debeat,
1453 635 1580 708 quid
1621 636 1813 691 antari.

234 732 356 788 llaec
373 729 521 787 enim
541 729 800 798 maxime,
831 729 940 785 imo
980 743 1111 785 vero
1149 729 1262 784 sola
1304 728 1362 784 in
1403 730 1661 801 religione
1697 729 1716 760 ⁸
1739 742 1825 783 se-

233 820 443 894 quenda
472 830 622 878 sunt.
654 822 751 879 llis
772 822 863 894 qui
890 822 1228 890 contradicit,
1258 830 1352 877 aut
1376 822 1596 878 omnino
1618 836 1649 876 a
1668 818 1825 876 Chri-

233 914 540 974 stinomine
558 915 769 971 alienus
798 924 902 983 est,
926 924 1019 971 aut
1048 916 1354 971 hareticus.
1372 913 1501 971 Haec
1554 922 1682 971 sunt
1722 913 1821 969 de-

235 1003 502 1066 iendenda
543 1006 776 1072 ratione,
797 1006 884 1063 vel
904 1007 922 1039 ι
946 1022 978 1063 a
1014 1006 1262 1063 sensibus
1286 1007 1529 1077 corporis
1549 1005 1821 1073 inchoata,

237 1102 318 1158 vel
344 1101 412 1157 ab
440 1098 796 1172 intelligentia
825 1100 1018 1156 mentis
1036 1098 1275 1156 inventa.
1326 1100 1458 1167 Qua:
1499 1108 1679 1155 autem
1723 1112 1826 1155 nec

240 1208 500 1267 corporeo
524 1209 690 1252 sensu
711 1195 916 1266 experti
945 1210 1150 1262 sumus,
1175 1210 1277 1251 nec
1296 1202 1478 1251 mente
1496 1196 1710 1267 assequi
1733 1210 1827 1250 va-

240 1288 433 1346 luimus
455 1295 550 1344 aut
577 1286 837 1355 valemus,
895 1286 976 1343 eis
1019 1287 1137 1344 sine
1190 1288 1297 1343 ulla
1330 1287 1658 1344 dubitatione
1704 1302 1826 1344 cre-

246 1379 417 1436 denda
443 1387 574 1435 sunt
611 1379 859 1445 testibus,
890 1393 919 1432 a
944 1378 1138 1449 quibus
1161 1393 1223 1434 ea
1252 1394 1373 1450 quae
1423 1378 1601 1435 divina
1646 1379 1825 1434 vocari

242 1472 345 1545 jam
370 1471 593 1538 meruit,
624 1470 901 1540 Scriptura
921 1470 1167 1527 confecta
1195 1479 1278 1525 est
1307 1488 1320 1524 :
1348 1470 1440 1541 qui
1484 1484 1549 1525 ea
1573 1472 1687 1526 sive
1730 1485 1826 1540 per

245 1576 461 1634 corpus,
491 1562 606 1617 sive
630 1575 728 1632 per
746 1561 1003 1626 animum,
1034 1560 1289 1616 divinitus
1317 1560 1505 1629 adjuti,
1544 1560 1631 1617 vel
1677 1560 1826 1617 vide-

246 1669 322 1721 re,
338 1653 423 1710 vel
450 1653 615 1708 etiam
646 1652 945 1723 praevidere
964 1659 1277 1722 potuerunt.

312 1745 540 1802 CAPUT
571 1745 720 1800 V.—
754 1744 1035 1815 Responsio
1064 1746 1134 1798 ad
1166 1761 1217 1814 q.
1248 1744 1282 1798 '5
1319 1751 1366 1798 et
1402 1744 1470 1798 ad
1505 1761 1557 1815 ᾳ.
1604 1745 1659 1800 4.
1694 1742 1830 1800 Cum

248 1847 419 1894 autem
436 1838 593 1894 initio
613 1837 739 1893 ﬁdei
762 1853 880 1907 quae
906 1852 1004 1907 per
1031 1836 1377 1893 dilectionem
1405 1845 1677 1908 operatur,
1721 1837 1826 1891 im-

251 1931 374 1985 buta
398 1944 555 1984 mens
580 1928 760 1995 fuerit,
793 1928 960 1984 tendit
987 1928 1125 1984 bene
1152 1928 1380 1984 vivendo
1408 1928 1568 1983 etiam
1595 1928 1661 1982 ad
1705 1941 1829 1998 spe-

252 2024 384 2079 ciem
408 2022 713 2095 pervenire,
744 2020 834 2077 ubi
863 2028 946 2077 est
969 2020 1167 2075 sanctis
1195 2027 1251 2076 et
1294 2019 1545 2090 perfectis
1578 2019 1829 2074 cordibus

252 2122 375 2172 nota
411 2114 695 2170 incﬁ‘abilis
736 2112 1098 2184 pulchritudo,
1151 2112 1302 2183 cujus
1352 2112 1512 2184 plena
1562 2112 1700 2168 visio
1747 2119 1837 2167 est

253 2221 463 2262 summa
488 2205 723 2261 felicitas.
756 2205 871 2262 Hoc
915 2212 999 2261 est
1047 2204 1300 2260 nimirum
1354 2204 1497 2275 quod
1548 2203 1779 2275 requiris
1812 2244 1828 2270 ,

253 2299 369 2368 quid
393 2299 634 2368 primum,
660 2297 783 2369 quid
823 2298 1059 2352 ultimum
1100 2304 1369 2354 teneatur:
1398 2298 1642 2353 inchoari
1690 2296 1827 2364 ﬁde,

172 2428 185 2440 .
252 2390 430 2462 perﬁci
446 2390 644 2460 specie.
677 2390 803 2446 Haec
825 2391 987 2446 etiam
1017 2391 1181 2446 totius
1204 2390 1531 2447 deﬁnitionis
1556 2398 1640 2447 est
1678 2406 1828 2448 sum-

252 2497 354 2537 ma.
385 2483 608 2538 Certum
628 2497 760 2538 vero
781 2482 1163 2553 propriumque
1178 2482 1302 2539 ﬁdei
1332 2483 1612 2539 catholica:
1640 2482 1832 2539 funda-

251 2583 487 2629 mentum
509 2572 755 2630 Christus
780 2583 864 2630 est
894 2591 909 2628 :
941 2573 1358 2630 Fundamentum
1398 2576 1533 2631 enim
1568 2577 1732 2641 aliud,
1758 2576 1833 2632 ait

253 2664 558 2735 Apostolus,
592 2681 736 2720 nemo
762 2674 925 2738 potest
943 2682 1147 2738 ponere,
1162 2674 1361 2745 ενι-κιαι·
1386 2666 1442 2721 id
1460 2667 1596 2738 quod
1616 2668 1833 2740 positum

253 2766 338 2821 est,
359 2756 498 2826 quod
520 2765 599 2813 est
618 2754 847 2812 Christus
865 2756 1014 2813 Jesus
1048 2756 1105 2829 (Ι
1129 2756 1245 2813 Cor.
1267 2773 1346 2826 lli,
1377 2759 1490 2830 11).
1516 2760 1701 2831 Neque
1725 2760 1831 2817 hoc

254 2848 366 2905 ideo
393 2849 700 2921 negandum
720 2858 806 2906 est
823 2851 1097 2922 proprium
1122 2851 1530 2910 fundamentum
1558 2871 1680 2912 esse
1703 2856 1831 2914 ﬁdei

244 2942 551 3013 ‘mtholicm,
580 2943 705 3013 quia
731 2944 904 3015 putari
935 2954 1114 3016 potest
1141 2946 1410 3017 aliquibus
1437 2947 1706 3007 harreticis
1731 2950 1834 3008 hoc

256 3032 529 3088 nobiscum
554 3048 679 3090 esse
703 3049 1008 3094 commune.
1033 3036 1089 3093 Si
1123 3038 1267 3094 enim
1307 3038 1592 3111 diligenter
1611 3059 1733 3113 quae
1766 3043 1835 3100 ad

256 3122 519 3179 Christum
547 3126 819 3197 pertinent
837 3127 1160 3199 cogitentur,
1190 3131 1407 3187 nomine
1434 3140 1589 3190 tenus
1624 3134 1835 3192 inveni-

258 3222 337 3270 tur
356 3215 603 3272 Christus
629 3218 769 3289 apud
796 3220 1063 3290 quoslibet
1090 3219 1372 3278 haereticos
1391 3265 1407 3290 ,
1461 3225 1552 3295 qui
1591 3239 1650 3280 se
1692 3225 1835 3281 chri-

258 3307 452 3363 stianos
472 3308 657 3364 vocari
684 3309 889 3376 volunt;
918 3326 978 3366 re
997 3310 1112 3383 ipsa
1132 3327 1261 3369 vero
1291 3329 1397 3371 non
1424 3326 1507 3371 est
1540 3316 1679 3385 apud
1716 3332 1829 3374 eos.

260 3395 400 3467 Quod
419 3399 707 3456 ostendere
737 3401 897 3457 nimis
925 3402 1143 3473 longum
1170 3414 1288 3470 est;
1320 3406 1571 3477 quoniam
1602 3423 1836 3466 comme-

260 3491 522 3546 moranda:
540 3499 668 3547 sunt
686 3507 877 3550 omnes
905 3494 1158 3561 hmreses,
1184 3497 1298 3554 sive
1323 3514 1442 3566 quae
1471 3498 1701 3564 fuerunt.
1723 3502 1836 3557 sive

261 3594 372 3649 quae
416 3590 563 3651 sunt,
591 3583 706 3640 sive
748 3600 870 3655 qua:
902 3587 1225 3656 potuerunt'
1259 3602 1380 3644 esse
1431 3589 1531 3644 sub
1576 3591 1835 3650 vocabulo

258 3671 563 3742 christiano,
586 3684 642 3731 et
664 3692 825 3748 quam
856 3678 925 3733 sit
953 3678 1054 3736 hoc
1077 3695 1265 3736 verum
1282 3697 1379 3752 per
1406 3682 1641 3755 singulas
1671 3702 1833 3756 quas-

260 3779 358 3835 que
409 3767 841 3823 monstraudum.
884 3769 1013 3837 Qua:
1054 3770 1345 3841 diSputatio
1390 3781 1497 3828 tam
1546 3776 1832 3833 multorum

262 3863 338 3910 est
357 3856 707 3927 voluminum,
735 3858 973 3915 utetiam
998 3860 1205 3917 inﬁnita
1237 3864 1500 3920 videatur.

322 3946 551 4005 CAPUT
588 3950 678 4006 Vl.
716 3982 792 3993 —
836 3951 983 4018 Quod
1027 3954 1160 4010 mole
1200 3956 1438 4027 exiguum
1475 3959 1631 4029 possit
1681 3978 1835 4017 manu

260 4041 516 4095 contineri.
541 4040 622 4097 'l‘u
661 4051 841 4099 autem
896 4044 1235 4101 Enchiridion
1277 4063 1305 4101 a
1352 4049 1506 4106 nobis
1551 4054 1787 4121 postulas
1816 4095 1832 4121 ,

258 4133 310 4189 id
349 4144 465 4203 est,
493 4136 630 4205 quod
665 4153 823 4191 manu
848 4139 1004 4207 possit
1031 4140 1247 4211 astringi
1262 4140 1304 4209 ⁵,
1334 4158 1435 4196 non
1488 4145 1623 4212 quod
1664 4162 1835 4199 arma-

256 4224 328 4278 ria
374 4226 534 4296 possit
581 4241 811 4282 onerare.
853 4226 921 4282 Ut
965 4227 1124 4299 igitur
1149 4230 1216 4284 ad
1242 4230 1330 4284 illa
1353 4232 1453 4286 tria
1502 4234 1785 4290 redeamus
1812 4220 1847 4305 ,⁷

254 4332 345 4388 per
371 4334 490 4389 qua:
516 4319 745 4377 diximus
772 4321 1057 4377 colendum
1085 4322 1273 4390 Deum,
1305 4323 1485 4392 ﬁdem,
1509 4340 1680 4395 spem,
1699 4326 1830 4383 cha-

255 4411 489 4477 ritatem;
516 4410 675 4469 facile
698 4421 784 4469 est
806 4421 866 4470 ut
888 4413 1097 4471 dicatur
1141 4416 1268 4486 quid
1312 4417 1638 4475 credendum
1657 4461 1673 4488 ,
1703 4419 1829 4492 quid

255 4502 594 4572 sperandum,
624 4505 753 4575 quid
790 4506 1079 4562 amandum
1102 4507 1208 4563 sit:
1236 4507 1333 4564 sed
1378 4512 1830 4581 quemadmodum

255 4592 504 4652 adversus
529 4610 718 4653 eorum
742 4599 833 4670 qui
864 4598 1078 4657 diversa
1114 4600 1348 4657 sentiunt
1398 4603 1692 4663 calumnias
1733 4607 1834 4663 dc-

256 4769 481 4849 em
710 4774 1218 4849 μειίιιεροιιοαηιίριιε.
1238 4778 1563 4849 επιναιξοηεηι.
1587 4796 1699 4835 cum
1713 4783 1838 4849 ﬁdes

256 4833 560 4911 εει
768 4838 870 4911 _(_:_ui_
882 4838 1078 4911 lecti-oni
1098 4833 1275 4911 favent
1288 4845 1483 4911 Regius,
1506 4833 1832 4911 candidis};

665 4907 719 4949 et
738 4898 951 4972 unione
967 4908 1073 4951 ιω.
1098 4898 1444 4972 δερθιιιβεζίη
1468 4898 1687 4970 ratione,
1727 4898 1839 4962 cum

470 4958 594 5032 sata,
612 4972 713 5031 non
929 4965 1324 5032 Compendiensis
1346 4954 1468 5017 vero
1482 4954 1835 5030 tibi}?

254 5019 349 5086 nia:
368 5033 387 5081 ;
411 5019 588 5086 habet,
861 5023 994 5075 Alter
1014 5019 1319 5077 c'olbertiuus
1333 5035 1386 5079 et
1406 5019 1533 5079 unus
1547 5019 1837 5086 e'Vaticanis

428 5116 445 5142 ,
464 5082 538 5157 fin
562 5079 764 5157 iam,
780 5099 912 5157 _cum
931 5086 1057 5151 fides
1068 5086 1139 5157 su
1160 5086 1289 5157 sola,
1307 5079 1571 5157 conveniat.
1604 5079 1837 5157 iﬁiéﬁiﬁé

255 5143 482 5219 gnatdm
517 5143 884 5219 restituendum
910 5143 1129 5219 ,
1151 5149 1203 5201 in
1238 5143 1448 5219 ratione,
1472 5167 1583 5204 cum
1605 5143 1835 5219 ﬁeri};

484 5276 497 5283 _
512 5219 609 5283 non
936 5205 1167 5283 audacior
1205 5215 1365 5283 lamb.
1406 5205 1616 5267 D'anmus'
1640 5205 1835 5283 absque

570 5271 807 5345 restituit,
821 5271 874 5322 in
893 5271 1078 5324 ratione
1094 5287 1206 5325 cum
1220 5271 1320 5339 ﬁde
1341 5288 1435 5327 non
1456 5279 1697 5332 conveniat
1716 5295 1734 5344 ;
1752 5271 1834 5333 re-

310 5332 604 5391 :tlsverbis,
638 5332 844 5384 sitsola.
1220 5332 1231 5339 ’

310 5394 329 5463 ξ
364 5402 465 5442 Am.
490 5399 564 5463 in.
585 5400 639 5445 et
656 5401 795 5457 Dan.,
817 5394 1203 5461 solareligione;
1225 5401 1429 5463 omisso,
1454 5402 1521 5454 in.

253 5493 261 5509 .
308 5454 331 5531 ξ
362 5461 567 5531 μέζε’.
591 5462 709 5531 Dan.
731 5454 788 5531 et
816 5454 1309 5531 quatuor'uss.,'quce
1330 5454 1419 5513 vel.

309 5516 590 5595 ‘Dan.
615 5526 669 5570 et
712 5516 940 5583 plerique
984 5529 1089 5572 Mss.
1121 5516 1178 5573 At
1211 5516 1315 5573 λιιι.
1356 5531 1429 5574 Er.
1470 5532 1582 5577 Lov.
1608 5536 1660 5580 et
1700 5539 1829 5595 arn.,

667 5712 722 5757 Et
748 5719 829 5781 ex
844 5706 927 5778 his
941 5708 1109 5771 plures
1124 5706 1256 5773 loco,“
1270 5706 1735 5781 astringi,'lihbcm,
1761 5725 1831 5770 ιε-

246 5769 384 5830 ueri;
409 5776 461 5818 et
480 5769 699 5831 quidam,
716 5769 924 5832 portari.

400 5852 629 5918 Sutor.
657 5855 943 5918 Ληουεῖ.
987 5854 1096 5919 VI.

916 5646 1062 5713 possit
1082 5646 1300 5713 astringi.
1322 5656 1525 5713 Mittas"

3408 340 3519 398 254

1930 446 2197 515 fendatur,
2226 450 2553 520 operosioris
2588 451 2957 524 uberiorisque
2985 451 3244 511 doctrina:
3269 462 3374 524 est;
3395 472 3517 527 quae

1929 552 1988 598 ut
2015 542 2294 610 habeatur,
2318 560 2426 601 non
2452 545 2602 602 brevi
2633 545 2931 602 enchiridio
2958 562 3147 604 manus
3193 548 3352 605 debet
3399 550 3503 607 im-

1928 634 2086 706 pleri,
2118 636 2213 691 sed
2232 636 2419 707 grandi
2445 637 2622 692 studio
2646 647 2833 710 pectus
2862 638 3104 694 accendi.
3484 634 3491 641 ’

1999 725 2225 784 CAPUT
2239 727 2351 783 VII.
2369 727 2507 785 —2.
2525 730 2823 800 Symbolum
2843 738 2892 784 et
2912 731 3073 786 oratio
3095 731 3349 786 dominica
3376 749 3517 787 com-

1931 820 2218 891 plectuntur
2238 820 2411 891 ﬁdem,
2430 838 2572 893 spem
2599 830 2647 877 et
2666 822 2983 877 charitatem.
3016 822 3148 878 Nam
3189 838 3316 879 ecce
3358 823 3455 878 tibi
3489 824 3507 857 ¹

1929 919 2014 967 est
2038 910 2349 983 Symbolum
2370 920 2428 968 et
2449 912 2714 969 dominica
2738 914 2930 980 oratio;
2961 914 3087 984 quid
3108 915 3323 971 brevius
3361 916 3516 970 audi-

1931 1011 2020 1058 tur
2048 1012 2139 1058 aut
2165 1003 2545 1075 legitur‘lquid
2592 1004 2798 1060 facilius
2851 1006 3125 1062 memoria:
3168 1007 3517 1063 commenda-

1931 1093 2059 1148 tur?
2088 1093 2220 1163 Quia
2240 1095 2383 1150 enim
2407 1094 2475 1151 de
2517 1104 2760 1165 peccato,
2792 1097 2940 1165 gravi
2970 1097 3185 1153 miseria
3237 1084 3519 1168 premeba-

1932 1192 2019 1240 tur
2044 1199 2212 1256 geuus
2226 1187 2535 1251 humanum,
2557 1195 2609 1242 et
2628 1186 2806 1242 divina
2829 1187 3101 1259 indigebat
3123 1189 3515 1260 misericordia,

1930 1276 2116 1345 gratia:
2146 1276 2241 1331 Dei
2284 1284 2493 1348 tempus
2529 1279 2791 1348 propheta
2843 1278 3142 1350 prmdicens
3166 1280 3263 1346 ait,
3291 1280 3359 1336 Et
3380 1282 3472 1337 erit
3498 1299 3522 1348 ,-

1932 1368 2095 1422 omnis
2116 1369 2201 1439 qui
2230 1369 2532 1424 invocaverit
2558 1386 2738 1424 nomen
2764 1369 3005 1436 Domini,
3035 1372 3205 1427 salvus
3232 1374 3327 1428 erit
3362 1371 3514 1445 (Joel

1932 1475 1990 1525 ιι,
2021 1460 2112 1533 '52)
2146 1477 2161 1517 :
2190 1471 2409 1533 propter
2432 1461 2536 1518 hoc
2563 1464 2795 1518 oratio’.
2820 1463 2926 1519 Sed
2950 1465 3239 1535 Apostolus
3289 1481 3414 1521 cum
3450 1466 3521 1523 ad

1932 1552 2104 1623 ipsam
2152 1554 2377 1624 gratiam
2428 1546 2909 1612 commendandam
2989 1556 3092 1611 hoc
3148 1558 3523 1629 propheticum

1933 1656 2409 1704 commemorasset
2464 1648 2829 1704 testimonium
2865 1690 2880 1716 ,
2960 1650 3218 1705 continuo
3260 1649 3522 1721 subjecit,

1937 1736 2204 1804 Quomodo
2224 1749 2393 1795 autem
2418 1740 2740 1806 invocabant,
2790 1742 2845 1795 in
2887 1758 3034 1812 quem
3059 1759 3160 1797 non
3204 1743 3526 1799 crediderunt

1938 1831 2126 1905 (Rom.
2162 1850 2219 1903 x,
2251 1834 2379 1905 ii)?
2405 1844 2625 1905 propter
2655 1835 2759 1890 hoc
2785 1833 3122 1906 Symbolum.
3153 1836 3212 1891 in
3264 1835 3349 1891 liis
3391 1836 3527 1891 duo-

1933 1925 2036 1982 bus
2064 1926 2166 1982 tria
2197 1926 2287 1981 illa
2318 1926 2529 1983 intuere
2558 1944 2571 1980 :
2597 1927 2729 1983 ﬁdes
2779 1926 2970 1995 credit,
3003 1941 3129 1998 spes
3180 1934 3237 1982 et
3290 1928 3527 1984 charitas

1934 2027 2111 2076 orant.
2139 2018 2245 2075 Sed
2266 2021 2383 2074 sine
2410 2019 2516 2075 ﬁde
2542 2034 2661 2075 esse
2692 2034 2799 2074 non
2826 2029 3084 2090 possunt;
3114 2035 3178 2077 ac
3205 2034 3303 2091 per
3344 2019 3449 2077 hoc
3470 2026 3525 2076 et

1935 2111 2067 2168 ﬁdes
2088 2120 2228 2167 orat.
2257 2112 2548 2183 Pr0ptcrea
2571 2114 2766 2184 quippe
2787 2113 2984 2168 dictum
3012 2121 3117 2182 est,
3151 2113 3414 2181 Quomodo
3440 2115 3527 2169 in-

1935 2201 2199 2269 vocabant,
2223 2204 2278 2256 in
2304 2218 2452 2272 quem
2478 2220 2578 2257 non
2598 2203 2956 2257 crediderunt?

2005 2293 2233 2351 CAPUT
2273 2293 2409 2349 VH].
2434 2322 2506 2335 —
2546 2293 2807 2349 Generalis
2853 2294 3124 2366 explicatio
3175 2295 3319 2366 ﬁdei,
3343 2298 3450 2369 spei
3478 2308 3530 2353 et

1936 2388 2219 2458 charitatis,
2246 2396 2291 2443 et
2314 2405 2487 2444 earum
2509 2405 2687 2443 nexus.
2719 2388 2860 2457 Quid
2892 2398 3077 2445 autem
3104 2391 3317 2460 sperari
3348 2399 3529 2461 potest

1936 2483 2079 2553 quod
2104 2497 2212 2539 non
2255 2484 2534 2540 creditur?
2564 2483 2731 2539 Porro
2768 2483 2971 2555 aliquid
3015 2485 3179 2541 etiam
3223 2485 3365 2556 quod
3413 2503 3525 2543 non

1937 2585 2202 2646 speratur,
2232 2576 2379 2632 credi
2404 2584 2605 2647 potest.
2634 2576 2763 2643 Quis
2790 2591 3024 2647 namque
3072 2576 3307 2633 ﬁdelium
3335 2593 3528 2649 poenas

1938 2682 2046 2723 non
2072 2666 2244 2723 credit
2269 2668 2587 2738 impiorum?
2619 2683 2717 2724 nec
2745 2676 2927 2738 sperat
2957 2677 3158 2735 tamen,
3191 2678 3247 2725 et
3287 2670 3529 2742 quisquis

1940 2772 2032 2815 eas
2052 2759 2332 2816 imminere
2361 2761 2464 2817 sibi
2479 2761 2652 2817 credit
2674 2777 2737 2816 ac
2764 2762 2937 2832 fugaci
2957 2771 3108 2817 motu
3136 2762 3302 2818 animi
3330 2764 3529 2819 exhor-

1939 2858 2043 2919 ret,
2071 2853 2273 2907 rectius
2299 2852 2492 2909 timere
2515 2852 2712 2909 dicitur
2748 2867 2908 2923 quam
2959 2868 3199 2925 sperare.
3240 2854 3371 2923 Qua:
3422 2856 3531 2913 duo

1940 2942 2157 3015 quidam
2186 2944 2557 3016 distinguens’
2590 2945 2697 3000 ait:

2432 3058 2591 3111 liceat
2608 3071 2813 3111 sperare
2833 3060 3044 3111 timenti.

2608 3071 3146 3185 Ὗῗταῖῗαῖἓῗιιὲὶεαι.
3173 3122 3256 3175 lib.
3281 3124 3327 3187 ε,
3354 3137 3399 3176 υ.
3425 3126 3530 3190 ιδ.)

1941 3222 2057 3280 Non
2087 3231 2265 3280 autem
2284 3223 2352 3282 ab
2365 3224 2473 3281 alio
2496 3234 2675 3298 poeta,
2718 3226 2969 3298 quamvis
3004 3228 3229 3287 meliore
3252 3271 3269 3300 ,
3315 3234 3530 3305 proprie

1941 3314 2142 3371 dicttun
2171 3324 2291 3372 est:

2033 3438 2166 3480 nunc
2191 3441 2287 3493 ego
2305 3431 2349 3481 si
2371 3431 2512 3496 potui
2529 3437 2718 3496 tantum
2738 3444 2941 3496 sperare
2962 3434 3200 3496 dolorem.
3328 3430 3335 3437 ’

2491 3492 2721 3561 (νέφει,
2954 3494 3035 3548 lib.
3058 3498 3109 3562 4,
3132 3512 3177 3549 υ.
3194 3498 3329 3564 419.)

1941 3594 2181 3666 Denique
2203 3592 2444 3652 nonnulli
2496 3598 2551 3653 in
2606 3607 2724 3656 arte
2767 3602 3118 3671 grammatica
3161 3604 3312 3661 verbi
3363 3605 3523 3678 hujus

1941 3697 2162 3744 utuntur
2188 3690 2435 3762 exemplo
2464 3691 2532 3746 ad
2558 3693 2945 3750 ostendendam
2962 3696 3313 3769 impropriam
3340 3699 3536 3756 dictio-

1940 3797 2085 3850 nem,
2115 3793 2169 3838 et
2194 3784 2361 3850 aiunt,
2385 3783 2609 3855 Sperare
2631 3784 2767 3840 dixit
2824 3801 2922 3857 pro
2965 3788 3176 3846 timere.
3218 3790 3317 3847 Est
3353 3793 3534 3864 itaque

1939 3874 2073 3930 ﬁdes
2100 3883 2154 3930 et
2174 3876 2431 3931 malarum
2463 3892 2667 3945 rerum,
2697 3887 2751 3933 et
2776 3879 3041 3936 bonarum
3073 3901 3088 3938 :
3119 3884 3242 3954 quia
3283 3893 3339 3941 et
3390 3886 3532 3944 bona

1941 3966 2251 4034 creduntur,
2280 3978 2333 4021 et
2354 3968 2515 4035 mala;
2540 3977 2594 4023 et
2619 3968 2724 4025 hoc
2751 3969 2858 4026 ﬁde
2876 3971 3038 4042 bona,
3072 3989 3179 4030 non
3226 3977 3387 4033 mala.
3433 3980 3533 4035 Est

1941 4060 2102 4116 etiam
2133 4060 2265 4115 ﬁdes
2290 4070 2343 4115 et
2382 4062 2769 4131 praeteritarum
2798 4079 2979 4120 rerum
3008 4102 3027 4133 ,
3057 4075 3113 4123 et
3142 4071 3486 4138 praesentium
3511 4115 3530 4141 ,

1942 4163 1998 4209 et
2030 4153 2348 4208 futurarum.
2391 4152 2674 4231 Credimus
2724 4157 2867 4212 enim
2916 4158 3192 4216 Christum
3219 4173 3529 4231 mortuum;

1941 4246 2084 4317 quod
2108 4247 2217 4316 jam
2272 4246 2565 4316 praeteriit;
2604 4226 2875 4305 Eredimus
2914 4250 3105 4307 sedere
3146 4254 3213 4307 ad
3253 4226 3529 4312 dexteram

1942 4338 2309 4409 Patris;quod
2334 4355 2472 4395 nunc
2492 4349 2577 4394 est
2600 4357 2613 4393 :
2639 4341 2908 4397 credimus
2960 4351 3243 4401 venturum
3281 4347 3349 4401 ad
3380 4348 3533 4418 judi-

1942 4429 2236 4496 candum‘;
2269 4429 2411 4500 quod
2431 4431 2662 4485 futurum
2688 4440 2785 4487 est.
2812 4432 2946 4489 ltem
2970 4433 3103 4491 ﬁdes
3122 4445 3177 4491 et
3201 4452 3421 4494 suarum
3448 4455 3536 4496 re-

1942 4538 2061 4579 rum
2089 4532 2191 4592 est,
2222 4532 2275 4578 et
2290 4523 2608 4579 alienarum.
2633 4523 2766 4580 Nam
2794 4533 2850 4581 et
2872 4540 2932 4582 se
2970 4528 3196 4599 quisque
3220 4530 3393 4587 credit
3433 4533 3537 4588 ali-

1943 4614 2156 4687 quando
2184 4628 2304 4670 esse
2325 4615 2574 4685 coepisse,
2608 4629 2707 4671 nec
2726 4614 2890 4673 fuisse
2909 4618 3090 4691 utique
3114 4622 3531 4691 sempiternum;

1942 4717 1997 4764 et
2024 4708 2177 4776 alios,
2204 4716 2364 4779 atque
2385 4708 2489 4764 alia
2516 4709 2536 4740 '
2563 4727 2577 4764 :
2610 4724 2708 4765 nec
2730 4711 2904 4768 solum
2946 4712 3014 4769 de
3061 4714 3181 4771 aliis
3226 4716 3533 4775 hominibus

1941 4800 2130 4867 multa,
2160 4814 2280 4870 quae
2308 4799 2373 4856 ad
2402 4799 2715 4871 religionem
2767 4803 3041 4874 pertinent
3063 4806 3107 4875 ⁸,
3136 4822 3325 4865 verum
3363 4810 3527 4866 etiam

2006 4978 2022 5044 ξ
2058 4976 2247 5044 Aliquot
2270 4984 2399 5044 Mss,
2421 4985 2545 5044 Nam
2559 4991 2672 5044 ecce
2809 4982 3025 5044 Quidam,
3048 4992 3170 5034 Nam
3186 4996 3295 5035 ecce
3311 4988 3358 5034 et
3380 4983 3467 5035 ibi.

2004 5040 2027 5071 ³
2059 5038 2178 5090 Editi
2194 5077 2209 5102 ,
2250 5038 2493 5092 dominica
2528 5041 2698 5093 oratio.
2734 5038 2883 5094 Abest
2898 5082 2912 5107 ,
2947 5038 3204 5106 dominica,
3227 5057 3258 5094 a
3279 5044 3537 5110 plerisque

1940 5106 2110 5237 κεῗιη
2126 5165 2592 5237 ριοιιείεηιιεεωωδ
2626 5164 2947 5237 distinguens.
2974 5175 3070 5217 Non
3087 5169 3360 5237 nominatur
3384 5178 3535 5222 Lucan

1940 5236 2030 5304 ηαξ
2279 5226 2369 5304 θεῖά
2393 5229 2501 5304 eius
2523 5230 2730 5304 ηοωίηίξ
2747 5226 2857 5304 1.609.
2871 5227 3338 5304 ιιψςιμτνμιιείάαῖηο
3364 5292 3376 5304 .

2004 5288 2028 5319 δ
2060 5286 2197 5349 Editi,
2226 5296 2353 5351 post,
2377 5286 2627 5341 venturum
2648 5290 2714 5340 ad
2738 5286 3090 5353 judicandum,
3100 5286 3310 5355 addunt,
3329 5292 3458 5346 vivos
3481 5301 3529 5346 et

1940 5355 2196 5486 mgr‘é‘df’i‘ti,
2214 5418 2259 5486 et
2292 5411 2552 5486 alia
2570 5390 2687 5486 alia.
2702 5421 2769 5486 _At
2789 5420 2920 5475 ωδε..
2942 5418 2990 5464 et
3031 5414 3151 5466 alios
3174 5416 3383 5481 (supple
3400 5454 3416 5486 ,
3440 5420 3530 5470 ho-

1940 5474 2142 5548 mines),
2182 5480 2325 5537 atque
2364 5474 2507 5548 alia'(
2531 5475 2718 5548 scilicet
2740 5487 2906 5525 rerum
2929 5488 3119 5539 genera
3141 5474 3528 5547 esse'émpisse,

1940 5547 2035 5585 nec
2056 5535 2204 5586 fuisse
2225 5535 2523 5599 sempiterna
2540 5538 2601 5608 )..
2933 5535 2956 5539 '
3364 5535 3380 5545 '
3512 5535 3526 5547 '

1941 5659 1955 5666 -
2005 5598 2025 5629 ⁸
2056 5598 2186 5666 Em.“
2205 5635 2219 5660 ν
2245 5598 2441 5666 σίμωμα
2458 5598 2738 5666 νειιφοηςηι
2756 5599 3020 5666 ρρνιὺιεηι,
3039 5605 3289 5666 reperitur
3304 5608 3356 5656 in
3378 5608 3530 5655 omni-

1940 5659 2035 5710 bus
2054 5659 2189 5709 libris
2210 5659 2400 5718 scriptis
2425 5666 2476 5709 et
2513 5659 2735 5711 eicusis.’
2751 5659 2994 5713 Classem
3004 5659 3129 5715 esse
3150 5666 3345 5718 volebat
3366 5674 3528 5717 Lamb.

1941 5728 2146 5786 Danteus
2162 5759 2175 5781 ,
2202 5724 2284 5785 qui
2306 5720 2441 5786 hunc
2462 5729 2513 5771 et
2526 5720 2645 5786 alios
2664 5723 2976 5786 quamplures
2994 5723 3129 5778 locos
3150 5730 3310 5781 animo
3331 5735 3530 5781 vexant

1942 5785 2141 5835 minime
2156 5782 2298 5846 aequo
2322 5791 2375 5835 et
2394 5782 2602 5835 liberali.

2848 5872 3056 5954 (Huit
3077 5875 3116 5954 Ι
