4046 6332
460 318 565 375 255

464 434 531 488 de
548 426 749 501 angelis
776 424 1061 481 credimus.
1093 422 1224 492 Spes
1262 428 1440 473 autem
1482 430 1591 470 non
1632 410 1735 468 nisi
1778 410 2039 465 bonarum

465 539 646 582 rerum
673 530 772 585 est,
808 534 903 573 nee
930 516 1030 573 nisi
1054 515 1369 575 futurarum,
1414 519 1468 565 et
1495 507 1562 562 ad
1595 520 1718 561 eum
1771 502 2045 575 pertinen-

466 620 599 676 tium
623 615 713 688 qui
737 627 921 669 earum
942 625 1092 681 spem
1118 620 1304 678 gerere
1329 602 1657 673 perhibetur.
1684 597 1951 688 Quaegcum
1970 592 2043 688 ita

467 713 592 770 sint.
619 683 836 785 propter
859 704 955 759 has
988 714 1174 757 causas
1227 692 1613 789 distinguenda
1638 690 1770 789 erit“
1784 686 1930 789 niides
1953 683 2045 789 “ab

461 820 562 875 spe
605 779 636 871 ,γ
671 800 810 856 sicut
857 792 1150 857 vocabulo,
1190 789 1263 845 ita
1299 797 1354 843 et
1393 779 2043 875 rationabilidillerentia.

466 872 601 954 Diam
630 890 772 965 quod
799 888 987 944 attinet
1007 883 1072 940 ad
1102 898 1208 938 non
1232 879 1434 945 videre,
1462 877 1574 935 sive
1589 890 1708 955 qua:
1734 872 2045 965 creduntur,

468 989 586 1044 sive
607 961 725 1058 quae
752 985 1052 1053 sperantur,
1079 974 1202 1030 tidei
1243 973 1465 1043 speique
1509 982 1793 1025 commune
1840 961 2047 1058 est.__ln

468 1055 703 1155 Epistola
726 1075 920 1147 quippe
945 1070 1011 1125 ad
1040 1068 1295 1124 Hebrmos
1314 1106 1330 1133 ,
1361 1079 1464 1136 qua
1492 1059 1741 1155 testeusi
1763 1066 1888 1113 sunt

470 1146 611 1230 stres
640 1146 915 1226 catholicae
942 1160 1156 1232 Regulae
1176 1160 1196 1190 ²
1225 1156 1558 1221 defensores,
1590 1151 1720 1206 ﬁdes
1761 1163 1882 1205 esse
1910 1146 2050 1202 dicta

472 1273 558 1322 est
582 1258 838 1319 Convictio
866 1271 1034 1310 rerum
1062 1266 1174 1322 qua:
1194 1266 1294 1305 non
1335 1247 1564 1303 videntur
1601 1242 1798 1315 (Hebr.
1842 1255 1917 1303 χι,
1957 1236 2050 1306 1).

471 1355 725 1428 Quamvis
743 1349 951 1423 quando
979 1363 1036 1402 se
1061 1345 1283 1417 quisque
1309 1357 1415 1397 non
1436 1338 1634 1411 verbis,
1670 1350 1775 1428 non
1802 1332 2051 1399 testibus,

472 1467 581 1509 non
607 1447 839 1518 denique
862 1442 986 1497 ullis
1005 1434 1350 1509 argumentis,
1382 1431 1478 1491 sed
1508 1427 1853 1500 praesentium
1874 1436 2057 1518 rerum

477 1513 1088 1602 evidentiaa'credidisse,
1116 1529 1220 1583 hoc
1246 1533 1370 1591 est,
1410 1522 1574 1577 tidem
1618 1513 2057 1573 accommodasse

476 1638 623 1704 dicit,
650 1648 757 1689 non
783 1630 857 1686 ita
883 1626 1091 1682 videtur
1117 1619 1381 1677 absurdus
1400 1618 1442 1685 ³,
1468 1621 1683 1669 utrecte
1702 1606 2054 1710 reprehenda-

477 1740 566 1785 tur
590 1696 641 1782 in
674 1722 862 1786 verbo,
891 1719 1045 1788 eique
1065 1714 1293 1779 dicatur,
1325 1706 1536 1771 Vidisti;
1570 1718 1697 1775 ergo
1724 1716 1831 1757 non
1885 1696 2059 1754 credi-

477 1818 600 1875 disti
634 1835 647 1870 :
672 1812 809 1869 unde
835 1808 1005 1881 putari
1037 1811 1211 1877 potest
1233 1815 1338 1857 non
1360 1812 1478 1855 esse
1507 1806 1843 1864 consequens
1868 1797 2051 1881 utnon

477 1909 718 1965 videatur
743 1879 1196 1971 resiqtiwcumque
1244 1890 1499 1947 creditur.
1544 1884 1650 1943 Sed
1697 1882 1888 1938 melius
1924 1879 2063 1934 hanc

478 2001 811 2075 appellamus
840 1994 1016 2057 tidem,
1048 2002 1206 2060 quam
1237 1984 1418 2041 divina
1466 1978 1679 2052 eloquia
1702 1975 2061 2075 _docueruut,

477 2064 661 2151 earum
688 2090 890 2145 scilicet
917 2098 1096 2141 rerum
1118 2095 1238 2151 quae
1263 2093 1368 2133 non
1394 2075 1658 2131 videntur.
1702 2071 1777 2125 De
1803 2083 1901 2138 spe
1928 2081 2063 2137 quo-

479 2199 586 2255 que
614 2183 689 2236 ait
726 2176 1054 2248 Apostolus:
1085 2173 1215 2244 Spes
1254 2185 1365 2241 qua:
1390 2167 1604 2231 videtur,
1647 2179 1749 2217 non
1796 2171 1866 2215 est
1908 2176 2019 2255 spes
2045 2173 2065 2213 :

480 2250 615 2347 quod
635 2272 768 2327 enim
795 2268 925 2322 videt
954 2265 1083 2338 quis,
1118 2261 1239 2332 quid
1259 2259 1468 2331 sperat?
1496 2256 1555 2310 Si
1584 2263 1751 2309 autem
1789 2250 2064 2347 quo-dnnon

484 2342 707 2418 uidemus
734 2373 1016 2431 speramus,
1049 2371 1137 2427 per
1182 2350 1474 2424 patientiam
1498 2354 1848 2417 exspectamus
1874 2342 1891 2413 (
1916 2342 2063 2395 Rom.

484 2473 596 2523 vui,
625 2454 715 2523 ‘24,
741 2451 859 2522 25).
882 2446 1013 2503 Cum
1042 2460 1169 2516 ergo
1214 2444 1354 2498 bona
1396 2439 1551 2495 nobis
1590 2437 1767 2494 futura
1796 2448 1916 2490 esse
1946 2448 2066 2487 cre-

487 2548 706 2612 duntur,
738 2542 871 2598 nihil
898 2538 1036 2595 aliud
1064 2552 1225 2609 quam
1253 2541 1560 2606 sperantur.
1602 2530 1718 2587 Jam
1763 2528 1831 2583 dc
1886 2540 2068 2582 amore

487 2637 613 2710 quid
643 2635 838 2702 dicam,
862 2632 977 2687 sine
998 2644 1102 2702 quo
1148 2627 1282 2683 ﬁdes
1311 2626 1441 2682 nihil
1489 2621 1741 2696 prodest?
1771 2621 1905 2691 Spes
1942 2634 2069 2674 vero

488 2746 609 2788 esse
636 2729 751 2785 sine
772 2740 953 2783 amore
974 2740 1079 2779 non
1104 2730 1301 2794 potest.
1337 2717 1592 2788 Denique,
1624 2724 1685 2769 ut
1722 2714 1797 2767 ait
1845 2712 2072 2780 Aposto-

486 2824 574 2879 lus
591 2822 839 2885 Jacobus,
885 2818 951 2872 Et
982 2819 1233 2871 daemones
1282 2812 1532 2877 credunt,
1591 2818 1639 2863 et
1689 2805 2071 2860 contremiscunt

494 2912 707 2988 (Jacobi
736 2928 792 2979 ιι,
830 2909 914 2979 19)
947 2925 960 2961 :
992 2922 1091 2963 nec
1122 2916 1298 2961 tamen
1325 2910 1545 2973 sperant
1590 2900 1675 2954 vel
1715 2906 1929 2961 amant;
1976 2894 2072 2949 sed

489 3008 667 3078 potius
690 3002 831 3074 quod
860 3014 1137 3071 speramus
1184 3007 1238 3051 et
1279 3008 1519 3049 amamus
1568 2990 1835 3046 credendo
1878 2997 2071 3078 ventu-

487 3077 609 3152 rum
631 3108 749 3150 esse
769 3090 1072 3147 formidant.
1106 3087 1337 3155 Propter
1362 3082 1507 3155 quod
1555 3079 1831 3151 apostolus
1875 3077 2071 3135 Paulus

488 3186 647 3242 ﬁdem
674 3200 791 3254 quae
817 3197 910 3252 per
933 3178 1272 3235 dilectionem
1303 3183 1580 3245 operatur,
1627 3171 1891 3243 approbat
1915 3179 2075 3240 atque

488 3275 830 3333 commendat
856 3270 1064 3343 (Calai.
1091 3287 1146 3337 v,
1180 3268 1259 3340 6),
1292 3283 1411 3338 quae
1454 3267 1636 3337 utique
1678 3264 1793 3320 sine
1833 3278 1927 3334 spe
1968 3279 2073 3318 non

493 3376 673 3440 potest
696 3351 1088 3421 esse.Proinde
1124 3375 1220 3416 nec
1250 3374 1401 3413 amor
1432 3358 1547 3412 sine
1576 3371 1671 3426 spe
1694 3352 1797 3422 est,
1820 3370 1921 3410 nec
1946 3357 2075 3443 sine

495 3476 681 3518 amore
706 3473 828 3529 spes
844 3499 860 3523 ,
877 3470 981 3512 nec
1006 3463 1293 3523 utrumque
1320 3454 1436 3505 sine
1466 3449 1590 3504 ﬁde.

566 3550 790 3609 CAPUT
819 3548 989 3605 lX.-—
1015 3548 1067 3601 5.
1099 3545 1234 3612 Quid
1265 3542 1591 3604 credendum,
1623 3548 1817 3595 servato
1847 3536 2075 3608 Symboli

499 3644 697 3707 ordine,
728 3640 962 3708 deinceps
990 3636 1292 3705 explicatur.
1323 3631 1443 3685 Non
1468 3646 1594 3699 opus
1632 3645 1735 3681 esse
1757 3628 1954 3680 curiosa
1992 3628 2074 3678 in-

494 3734 764 3807 quisitione
789 3745 958 3783 rerum
986 3726 1318 3779 naturalium.
1339 3721 1625 3776 Christiano
1656 3718 1876 3789 sufﬁcere
1899 3717 1943 3771 si
1970 3733 2077 3771 cre-

491 3828 639 3881 data
661 3837 851 3878 summe
890 3820 1021 3874 bona
1040 3815 1290 3870 Trinitate
1329 3814 1499 3867 omnia
1546 3820 1713 3865 creata
1739 3826 1844 3865 esse
1864 3852 1880 3878 ,
1926 3825 2078 3879 eaque

494 3919 645 3973 bona.
691 3913 825 3970 Cum
873 3924 999 3980 ergo
1044 3906 1304 3979 quaaritur
1338 3904 1465 3976 quid
1486 3902 1813 3959 credendum
1845 3900 2077 3973 sitquod

495 4009 563 4065 ad
584 4006 896 4077 religionem
938 4000 1225 4073 pertineat,
1287 4012 1395 4051 non
1442 4011 1618 4051 rerum
1662 4005 1848 4049 natura
1894 3993 1964 4048 ita
1999 3992 2075 4048 ri-

493 4099 688 4158 manda
720 4104 850 4162 est,
898 4088 1351 4164 quemadmodum
1395 4088 1462 4143 ab
1508 4089 1588 4144 eis
1641 4102 1775 4158 quos
1827 4086 2077 4159 physicos

491 4193 666 4251 Graeci
680 4194 905 4246 vocant:
934 4200 1036 4241 nec
1062 4180 1521 4257 metuendumpst
1548 4178 1591 4249 ⁸,
1626 4195 1693 4234 ne
1714 4178 1914 4249 aliquid
1938 4178 2002 4235 de
2026 4178 2077 4235 vi

490 4295 547 4342 et
574 4295 800 4340 numero
825 4279 1236 4344 elementorum,
1266 4274 1335 4329 de
1386 4281 1534 4327 motu
1583 4281 1741 4342 atque
1788 4272 1974 4327 ordine
2024 4280 2079 4327 et

492 4374 790 4433 defectibus
819 4371 1077 4436 siderum,
1103 4367 1172 4423 de
1197 4367 1362 4437 ﬁgura
1386 4364 1529 4431 cmli,
1578 4364 1646 4419 de
1699 4365 1982 4434 generibus
2025 4372 2079 4419 et

490 4466 695 4524 naturis
715 4462 1048 4528 animalium,
1097 4460 1377 4524 fruticum,
1411 4456 1670 4527 lapidum,
1694 4454 1942 4525 fontium,
1974 4455 2075 4511 ﬂu-

495 4563 722 4629 minum,
748 4558 1031 4622 montium,
1061 4554 1131 4611 de
1155 4551 1341 4623 spatiis
1381 4550 1619 4606 locorum
1650 4558 1703 4606 et
1733 4559 2031 4621 temporum
2056 4590 2071 4618 ,

496 4654 565 4711 de
590 4654 758 4724 signis
786 4648 1173 4707 imminentium
1197 4652 1594 4713 tempestatum,
1625 4650 1678 4698 et
1698 4642 1801 4696 alia
1828 4649 2078 4697 sexcenta

498 4746 568 4802 de
592 4746 658 4800 iis
681 4744 843 4799 rebus
868 4753 1001 4812 quas
1043 4737 1121 4794 illi
1148 4736 1234 4792 vel
1264 4736 1585 4791 invenerunt
1610 4734 1693 4789 vel
1721 4734 1989 4789 invenisse
2021 4750 2079 4789 se

499 4835 822 4900 existimant,
855 4829 1177 4887 christianus
1206 4823 1453 4897 ignoret‘;
1477 4825 1600 4897 quia
1632 4840 1729 4879 nec
1770 4823 1870 4895 ipsi
1898 4826 2075 4879 omnia

498 4935 813 5000 repererunt
838 4933 985 4980 tanto
1011 4921 1334 4979 excellentes
1372 4920 1584 4990 ingenio
1604 4959 1619 4984 ,
1650 4917 1935 4988 ﬂagrantes
1961 4926 2074 4971 stu-

496 5020 604 5087 dio,
630 5016 961 5074 abundantes
988 5013 1119 5081 otio,
1146 5020 1201 5067 et
1230 5009 1473 5082 quaedam
1506 5010 1738 5064 humana
1774 5006 2077 5077 conjectura

497 5113 899 5183 investigantes,
919 5105 1167 5179 quaedam
1187 5115 1316 5160 vero
1334 5103 1589 5159 historica
1608 5101 1931 5171 experientia
1955 5116 2072 5171 per-

499 5212 829 5271 scrutantes,
853 5208 907 5257 et
943 5199 997 5255 in
1046 5198 1127 5253 eis
1176 5210 1294 5267 quae
1333 5210 1392 5251 se
1436 5192 2056 5263 invenissegloriantur

469 5310 477 5320 ’
500 5294 655 5367 plura
683 5293 965 5363 opinantes
990 5289 1169 5361 potius
1193 5301 1355 5357 quam
1384 5285 1635 5340 scientes.
1661 5282 1803 5340 Satis
1837 5292 1919 5339 est
1938 5283 2053 5338 chri

567 5494 585 5525 ί
609 5489 776 5541 Plures
794 5494 923 5547 Mss,
942 5485 1280 5555 distinguenda
1300 5480 1541 5555 eratﬁdes
1562 5479 1621 5531 ab

567 5557 587 5587 ι
610 5562 816 5592 ιιιιιιιιιηι·
863 5558 989 5592 διελς--
1029 5548 1275 5592 εαιιωιιεαε
1300 5547 1413 5592 nde:
1449 5558 1505 5592 ac
1531 5555 1646 5592 reau
1719 5576 1733 5590 .

566 5557 587 5587 ι
610 5562 816 5612 Quatuor
836 5612 845 5619 ἢ
1029 5541 1275 5619 εαξιιοιίραξ
1298 5541 1428 5619 [idei'
1449 5558 1505 5619 ac
1531 5541 1897 5619 regular;
1914 5548 2054 5619 sugq

504 5602 682 5667 stinuin
702 5612 878 5676 ttegula
902 5602 1014 5661 tidei
1036 5610 1165 5676 solet
1182 5611 1274 5676 dici
1295 5602 1656 5676 Symbolumfut
1670 5602 1791 5653 infra
1812 5604 1862 5651 in
1880 5602 2075 5667 cap.56.

570 5680 590 5710 ³
611 5680 682 5727 sic
712 5668 943 5725 méliores
1092 5672 1209 5720 mliti
1230 5668 1365 5729 vero,
1388 5668 1669 5720 absurdum.

568 5742 589 5771 ⁸
612 5741 693 5789 Hic
713 5740 840 5800 apud
864 5748 963 5800 Am.
997 5743 1072 5800 t-;_r.
1096 5741 1204 5783 ων.
1231 5743 1282 5783 et
1315 5728 1435 5800 arm
1448 5731 1658 5800 additur,
1683 5728 2081 5800 mwiiiadmodum

506 5801 568 5854 ab
589 5791 769 5854 eisdem
796 5812 813 5851 :
837 5798 965 5863 quod
985 5797 1227 5863 glossema
1248 5808 1343 5845 non
1363 5794 1547 5845 habent
1568 5799 1768 5842 veteres
1786 5791 1911 5841 libri.
1940 5801 1997 5822 ’τ’

952 303 1410 373 ENCHlRlDlON,
1451 300 1606 360 SIVE
1645 296 1737 355 DE
1774 293 1956 360 FIDE,
1996 291 2125 349 SPE
2162 292 2251 350 ET
2290 295 2708 368 CHARITATE,
2749 298 2809 357 S.
2849 299 3219 360 AUGUSTINI

2152 408 2325 463 stiano
2354 424 2533 467 rerum
2559 421 2859 467 creatarum
2888 427 3102 468 causam
3118 453 3135 481 ,
3158 415 3271 470 sive
3295 412 3596 471 omlestium
3616 414 3732 471 sive

2155 502 2487 558 terrestrium
2511 544 2526 570 ,
2558 504 2674 560 sive
2715 507 3003 561 visibilium
3045 508 3160 563 sive
3202 509 3583 577 invisibilium,
3626 524 3737 564 non

2154 593 2257 661 nisi
2282 595 2572 653 bonitatem
2596 598 2819 654 credere
2846 594 3119 656 Creatoris
3137 640 3151 669 ,
3199 601 3289 671 qui
3320 610 3401 656 est
3427 602 3571 657 Deus
3601 616 3741 658 unus

2150 696 2209 747 Bt.
2232 703 2422 755 verus;
2452 690 2761 761 nullamque
2786 706 2910 748 esse
2932 701 3179 748 naturam
3202 708 3321 763 quae
3352 708 3458 748 non
3506 703 3596 748 aut
3624 694 3741 763 ipse

2154 779 2244 848 sit,
2271 788 2361 839 aut
2381 781 2449 837 ab
2486 782 2602 851 ipso
2629 800 2645 837 :
2671 799 2902 855 eumque
2952 799 3073 841 esse
3124 784 3481 853 Trinitatem,
3524 786 3740 841 Patrem

2154 870 2377 938 adlinet,
2405 881 2463 928 et
2486 872 2680 931 Filium
2700 889 2731 928 a
2755 875 2916 932 Patre
2934 876 3193 945 genitum,
3222 885 3279 932 et
3314 874 3571 946 Spiritum
3612 890 3741 932 san-

2156 969 2299 1019 ctum
2316 963 2388 1021 ab
2413 965 2599 1022 eodem
2626 965 2785 1022 Patre
2811 967 3189 1037 procedentem
3221 968 3262 1037 ⁸,
3282 967 3380 1023 sed
3399 980 3560 1023 unum
3590 984 3745 1026 eum-

2157 1053 2388 1127 demque
2414 1057 2667 1129 Spiritum
2693 1059 2867 1115 Patris
2885 1068 2938 1115 et
2957 1061 3101 1115 Filii.

2229 1146 2456 1204 CAPUT
2482 1149 2550 1204 Χ.
2576 1180 2649 1192 --
2676 1148 2863 1207 Contra
2889 1151 3293 1207 Manichaeorum
3312 1154 3541 1209 haeresim
3560 1154 3623 1209 de
3641 1156 3748 1210 ori-

2159 1238 2276 1309 gine
2302 1240 2445 1294 mali.
2476 1241 2560 1319 Ab
2585 1242 2686 1298 hac
2708 1246 2956 1300 summe'
2987 1253 3041 1299 et
3057 1246 3333 1316 aequaliter
3356 1255 3410 1300 et
3436 1246 3747 1302 immntabi-s

2163 1328 2286 1385 liter
2310 1322 2733 1405 bona‘fTrinitate
2755 1340 2935 1395 creata
2955 1343 3081 1390 sunt
3100 1335 3297 1401 omnia,
3315 1344 3369 1391 et
3388 1351 3486 1391 nec
3501 1350 3711 1392 summe
3727 1377 3744 1404 ,

2160 1437 2264 1478 nec
2299 1424 2613 1494 mqualiter,
2659 1441 2760 1483 nec
2800 1427 3203 1483 immutabiliter
3239 1428 3414 1497 bona,
3443 1429 3537 1484 sed
3565 1436 3749 1485 tamen

2163 1514 2303 1571 bona
2344 1516 2503 1573 etiam
2533 1519 2746 1589 singula
2774 1537 2789 1573 :
2817 1520 2978 1575 simul
3006 1536 3133 1576 vero
3160 1522 3403 1578 universa
3430 1523 3583 1577 valde
3604 1524 3747 1579 bona

2165 1606 2319 1678 (Gen.
2342 1626 2388 1677 ι,
2430 1609 2519 1684 51)
2544 1630 2559 1677 ;
2592 1613 2713 1682 quia
2743 1628 2806 1668 ex
2837 1614 3090 1670 omnibus
3112 1615 3359 1671 consistit
3384 1615 3749 1671 universitatis

2165 1700 2490 1756 admirabilis
2522 1702 2881 1771 pulchritudo.

2236 1793 2462 1852 CAPUT
2508 1796 2595 1851 XI.
2624 1825 2695 1838 ——
2738 1796 2885 1853 Mala
2919 1816 3014 1854 cur
3053 1817 3159 1855 esse
3193 1803 3325 1857 sinat
3355 1801 3514 1858 Deus.
3546 1802 3751 1858 Malum
3843 1779 3847 1783 ’

2168 1884 2296 1943 nihil
2334 1884 2477 1939 aliud
2516 1888 2615 1941 nisi
2650 1889 2863 1956 privatio
2889 1890 3027 1945 boni.
3053 1890 3110 1945 In
3136 1908 3239 1963 qua
3263 1894 3421 1948 etiam
3452 1894 3579 1949 illud
3606 1894 3751 1964 quod

2169 1978 2367 2032 malum
2394 1977 2621 2047 dicitur,
2648 1979 2785 2036 bene
2818 1982 3117 2037 ordinatum
3144 1992 3196 2039 et
3223 1985 3339 2039 loco
3365 2000 3462 2040 suo
3486 1987 3713 2056 positum
3736 2027 3756 2050 ,

2169 2069 2492 2125 eminentius
2540 2072 2878 2127 commendat
2920 2074 3090 2143 bona,
3138 2083 3197 2129 ut
3237 2077 3404 2147 magis
3434 2078 3675 2147 placeant
3698 2085 3760 2134 et

2172 2160 2521 2237 laudabiliora
2583 2164 2691 2218 sint
2745 2165 2871 2219 dum
2924 2177 3301 2236 comparantur
3350 2170 3520 2225 malis.
3574 2154 3763 2242 Neque

2170 2254 2311 2308 enim
2354 2254 2493 2310 Deus
2532 2255 2899 2325 omnipotens,
2942 2257 3082 2327 quod
3112 2257 3271 2312 etiam
3302 2259 3543 2315 inﬁdeles
3578 2260 3763 2317 faten-

2174 2356 2278 2411 tur,
2316 2362 2498 2403 rerum
2526 2346 2610 2402 cui
2638 2354 2843 2403 summa
2869 2357 3106 2418 potestas
3136 2350 3377 2422 (Virgil.,
3413 2352 3627 2407 zEueid.
3660 2355 3756 2409 lib.

2172 2438 2261 2503 10,
2303 2438 2339 2509 Ῡ
2362 2477 2377 2491 .
2412 2436 2570 2511 100),
2596 2454 2715 2494 cum
2744 2453 2953 2495 summe
2986 2439 3273 2509 bonustsit,
3297 2442 3404 2497 ullo
3433 2443 3594 2498 modo
3616 2444 3765 2500 sine-

2173 2537 2256 2585 ret
2296 2529 2421 2584 mali
2466 2529 2665 2600 aliquid
2709 2544 2829 2587 esse
2875 2531 2929 2586 in
2968 2532 3221 2602 operibus
3257 2533 3368 2588 suis
3393 2574 3406 2598 ,
3450 2535 3551 2589 nisi
3590 2553 3764 2606 usque

2172 2620 2307 2677 adeo
2346 2630 2491 2677 esset
2526 2622 2863 2693 omnipotens
2901 2633 2956 2678 et
2987 2623 3162 2679 bonus
3185 2667 3199 2691 ,
3231 2634 3292 2681 ut
3316 2624 3453 2681 bene
3480 2627 3678 2683 faceret
3702 2637 3763 2686 et

2173 2713 2242 2770 de
2263 2714 2402 2773 malo
2426 2692 2632 2787 ’t/QUid
2662 2692 2745 2771 est
2772 2723 2947 2791 autem
2973 2716 3113 2770 aliud
3141 2717 3281 2786 quod
3311 2719 3506 2773 malum
3529 2718 3722 2774 dicitur
3742 2762 3761 2788 ,

2174 2806 2279 2861 nisi
2323 2807 2548 2875 privatio
2590 2807 2758 2865 boni?
2785 2788 2918 2862 Nam
2947 2810 3087 2863 sicut
3114 2809 3426 2881 corporibus
3452 2811 3765 2867 animalium

2175 2898 2307 2953 nihil
2350 2908 2432 2965 est
2458 2899 2602 2955 aliud
2629 2900 2830 2956 morbis
2858 2908 2915 2956 et
2939 2901 3248 2957 vulneribus
3271 2904 3411 2958 allici
3434 2946 3449 2973 ,
3479 2921 3636 2975 quam
3668 2922 3762 2961 sa-

2176 2992 2342 3047 nitate
2381 2992 2581 3067 privari
2628 2992 2821 3063 (neque
2849 2994 2991 3048 enim
3024 2994 3075 3048 id
3102 2996 3275 3063 agitur
3293 3037 3307 3061 ,
3336 3010 3454 3051 eum
3480 2996 3765 3053 adhibetur

2176 3087 2417 3152 curatio,
2470 3074 2528 3139 ut
2566 3086 2704 3140 mala
2732 3086 2830 3141 ista
2861 3100 2979 3157 quae
3008 3088 3249 3154 inerant,
3277 3090 3329 3144 id
3355 3100 3435 3145 est
3457 3131 3471 3156 ,
3503 3090 3671 3145 morbi
3697 3107 3764 3147 ac

2178 3178 2398 3233 vulnera
2444 3176 2699 3235 recedant
2740 3176 2899 3243 hinc,
2947 3188 3000 3234 et
3040 3181 3164 3234 alibi
3195 3180 3339 3247 sint;
3377 3180 3468 3236 sed
3499 3181 3677 3251 utique
3702 3192 3761 3238 ut

2178 3284 2285 3324 non
2308 3270 2433 3323 sint.
2460 3269 2575 3324 Non
2606 3270 2749 3325 enim
2776 3270 2883 3325 ulla
2915 3271 3231 3337 substantia,
3260 3272 3352 3327 sed
3381 3272 3604 3327 carnalis
3633 3272 3759 3327 sub-

2179 3361 2388 3416 stantia:
2426 3360 2611 3417 vitium
2650 3370 2733 3417 est
2762 3362 2958 3417 vulnus
2986 3372 3077 3419 aut
3101 3365 3321 3419 morbus
3352 3382 3366 3416 :
3396 3381 3513 3419 cum
3541 3381 3663 3421 caro
3693 3366 3759 3422 sit

2179 3454 2294 3525 ipsa
2337 3453 2633 3509 substantia
2654 3495 2671 3521 ,
2716 3454 2956 3525 profecto
2984 3456 3195 3527 aliquod
3227 3458 3425 3512 bonum
3451 3458 3475 3491 "
3503 3460 3587 3514 cui
3618 3461 3753 3515 acci-

2181 3544 2314 3601 dunt
2336 3546 2435 3601 ista
2452 3546 2590 3600 mala
2610 3588 2626 3613 ,
2654 3545 2708 3601 id
2734 3555 2816 3602 est
2841 3547 3165 3618 privationes
3186 3547 3301 3617 ejus
3327 3549 3451 3603 boni
3473 3551 3611 3621 quod
3634 3552 3739 3607 dici

2181 3644 2264 3692 tur
2288 3636 2506 3708 sanitas)
2534 3655 2549 3705 ;
2578 3638 2647 3692 ita
2676 3647 2732 3694 et
2752 3639 3051 3693 animorum
3077 3654 3423 3709 quaecumque
3450 3651 3574 3695 sunt
3599 3643 3729 3699 vitia
3746 3687 3763 3711 ,

2180 3730 2501 3785 naturalium
2545 3739 2669 3786 sunt
2695 3731 3019 3802 privationes
3048 3731 3308 3785 bonorum
3339 3748 3354 3784 :
3381 3747 3497 3801 quae
3522 3746 3643 3787 cum
3672 3751 3763 3789 sa-

2180 3831 2395 3887 nantur,
2410 3836 2516 3876 non
2537 3822 2711 3891 aliquo
2728 3821 3143 3887 transferuntur;
3163 3820 3259 3876 sed
3275 3836 3335 3876 ea
3353 3838 3470 3893 qua:
3496 3824 3567 3879 ibi
3586 3835 3762 3893 erant,

2180 3928 2443 3983 nusquam
2481 3921 2672 3979 erunt,
2715 3910 2925 3982 quando
2969 3911 3023 3965 in
3055 3912 3140 3966 illa
3173 3912 3401 3969 sanitate
3428 3930 3534 3970 non
3580 3928 3762 3973 erunt.

2249 4003 2476 4061 CAPUT
2523 4003 2638 4059 ΧΠ.
2667 4032 2739 4043 --
2766 4004 2820 4058 4.
2842 4000 3098 4058 ϐνεαιανω
3123 4019 3292 4059 omnes
3322 4004 3497 4073 bonae,
3529 4009 3618 4061 sed
3645 4011 3761 4078 quia

2181 4113 2283 4157 non
2333 4111 2526 4152 summe
2565 4094 2743 4161 bonaz,
2770 4094 2883 4149 ideo
2922 4094 3290 4167 corruptibiles.
3341 4097 3553 4154 Naturze
3601 4099 3761 4170 igitur

2180 4202 2367 4244 omnes
2389 4226 2405 4252 ,
2450 4185 2698 4255 quoniam
2724 4192 3029 4240 naturarum
3056 4199 3274 4256 prorsus
3300 4189 3538 4246 omnium
3563 4190 3762 4246 Condi-

2181 4290 2265 4339 tor
2287 4293 2495 4335 summe
2519 4278 2693 4334 bonus
2716 4286 2831 4345 est,
2861 4276 3015 4333 bona:
3035 4288 3161 4334 sunt
3189 4296 3202 4333 :
3233 4280 3326 4335 sed
3346 4282 3467 4352 quia
3496 4297 3598 4337 non
3622 4283 3762 4340 sicut

2180 4388 2362 4430 earum
2388 4370 2642 4427 Conditor
2666 4385 2875 4427 summe
2892 4382 3052 4442 atque
3075 4372 3579 4431 incommutabiliter
3602 4376 3760 4431 bonae

2179 4473 2341 4533 sunt,
2389 4462 2511 4519 ideo
2552 4462 2606 4518 in
2644 4462 2723 4519 eis
2757 4471 2814 4519 et
2848 4464 3018 4519 minui
3046 4464 3245 4520 bonum
3273 4474 3327 4521 et
3355 4469 3534 4538 augeri
3560 4479 3757 4539 potest.

2179 4555 2285 4613 Sed
2324 4556 2525 4611 bonum
2545 4554 2566 4588 '
2595 4555 2761 4611 minui
2788 4555 2988 4611 malum
3014 4566 3097 4613 est
3120 4573 3135 4625 ;
3167 4561 3410 4629 quamvis
3432 4602 3446 4627 ,
3473 4572 3759 4632 quantum-

2181 4664 2409 4720 cumque
2451 4648 2754 4716 minuatur,
2803 4660 3077 4705 remaneat
3114 4650 3310 4720 aliquid
3340 4667 3558 4708 necesse
3582 4662 3666 4727 est
3692 4655 3763 4727 (si

2180 4742 2355 4799 adhuc
2398 4749 2588 4797 natura
2627 4738 2734 4813 est)
2775 4740 2914 4796 unde
2955 4750 3143 4795 natura
3177 4740 3266 4796 sit.
3292 4740 3475 4814 Neque
3505 4744 3684 4812 enim,
3715 4748 3765 4803 si

2182 4836 2584 4907 qualiscumque
2627 4843 2681 4890 et
2718 4834 3198 4905 quantulacumque
3241 4844 3426 4890 natura
3465 4845 3588 4902 est,
3629 4852 3761 4892 con-

2182 4928 2319 4985 sumi
2363 4929 2563 4985 bonum
2608 4941 2714 4997 quo
2740 4924 2760 4956 ⁶
2794 4934 2981 4979 natura
3023 4933 3106 4980 est
3142 4967 3156 4993 ,
3204 4941 3303 4983 IIIS!
3343 4936 3396 4982 et
3423 4927 3535 4999 ipsa
3563 4944 3761 4986 consu-

2247 5154 2262 5186 ¹
2290 5161 2390 5202 Duo
2408 5164 2472 5201 ex
2489 5149 2723 5198 Vaticanis
2744 5154 2872 5208 Mss,
2892 5152 2936 5198 et
2962 5145 3083 5198 Filio
3105 5149 3450 5212 procedentem.

2247 5217 2268 5247 ο
2288 5222 2396 5280 inv.
2424 5222 2477 5280 et
2500 5221 2627 5280 At‘tl.,
2645 5223 2853 5280 summa.
2880 5211 3051 5280 Aptius.
3067 5208 3183 5261 editi
3205 5208 3286 5262 alii
3327 5220 3378 5261 et
3410 5220 3538 5273 Itss.,
3561 5226 3765 5266 sunmw.

2185 5283 2238 5327 ει
2258 5279 2327 5326 sic
2350 5278 2397 5324 in
2425 5277 2443 5323 l
2473 5278 2602 5322 Sent.
2627 5273 2675 5322 d.
2701 5273 2777 5330 46,
2804 5286 2847 5319 c.
2875 5278 2951 5321 Est
2974 5273 3117 5323 enim.

2250 5340 2269 5370 ³
2292 5336 2421 5400 Apud
2439 5346 2537 5400 am.
2555 5340 2635 5400 _Er.
2666 5342 2715 5383 et
2756 5336 2913 5400 Lamb.
2939 5343 3051 5400 Dan.
3072 5334 3259 5400 additur
3282 5336 3374 5400 hoc
3395 5334 3530 5384 loco:
3552 5343 3623 5387 De
3646 5338 3769 5391 bona

2184 5394 2369 5450 natura:
2379 5394 2801 5461 vitiatoipsemus
2831 5397 2943 5446 bene
2955 5397 3085 5461 (acii,
3099 5396 3403 5461 reformando
3423 5404 3504 5461 aut

2185 5461 2427 5519 vitiatum;
2466 5470 2523 5507 ac
2544 5471 2629 5521 per
2648 5458 2734 5507 hoc
2748 5456 2858 5524 ergo
2884 5456 3063 5524 nudum
3084 5456 3169 5507 nec
3194 5459 3358 5509 vitium
3376 5459 3487 5518 erit,
3510 5456 3623 5523 quia
3646 5456 3771 5516 nimi;

2185 5531 2253 5575 est
2276 5536 2385 5570 cum
2406 5527 2680 5571 evacuatur.
2704 5522 2917 5582 tiiegitum
2940 5522 3195 5581 glossema.

2247 5590 2269 5615 δ
2294 5586 2425 5641 t-xtiti,
2451 5584 2619 5633 borium
2652 5591 2737 5635 est.
2766 5586 2988 5640 Verbum,
3017 5589 3100 5637 est,
3131 5585 3455 5643 expunximus
3477 5590 3766 5639 auctoritate

2185 5650 2610 5708 manuscriptorum
2634 5646 2841 5709 plurium
2865 5653 2916 5709 et
2939 5644 3209 5693 meliorum.

2247 5712 2268 5742 ⁵
2296 5705 2649 5757 vetustissimus
2671 5709 2793 5755 liturr
2814 5705 3129 5765 Colbertiuus,
3153 5708 3286 5758 bona.

2252 5770 2272 5802 θ
2296 5776 2361 5820 tta
2384 5782 2507 5819 unus
2532 5784 2595 5819 ex
2620 5770 2866 5820 Vaticanis.
2893 5776 2948 5819 Al.
2970 5776 3073 5821 tttss.
3100 5769 3179 5819 alii
3206 5777 3254 5820 et
3279 5770 3416 5833 editi,
3439 5771 3584 5834 quod.
