4046 6332
212 386 310 455 357

213 511 384 565 matur
408 541 425 567 ,
452 507 655 573 potest.
687 495 879 573 Merito
907 498 1101 569 quippe
1133 505 1316 552 natura
1347 495 1654 566 incorrupta
1684 494 1800 549 lauv

213 593 365 649 datur
404 611 419 647 :
452 607 616 661 porro
649 591 694 645 si
721 599 776 649 et
807 590 1223 661 incorruptibilis
1253 590 1351 656 sit,
1384 604 1502 661 qua:
1532 588 1804 657 corrumpi

214 684 427 740 om:iino
468 698 580 738 non
622 683 824 755 possit,
866 682 1033 737 multo
1060 691 1141 737 est
1170 681 1353 755 procul
1378 682 1537 749 dubio
1562 680 1805 737 laudabi-

215 776 332 830 lior.
376 775 509 830 Cum
556 789 687 829 vero
730 774 1117 851 corrumpitur,
1166 773 1286 829 ideo
1330 774 1528 831 malum
1569 782 1651 830 est
1689 773 1806 845 ejus

214 868 480 937 corruptio
503 907 520 936 ,
564 867 688 938 quia
724 882 842 931 eam
870 866 1246 938 qualicumque
1274 870 1447 938 privat
1470 868 1648 935 bono;
1680 883 1803 924 nam

213 960 255 1015 si
300 959 450 1015 nullo
489 957 635 1013 bono
664 958 863 1031 privat,
897 973 999 1014 non
1030 966 1187 1015 nocet
1216 977 1229 1014 :
1264 969 1419 1017 nocet
1444 967 1623 1015 autem
1648 976 1663 1025 ;
1691 959 1805 1015 adi~

216 1053 307 1107 mit
331 1051 493 1122 igitur
519 1051 723 1106 bonum
750 1051 788 1103 ί.
817 1050 1079 1120 Quamdiu
1100 1052 1276 1123 itaque
1297 1061 1485 1108 natura
1506 1052 1803 1122 corrumpi-

218 1155 324 1213 tur,
366 1146 511 1199 inest
537 1144 585 1200 ei
620 1145 820 1199 bonum
850 1160 955 1217 quo
985 1146 1225 1216 privetur
1256 1163 1270 1199 :
1297 1160 1359 1200 ac
1390 1161 1485 1217 per
1508 1145 1609 1200 hoc
1637 1145 1682 1199 si
1709 1160 1803 1199 na-

218 1251 343 1296 turae
380 1238 583 1311 aliquid
612 1239 911 1295 remanebit
938 1240 1080 1311 quod
1103 1238 1214 1309 jam
1242 1240 1509 1308 corrumpi
1539 1247 1802 1308 nequeat,

216 1330 453 1403 profecto
500 1340 688 1386 natura
733 1314 1147 1401 incorruptibilis
1191 1318 1324 1396 erit,
1368 1340 1423 1386 et
1456 1329 1524 1386 ad
1561 1330 1662 1387 hoc
1697 1338 1805 1384 tam

214 1441 464 1501 magnum
512 1425 713 1481 bonum
751 1427 1090 1497 corruptione
1128 1426 1396 1497 perveniet
1429 1427 1469 1479 ².
1510 1426 1579 1481 At
1618 1426 1663 1480 si
1690 1439 1810 1481 cor-

214 1517 388 1587 rumpi
420 1531 530 1571 non
556 1516 785 1585 desinet,
816 1532 914 1573 nec
940 1516 1135 1589 bonum
1158 1516 1354 1573 habere
1376 1518 1556 1588 utique
1575 1517 1804 1584 desinet,

216 1626 320 1681 quo
362 1625 485 1666 eam
530 1609 700 1680 possit
741 1609 948 1679 privare
987 1612 1278 1682 corruptio.
1318 1610 1487 1677 Quam
1524 1608 1569 1665 si
1597 1592 1809 1687 penitus

216 1714 493 1774 totamque
530 1704 958 1774 consumpserit,
999 1703 1119 1759 ideo
1154 1704 1358 1760 nullum
1385 1705 1583 1760 bonum
1612 1704 1815 1779 inerit,

219 1798 336 1867 quia
377 1804 569 1850 natura
617 1795 766 1850 nulla
808 1795 930 1852 erit.
970 1794 1226 1867 Quocirca
1263 1797 1460 1853 bonum
1497 1811 1813 1873 consumere

218 1888 490 1959 corruptio
548 1903 655 1944 non
714 1897 933 1959 potest,
978 1887 1083 1945 nisi
1127 1891 1493 1947 consumendo
1539 1900 1809 1963 naturam.

220 1982 402 2036 Omnis
428 1996 559 2052 ergo
586 1990 772 2057 natura
797 1982 994 2037 bonum
1022 1991 1141 2049 est;
1173 1964 1446 2053 maguum,
1472 1984 1517 2038 si
1540 1985 1812 2057 corrumpi

219 2092 325 2131 non
349 2064 569 2148 potest
596 2056 817 2145 parvum
842 2117 858 2142 ,
890 2075 932 2131 si
959 2084 1134 2146 potest
1162 2094 1174 2129 :
1205 2076 1385 2147 negari
1412 2086 1587 2133 tamen
1614 2078 1814 2133 bonum

219 2185 378 2235 esse,
421 2168 527 2223 nisi
564 2170 721 2223 stulte
759 2179 917 2239 atque
956 2169 1202 2240 imperite
1238 2186 1458 2242 prorsus
1486 2187 1590 2227 non
1616 2180 1812 2244 potest.

220 2261 353 2329 Qua:
397 2261 445 2315 si
492 2262 830 2332 corruptione
869 2263 1235 2331 consumitur,
1278 2279 1379 2320 nec
1405 2265 1514 2336 ipsa
1542 2265 1815 2337 corruptio

221 2353 561 2421 remanebit,
594 2352 739 2408 nulla
768 2352 859 2409 ubi
879 2368 997 2409 esse
1018 2356 1187 2425 possit
1210 2356 1531 2414 subsistente
1561 2368 1747 2414 natura
1771 2358 1813 2413 ³.

290 2446 522 2504 CAPUT
548 2446 685 2503 XIII.
712 2478 783 2489 —
804 2446 1021 2503 Nullum
1046 2450 1233 2504 malum
1250 2492 1263 2518 ,
1292 2451 1391 2506 nisi
1409 2452 1544 2522 quod
1566 2461 1612 2506 et
1632 2454 1817 2507 bonum

220 2540 304 2597 sit.
349 2542 428 2597 Ac
471 2556 567 2612 per
607 2539 712 2598 hoc
750 2540 952 2599 nullum
992 2550 1073 2597 est
1109 2543 1251 2615 quod
1281 2542 1475 2598 dicitur
1498 2544 1696 2599 malum
1721 2586 1738 2613 ,
1770 2543 1816 2598 si

222 2635 428 2692 nullum
453 2636 526 2689 sit
548 2634 771 2690 bonum.
798 2632 902 2690 Sed
929 2636 1125 2691 bonum
1149 2636 1293 2691 omni
1317 2636 1457 2691 malo
1486 2652 1673 2692 carens
1700 2678 1715 2704 ,
1740 2637 1816 2691 in-

223 2734 435 2798 tegrum
461 2726 662 2780 bonum
692 2732 811 2791 est;
843 2726 927 2781 cui
946 2741 1127 2781 verum
1151 2726 1289 2781 inest
1310 2727 1506 2781 malum
1529 2770 1544 2795 ,
1574 2727 1816 2781 vitiatum

224 2820 308 2873 vel
350 2818 614 2873 vitiosum
645 2816 845 2873 bonum
878 2826 958 2873 est
990 2840 1002 2872 .-
1032 2834 1131 2873 nec
1160 2818 1356 2874 malum
1386 2835 1615 2891 unquam
1643 2827 1820 2892 potest

226 2924 346 2966 esse
376 2910 548 2964 ullum
570 2948 588 2973 ,
629 2908 717 2964 ubi
746 2908 943 2964 bonum
975 2919 1057 2965 est
1086 2909 1311 2964 nullum.
1332 2902 1510 2966 {Unde
1549 2927 1637 2967 res
1683 2913 1819 2969 mira

228 3003 543 3069 conﬁcitur,
578 3010 637 3057 ut
671 3003 795 3073 quia
826 3004 1000 3058 omnis
1027 3012 1237 3070 natura,
1268 3004 1322 3059 in
1349 3014 1604 3076 quantum
1631 3014 1820 3063 natura

226 3104 337 3162 est,
379 3094 584 3150 bonum
616 3104 733 3162 est,
765 3092 899 3149 nihil
932 3094 1072 3150 aliud
1114 3094 1216 3152 dici
1257 3096 1534 3167 videatur,
1582 3114 1707 3154 cum
1742 3100 1823 3155 vi-

228 3187 363 3243 tiosa
410 3195 601 3242 natura
648 3187 787 3242 mala
833 3190 952 3243 esse
994 3196 1182 3244 natura
1226 3188 1450 3257 dicitur,
1492 3190 1595 3245 nisi
1621 3191 1822 3247 malum

231 3295 350 3336 esse
374 3280 517 3353 quod
541 3279 740 3335 bonum
768 3290 851 3336 est
879 3300 889 3335 :
919 3297 1017 3337 nec
1043 3282 1239 3337 malum
1261 3298 1381 3339 esse
1400 3325 1413 3348 ,
1442 3284 1544 3340 nisi
1565 3285 1707 3356 quod
1728 3285 1823 3341 bo-

230 3387 360 3427 num
388 3383 469 3427 est
496 3387 511 3438 ;
544 3372 801 3445 quoniam
832 3374 1003 3427 omnis
1030 3383 1216 3429 natura
1243 3374 1440 3430 bonum
1468 3380 1581 3444 est,
1608 3391 1710 3432 nec
1737 3392 1824 3434 res

233 3463 409 3537 aliqua
452 3468 593 3522 mala
639 3477 817 3536 esset,
850 3467 893 3522 si
922 3483 1009 3523 res
1039 3471 1152 3539 ipsa
1182 3485 1299 3540 quae
1326 3469 1462 3524 mala
1494 3477 1609 3540 est,
1637 3478 1823 3527 natura

233 3571 337 3612 non
363 3566 529 3614 esset.
556 3557 675 3613 Non
707 3558 867 3629 igitur
890 3568 1065 3630 potest
1092 3576 1211 3615 esse
1235 3560 1456 3630 malum,
1489 3563 1592 3618 nisi
1614 3562 1825 3634 aliquod

234 3652 455 3709 bonum.
496 3652 651 3721 Quod
690 3670 811 3708 cum
851 3653 951 3721 dici
992 3654 1235 3711 videatur
1268 3656 1535 3725 absurde,
1565 3658 1828 3714 connexio

236 3755 415 3802 tamen
459 3744 1085 3823 ratiocinationishujus
1134 3748 1279 3805 velut
1318 3748 1690 3806 inevitabiliter
1728 3764 1828 3807 nos

236 3838 513 3909 compellit
532 3839 636 3894 hoc
657 3838 856 3895 dicere.
874 3816 947 3894 Ἐῖι
975 3816 1271 3895 cavendum
1301 3842 1421 3911 est',
1447 3857 1513 3897 ne
1532 3842 1829 3903 incidamus

232 3928 289 3986 in
330 3932 477 3986 illam
518 3930 887 4003 propheticam
923 3936 1281 4001 sententiam,
1317 3933 1407 3990 ubi
1447 3934 1639 4007 legitur
1679 3955 1694 3993 :
1744 3936 1832 3992 νω

235 4024 295 4081 iis
338 4026 430 4097 qui
465 4026 639 4080 dicunt
675 4024 813 4098 φιόὶί
840 4026 1033 4081 bonum
1059 4037 1131 4082 est
1160 4029 1381 4098 malum,
1409 4038 1456 4085 et
1484 4030 1619 4103 quod
1642 4031 1832 4087 malum

235 4133 309 4179 est
346 4125 581 4191 bonum;
622 4126 709 4196 qui
747 4125 922 4180 dicunt
959 4127 1184 4181 tenebras
1215 4126 1403 4196 lucem,
1432 4136 1479 4181 et
1508 4128 1668 4181 lucem
1698 4135 1833 4182 tene-

240 4214 396 4283 bras;
427 4217 517 4288 qui
540 4217 711 4271 dicunt
738 4217 886 4273 dulce
906 4235 1158 4286 amarunt,
1186 4228 1232 4307 et
1258 4236 1488 4273 amarum
1509 4216 1655 4273 dulce
1679 4216 1831 4290 (Isai.

232 4320 273 4365 Υ
292 4354 307 4379 ,
350 4311 473 4381 '20).
514 4312 581 4366 Et
606 4321 783 4367 tamen
814 4312 1067 4367 Dominus
1093 4313 1165 4367 ait
1191 4331 1206 4369 :
1237 4312 1410 4367 Malus
1436 4312 1586 4367 homo
1615 4313 1677 4367 de
1700 4312 1836 4367 malo

240 4407 480 4460 thesauro
504 4405 674 4459 cordis
697 4407 777 4459 sui
801 4410 993 4479 profert
1020 4405 1155 4460 mala
1182 4405 1393 4477 (Matth.
1422 4422 1497 4462 xu
1517 4448 1532 4475 ,
1560 4406 1676 4477 '55).
1698 4405 1837 4474 Quid

242 4508 322 4553 est
357 4504 541 4552 autem
568 4486 732 4553 malus
761 4498 911 4552 homo
930 4540 945 4567 ,
976 4499 1078 4554 nisi
1106 4500 1241 4555 mala
1272 4507 1459 4555 natura
1484 4516 1499 4566 ;
1528 4500 1648 4570 quia
1678 4499 1838 4555 homo

240 4602 437 4649 natura
475 4593 604 4649 est?
645 4593 813 4648 Porro
843 4593 887 4647 si
915 4592 1077 4648 homo
1104 4593 1318 4665 aliquod
1344 4594 1542 4650 bonum
1572 4602 1687 4661 est,
1717 4593 1839 4664 quia

241 4694 436 4742 natura
459 4694 544 4741 est
560 4726 577 4753 ,
601 4684 728 4757 quid
749 4694 833 4741 est
856 4684 1029 4741 malus
1049 4685 1233 4754 homo,
1258 4685 1361 4742 nisi
1381 4686 1578 4743 malum
1600 4685 1795 4743 bonum
1815 4686 1840 4741 ἲ

236 4778 450 4835 Tamen
480 4796 603 4835 cum
630 4779 737 4836 duo
756 4779 856 4835 ista
881 4778 1254 4848 discernimus,
1280 4780 1578 4837 invenimus
1592 4793 1696 4834 nec
1718 4778 1841 4834 ideo

246 4876 450 4929 malum
487 4873 611 4945 quia
651 4871 815 4928 homo
840 4882 953 4943 est,
981 4889 1081 4930 nec
1107 4873 1229 4929 ideo
1253 4873 1452 4930 bonum
1478 4874 1599 4946 quia
1629 4874 1842 4945 iniquus

247 4975 367 5027 est;
422 4965 516 5022 sed
559 4966 757 5020 bonum
801 4966 923 5036 quia
964 4963 1160 5033 homo,
1206 4964 1403 5021 malum
1448 4964 1569 5047 quia
1607 4964 1840 5036 iniquus.

246 5055 507 5127 Quisquis
545 5073 671 5127 ergo
711 5056 876 5123 dicit,
906 5056 1098 5112 Malum
1126 5065 1209 5112 est
1237 5056 1506 5113 hominem
1532 5072 1688 5124 esse;
1716 5068 1839 5124 aut,

250 5146 462 5204 Bonum
490 5159 570 5205 est
597 5150 838 5221 iniquum
869 5163 990 5205 esse
1020 5168 1031 5202 :
1064 5149 1176 5219 ipse
1197 5149 1380 5204 incidit
1401 5149 1451 5203 in
1482 5150 1844 5221 propheticam

250 5238 400 5294 illam
450 5242 805 5308 sententiam,
841 5238 931 5295 Vae
958 5240 1019 5294 iis
1056 5240 1142 5312 qui
1178 5240 1351 5295 dicunt
1392 5241 1525 5313 quod
1564 5241 1747 5296 bonum
1776 5250 1848 5297 est

250 5335 471 5397 malum,
495 5344 541 5389 et
569 5334 704 5405 quod
730 5334 919 5389 malum
949 5344 1019 5389 est
1042 5334 1243 5389 bonum.
1274 5332 1418 5407 Opus
1444 5336 1585 5392 enim
1615 5335 1705 5390 Dei
1735 5334 1848 5390 cuI-

248 5450 673 5562 ιῒᾘιὲἷὺῇἓεει
694 5454 856 5500 autem
878 5446 1135 5501 adimenda
1153 5448 1340 5500 human.
1358 5451 1655 5514 Castigantur
1679 5462 1744 5499 ex
1758 5461 1850 5500 ve-

240 5524 449 5561 λιες-πως
467 5524 617 5562 ΙΙΜΊΞ.

316 5578 338 5605 ί
366 5584 467 5622 Am.
495 5582 567 5637 Fr.
594 5582 661 5624 -et
681 5571 1086 5637 Lov.,_c0rruptio
1105 5586 1198 5623 non
1219 5573 1483 5637 perveniet.
1508 5573 1695 5636 Aliquot
1726 5581 1851 5637 Mss,

252 5633 614 5696 inmrmptione
636 5634 897 5700 perveniet.
924 5633 1091 5685 verius
1114 5633 1242 5700 arm.
1272 5636 1573 5700 corruptione
1595 5633 1850 5700 'pcrrcniet'.

323 5700 346 5729 ³
369 5706 519 5747 Locus
535 5713 599 5747 ex
615 5696 723 5747 sies.
747 5699 1028 5755 castigatus.
1054 5706 1163 5746 Nam
1183 5697 1301 5748 alias
1325 5696 1426 5746 Am.‘
1448 5705 1521 5747 Fr.
1551 5696 1604 5748 et
1624 5705 1748 5753 Lov.,
1774 5696 1856 5747 ubi

255 5759 401 5809 nulla
435 5774 536 5811 esse
570 5759 741 5823 possit.
777 5757 1061 5823 subsistente
1104 5767 1277 5810 natura
1306 5774 1323 5810 :
1349 5760 1493 5823 male.
1531 5768 1627 5809 Nec
1666 5758 1857 5823 melius

257 5827 467 5872 Doms
484 5820 796 5891 surrexerat,
821 5821 981 5891 addita
1017 5831 1230 5885 negante
1250 5822 1481 5888 particula
1501 5824 1590 5884 sic,
1624 5820 1704 5872 ubi
1723 5821 1857 5873 nulla

258 5896 369 5934 esse
394 5885 551 5947 possit,
573 5898 672 5937 non
692 5881 980 5935 mbsisteme
998 5881 1187 5935 natura.

1630 371 1832 433 LIBER
1869 370 2068 437 UNUS.

3382 382 3491 443 238

1907 498 2031 561 pat,
2068 488 2209 563 quod
2237 498 2318 546 est
2356 491 2549 548 homo:
2576 498 2629 547 et
2657 490 2842 547 vitium
2867 482 3097 557 hominis
3125 495 3325 566 laudat,
3348 502 3492 570 quod

1907 592 1989 637 est
2031 584 2298 654 iniquitas.
2341 582 2529 639 omnis
2569 584 2747 655 itaque
2786 594 2971 641 natura
3001 629 3019 655 ,
3057 588 3264 645 etiamsi
3305 593 3493 649 vitiosa

1905 685 2019 742 est,
2064 677 2116 731 in
2158 686 2412 748 quantum
2458 686 2645 732 natura
2685 666 2987 747 est,'bona
3012 689 3130 746 est;
3162 680 3213 735 in
3239 692 3493 753 quantum

1904 771 2092 826 vitiosa
2117 780 2200 827 est
2222 762 2247 837 ,’
2265 771 2402 857 mala
2427 780 2528 828 est.

1974 864 2199 922 CAPUT
2242 859 2382 935 XN.
2423 896 2494 907 ——
2516 864 2716 921 Bonum
2743 873 2790 922 et
2813 865 3005 921 malum
3023 908 3039 932 ,
3070 867 3183 923 licet
3204 869 3459 939 contraria
3477 910 3494 938 ,

1902 956 2057 1017 simul
2090 958 2144 1012 in
2189 940 2369 1013 eadem"
2385 975 2438 1013 re
2462 974 2567 1014 esse
2594 974 2759 1029 posse.
2788 957 2871 1013 Ea:
2895 958 3036 1015 bonis
3065 961 3201 1016 mala
3224 1003 3240 1030 ,
3271 970 3318 1017 et
3338 962 3389 1016 in
3410 962 3499 1017 bo-

1904 1049 2002 1105 nis.
2050 1048 2386 1135 Mr
2431 1050 2485 1104 in
2536 1049 2600 1104 iis
2640 1049 2925 1105 contrariis
2963 1066 3080 1121 qua:
3110 1052 3249 1107 mala
3274 1060 3330 1108 et
3356 1051 3495 1109 bona

1904 1149 2161 1195 vocantur
2186 1182 2199 1207 ,
2224 1140 2312 1194 illa
2333 1140 2729 1195 dialecticorum
2752 1140 2934 1211 regula
2957 1139 3157 1210 deﬁcit,
3180 1157 3283 1213 qua
3308 1142 3495 1199 dicunt
3568 1156 3573 1161 '

1906 1234 2036 1290 nulli
2075 1235 2150 1291 rei
2182 1234 2287 1289 duo
2312 1234 2471 1290 simul
2502 1234 2679 1288 inesse
2707 1234 2993 1289 contraria.
3024 1234 3211 1291 Nullus
3235 1236 3377 1291 enim
3405 1251 3500 1292 aer

1908 1325 2069 1382 simul
2109 1334 2191 1389 est
2233 1335 2287 1380 et
2330 1324 2648 1383 tenebrosus
2674 1330 2731 1379 et
2753 1323 2963 1381 lucidus
2990 1341 3004 1378 :
3033 1324 3208 1382 nullus
3236 1325 3386 1382 cibus
3409 1334 3502 1381 aut

1909 1427 2064 1488 potus
2102 1417 2260 1471 simul
2298 1415 2470 1471 dulcis
2509 1424 2562 1471 et
2595 1430 2811 1472 amarus
2838 1433 2852 1469 :
2884 1415 3090 1471 nullum
3118 1432 3315 1489 corpus
3340 1418 3501 1473 simul

1907 1507 1997 1564 ubi
2017 1507 2196 1565 album
2219 1547 2237 1573 ,
2269 1506 2343 1563 ibi
2367 1515 2423 1563 et
2446 1506 2656 1579 nigrum
2681 1524 2697 1574 ;
2727 1507 2929 1563 nullum
2948 1508 3107 1564 simul
3126 1508 3216 1565 ubi
3237 1508 3501 1578 deforme,

1909 1600 1985 1656 ibi
2013 1607 2067 1657 et
2094 1598 2407 1655 formosum.
2434 1598 2501 1655 Et
2525 1598 2628 1659 hoc
2649 1599 2704 1655 in
2724 1599 2910 1655 multis
2932 1613 2995 1655 ac
3016 1614 3155 1670 pene
3178 1599 3233 1655 in
3254 1600 3504 1657 omnibus

1909 1691 2190 1748 contrariis
2214 1690 2478 1761 reperitur
2503 1731 2519 1757 ,
2545 1699 2603 1746 ut
2625 1690 2679 1746 in
2704 1706 2809 1745 una
2831 1706 2891 1746 re
2914 1690 3076 1747 simul
3102 1706 3223 1748 esse
3244 1707 3353 1748 non
3379 1707 3504 1764 pos-

1911 1785 2037 1841 sint.
2077 1782 2212 1840 Cum
2255 1792 2435 1840 autem
2474 1783 2613 1839 bona
2656 1793 2709 1839 et
2749 1783 2886 1839 mala
2926 1783 3105 1839 nullus
3128 1784 3359 1856 ambigat
3381 1798 3503 1841 esse

1911 1876 2176 1937 contraria
2197 1917 2213 1943 ,
2240 1890 2349 1930 non
2373 1875 2544 1931 solum
2571 1874 2729 1930 simul
2756 1889 2877 1930 esse
2904 1884 3163 1946 possunt,
3189 1874 3284 1930 sed
3311 1876 3452 1932 mala
3483 1878 3499 1907 ³

1912 1968 2131 2025 omnino
2154 1967 2272 2031 sine
2294 1966 2450 2021 bouis
2476 1975 2533 2021 et
2558 1965 2660 2021 nisi
2692 1966 2747 2020 in
2772 1964 2929 2022 bonis
2957 1980 3078 2021 esse
3104 1980 3211 2021 non
3238 1974 3501 2036 possunt:

1912 2060 2155 2131 quamvis
2193 2058 2331 2113 bona
2368 2056 2484 2112 sine
2520 2056 2676 2113 malis
2703 2056 2931 2127 possint.
2963 2056 3147 2111 Potest
3171 2057 3314 2113 enim
3342 2055 3507 2112 homo

1913 2153 1999 2209 vel
2020 2152 2239 2223 angelus
2266 2167 2373 2207 non
2399 2164 2519 2207 esse
2540 2149 2800 2220 injustus;
2830 2148 3061 2220 iniustus
3081 2157 3260 2205 autem
3283 2164 3389 2205 non
3411 2165 3509 2221 po-

1914 2254 2021 2303 test
2038 2260 2159 2302 esse
2177 2245 2278 2301 nisi
2303 2244 2465 2301 homo
2485 2242 2571 2300 vel
2591 2242 2814 2314 angelus
2836 2259 2851 2295 :
2874 2250 2929 2298 et
2946 2240 3147 2298 bonum
3164 2242 3306 2314 quod
3319 2242 3505 2309 homo,

1914 2337 2116 2403 bonum
2159 2336 2299 2409 quod
2328 2335 2589 2408 angelus;
2621 2335 2820 2390 malum
2843 2332 2989 2405 quod
3017 2334 3268 2404 injustus.
3298 2335 3367 2391 Et
3393 2334 3510 2390 haec

1915 2430 2023 2485 duo
2065 2429 2331 2497 contraria
2373 2428 2446 2484 ita
2474 2427 2634 2483 simul
2663 2436 2826 2494 sunt,
2856 2436 2915 2482 ut
2936 2427 2981 2482 si
3005 2426 3207 2497 bonum
3235 2442 3341 2483 non
3368 2436 3514 2485 esset

1918 2522 1971 2583 iu
2015 2536 2121 2592 quo
2161 2518 2358 2576 malum
2397 2526 2540 2575 esset
2572 2520 2595 2552 ¹
2613 2560 2631 2586 ,
2658 2532 2879 2590 prorsus
2907 2532 3010 2575 nec
3037 2516 3235 2573 malum
3263 2533 3384 2574 esse
3410 2534 3511 2591 p0-

1919 2615 2107 2671 tuisset
2156 2630 2174 2667 :
2221 2611 2365 2684 quia”
2389 2626 2496 2667 non
2537 2609 2698 2667 modo
2741 2610 2831 2666 ubi
2860 2610 3217 2679 consisteret,
3246 2610 3343 2666 sed
3370 2611 3514 2666 unde

1917 2709 2148 2767 oriretur
2188 2705 2459 2777 corruptio
2497 2720 2605 2761 non
2635 2705 2893 2770 haberet,
2927 2703 3028 2760 nisi
3053 2713 3198 2760 esset
3222 2703 3364 2775 quod
3389 2719 3511 2760 cor-

1918 2808 2295 2872 rumperetur;
2327 2797 2468 2868 quod
2498 2797 2599 2853 nisi
2625 2797 2825 2853 bonum
2853 2804 3037 2866 esset,
3068 2811 3168 2853 nec
3193 2810 3514 2869 corrumpe-

1918 2903 2105 2961 retur;
2140 2880 2388 2965 quouiam
2421 2891 2550 2947 nihil
2579 2900 2661 2947 est
2684 2891 2829 2947 aliud
2856 2892 3130 2963 corruptio
3150 2933 3165 2959 ,
3197 2907 3359 2963 quam
3386 2892 3517 2948 boni

1918 2985 2312 3053 exterminatio.
2356 2984 2437 3039 Ex
2472 2984 2626 3039 bonis
2651 2983 2811 3055 igitur
2836 2983 2976 3040 mala
3000 2992 3119 3039 orta
3141 2992 3301 3051 sunt,
3332 2992 3387 3039 et
3407 2984 3513 3039 nisi

1921 3077 1974 3133 in
2005 3076 2270 3150 aliquibus
2295 3075 2449 3131 bonis
2478 3090 2582 3131 non
2610 3081 2735 3130 sunt
2765 3092 2778 3130 :
2809 3090 2910 3132 nec
2938 3085 3053 3133 erat
3078 3076 3209 3132 alias
3235 3074 3377 3132 unde
3396 3077 3508 3135 ori-

1921 3178 2071 3227 retur
2117 3168 2225 3223 ulla
2269 3168 2394 3223 mali
2438 3176 2648 3223 natura.
2688 3165 2821 3222 Nam
2869 3168 2915 3222 si
2960 3176 3137 3235 esset,
3174 3169 3228 3224 in
3259 3179 3519 3240 quantum

1925 3269 2115 3317 natura
2141 3266 2322 3327 esset,
2352 3256 2588 3327 profecto
2614 3257 2753 3312 bona
2779 3265 2923 3313 esset
2953 3275 2969 3313 :
2996 3266 3051 3314 et
3077 3266 3170 3313 aut
3194 3259 3516 3332 incorrupti-

1931 3354 2054 3412 bilis
2081 3362 2272 3409 natura
2303 3366 2553 3423 magnum
2582 3359 2724 3407 esset
2750 3350 2949 3408 bonum
2973 3392 2990 3420 ,
3020 3360 3114 3408 aut
3139 3353 3299 3408 etiam
3332 3361 3521 3410 natura

1926 3446 2284 3517 corruptibilis
2346 3444 2495 3500 nullo
2559 3443 2720 3499 modo
2783 3452 2928 3500 esset
2989 3445 3092 3500 nisi
3151 3446 3365 3517 aliquod
3419 3447 3519 3502 bo-

1924 3556 2054 3598 num
2077 3581 2094 3609 ,
2145 3538 2287 3610 quod
2329 3537 2528 3594 bonum
2573 3536 2968 3608 corrumpendo
3012 3547 3194 3609 posset
3230 3540 3281 3596 ei
3323 3554 3523 3599 nocere

1925 3633 2223 3705 corruptio.

1906 3746 1919 3751 ν’
1996 3694 2226 3784 CAi’UT
2249 3694 2369 3781 X’V.
2392 3753 2463 3765 --
2493 3721 2760 3789 Quomodo
2788 3720 3174 3792 intelligendum
3201 3720 3335 3777 illud
3354 3763 3370 3791 ,
3398 3722 3519 3789 Non

1928 3828 2106 3895 potest
2145 3819 2307 3875 arbor
2345 3817 2483 3874 bona
2508 3857 2522 3883 ,
2556 3824 2649 3871 etc.
2684 3814 2790 3871 Sed
2813 3829 2933 3870 cum
2959 3814 3100 3871 mala
3126 3829 3190 3872 ex
3220 3815 3377 3871 bonis
3405 3825 3525 3883 orta

1930 3929 2053 3972 esse
2096 3912 2323 3969 dicimus
2345 3953 2360 3980 ,
2403 3925 2509 3966 non
2546 3917 2761 3981 putetur
2794 3907 2897 3964 hoc
2933 3907 3215 3966 dominicae
3243 3909 3527 3977 sententia:

1931 4004 2186 4077 refragari
2211 4044 2228 4073 ,
2268 4018 2372 4075 qua
2413 4002 2582 4069 dixit,
2629 3998 2751 4055 Non
2801 4006 2964 4070 potest
2998 3999 3150 4055 arbor
3172 3997 3307 4063 bona
3330 4004 3527 4073 fructus

1934 4097 2097 4154 malos
2124 4099 2309 4170 facere.
2339 4093 2458 4151 Non
2486 4101 2663 4165 potest
2687 4092 2830 4150 enim
2849 4132 2867 4161 ,
2896 4093 3035 4149 sicut
3056 4091 3267 4157 Veritas
3285 4093 3381 4162 ait,
3405 4093 3526 4151 col-

1934 4190 2023 4261 ligi
2055 4205 2154 4245 uva
2173 4187 2244 4244 de
2271 4187 2437 4258 spinis
2465 4184 2678 4258 (Matth.
2708 4200 2782 4241 vu
2800 4226 2816 4252 ,
2845 4183 2916 4242 18
2934 4224 2953 4253 ,
2983 4184 3079 4256 16)
3103 4225 3120 4253 ,
3147 4185 3272 4256 quia
3299 4199 3407 4245 non
3429 4200 3527 4256 po-

1936 4290 2044 4341 test
2086 4281 2232 4338 nasci
2270 4295 2371 4335 uva
2410 4278 2477 4335 de
2514 4277 2720 4349 spinis;
2757 4276 2855 4333 sed
2882 4292 2950 4333 ex
2975 4276 3115 4334 bona
3140 4283 3284 4333 terra
3308 4284 3365 4335 et
3390 4276 3528 4343 vites

1936 4374 2083 4432 nasci
2121 4388 2281 4444 posse
2316 4372 2560 4428 videmus
2596 4379 2652 4427 et
2676 4370 2877 4442 spinas.
2910 4370 2979 4427 Et
3001 4370 3192 4428 eodem
3216 4370 3378 4429 modo
3405 4380 3525 4429 tan—

1939 4482 2098 4539 quam
2136 4465 2299 4522 arbor
2337 4464 2477 4519 mala
2515 4462 2719 4519 fruetus
2740 4462 2912 4519 bonos
2929 4502 2946 4530 ,
2972 4460 3026 4519 id
3050 4469 3165 4530 est,
3191 4475 3358 4531 Opera
3382 4461 3526 4523 bona

1941 4576 2048 4637 non
2076 4567 2251 4630 potest
2269 4556 2448 4613 facere
2466 4556 2711 4611 voluntas
2729 4554 2870 4611 mala
2893 4572 2909 4610 :
2932 4552 3027 4610 sed
3044 4569 3112 4612 ex
3133 4553 3274 4610 bona
3294 4552 3529 4618 hominis

1941 4663 2131 4710 natura
2155 4649 2285 4708 oriri
2310 4650 2556 4706 voluntas
2581 4655 2637 4711 et
2663 4647 2803 4713 bona
2827 4654 3009 4718 potest
3029 4654 3086 4707 et
3106 4645 3248 4709 mala
3269 4662 3285 4715 ;
3307 4658 3410 4711 nec
3429 4644 3532 4715 luit

1941 4756 2162 4818 prorsus
2190 4739 2329 4796 unde
2350 4738 2593 4811 primitus
2616 4738 2847 4799 oriretur
2866 4738 3112 4803 voluntas
3132 4736 3271 4803 mala
3292 4775 3312 4804 ,
3333 4734 3438 4817 pisi
3457 4749 3529 4803 οι

1944 4835 2118 4909 angeli
2143 4841 2198 4891 et
2220 4833 2451 4899 hominis
2478 4838 2667 4893 natura
2692 4831 2852 4895 bona.
2880 4830 3035 4899 Quod
3053 4838 3109 4891 et
3134 4830 3250 4901 ipse
3270 4828 3530 4895 Omnino:

1945 4930 2135 4988 eodem
2174 4928 2294 4984 loco
2316 4969 2331 4995 ,
2372 4926 2461 4982 ubi
2499 4925 2568 4982 de
2602 4926 2792 4983 arbore
2819 4934 2874 4981 et
2896 4922 3157 4994 fructibus
3182 4922 3528 4997 loquebatur.

1946 5020 2286 5097 apertissime
2327 5019 2560 5077 ostendit
2602 5036 2618 5073 :
2661 5019 2735 5072 ait
2770 5017 2912 5074 enim
2932 5058 2948 5085 ,
2997 5016 3097 5072 Aut
3121 5016 3273 5087 facile
3298 5013 3524 5068 arborem

1945 5119 2130 5175 bonam
2164 5125 2210 5172 et
2244 5114 2462 5185 fructum
2485 5113 2597 5183 ejus
2620 5112 2805 5167 bonum
2822 5149 2839 5176 ,
2866 5117 2960 5173 aut
2983 5108 3135 5181 facito
3159 5107 3390 5169 arborem
3414 5120 3531 5167 uta.

1949 5209 2055 5267 tam
2081 5216 2127 5263 et
2152 5205 2374 5279 fructum
2400 5205 2508 5276 ejus
2532 5203 2724 5263 malum
2746 5199 2856 5274 (Id.
2882 5214 2958 5257 xu
2977 5238 2993 5265 ,
3020 5195 3112 5269 55)
3141 5213 3156 5251 :
3183 5194 3314 5259 satis
3337 5194 3531 5265 adma:

1950 5316 2085 5359 nens
2107 5316 2172 5355 ex
2194 5298 2386 5353 arbore
2404 5294 2621 5367 quidem
2638 5293 2774 5349 bona
2796 5292 2983 5355 malos,
3004 5294 3094 5343 aut
3115 5302 3182 5345 ex
3199 5286 3339 5343 mala
3360 5286 3533 5355 bonus

1952 5396 2096 5452 nasci
2138 5394 2338 5450 fructus
2370 5406 2477 5448 non
2502 5405 2697 5461 posse;
2730 5405 2791 5445 ex
2823 5388 2935 5457 ipsa
2967 5393 3142 5443 tamen
3169 5392 3314 5451 terra
3340 5384 3430 5447 cui
3454 5384 3538 5447 lor

1952 5490 2213 5562 quebatur
2228 5528 2243 5551 ,
2270 5495 2549 5554 utramque
2571 5484 2815 5537 arborem
2838 5493 3016 5549 posse.

2024 5578 2246 5638 CAPUT
2272 5575 2409 5633 XVI.
2436 5605 2507 5616 —
2534 5576 2587 5628 5.
2622 5574 2803 5627 Rerum
2834 5588 3014 5627 causas
3034 5588 3179 5635 nosse
3199 5589 3266 5627 an
3286 5571 3536 5643 pertineat

2019 5695 2035 5727 ι
2062 5694 2197 5749 Editi,
2221 5688 2306 5741 sed
2330 5686 2473 5751 etiam
2494 5684 2637 5735 mala.
2659 5685 2834 5751 ‘Abest,
2856 5683 3017 5745 etiam,
3040 5698 3068 5735 a
3102 5685 3477 5751 |_il_erisque_'.ttss.

2016 5758 2126 5803 ’I’P.
2146 5744 2223 5800 ηιί.
2250 5765 2350 5812 non,
2367 5748 2542 5812 ferunt,
2571 5744 2767 5812 malum,
2784 5748 2831 5795 in
2850 5744 3016 5812 textu;
3040 5744 3127 5797 sed
3150 5748 3197 5812 in
3220 5744 3438 5806 margin
3459 5756 3545 5812 vo-

1954 5833 2063 5871 cent
2082 5817 2203 5864 hanc
2217 5810 2531 5873 suppleudatn
2548 5809 2791 5859 adnotaut.
2819 5811 2945 5873 Apud
2972 5818 3042 5857 I’r.
3064 5809 3205 5871 Lugd.
3228 5815 3345 5873 Ven.
3370 5809 3545 5873 tmnjp

1957 5865 2096 5933 testu
2120 5879 2223 5937 ipso
2242 5865 2440 5936 legitur,
2455 5886 2641 5936 nosque
2660 5884 2828 5921 eorum
2843 5865 3102 5921 lectionem
3117 5865 3270 5921 ἐθρυιὶ
3286 5878 3468 5918 sumus.
3486 5865 3548 5913 Ii
