4046 6332
479 388 588 449 239

479 507 550 561 ad
595 471 905 577 felicitatem.
955 500 1086 571 Quae
1126 516 1248 557 cum
1286 499 1358 555 ita
1396 498 1536 566 sint,
1563 495 1776 567 quando
1796 495 1951 552 nobis
1970 494 2080 550 Ma-

479 597 629 656 ronis
657 595 748 652 ille
773 607 961 650 versus
988 593 1203 663 placet,

606 707 742 760 Felix
764 709 850 773 qui
871 706 1028 771 νοωίί
1046 716 1215 755 mum
1230 711 1738 829 miggzigﬁifqﬁ:
1759 760 1894 825 49ου)

484 891 594 933 non
622 872 778 930 nobis
802 871 1050 927 videatur
1075 868 1142 924 ad
1172 867 1479 924 felicitatem
1503 864 1934 937 consequendam
1958 879 2081 937 per-

480 970 656 1025 tinere
679 1009 693 1034 ,
723 966 769 1021 si
790 965 1023 1021 sciamus
1044 977 1234 1018 causas
1255 976 1568 1032 magnarum
1590 961 1644 1015 in
1666 959 1866 1015 mundo
1887 974 2079 1030 corpo-

479 1063 673 1119 ralium
714 1062 1012 1117 motionum
1036 1100 1052 1127 ,
1094 1073 1216 1129 qua:
1252 1056 1598 1113 abditissimis
1635 1062 1841 1111 naturae
1873 1053 2079 1110 sinibus

481 1155 805 1212 occuluntur
831 1171 847 1220 ;

600 1250 749 1333 Unde
758 1274 948 1333 tremor
971 1266 1138 1333 terris,
1170 1278 1267 1330 qua
1284 1264 1333 1315 vi
1350 1263 1499 1333 maria
1514 1261 1617 1332 alta
1632 1264 1921 1333 tumescant,

606 1331 848 1393 objicibus
869 1331 1040 1393 ruptis,
1068 1322 1340 1398 rursusque
1363 1327 1414 1375 in
1434 1322 1869 1398 seipsanr‘e‘s‘idant.

1163 1385 1343 1453 (mia,
1365 1401 1439 1439 υυ.
1468 1385 1581 1448 479,
1603 1385 1737 1448 480.)

480 1508 537 1556 et
566 1508 762 1554 caetera
802 1494 1108 1567 hujnsmodi
1152 1510 1165 1547 :
1210 1492 1306 1549 sed
1340 1493 1603 1549 bonarum
1625 1498 1681 1546 et
1704 1488 1967 1544 malarum
1992 1500 2082 1542 re-

481 1606 603 1648 rum
632 1605 820 1645 causas
848 1604 1005 1644 nosse
1030 1587 1288 1643 debemus
1313 1627 1328 1653 ,
1353 1593 1407 1641 et
1434 1585 1487 1640 id
1509 1583 1786 1648 hactenus,
1815 1591 2080 1652 quatenus

484 1699 577 1740 cas
620 1682 823 1737 homini
853 1682 903 1735 in
933 1681 1033 1735 hac
1060 1680 1163 1735 vita
1192 1678 1465 1735 erroribus
1488 1676 1849 1745 aerumnisque
1875 1672 2080 1743 plenis-

482 1779 641 1841 sima,
671 1776 739 1831 ad
764 1776 981 1831 eosdem
1002 1788 1216 1830 errores
1236 1782 1291 1829 et
1310 1785 1575 1828 aerumnas
1595 1768 1900 1826 evadendas
1920 1781 2081 1823 nosse

483 1869 815 1926 conceditur.
864 1868 944 1923 Ad
984 1868 1130 1923 illam
1174 1868 1370 1939 quippe
1410 1866 1717 1921 felicitatem
1754 1862 2081 1920 tendendum

483 1973 565 2021 est
583 2006 598 2028 ,
630 1962 721 2018 ubi
750 1963 895 2017 nulla
923 1962 1226 2032 quatiamur
1248 1975 1485 2014 ternmna
1505 1999 1522 2026 ,
1544 1958 1690 2013 nullo
1714 1972 1898 2013 errore
1923 1954 2081 2011 falla-

480 2069 624 2110 mur.
651 2054 781 2109 Nam
806 2054 852 2110 si
877 2069 1054 2110 causa:
1082 2053 1443 2123 corporalium
1472 2054 1768 2107 motionum
1795 2049 2081 2107 noscendae

480 2148 640 2203 nobis
659 2156 876 2213 essent,
906 2146 1078 2200 nullas
1099 2146 1269 2217 magis
1289 2159 1450 2201 nosse
1470 2159 1630 2215 quam
1652 2154 1851 2200 nostra:
1871 2143 2081 2199 valetu-

482 2240 624 2296 dinis
666 2239 1004 2295 deberemus.
1050 2238 1184 2294 Cum
1219 2252 1349 2293 vero
1387 2236 1467 2292 eis
1505 2236 1761 2308 ignoratis
1784 2277 1799 2302 ,
1841 2236 2081 2292 medicos

482 2332 775 2403 quzerimus
793 2372 807 2396 ,
854 2331 975 2401 quis
994 2344 1123 2407 non
1162 2329 1341 2386 videat
1372 2330 1513 2401 quod
1540 2329 1607 2385 de
1632 2330 1854 2385 secretis
1879 2328 2002 2385 caeli
2027 2338 2084 2385 et

485 2432 644 2478 terra:
669 2438 767 2479 nos
794 2423 957 2490 latet,
984 2431 1184 2492 quanta
1208 2422 1278 2477 sit
1302 2422 1558 2493 patientia
1582 2420 1970 2477 nescientium?

554 2514 783 2572 CAPUT
823 2513 988 2570 XVII.
1028 2540 1102 2555 --
1140 2512 1303 2567 Error
1335 2514 1457 2585 quid
1482 2514 1566 2568 sit.
1598 2512 1720 2567 Non
1745 2514 1908 2567 omnis
1936 2528 2081 2568 error

482 2609 687 2663 noxius.
733 2607 1005 2679 Augustini
1042 2622 1185 2662 error
1228 2606 1355 2676 felix
1378 2606 1433 2661 in
1461 2607 1607 2661 bivio.
1638 2606 1891 2675 Quamvis
1933 2604 2083 2662 enim

481 2718 635 2759 error
662 2712 858 2773 quanta
888 2716 1171 2773 possumus
1195 2716 1321 2756 cura
1348 2700 1618 2756 cavendus
1645 2702 1749 2767 sit,
1773 2717 1879 2756 non
1902 2700 2078 2755 solum

480 2795 536 2849 in
576 2793 869 2864 majoribus
892 2834 909 2861 ,
936 2809 1121 2849 verum
1148 2793 1309 2848 etiam
1336 2794 1389 2847 in
1421 2793 1725 2849 minoribus
1748 2794 1910 2849 rebus
1934 2834 1948 2858 ,
1976 2808 2077 2848 nec

482 2887 587 2942 nisi
627 2902 808 2941 rerum
848 2886 1144 2957 ignorantia
1188 2885 1358 2955 possit
1397 2886 1605 2952 errari;
1650 2900 1755 2940 non
1787 2894 2078 2941 esttamen

480 2994 819 3051 consequens
844 2986 904 3033 ut
932 2981 1185 3033 continuo
1212 2987 1357 3033 erret
1380 2978 1622 3048 quisquis
1647 2978 1845 3049 aliquid
1868 2977 2074 3042 nescit,

480 3072 578 3129 sed
608 3073 848 3143 quisquis
873 3086 933 3127 se
957 3071 1229 3127 existimat
1253 3071 1393 3126 scire
1415 3070 1558 3140 quod
1583 3071 1756 3126 nescit
1787 3089 1801 3126 :
1832 3087 1927 3142 pro
1949 3086 2079 3127 vero

479 3165 679 3235 quippe
714 3164 976 3234 approbat
1012 3162 1203 3218 falsum
1229 3204 1243 3228 ,
1273 3163 1414 3233 quod
1439 3172 1523 3218 est
1547 3164 1747 3218 erroris
1776 3163 2074 3233 proprium.

479 3257 863 3313 Verumtamen
901 3256 955 3309 in
984 3271 1088 3327 qua
1115 3270 1173 3310 re
1203 3256 1429 3326 quisque
1456 3264 1634 3322 erret,
1664 3256 1888 3312 interest
1912 3255 2079 3326 pluri-

478 3363 647 3401 mum.
692 3345 825 3401 Nam
865 3347 920 3401 in
957 3363 1060 3402 una
1086 3346 1382 3417 eademque
1410 3362 1471 3401 re
1496 3356 1550 3403 et
1575 3348 1835 3403 nescienti
1860 3348 2037 3403 sciens
2059 3388 2075 3415 ,

478 3446 535 3495 et
573 3439 773 3495 erranti
818 3453 925 3494 non
965 3454 1154 3494 errans
1177 3480 1191 3505 ,
1238 3447 1383 3494 recta
1409 3440 1617 3495 ratione
1643 3439 1989 3509 praeponitur.
2017 3438 2075 3493 In

477 3533 703 3588 diversis
732 3541 910 3588 autem
932 3532 1095 3587 rebus
1118 3572 1133 3599 ,
1161 3532 1214 3586 id
1239 3540 1323 3587 est
1341 3574 1356 3597 ,
1385 3547 1507 3586 cum
1532 3532 1632 3587 iste
1660 3532 1793 3586 sciat
1815 3532 1919 3586 alia
1939 3572 1956 3599 ,
1986 3532 2078 3589 ille

481 3623 587 3679 alia
612 3641 626 3691 ;
667 3631 723 3678 et
749 3623 852 3679 iste
874 3624 1118 3690 utiliora,
1153 3623 1243 3678 ille
1266 3624 1442 3677 minus
1467 3622 1615 3676 utilia
1633 3664 1646 3687 ,
1679 3622 1765 3677 vel
1790 3622 1952 3678 etiam
1979 3638 2076 3679 no-

478 3716 566 3770 xia
592 3733 607 3769 :
636 3717 756 3785 quis
776 3728 882 3768 non
907 3713 960 3767 in
985 3714 1065 3768 eis
1085 3729 1204 3783 quae
1229 3713 1317 3768 ille
1338 3712 1471 3777 scit,
1496 3714 1545 3767 ei
1567 3714 1816 3782 praeferat
1832 3715 2077 3770 nescien-

476 3807 631 3863 tem?
672 3808 809 3862 Sunt
840 3807 983 3861 enim
1016 3806 1260 3877 quietiam
1289 3821 1407 3877 quae
1432 3807 1639 3863 nescire
1666 3825 1823 3880 quam
1846 3811 1985 3869 scire
2005 3814 2076 3870 sit

476 3898 692 3953 melius.
740 3898 980 3967 Itemque
1021 3898 1292 3952 nonnullis
1318 3912 1499 3954 errare
1526 3899 1723 3969 profuit
1749 3901 2069 3975 aliquando,

476 3989 575 4045 sed
602 3990 655 4043 in
677 3990 759 4044 via
778 3989 972 4060 pedum
991 4031 1006 4056 ,
1037 4003 1146 4044 non
1170 3989 1223 4043 in
1244 3990 1329 4043 via
1356 4004 1585 4045 morum.
1609 3990 1744 4047 Nam
1766 3994 1920 4050 nobis
1942 3996 2072 4066 ipsis

475 4080 671 4136 accidit
694 4089 752 4135 ut
775 4081 828 4134 in
854 4080 1085 4150 quodam
1114 4079 1256 4135 bivio
1282 4080 1589 4137 falleremur
1609 4123 1627 4149 ,
1658 4094 1712 4139 et
1736 4100 1843 4141 non
1869 4086 2072 4146 iremus

475 4187 574 4242 per
602 4187 721 4227 eum
751 4171 927 4226 locum
957 4171 1046 4226 ubi
1071 4171 1358 4243 opperiens
1384 4173 1665 4229 transitum
1696 4185 1937 4234 nostrum
1961 4181 2070 4237 Do-

472 4264 789 4318 natistarum
828 4277 1018 4318 manus
1055 4273 1258 4318 armata
1300 4263 1613 4321 subsederat
1650 4267 1727 4340 (α)
1756 4286 1771 4324 :
1800 4279 1959 4343 atque
1997 4274 2071 4331 ita

473 4356 673 4411 factum
698 4365 782 4412 est
806 4365 862 4411 ut
885 4371 951 4413 eo
976 4372 1081 4427 quo
1104 4356 1453 4413 tendebamus
1478 4402 1493 4424 ,
1523 4376 1619 4429 per
1636 4361 1853 4419 devium
1878 4368 2073 4422 circui-

474 4458 590 4503 tum
610 4448 918 4504 veniremus
941 4463 957 4514 ;
982 4448 1316 4519 cognitisque
1337 4450 1545 4506 insidiis
1565 4452 1776 4508 illorum
1793 4497 1808 4523 ,
1834 4471 1931 4511 nos
1948 4472 2071 4526 gra-

472 4543 767 4597 tularemur
791 4556 1000 4598 errasse
1019 4583 1034 4607 ,
1064 4551 1225 4613 atque
1251 4542 1376 4599 inde
1400 4545 1598 4614 gratias
1626 4563 1906 4618 ageremus
1934 4552 2065 4608 Deo.

470 4633 605 4703 Quis
645 4649 774 4704 ergo
809 4632 1071 4690 viaterem
1110 4634 1189 4690 sic
1226 4645 1497 4692 errantem
1534 4639 1612 4694 sic
1635 4656 1742 4695 non
1767 4644 1967 4699 erranti
1992 4645 2070 4699 la-

470 4725 615 4780 troni
656 4739 971 4795 praeponere
1011 4724 1379 4782 dubitaverit?
1418 4728 1489 4784 Et
1511 4716 1751 4789 fortasse
1780 4734 1901 4791 ideo
1926 4738 2068 4807 apud

470 4815 626 4873 illum
647 4831 916 4873 summum
938 4826 1151 4889 poetam
1171 4818 1401 4891 loquens
1419 4822 1633 4893 quidam
1657 4826 1822 4883 miser
1836 4840 2064 4901 amator,

465 5093 720 5167 quoniam
740 5099 824 5149 est
845 5099 901 5148 et
918 5086 1073 5148 error
1095 5093 1291 5162 bonus,
1321 5097 1411 5168 qui
1439 5113 1545 5155 non
1586 5102 1759 5159 solum
1791 5106 1922 5163 nihil
1956 5109 2062 5167 ob-

468 5185 561 5252 sit,
591 5198 782 5239 verum
799 5184 963 5240 etiam
995 5185 1165 5254 prosit
1190 5186 1411 5257 aliquid.
1438 5188 1545 5247 Sed
1574 5191 1884 5265 diligentius
1928 5215 2062 5257 con-

468 5274 705 5331 siderata
729 5275 978 5344 veritate,
1000 5291 1123 5333 eum
1164 5277 1309 5335 aliud
1359 5281 1490 5337 nihil
1533 5285 1603 5339 sit
1647 5302 1853 5360 errare,
1897 5308 2059 5365 quam

466 5381 658 5423 verum
682 5375 874 5437 putare
901 5368 1044 5438 quod
1071 5369 1262 5426 falsum
1290 5381 1392 5440 est,
1437 5374 1739 5451 falsumque
1782 5387 1924 5456 quod
1964 5405 2058 5446 ve-

469 5474 595 5516 rum
622 5466 739 5523 est;
771 5459 861 5539 vel
875 5470 1080 5518 certum
1107 5463 1303 5521 habere
1333 5481 1431 5538 pro
1456 5467 1684 5542 incerto,
1730 5474 2060 5538 incertumve

418 5554 421 5557 '
474 5567 575 5626 pro
598 5559 771 5620 certo,
792 5550 906 5611 sive
930 5554 1141 5625 falsum,
1171 5559 1285 5615 sive
1311 5561 1381 5616 sit
1405 5577 1625 5634 verum;
1658 5568 1815 5639 idque
1842 5580 1947 5627 tam
1989 5576 2059 5631 sit

532 5687 607 5800 (αὶ
629 5686 1049 5743 Circumcellloues
1082 5699 1251 5748 sanati
1288 5706 1456 5753 contra
1486 5705 1799 5767 Augustinum
1837 5709 1941 5761 vias
1972 5711 2061 5763 ali-

532 5758 587 5800 l0l
607 5762 663 5799 (BS
699 5752 1017 5800 OIIBOtJL'I‘um.
1042 5763 1172 5800 testo.
1211 5762 1420 5800 “scidit:
1450 5766 1497 5800 in
1540 5768 1644 5800 nine
1670 5768 1767 5800 vim
1819 5783 1907 5800 Mn
1962 5774 2023 5800 Aa
2044 5790 2056 5800 .

467 5752 1189 5840 arvt!2a.9‘393v3932me:
1211 5762 1422 5840 Posside
1450 5766 1500 5814 ίιι
1819 5752 1940 5840 ei?
1962 5752 2056 5840 iis

468 5812 552 5866 ubi
575 5812 1189 5891 hujnsetiamrecordatur
1222 5812 2058 5891 ρει-ὶευϋίᾷυὸἷιῖιοῶἶιίὶενᾶῧειδῖἰέ

469 5888 637 5926 errore
660 5876 815 5927 evasit
837 5882 1143 5942 Augustinus.

990 379 1450 450 ENCHIRIDION,
1489 378 1644 437 SIVE
1684 379 1772 436 DE
1809 377 1989 447 FIDE,
2028 374 2156 436 SPE
2193 377 2283 435 ET
2319 378 2739 450 CHARITATE,
2779 382 2837 440 S.
2877 381 3246 441 AUGUSTINI

3667 393 3780 457 240

2186 495 2241 551 in
2268 498 2447 553 animo
2484 497 2727 556 deforme
2766 509 2927 572 atque
2970 501 3243 572 indecens,
3294 494 3455 577 quam
3483 507 3775 580 pulchrum

2186 599 2242 646 et
2269 590 2522 647 decorum
2563 607 2683 649 esse
2728 596 3008 662 sentimus,
3033 596 3120 652 vel
3159 598 3213 653 in
3241 597 3531 670 loquendo,
3576 605 3661 660 vel
3710 607 3769 663 in

2154 672 2553 753 assentiendo,
2604 683 2721 754 Est,
2777 696 2869 753 est,
2916 686 3059 757 Non,
3103 706 3207 745 non
3253 689 3470 762 (Matth.
3508 710 3562 760 v,
3603 696 3721 769 37)
3756 715 3773 753 :

2185 778 2426 849 profecto
2476 789 2530 836 et
2558 780 2626 837 ob
2658 781 2763 839 hoc
2791 784 2964 854 ipsum
3007 794 3090 841 est
3135 787 3243 843 vita
3283 788 3481 845 misera
3522 790 3628 847 ista
3672 809 3777 864 qua

2188 871 2451 942 vivimus,
2497 873 2641 945 quod
2680 877 2730 931 ci
2772 892 3176 950 nonnunquam,
3224 890 3282 936 ut
3323 897 3431 937 non
3470 884 3772 955 amittatur,

2185 976 2342 1020 error
2391 974 2474 1021 est
2518 969 2877 1024 necessarius.
2929 970 3085 1027 Absit
3130 978 3190 1027 ut
3230 972 3353 1029 talis
3392 974 3463 1029 sit
3505 975 3596 1031 illa
3633 977 3774 1047 vita,

2188 1057 2275 1113 ubi
2303 1067 2387 1114 est
2404 1059 2600 1116 animae
2626 1070 2828 1118 nostra:
2856 1068 2972 1135 ipsa
2997 1065 3196 1121 veritas
3214 1066 3324 1123 vita
3344 1085 3358 1122 :
3381 1068 3469 1123 ubi
3496 1084 3656 1126 nemo
3682 1070 3783 1128 fal-

2185 1149 2269 1216 lit,
2299 1150 2497 1209 l‘allitur
2517 1170 2698 1210 nemo.
2734 1156 2830 1212 Hic
2860 1167 3041 1214 autem
3072 1160 3321 1217 homines
3364 1159 3560 1219 fallunt
3611 1173 3776 1237 atque

2184 1240 2476 1313 falluntur;
2516 1248 2935 1322 miserioresque
2976 1263 3103 1308 sunt
3152 1267 3274 1309 cum
3324 1257 3634 1314 mentiendo
3683 1259 3771 1314 fal-

2186 1334 2325 1402 lunt,
2377 1352 2537 1408 quam
2591 1355 2713 1395 cum
2753 1343 3136 1401 mentientibus
3182 1346 3451 1404 credendo
3498 1349 3777 1408 falluntur.

2190 1426 2369 1499 Usque
2399 1431 2534 1486 adeo
2559 1439 2737 1499 tamen
2764 1435 3042 1491 rationalis
3092 1446 3281 1493 natura
3332 1440 3527 1512 refugit
3573 1442 3782 1500 falsita-

2187 1529 2317 1591 tem,
2346 1532 2402 1578 et
2429 1538 2684 1596 quantum
2715 1537 2894 1598 potest
2912 1528 3115 1585 devitat
3138 1547 3401 1603 errorem,
3429 1544 3488 1591 ut
3527 1535 3639 1592 falli
3676 1522 3785 1595 no-V

2186 1613 2286 1671 lint
2310 1618 2471 1673 etiam
2497 1621 2819 1692 quicumque
2846 1632 3028 1679 amant
3043 1623 3252 1682 fallere.
3266 1626 3385 1683 Non
3402 1629 3545 1685 enim
3559 1631 3662 1688 sibi
3687 1633 3782 1704 qui

2186 1709 2444 1765 mentitur
2464 1711 2672 1767 videtur
2686 1728 2891 1783 errare,
2919 1715 3015 1771 sed
3031 1716 3195 1772 alium
3222 1718 3276 1772 in
3302 1735 3541 1778 errorem
3565 1723 3783 1783 mittere

2186 1800 2495 1859 credentem
2521 1803 2643 1859 sibi.
2674 1805 2742 1860 Et
2768 1806 2823 1861 in
2848 1822 2913 1863 ea
2938 1808 3155 1878 quidem
3191 1824 3251 1865 re
3281 1825 3388 1866 non
3426 1824 3573 1869 errat
3615 1831 3783 1886 quam

2185 1892 2465 1950 mendacio
2516 1898 2772 1968 contegit,
2822 1898 2870 1955 si
2912 1900 3061 1954 novit
3105 1900 3223 1971 ipse
3272 1902 3401 1972 quid
3442 1919 3629 1962 verum
3658 1907 3730 1961 sit
3763 1926 3781 1963 :

2186 1986 2284 2042 sed
2308 1988 2363 2042 in
2392 1986 2495 2045 hoc
2520 1988 2742 2059 fallitur,
2770 1993 2912 2063 quod
2942 2002 3091 2064 putat
3119 1995 3223 2051 sibi
3246 2011 3404 2053 suum
3431 2014 3543 2054 non
3586 2001 3786 2059 obesse

2187 2082 2553 2153 mendacium;
2581 2102 2704 2143 cum
2730 2091 2899 2161 magis
2920 2090 3137 2148 facienti
3167 2107 3325 2164 quam
3369 2096 3593 2167 patienti
3640 2097 3786 2155 obsit

2186 2190 2348 2233 onme
2370 2189 2669 2248 peccatum.

2257 2270 2483 2328 CAPUT
2504 2273 2768 2331 XVIII.—-
2784 2277 2840 2333 6.
2873 2278 3200 2334 Mendacium
3225 2297 3373 2337 omne
3393 2292 3465 2337 cst
3491 2295 3777 2356 peccatum,

2185 2363 2274 2417 sed
2302 2363 2445 2418 aliud
2472 2364 2577 2420 alio
2602 2370 2825 2438 gravius.
2856 2370 2980 2426 Non
3002 2373 3203 2428 mentiri
3228 2377 3314 2445 qui
3339 2378 3565 2433 nesciens
3589 2379 3780 2449 falsum

2186 2454 2330 2524 dicit,
2360 2457 2450 2512 sed
2478 2460 2648 2530 potius
2696 2463 2785 2532 qui
2824 2480 2997 2519 verum
3049 2466 3171 2520 dicit
3194 2468 3331 2536 quod
3377 2480 3521 2539 putat
3566 2472 3778 2541 falsum.

2187 2548 2384 2605 Verum
2435 2553 2523 2608 hic
2575 2554 2891 2614 difﬁcillima
2951 2568 3009 2615 et
3054 2560 3477 2620 latcbrosissima
3545 2569 3782 2640 gignitur

2185 2647 2429 2713 quaestio,
2456 2646 2525 2702 de
2549 2664 2651 2719 qua
2673 2649 2783 2720 jam
2818 2653 3076 2723 grandem
3124 2657 3339 2724 librum,
3380 2676 3503 2716 cum
3550 2678 3779 2735 reSpon-

2184 2735 2346 2792 dendi
2377 2742 2671 2797 necessitas
2700 2758 2799 2799 nos
2845 2757 3080 2816 urgeret,
3107 2748 3439 2807 absolvimus
3470 2771 3483 2807 :
3514 2763 3687 2811 utrum
3707 2757 3779 2814 ad

2184 2827 2418 2883 officium
2434 2830 2804 2905 hominisjusti
2822 2838 3087 2905 pertineat
3101 2840 3389 2911 aliquando
3400 2848 3782 2908 mentirLNon-

2184 2920 2313 2975 nulli
2342 2923 2487 2977 enim
2516 2940 2583 2980 eo
2604 2942 2774 2998 usque
2812 2931 3243 3003 progrediuntur,
3271 2945 3327 2991 ut
3354 2948 3410 2993 et
3430 2940 3695 3011 pejcrare,
3723 2953 3782 3001 ει
3815 2954 3822 2959 “

2183 3012 2252 3069 de
2276 3014 2437 3069 rebus
2462 3016 2530 3071 ad
2548 3017 2643 3073 Dei
2668 3021 2872 3076 cultum
2899 3025 3292 3093 pertinentibus
3321 3045 3388 3085 ac
3413 3031 3482 3088 de
3523 3033 3637 3104 ipsa
3678 3036 3779 3093 Dei

2184 3114 2374 3162 natura
2404 3107 2598 3164 falsum
2627 3111 2829 3184 aliquid
2878 3114 3079 3185 dicere,
3136 3134 3521 3193 nonnunquam
3575 3126 3779 3185 bonum

2184 3198 2442 3270 piumque
2469 3216 2603 3271 opus
2631 3218 2754 3260 esse
2779 3208 3109 3265 contendant
3139 3210 3236 3283 (a).
3261 3213 3391 3270 Mihi
3415 3224 3594 3272 autem
3624 3219 3773 3276 vide-

2184 3296 2271 3344 tur
2300 3288 2578 3361 peccatum
2617 3296 2835 3367 quidem
2885 3315 3007 3357 esse
3053 3317 3216 3360 omne
3268 3306 3629 3378 mendacium,
3676 3312 3778 3369 sed

2182 3382 2409 3437 multum
2438 3384 2699 3444 interesse
2724 3404 2832 3460 quo
2857 3392 3040 3449 animo
3067 3404 3121 3450 et
3146 3396 3339 3466 quibus
3362 3399 3432 3455 de
3451 3400 3613 3457 rebus
3630 3403 3782 3473 quis-

2183 3488 2289 3543 que
2324 3478 2636 3534 mentiatur.
2665 3480 2784 3537 Non
2827 3485 2972 3541 enim
3001 3487 3082 3544 sic
3120 3499 3307 3559 peccat
3330 3490 3423 3548 ille
3448 3494 3539 3565 qui
3575 3509 3781 3552 consu-

2184 3565 2349 3636 lcndi,
2376 3572 2648 3641 quomodo
2671 3573 2763 3631 ille
2787 3578 2879 3648 qui
2909 3580 3141 3636 nocendi
3177 3582 3452 3640 voluntate
3471 3588 3732 3644 mentitur
3757 3606 3775 3645 :

2180 3669 2274 3714 aut
2296 3676 2426 3717 vero
2456 3665 2473 3695 ¹
2504 3672 2708 3723 tantum
2729 3678 2889 3725 nocet
2914 3672 3007 3741 qui
3048 3673 3308 3730 viatorem
3357 3681 3672 3738 mentiendo
3720 3684 3778 3740 in

2180 3752 2455 3811 diversum
2487 3758 2590 3814 iter
2617 3761 2800 3831 mittit,
2832 3774 3092 3834 quantum
3110 3767 3155 3822 is
3179 3769 3269 3838 qui
3288 3768 3429 3827 viam
3459 3774 3583 3830 vitae
3612 3791 3777 3835 men-

2181 3847 2335 3905 dacio
2354 3849 2573 3909 fallente
2588 3854 2865 3925 depravat.
2886 3856 3057 3913 Nemo
3083 3875 3214 3917 sane
3234 3864 3502 3922 mentiens
3521 3865 3778 3938 judican-

2181 3940 2281 3999 dus
2305 3952 2411 4011 est,
2441 3946 2531 4015 qui
2558 3945 2689 4002 dicit
2706 3947 2898 4004 falsum
2925 3952 3071 4020 quod
3096 3964 3247 4024 putat
3267 3971 3456 4015 verum
3481 3977 3495 4015 :
3518 3965 3775 4033 quoniam

2179 4039 2514 4105 quantumin
2539 4040 2657 4110 ipso
2679 4050 2781 4108 est,
2812 4058 2920 4099 non
2944 4044 3085 4103 fallit
3109 4049 3245 4120 ipse,
3279 4052 3377 4109 sed
3405 4054 3624 4113 fallitur.
3649 4058 3776 4118 Non

2178 4128 2359 4201 itaque
2384 4133 2669 4201 mendacii,
2697 4135 2793 4191 sed
2835 4137 3126 4210 aliquando
3175 4148 3493 4204 temeritatis
3535 4167 3773 4223 arguen-

2177 4222 2277 4311 dus
2302 4233 2403 4290 est,
2435 4225 2525 4295 qui
2554 4225 2685 4282 falsa
2716 4228 2981 4288 incautius
3018 4236 3224 4293 credita
3264 4254 3363 4311 pro
3410 4243 3552 4299 veris
3585 4222 3771 4304 habet.

2175 4310 2466 4387 Potiusque
2494 4333 2527 4373 e
2546 4324 2838 4393 contrario,
2861 4338 3118 4397 quantum
3146 4331 3201 4386 in
3231 4310 3350 4403 ipso
3374 4344 3474 4403 est,
3502 4338 3589 4394 ille
3617 4354 3776 4397 men-

2175 4408 2326 4476 titur,
2357 4409 2449 4479 qui
2492 4410 2623 4467 dicit
2658 4429 2843 4471 verum
2870 4421 3013 4490 quod
3053 4432 3204 4494 putat
3244 4425 3457 4483 falsum.
3500 4430 3771 4499 Quantum

2175 4501 2320 4594 enim
2334 4502 2399 4557 ad
2420 4504 2659 4561 animum
2676 4508 2794 4578 ejus
2805 4513 3016 4581 attinet,
3046 4518 3168 4588 quia
3196 4534 3303 4576 non
3315 4524 3458 4594 quod
3478 4527 3640 4582 sentit
3664 4528 3773 4587 hoc

2174 4589 2323 4659 dicit,
2362 4608 2475 4651 non
2500 4611 2685 4655 verum
2729 4601 2882 4673 dicit,
2937 4610 3182 4678 quamvis
3235 4589 3421 4670 verum
3465 4616 3772 4678 inveniatur

2174 4697 2295 4741 esse
2322 4688 2466 4758 quod
2485 4688 2615 4749 dicit
2648 4711 2662 4749 :
2686 4710 2788 4751 nec
2812 4697 2921 4755 ullo
2950 4701 3112 4757 modo
3143 4703 3279 4761 liber
3302 4717 3388 4764 est
3411 4724 3441 4763 a
3462 4711 3768 4783 mendacio,

2174 4780 2267 4850 qui
2293 4794 2389 4838 ore
2408 4784 2656 4843 nesciens
2695 4803 2883 4845 verum
2937 4792 3195 4864 loquitur,
3224 4797 3404 4857 sciens
3448 4811 3630 4860 autem
3673 4780 3771 4864 vo;

2174 4870 2381 4931 luntate
2409 4878 2684 4935 mentitur.
2715 4880 2832 4937 Non
2854 4886 3211 4943 consideratis
3250 4890 3431 4963 itaque
3448 4896 3610 4953 rebus
3630 4898 3766 4969 ipsis

2173 4964 2244 5021 de
2269 4969 2461 5038 quibus
2489 4970 2688 5041 aliquid
2705 4971 2922 5041 dicitur,
2951 4976 3048 5032 sed
3085 4979 3199 5035 sola
3231 4982 3532 5044 intentione
3580 4964 3769 5049 dicen-

2173 5057 2265 5127 tis,
2289 5061 2480 5117 melior
2501 5063 2692 5134 estqui
2722 5068 2969 5123 nesciens
2994 5069 3189 5130 falsum
3237 5075 3385 5144 dicit,
3410 5082 3665 5151 quoniam
3711 5086 3767 5143 id

2173 5166 2362 5207 verum
2398 5161 2567 5224 putat,
2621 5169 2781 5225 quam
2807 5158 2898 5229 qui
2955 5164 3250 5222 mentiendi
3300 5171 3541 5228 animum
3585 5159 3801 5233 sciens.

2173 5242 2330 5314 gerit,
2356 5245 2600 5301 nesciens
2625 5261 2813 5303 verum
2848 5265 2969 5309 esse
3008 5256 3153 5327 quod
3198 5258 3347 5317 dicit.
3388 5262 3486 5321 Ille
3524 5281 3764 5339 namque

2171 5351 2280 5392 non
2299 5336 2441 5392 aliud
2466 5338 2626 5394 habet
2645 5339 2700 5394 in
2725 5342 2925 5412 animo,
2962 5346 3106 5404 aliud
3155 5350 3213 5406 in
3239 5354 3404 5412 verbo
3428 5376 3445 5413 :
3472 5357 3597 5414 huic
3633 5336 3765 5417 vero

2170 5429 2559 5501 qualecumque
2587 5446 2769 5502 pcrse
2798 5436 2969 5506 ipsum
3012 5440 3084 5497 sit
3132 5445 3276 5516 quod
3319 5447 3386 5504 ab
3421 5464 3490 5507 eo
3538 5451 3759 5525 dicitur,

2233 5651 2476 5730 ξιιμ-ιιι,
2495 5658 2611 5730 inv.
2638 5660 2690 5707 et
2711 5663 2861 5730 pan”
2888 5662 3032 5730 Hqud
3049 5675 3177 5730 uero.
3212 5673 3271 5718 At
3299 5672 3407 5719 ω.
3433 5676 3487 5721 ει
3518 5678 3648 5730 Arn.,
3674 5678 3762 5723 aut

2166 5726 2278 5792 uero
2302 5725 2319 5763 :
2342 5721 2621 5792 oontqinnins
2641 5721 2854 5792 quidem,
2878 5723 2969 5773 sed
2985 5727 3159 5777 eodem
3178 5742 3356 5792 sensu;
3380 5745 3492 5782 nam
3512 5744 3543 5782 a
3557 5721 3760 5785 senten-l

2166 5778 2231 5829 tia
2265 5778 2582 5857 praecedente
2639 5778 2710 5831 iis
2748 5778 2851 5834 huc'
2884 5799 3040 5849 usque
3085 5778 3356 5855 pomi;th
3381 5778 3753 5857 gmw};—

2163 5850 2689 5964 gm()(gb't’riscillianistae
2712 5909 3081 5971 redarguunlur.
