4046 6332
241 372 336 432 tu

245 485 386 546 aliud
429 492 616 543 tamen
675 483 916 540 clausum
962 480 1016 535 in
1067 484 1305 550 pectore,
1348 471 1491 529 aliud
1547 470 1602 525 in
1641 468 1821 537 lingua

248 588 552 657 promptum
578 586 706 644 est;
736 574 879 648 quod
905 571 1103 629 malum
1128 578 1212 626 est
1236 565 1508 639 proprium
1535 560 1821 657 mentien-

359 650 683 743 lnipsarum
735 674 914 723 autem
956 678 1076 734 qua:
1114 661 1362 716 dicuntur
1402 650 1830 743 consideratione

247 778 425 821 rerum
450 741 659 815 tantum
687 758 930 823 interest,
950 768 1054 825 qua
1079 752 1133 807 in
1155 766 1217 807 re
1245 750 1467 821 quisque
1486 744 1700 800 fallatur
1715 741 1830 796 sive

248 855 558 921 mentiatur,
585 859 647 907 ut
665 864 789 905 cum
811 846 923 902 l‘alli
942 860 1101 917 quam
1130 841 1343 898 mentiri
1380 839 1558 894 minus
1602 836 1672 890 sit
1709 846 1828 888 ma-

249 949 377 1013 lum,
408 952 671 1016 quantum
699 939 928 1011 pertinet
979 935 1047 992 ad
1083 932 1316 988 hominis
1361 930 1721 992 voluntatem;
1745 931 1830 979 ta-

250 1054 369 1095 men
395 1037 554 1108 longe
579 1030 905 1089 tolerabilius
925 1029 994 1085 sit
1024 1028 1077 1083 in
1097 1026 1182 1082 his
1206 1039 1328 1095 qua:
1367 1040 1399 1079 a
1424 1021 1681 1091 religione
1706 1023 1833 1108 sunt

251 1106 512 1200 seiuncta,
539 1123 778 1191 mentiri,
809 1135 967 1193 quam
997 1119 1053 1174 in
1076 1118 1142 1173 iis
1166 1117 1284 1173 sine
1320 1128 1549 1185 quorum
1596 1110 1701 1166 ﬁde
1742 1106 1832 1164 vel

252 1220 440 1276 notitia
466 1219 608 1273 Deus
634 1215 740 1271 coli
765 1228 873 1268 non
893 1219 1088 1283 potest,
1120 1209 1230 1264 falli
1260 1209 1300 1262 ί.
1330 1205 1485 1275 Quod
1504 1212 1563 1259 ut
1597 1202 1832 1259 illustre-

252 1323 335 1369 tur
361 1309 646 1379 exemplis,
673 1306 975 1362 intueamur
996 1301 1153 1374 quale
1178 1298 1269 1368 sit,
1311 1298 1357 1354 si
1400 1296 1659 1368 quispiam
1706 1291 1833 1347 dum

251 1404 528 1467 mentitur,
555 1381 740 1456 vivere
762 1397 971 1454 nuntiet
1008 1394 1240 1464 aliquem
1281 1396 1570 1452 mortuum;
1601 1392 1657 1441 et
1697 1383 1833 1437 alius

251 1497 376 1552 dum
397 1494 622 1559 fallitur,
652 1490 837 1547 credat
861 1490 1052 1544 iterum
1097 1485 1364 1541 Christum
1394 1489 1517 1553 post
1543 1477 1834 1551 quamlibet

251 1589 403 1657 longa
428 1595 679 1655 tempora
705 1579 1022 1639 moriturum
1045 1594 1061 1631 :
1090 1590 1269 1632 nonne
1292 1566 1384 1629 illo
1424 1570 1581 1627 modo
1618 1568 1833 1625 mentiri

251 1695 406 1750 quam
428 1679 536 1733 isto
565 1675 729 1732 modo
756 1672 866 1728 falli
904 1667 1406 1741 imcomparabiliter
1432 1671 1667 1736 praestat,
1690 1661 1833 1717 mul-

254 1780 409 1841 toque
435 1767 662 1824 minoris
680 1765 806 1821 mali
832 1771 915 1820 est
939 1764 992 1818 in
1023 1761 1172 1816 illum
1210 1772 1450 1814 errorem
1490 1756 1722 1827 aliquem
1754 1753 1837 1809 in-

253 1862 471 1927 ducere,
499 1873 662 1929 quam
689 1857 744 1913 in
772 1857 931 1911 istum
954 1853 1022 1910 ab
1041 1853 1220 1923 aliquo
1243 1849 1455 1906 induci?

318 1951 550 2008 CAPUT
572 1949 715 2006 XIX.
738 1977 813 1990 —
834 1946 996 2001 Error
1046 1946 1176 1999 alius
1216 1942 1416 2015 quidem
1459 1940 1560 1996 alio
1585 1938 1836 2011 pernicio-

252 2045 375 2110 sior,
416 2042 507 2097 sed
531 2056 728 2112 semper
745 2048 821 2094 est
843 2037 1026 2092 malus.
1072 2035 1129 2091 ln
1155 2033 1472 2106 quibusdam
1516 2047 1642 2103 ergo
1671 2030 1835 2087 rebus

252 2152 473 2208 magno,
532 2136 586 2191 in
614 2133 927 2207 quihusdam
978 2146 1166 2203 parvo,
1213 2129 1267 2184 in
1315 2126 1630 2199 quibusdam
1685 2124 1835 2180 nullo

251 2231 420 2297 malo,
452 2230 508 2285 in
555 2227 868 2299 quibusdam
907 2223 1164 2281 nonnullo
1188 2221 1348 2279 etiam
1390 2222 1531 2276 bono
1582 2219 1833 2275 fallimur.

254 2323 387 2378 Nam
409 2334 606 2392 magno
627 2320 770 2375 malo
798 2317 997 2374 fallitur
1016 2316 1197 2382 homo,
1224 2330 1347 2371 cum
1381 2314 1485 2369 hoc
1510 2328 1618 2369 non
1667 2310 1839 2367 credit

252 2414 394 2486 quod
417 2412 489 2468 ad
508 2413 671 2468 vitam
694 2411 840 2468 ducit
858 2417 1133 2476 aeternam,
1159 2408 1240 2465 vel
1267 2406 1369 2463 hoc
1396 2405 1567 2462 credit
1606 2402 1748 2475 quod
1768 2402 1837 2458 ad

252 2514 485 2562 mortem
507 2504 659 2560 ducit
678 2512 955 2559 aeternam.
995 2502 1165 2556 Parvo
1205 2508 1382 2556 autem
1418 2497 1563 2554 malo
1610 2496 1833 2565 fallitur,

251 2601 338 2671 qui
376 2598 578 2656 falsum
606 2612 706 2668 pro
743 2610 873 2652 vero
907 2592 1249 2666 approbando
1298 2592 1487 2649 incidit
1534 2590 1590 2645 in
1635 2588 1840 2659 aliquas

253 2692 530 2748 molestias
553 2689 902 2759 temporales,
930 2686 1123 2758 quibus
1142 2694 1319 2741 tamen
1361 2682 1597 2738 adhibita
1626 2680 1839 2736 ﬁdelis'

252 2783 507 2855 patientia
550 2779 817 2837 convertit
875 2793 966 2834 eas
1018 2778 1071 2833 in
1122 2791 1279 2833 usum
1315 2776 1532 2831 bonum.
1585 2772 1745 2828 Velut
1794 2771 1841 2828 si

254 2874 537 2946 quisquam
576 2872 779 2929 bonum
805 2870 1076 2926 hominem
1126 2867 1363 2939 putando
1398 2866 1489 2937 qui
1517 2864 1694 2920 malus
1735 2871 1838 2930 est,

257 2966 451 3037 ahquid
480 2965 553 3021 ab
578 2979 647 3021 eo
677 2964 907 3035 patiatur
929 2962 1075 3018 mali.
1106 2960 1210 3029 Qui
1260 2974 1389 3016 vero
1432 2958 1631 3013 malum
1668 2955 1842 3013 homi-

258 3073 373 3114 nem
396 3059 475 3112 ita
504 3056 711 3113 bonum
728 3054 919 3122 credit,
941 3063 1001 3110 ut
1030 3053 1163 3109 nihil
1190 3053 1257 3109 ab
1300 3067 1366 3108 eo
1403 3052 1632 3122 patiatur
1671 3049 1837 3117 mali,

257 3149 399 3205 nullo
424 3148 575 3204 malo
614 3147 638 3180 ³
673 3146 873 3203 fallitur
900 3164 915 3200 :
945 3160 1045 3202 nec
1072 3146 1126 3201 in
1168 3159 1288 3200 eum
1317 3143 1459 3199 cadit
1490 3143 1578 3197 illa
1604 3141 1839 3213 prophe-

261 3243 357 3300 tica
376 3241 686 3307 detestatio,
725 3237 812 3294 γω
836 3239 901 3293 iis
926 3239 1011 3310 qui
1050 3238 1226 3292 dicunt
1265 3237 1402 3308 quod
1440 3236 1632 3291 malum
1657 3244 1731 3290 est
1754 3236 1842 3290 bo-

261 3350 395 3389 num.
425 3333 509 3389 De
527 3332 663 3403 ipsis
689 3331 833 3388 enim
853 3331 1013 3388 rebus
1027 3331 1220 3402 quibus
1244 3329 1490 3385 homines
1533 3328 1661 3384 mali
1695 3336 1839 3395 sunt,

262 3439 363 3480 non
385 3425 457 3480 de
470 3422 788 3479 hominibus
813 3422 1011 3478 dictum
1028 3421 1429 3493 intelligendum
1451 3429 1552 3478 est.
1580 3420 1733 3477 Unde
1753 3422 1844 3492 qui

262 3516 584 3573 adulterium
612 3514 741 3571 dicit
759 3515 981 3581 bonum,
1013 3525 1159 3571 recte
1184 3514 1421 3585 arguitur
1446 3513 1534 3568 illa
1562 3528 1695 3569 voce
1712 3528 1841 3583 pro-

263 3608 488 3678 phetica.
515 3606 621 3675 Qui
646 3621 779 3663 vero
797 3605 972 3677 ipsum
990 3606 1259 3662 hominem
1288 3604 1417 3661 dicit
1440 3604 1661 3673 bonum,
1684 3618 1844 3676 quem

265 3709 410 3770 putat
429 3711 664 3768 castum,
688 3699 861 3756 nescit
887 3698 1208 3766 adulterum,
1240 3713 1347 3754 non
1388 3699 1442 3754 in
1472 3698 1716 3755 doctrina
1760 3712 1842 3755 re-

261 3800 379 3844 rum
394 3789 658 3845 bonarum
680 3796 736 3845 et
752 3789 1034 3856 malarum,
1053 3788 1147 3845 sed
1169 3789 1222 3844 in
1241 3788 1464 3845 occultis
1484 3788 1840 3844 humanorum

264 3880 460 3937 fallitur
478 3896 726 3948 morum;
758 3895 957 3937 vocans
980 3880 1255 3937 hominem
1283 3882 1507 3948 bonum,
1534 3882 1587 3936 in
1608 3896 1715 3953 quo
1741 3897 1844 3952 pu-

264 3982 335 4029 tat
359 3989 486 4031 esse
529 3974 676 4046 quod
694 3988 815 4031 esse
862 3989 971 4031 non
1016 3974 1224 4030 dubitat
1270 3975 1470 4030 bonum
1497 3975 1541 4041 δ,
1563 3983 1618 4030 et
1659 3974 1846 4031 dicens

262 4065 461 4119 malum
487 4064 794 4122 adulterum
830 4074 886 4122 et
919 4067 1115 4122 bonum
1145 4074 1387 4123 castum:
1421 4066 1517 4122 sed
1563 4066 1705 4122 hunc
1749 4067 1848 4122 bo-

262 4170 386 4209 num
403 4155 611 4224 dicens,
640 4155 924 4212 nesciendo
939 4156 1236 4212 adulterum
1267 4170 1406 4224 esse,
1440 4173 1546 4213 non
1574 4164 1778 4212 castum
1799 4157 1844 4211 ⁸.

264 4246 435 4303 Porro
462 4248 509 4302 si
531 4262 631 4317 per
662 4263 899 4304 errorem
939 4249 1117 4305 evadit
1145 4249 1370 4319 quisque
1399 4249 1709 4319 perniciem,
1738 4250 1844 4305 sic-

264 4348 318 4393 ut
366 4341 617 4411 superius
656 4341 765 4397 dixi
815 4342 970 4398 nobis
1008 4342 1064 4397 in
1102 4344 1292 4398 itinere
1338 4328 1645 4414 contigisse,
1685 4345 1846 4399 etiam

259 4432 388 4488 boui
418 4435 617 4505 aliquid
638 4434 843 4491 homini
869 4451 1054 4491 errore
1095 4434 1387 4492 confertur.
1435 4436 1543 4492 Sed
1579 4452 1699 4492 cum
1726 4437 1847 4494 dico

261 4528 315 4582 in
339 4529 665 4600 quibusdam
719 4530 880 4586 rebus
914 4531 1060 4586 nullo
1111 4531 1252 4587 malo
1291 4531 1543 4601 aliquem,
1588 4532 1673 4587 vel
1720 4547 1850 4587 non-

259 4617 414 4671 nullo
433 4618 595 4674 etiam
616 4618 761 4674 bono
787 4617 933 4686 falli;
965 4635 1075 4675 non
1102 4620 1276 4688 ipsum
1310 4634 1545 4676 errorem
1575 4620 1698 4677 dico
1727 4621 1847 4676 nul-

258 4707 369 4765 lum
390 4710 592 4768 malum
622 4711 708 4767 vel
733 4712 1051 4768 nonnullum
1080 4712 1313 4778 bonum;
1352 4711 1448 4768 sed
1493 4713 1690 4767 malum
1738 4727 1846 4784 quo

260 4817 365 4859 non
396 4803 631 4870 venitur,
662 4803 751 4867 vel
777 4804 974 4860 bonum
998 4821 1104 4876 quo
1134 4805 1346 4860 venitur
1374 4805 1625 4872 errando,
1659 4805 1712 4861 id
1741 4815 1841 4873 est,

256 4910 324 4951 ex
362 4897 488 4968 ipso
514 4911 703 4954 errore
722 4898 846 4968 quid
870 4913 977 4953 non
1003 4899 1211 4954 eveniat
1256 4898 1340 4953 vel
1367 4897 1493 4968 quid
1540 4899 1843 4968 proveniat.

256 4984 395 5043 Nam
441 4988 560 5060 ipse
607 5003 788 5059 perse
836 4989 1012 5061 ipsum
1065 5005 1218 5045 error
1258 4998 1350 5045 aut
1399 5004 1646 5060 magnum
1682 4991 1734 5045 in
1787 5006 1845 5050 re

254 5094 477 5151 magna.
504 5088 602 5137 aut
639 5096 861 5153 parvum
897 5083 951 5137 in
996 5097 1056 5138 re
1084 5098 1265 5153 parva,
1320 5091 1496 5138 tamen
1521 5099 1734 5154 semper
1760 5078 1851 5143 est

255 5173 489 5228 malum.
521 5173 655 5242 Quis
679 5174 820 5232 enim
836 5174 940 5231 nisi
966 5190 1150 5231 errans
1178 5174 1379 5230 malum
1428 5184 1603 5247 neget,
1656 5190 1851 5246 appro-

313 5334 332 5366 ε
360 5332 449 5405 uie
705 5340 805 5406 ᾼοω.
828 5338 902 5382 Er.
930 5339 986 5406 et
1001 5339 1117 5406 Dan.
1150 5332 1356 5396 additur,
1383 5337 1435 5384 ut
1470 5331 1522 5385 in
1558 5330 1775 5399 pldrt'bus
1815 5347 1852 5389 ι

311 5518 335 5549 ³
355 5519 437 5584 _Sic
458 5525 574 5568 Dan.
601 5526 711 5584 am.
739 5525 791 5568 et
812 5516 995 5583 aliquot
1146 5526 1200 5569 At
1234 5516 1334 5568 Alﬁ.
1359 5525 1433 5569 Er.
1472 5516 1676 5584 et'va.,
1716 5521 1849 5575 nullo

249 5581 399 5629 modo
426 5592 443 5629 :
466 5580 725 5630 mendose.

311 5643 334 5673 δ
362 5640 535 5692 Plures
552 5649 682 5701 Mss,
703 5640 836 5703 quod
856 5640 979 5691 novit
1001 5641 1189 5693 bonum.

310 5704 334 5735 ⁸
360 5709 515 5754 ιιοοω
529 5702 765 5768 veterum
788 5702 1016 5768 librorum
1038 5717 1130 5768 ope
1147 5704 1378 5768 liberatus
1396 5718 1424 5768 a
1447 5705 1754 5768 glossemate.
1774 5710 1848 5760 sic

250 5764 316 5836 h_
332 5774 455 5836 ante
478 5767 625 5817 editis
660 5765 904 5836 habebat:
926 5764 1010 5836 sed
1034 5764 1159 5815 hunc
1181 5767 1351 5836 bonaqn
1374 5764 1554 5829 dirius,
1594 5772 1847 5827 nesciendo
1946 5773 2279 5836 subintellige,
2302 5764 2505 5836 quaestio

252 5826 695 5895 adulterares“;
716 5824 858 5883 ium
878 5826 1075 5894 malim,
1095 5825 1349 5885 nesciendo
1366 5824 1569 5884 castum.

1625 349 1826 408 LIBER
1861 345 2062 406 UNUS.

3401 349 3512 410 2η

1935 462 2062 517 bare
2088 459 2217 515 falsa
2248 473 2345 530 pro
2381 460 2524 515 veris
2557 466 2647 514 aut
2672 459 2973 530 improbare
3011 475 3136 517 vera
3186 477 3281 533 pro
3330 463 3500 535 falsis,

1934 561 2025 609 aut
2048 552 2244 608 habere
2264 552 2464 608 incerta
2496 568 2593 624 pro
2625 553 2807 623 certis,
2836 554 2920 610 vel
2947 562 3092 610 certa
3128 571 3223 627 pro
3252 559 3508 614 incertis?

1934 642 2040 700 Sed
2067 643 2207 698 aliud
2229 651 2311 698 est
2337 643 2535 699 bomnn
2564 642 2835 699 hominem
2865 653 3051 717 putare
3073 646 3163 716 qui
3193 647 3362 702 malus
3396 658 3501 716 cst,

1935 736 2077 808 quod
2095 744 2177 792 est
2196 737 2429 803 erroris;
2458 745 2512 793 et
2537 736 2679 792 aliud
2708 745 2882 793 estex
2918 737 3020 793 hoc
3052 739 3192 793 malo
3233 738 3379 793 aliud
3401 756 3517 794 ma-

1937 828 2046 883 lum
2084 841 2189 882 non
2220 828 2348 897 pati,
2393 828 2440 883 si
2481 828 2613 883 nihil
2640 837 2830 884 noceat
2868 829 3029 885 homo
3060 831 3256 896 malus,
3304 830 3395 901 qui
3430 839 3515 885 est

1936 927 2152 990 putatus
2170 907 2361 973 bonus.
2392 918 2631 989 Itemque
2656 919 2800 975 aliud
2825 928 2908 976 est
2935 921 3105 990 ipsam
3131 921 3269 975 viam
3297 929 3507 992 putare,

1937 1026 2055 1083 quae
2082 1020 2290 1067 nonest
2318 1011 2469 1081 ipsa;
2503 1019 2557 1068 et
2581 1011 2726 1067 aliud
2763 1020 2845 1069 est
2873 1028 2939 1067 ex
2988 1013 3091 1068 hoc
3126 1014 3324 1069 erroris
3369 1013 3515 1071 malo

1938 1104 2136 1176 aliquid
2156 1104 2284 1160 boni
2311 1105 2590 1176 consequi,
2612 1105 2760 1162 velut
2786 1115 2867 1164 est
2889 1107 2956 1163 ab
2996 1106 3204 1164 insidiis
3245 1107 3517 1163 malorum

1938 1196 2212 1253 hominum
2232 1197 2465 1255 liberari.

2010 1289 2234 1349 CAPUT
2264 1290 2523 1349 XX.-—7.
2544 1291 2666 1349 Non
2678 1310 2823 1350 omne
2843 1311 3002 1368 genus
3016 1297 3197 1352 erroris
3216 1313 3322 1352 esse
3334 1313 3519 1367 pecca-

1939 1393 2066 1440 tum.
2097 1384 2419 1441 Academicos
2464 1387 2666 1459 refellit,
2692 1390 2780 1460 qui
2814 1400 2869 1443 ut
2910 1406 3049 1444 error
3072 1391 3273 1458 vitetur,
3312 1407 3514 1446 omnem

1938 1479 2277 1534 assensionem
2320 1481 2562 1551 suspendi
2576 1480 2769 1537 uolunt.
2796 1482 2990 1538 Nescio
3006 1498 3135 1539 sane
3157 1494 3335 1539 utrum
3358 1485 3520 1540 etiam

1939 1568 2243 1640 hujusmodi
2292 1587 2504 1628 errores
2536 1573 2553 1605 ¹
2584 1590 2745 1629 :cum
2793 1574 2958 1631 homo
3000 1575 3068 1631 de
3111 1576 3254 1631 malo
3304 1576 3522 1631 homine

1940 1660 2079 1720 bene
2100 1664 2282 1733 sentit,
2312 1667 2485 1737 qualis
2514 1669 2584 1723 sit
2613 1671 2894 1737 nesciens;
2926 1679 3017 1725 aut
3038 1686 3137 1741 pro
3170 1672 3251 1727 eis
3281 1687 3400 1742 quac
3428 1686 3524 1741 per

1939 1768 2131 1810 sensus
2159 1758 2401 1827 corporis
2416 1758 2675 1828 capimus,
2706 1770 2997 1819 occurrunt
3015 1762 3229 1830 similia,
3254 1778 3375 1833 qua:
3412 1762 3527 1831 spi-

1939 1848 2047 1903 ritu
2067 1858 2317 1920 tanquam
2343 1866 2587 1921 corpore,
2636 1863 2730 1908 aut
2765 1868 2989 1924 corpore
3047 1864 3297 1925 tanquam
3334 1856 3526 1924 spiritu

1940 1942 2276 2010 sentiuntur;
2322 1945 2479 2016 quale
2527 1947 2747 2017 putabat
2821 1963 2941 2003 esse
2985 1949 3261 2017 apostolus
3308 1948 3522 2013 Petrus,

1940 2038 2152 2108 quando
2179 2039 2517 2096 existimabat
2533 2057 2591 2097 se
2608 2042 2783 2097 visum
2806 2043 3009 2108 videre,
3034 2051 3253 2113 repente
3283 2042 3352 2098 de
3378 2042 3528 2096 clau-

1940 2130 2065 2186 stris
2089 2141 2144 2188 et
2164 2133 2384 2189 vinculis
2397 2149 2494 2204 per
2513 2135 2757 2206 angelum
2790 2135 3045 2192 liberatus
3062 2138 3204 2206 ,(Act.
3219 2152 3311 2203 xu,
3330 2135 3385 2207 9)
3403 2153 3415 2188 :
3433 2145 3527 2190 aut

1941 2221 1996 2278 in
2018 2222 2147 2294 ipsis
2170 2224 2330 2279 rebus
2370 2227 2645 2297 corporeis
2675 2226 2796 2283 lene
2819 2237 3038 2298 putatur
3065 2243 3184 2284 esse
3210 2228 3352 2297 quod
3373 2242 3528 2298 aSpco

1941 2328 2060 2369 rum
2088 2323 2191 2383 est,
2219 2324 2310 2370 aut
2332 2316 2489 2373 dulce
2516 2317 2657 2389 quod
2686 2333 2928 2374 amarum
2954 2329 3056 2385 est,
3085 2329 3176 2374 aut
3208 2320 3345 2375 bene
3371 2319 3521 2376 olere

1941 2404 2083 2475 quod
2106 2405 2346 2476 putidum
2371 2416 2474 2474 est,
2500 2418 2595 2464 aut
2631 2417 2818 2465 tonare
2847 2424 2970 2465 cum
2991 2408 3157 2465 rheda
3184 2411 3391 2477 transit,
3429 2418 3525 2465 aut

1942 2495 2091 2553 illum
2109 2514 2228 2555 esse
2240 2499 2509 2556 hominem
2522 2516 2641 2557 cum
2658 2501 2795 2557 alius
2808 2503 2895 2569 sit,
2913 2501 3127 2574 quando
3140 2501 3246 2557 duo
3265 2500 3529 2558 simillimi

1943 2589 2045 2645 sibi
2088 2600 2232 2658 sunt,
2285 2591 2426 2662 quod
2486 2592 2543 2648 in
2586 2594 2815 2665 geminis
2863 2607 3006 2666 saepe
3051 2579 3345 2665 contingit;
3388 2591 3532 2649 unde

1942 2682 2015 2737 ait
2040 2681 2153 2749 ille,

2128 2798 2884 2924 Wi%”3’ga°f“s“n§%‘7iif
2906 2858 2983 2921 to,
3007 2871 3049 2911 υ.
3074 2836 3219 2924 392.)

1944 2968 1999 3015 et
2025 2968 2217 3018 caetera
2239 2961 2362 3017 talia
2390 2964 2549 3018 etiam
2576 2972 2795 3035 peccata
2825 2963 3052 3020 dicenda
3075 2965 3203 3021 sint.
3235 2963 3347 3021 Nec
3375 2979 3530 3035 quae-

1945 3052 2049 3106 stio
2074 3052 2447 3123 nodosissima,
2493 3071 2612 3127 quae
2648 3056 2891 3112 homines
2932 3058 3287 3124 acutissimos,
3326 3056 3533 3113 Acade-

1945 3144 2117 3200 micos
2175 3146 2349 3212 torsit,
2410 3161 2551 3202 nunc
2602 3146 2733 3203 mihi
2802 3148 3082 3205 enodanda
3138 3156 3386 3220 suscepta
3427 3156 3531 3214 est;

1945 3245 2123 3293 utrum
2146 3237 2346 3309 aliquid
2366 3238 2561 3295 debeat
2599 3241 2823 3311 sapiens
2862 3241 3183 3311 approbare,
3231 3246 3299 3297 ne
3325 3240 3528 3297 incidat

1947 3328 2003 3384 in
2046 3344 2284 3386 errorem
2310 3371 2326 3397 ,
2370 3330 2417 3387 si
2468 3346 2566 3402 pro
2608 3333 2751 3389 veris
2794 3335 3167 3404 approbaverit
3209 3334 3363 3403 falsa,
3406 3350 3532 3392 cum

1947 3424 2125 3480 omnia
2143 3466 2157 3490 ,
2186 3425 2324 3480 sicut
2352 3422 2642 3493 affirmant,
2674 3428 2758 3483 vel
2786 3428 2997 3483 occulta
3022 3430 3153 3497 sint,
3180 3430 3267 3485 vel
3303 3429 3529 3485 incerta.

1948 3515 2103 3574 Unde
2148 3517 2246 3573 tria
2310 3517 2518 3575 confeci
2560 3519 2832 3576 volumina
2878 3521 2932 3576 in
2971 3521 3123 3577 initio
3165 3522 3534 3580 conversionis

1948 3625 2103 3679 meas,
2141 3626 2211 3667 ne
2246 3612 2628 3683 impedimento
2666 3615 2821 3671 nobis
2860 3624 3062 3685 essent,
3109 3633 3230 3688 qua;
3278 3625 3535 3688 tanquam

1953 3700 2010 3757 in
2039 3703 2177 3758 ostio
2194 3702 2629 3761 contradicebant
2650 3707 2693 3760 ’.
2722 3707 2791 3762 Et
2814 3708 2995 3779 utique
3015 3708 3189 3765 fuerat
3206 3708 3534 3766 removenda

1948 3793 2284 3850 invenienda:
2307 3795 2613 3867 desperatio
2638 3797 2903 3866 veritatis,
2923 3815 3042 3870 qua;
3079 3799 3292 3856 illorum
3319 3799 3535 3857 videtur

1949 3888 2498 3958 argumentationibus
2532 3890 2797 3946 roborari.
2851 3892 3006 3963 Apud
3046 3894 3167 3949 illos
3212 3907 3342 3965 ergo
3379 3908 3535 3951 error

1950 3981 2123 4035 omnis
2152 3990 2368 4052 putatur
2391 3997 2514 4038 esse
2554 3993 2853 4054 peccatum,
2884 3985 3026 4054 quod
3054 3986 3212 4055 vitari
3239 4000 3348 4042 non
3373 4000 3536 4057 posse

1949 4074 2297 4142 contendunt,
2328 4075 2432 4130 nisi
2459 4076 2637 4132 omnis
2662 4076 3021 4148 suspendatur
3040 4079 3305 4136 assensio.
3334 4079 3535 4136 Errare

1950 4164 2142 4249 quippe
2165 4165 2348 4220 dicunt
2388 4181 2509 4223 eum
2542 4168 2783 4238 quisquis
2829 4170 3121 4226 assentitur
3171 4172 3392 4228 incertis
3422 4191 3436 4229 :
3462 4174 3537 4249 ni:

1951 4244 2130 4327 hilque
2176 4268 2380 4313 certum
2410 4274 2530 4316 esse
2556 4260 2608 4315 in
2632 4262 2905 4318 hominum
2947 4263 3079 4319 visis
3112 4264 3153 4330 ³,
3184 4273 3402 4336 propter
3445 4244 3532 4327 iur,

1950 4348 2237 4405 discretam
2259 4351 2665 4407 similitudinem
2688 4354 2826 4423 falsi,
2866 4355 3075 4410 etiamsi
3106 4356 3251 4427 quod
3290 4356 3531 4427 videtur,

1950 4437 2087 4501 forte
2114 4440 2183 4495 sit
2230 4457 2436 4510 verum,
2481 4444 2807 4500 acutissimis
2836 4446 3087 4516 quidem,
3128 4448 3223 4504 sed
3252 4449 3536 4521 impuden-

1952 4532 2169 4587 tissimis
2188 4535 2670 4592 conllictationibus
2697 4536 2992 4608 disputant.
3019 4540 3176 4611 Apud
3193 4558 3291 4599 nos
3318 4552 3524 4613 autem,

1949 4620 2129 4677 Justus
2155 4641 2216 4677 ex
2264 4625 2367 4694 ﬁde
2389 4627 2506 4680 vivit
2559 4628 2747 4698 (Rom.
2780 4646 2818 4696 ι,
2858 4629 2967 4703 17).
3017 4635 3087 4688 At
3134 4634 3181 4689 si
3215 4634 3428 4692 tollatur
3454 4651 3534 4693 as

1951 4716 2153 4781 sensio,
2182 4716 2313 4774 ﬁdes
2335 4719 2571 4788 tollitur;
2595 4724 2718 4793 quia
2755 4724 2872 4779 sine
2908 4726 3221 4784 assensione
3250 4729 3382 4784 nihil
3412 4745 3538 4787 ere-

1951 4806 2111 4862 ditur.
2136 4808 2204 4863 Et
2222 4818 2345 4865 sunt
2376 4826 2501 4866 vera
2542 4815 2784 4883 quamvis
2808 4831 2919 4871 non
2945 4818 3249 4887 videantur,
3273 4837 3392 4891 qua:
3429 4822 3534 4878 nisi

1951 4901 2255 4969 credantur,
2284 4904 2353 4959 ad
2383 4905 2547 4960 vitam
2581 4907 2812 4976 beatam,
2857 4925 2976 4980 quae
3030 4928 3140 4968 non
3182 4913 3284 4967 nisi
3330 4922 3533 4968 mterna

1910 5058 1915 5077 ί
1952 5002 2054 5059 est,
2088 5010 2193 5049 non
2222 5004 2398 5065 potest
2416 5000 2703 5068 perveniri.
2723 5001 2856 5056 Cum
2881 5003 2995 5058 istis
3016 5019 3144 5060 vero
3175 5012 3351 5058 utrum
3380 5004 3526 5074 loqui

1889 5917 1923 5934 μ

1952 5085 2243 5143 debeamus
2257 5088 2464 5159 ignoro,
2489 5077 2597 5162 qui,
2632 5107 2741 5147 non
2771 5094 3009 5151 victuros
3034 5096 3087 5150 in
3116 5104 3395 5160 aeternum,
3428 5096 3533 5155 sed

1952 5179 2005 5234 in
2036 5181 2318 5250 prmscntia
2356 5197 2416 5238 se
2446 5183 2627 5241 vivere
2652 5186 2896 5242 nesciunt
2924 5205 2936 5240 :
2966 5188 3073 5242 imo
3102 5186 3307 5241 nescire
3356 5201 3418 5243 se
3443 5187 3529 5243 di-

1951 5278 2100 5339 cunt,
2141 5272 2283 5343 quod
2330 5279 2539 5332 nescire
2576 5293 2681 5333 non
2730 5287 2971 5349 possunt.
2999 5277 3180 5348 Neque
3201 5278 3346 5335 enim
3379 5280 3529 5352 quis-

1950 5380 2110 5435 quam
2148 5365 2344 5423 sinitur
2395 5368 2604 5425 nescire
2653 5384 2711 5425 se
2750 5370 2971 5425 vivere:
3003 5369 3429 5443 quandoquidem
3484 5374 3531 5431 si

2016 5528 2031 5559 ³
2054 5533 2158 5592 _Am.
2181 5533 2254 5577 Er.
2278 5535 2415 5592 nam,
2436 5527 2731 5592 ,hujusmorti
2750 5540 2901 5592 error,
2925 5536 3012 5580 est.
3036 5537 3145 5582 Mss.
3164 5531 3279 5592 duo,
3312 5530 3457 5592 huius
3472 5533 3536 5584 sit

1950 5589 2121 5660 modus
2143 5590 2341 5660 erroris.
2360 5589 2525 5660 uelitis
2546 5597 2674 5660 Iov,
2690 5591 2923 5651 ejusmodi
2939 5606 3147 5645 errores.
3172 5589 3314 5646 Refer
3329 5589 3391 5646 ad
3411 5596 3533 5646 illud

1951 5650 2100 5715 infra,
2124 5659 2319 5715 peccata
2343 5650 2550 5701 dicenda
2571 5651 2680 5701 sint.

2013 5713 2224 5778 {Plures
2240 5721 2363 5773 Msa,
2389 5720 2525 5778 esset,
2546 5726 2656 5777 qua:
2678 5721 2904 5778 tmquam
2926 5716 2977 5769 in
2993 5718 3111 5773 ostio
3130 5717 3485 5773 contradicebat
3508 5728 3535 5777 ε

2014 5838 2035 5871 s
2056 5837 2127 5887 sic
2147 5835 2328 5900 aliquot
2343 5842 2450 5887 Mss.
2474 5838 2592 5890 Fditi
2616 5847 2795 5909 autem,
2821 5842 2941 5898 visu.
