4046 6332
38 6134 53 6199 Η

433 292 543 353 ΕΜ
923 275 1388 342 ENCIIIRIDION,
1428 271 1584 331 SIVE
1623 268 1712 325 DE
1752 262 1941 329 FIDE,
1984 257 2115 317 SPE
2143 256 2231 311 ET
2267 255 2682 324 CIIARITATE,
2723 253 2782 310 S.
2822 249 3190 311 AUGUSTINI
3586 250 3710 308 τω

437 424 546 465 non
567 403 718 473 vivit,
752 416 860 457 non
882 408 1060 471 potest
1094 394 1299 473 aliquid
1321 392 1403 448 vel
1439 387 1647 469 nescire
1673 385 1714 467 ¹·;
1759 380 2012 473 quoniam

438 452 547 535 non
600 452 772 531 soltIm
817 452 1202 540 scirer—erum'
1232 465 1391 520 etiam
1417 460 1627 516 nescire
1654 452 1880 511 viventis
1917 458 2021 504 cst.

437 570 547 628 Sed
578 568 824 626 videlicet
867 580 975 621 non
1025 556 1369 619 assentiendo
1406 552 1549 625 quod
1586 550 1788 616 vivant,
1834 554 2041 603 cavere.

440 664 543 720 sibi
565 658 812 717 videntur
852 670 1127 715 errorem:
1156 667 1278 708 cum
1320 650 1483 705 etiam
1530 641 1760 701 errando
1806 637 2031 695 convin-

441 764 633 812 cantur
666 752 879 819 vivere;
909 747 1162 820 quoniam
1190 759 1298 799 non
1326 746 1503 813 potest
1527 737 1616 808 qui
1641 751 1745 790 non
1780 731 1910 785 vivit
1945 742 2033 783 er-

443 862 585 903 rare.
614 844 769 903 Sicut
785 819 1046 914 ergoinos
1089 837 1271 892 vivere
1319 847 1426 888 non
1465 829 1643 886 solum
1682 839 1891 887 verum,
1939 819 2034 885 sed

446 939 605 996 etiam
645 944 853 993 eertum
881 942 998 998 est;
1021 932 1093 987 ita
1115 943 1242 986 vera
1268 934 1323 981 et
1357 934 1509 980 certa
1540 931 1664 977 sunt
1688 918 1887 981 multa,
1917 902 2035 984 qui-

444 1032 546 1092 bus
574 1048 679 1089 non
707 1028 975 1093 assentiri,
1008 1025 1148 1083 absit
1169 1033 1224 1079 ut
1248 1020 1508 1094 sapientia
1526 1016 1706 1088 potius
1735 1025 1897 1084 quam
1942 1007 2036 1065 de-

447 1127 645 1184 mentia
677 1121 999 1180 nominanda
1026 1121 1114 1174 sit.

519 1210 745 1269 CAPUT
783 1206 926 1263 XXI.
958 1236 1030 1245 —
1057 1202 1218 1257 Error
1255 1217 1356 1255 non
1397 1213 1593 1269 semper
1630 1200 1922 1265 peccatum,
1953 1186 2041 1241 sed

451 1320 647 1375 semper
672 1301 881 1356 nmium.
914 1297 971 1353 In
1000 1296 1191 1368 quibus
1212 1294 1232 1324 ²
1260 1301 1435 1347 autem
1470 1289 1629 1343 rebus
1658 1282 1788 1339 nihil
1821 1282 2044 1336 interest

451 1398 522 1454 ad
554 1392 942 1467 capessendum
983 1390 1079 1445 Dei
1126 1403 1344 1458 regnum
1365 1428 1378 1450 ,
1411 1394 1588 1440 utrum
1630 1377 1946 1441 credantur,
1974 1388 2041 1427 an

450 1506 596 1554 non;
626 1487 707 1542 vel
727 1493 905 1542 utrum
927 1498 1050 1538 vera
1073 1480 1186 1535 sive
1222 1478 1332 1534 sint
1360 1476 1471 1531 sive
1491 1480 1765 1545 putentur,
1790 1483 1856 1521 an
1882 1465 2041 1549 falsa:

455 1582 510 1637 in
538 1582 621 1635 his
646 1593 857 1643 errare,
888 1572 941 1630 id
967 1582 1068 1639 est,
1098 1570 1240 1627 aliud
1270 1585 1366 1640 pro
1394 1567 1502 1623 alio
1532 1574 1741 1636 putare,
1772 1576 1876 1615 non
1906 1540 2047 1611 arbi-

454 1671 703 1729 trantium
731 1677 814 1725 est
837 1681 958 1723 esse
983 1672 1291 1736 peccatum;
1317 1667 1409 1715 aut
1435 1659 1479 1713 si
1505 1665 1606 1723 est,
1631 1654 1906 1711 minimum
1928 1662 2049 1705 esse

458 1776 617 1836 atque
655 1763 1004 1820 levissimum.
1049 1758 1364 1820 Postremo,
1410 1750 1795 1824 qualecumque
1834 1745 1965 1800 illud
1997 1751 2052 1799 et

458 1865 947 1930 quantumcumque
978 1853 1066 1920 sit,
1094 1850 1162 1905 ad
1186 1849 1330 1904 illam
1359 1846 1497 1901 viam
1530 1860 1634 1898 non
1665 1840 1918 1911 pertinet,
1951 1851 2052 1907 qua

457 1951 601 2006 imus
640 1949 707 2003 ad
746 1947 916 2003 Deum
944 1963 959 2000 :
989 1959 1109 2015 quze
1138 1943 1219 1996 via
1253 1940 1388 1995 ﬁdes
1417 1945 1499 1992 est
1528 1930 1756 2002 Christi,
1801 1947 1919 2003 quae
1960 1944 2055 1999 per

461 2042 802 2099 dilectionem
850 2046 1100 2110 operatur
1143 2033 1339 2106 (Galat.
1369 2048 1426 2098 v,
1459 2028 1537 2105 ϐ).
1581 2027 1763 2099 Neque
1804 2026 1947 2081 enim
1989 2022 2057 2078 ab

461 2133 566 2189 hac
588 2133 672 2187 via
700 2130 944 2186 deviabat
979 2129 1029 2182 in
1066 2125 1290 2197 geminis
1326 2123 1447 2177 liliis
1483 2120 1665 2192 gratus
1704 2117 1791 2172 ille
1826 2112 2062 2185 parenti-

465 2225 568 2281 bus
595 2239 747 2279 error
774 2242 788 2278 :
820 2229 912 2277 aut
940 2222 1007 2276 ab
1035 2219 1134 2274 hac
1158 2218 1239 2272 via
1270 2213 1517 2272 deviabat
1544 2210 1814 2282 apostolus
1845 2207 2056 2268 Petrus,

469 2316 684 2390 quando
709 2330 768 2373 se
796 2314 1107 2371 existimans
1137 2310 1307 2365 visum
1335 2306 1536 2371 videre,
1563 2301 1703 2358 aliud
1732 2315 1830 2370 pro
1854 2299 1957 2353 alio
1985 2286 2063 2351 sic

471 2411 713 2484 putabat,
746 2418 803 2464 ut
829 2424 857 2463 a
882 2421 1169 2480 corporum
1199 2399 1535 2473 imaginibus,
1566 2395 1619 2452 in
1643 2394 1835 2466 quibus
1860 2407 1919 2447 se
1944 2394 2065 2445 esse

473 2504 854 2571 arbitrabatur,
882 2517 1007 2557 vera
1040 2501 1093 2555 in
1123 2496 1313 2569 quibus
1342 2502 1458 2550 erat
1485 2504 1709 2561 corpora
1738 2502 1844 2542 non
1875 2484 2064 2555 digno-

475 2604 676 2663 sceret,
721 2595 824 2650 nisi
866 2608 986 2649 cum
1030 2590 1097 2646 ab
1140 2590 1230 2644 illo
1274 2587 1521 2657 angelus,
1555 2598 1649 2652 per
1690 2594 1852 2651 quem
1897 2575 2069 2630 fuerat

476 2689 765 2755 liberatus,
795 2684 1055 2741 abscessit
1095 2700 1108 2735 :
1150 2691 1241 2735 aut
1274 2680 1341 2734 ab
1380 2677 1481 2731 hac
1514 2674 1601 2729 via
1630 2671 1878 2728 deviabat
1904 2665 2070 2723 Iacob

480 2778 804 2851 patriarcha,
832 2775 1047 2847 quando
1072 2768 1338 2828 viventem
1368 2769 1533 2823 lilium
1564 2780 1594 2819 a
1619 2764 1791 2821 bestia
1820 2760 2073 2817 credebat

480 2872 719 2927 occisum
757 2865 911 2942 (Gen.
944 2881 1166 2934 xxxvii,
1197 2864 1312 2935 55).
1355 2861 1411 2916 In
1452 2860 1535 2915 his
1571 2865 1729 2929 atque
1768 2852 2074 2926 hujusmodi

484 2960 807 3018 faisitatibus
825 3001 841 3029 ,
870 2959 1015 3015 salva
1043 2956 1167 3023 ﬁde,
1199 2970 1317 3027 quae
1347 2953 1399 3009 in
1426 2952 1594 3007 Deum
1624 2947 1776 3005 nobis
1801 2955 1904 3011 est,
1935 2944 2073 3000 falli-

486 3068 629 3122 mur,
659 3060 714 3107 et
736 3052 822 3107 via
852 3066 957 3105 non
983 3049 1164 3105 relicta
1195 3062 1314 3118 quae
1342 3044 1409 3099 ad
1437 3043 1585 3099 illum
1609 3039 1776 3107 ducit,
1800 3052 2075 3121 erramus:

476 3146 579 3217 'qui
608 3157 822 3201 errores
850 3142 1059 3200 etiamsi
1089 3149 1303 3212 peccata
1330 3154 1438 3193 non
1467 3143 1612 3202 sunt,
1642 3141 1818 3187 tamen
1846 3131 1901 3186 in
1926 3114 2080 3185 malis

487 3236 649 3307 hujus
676 3237 798 3292 vita:
823 3233 1111 3306 depUtandi
1138 3238 1261 3287 sunt
1282 3272 1298 3299 ,
1324 3244 1444 3300 quae
1470 3228 1541 3283 ita
1566 3224 1804 3295 subjecta
1827 3231 1911 3278 est
1933 3219 2083 3276 vani-

490 3329 621 3395 tati,
654 3336 711 3383 ut
749 3326 1110 3398 approbentur
1148 3324 1238 3379 hic
1271 3320 1401 3377 falsa
1442 3332 1537 3391 pro
1561 3318 1737 3383 veris,
1764 3320 2083 3395 respuantur

484 3422 618 3475 vera
647 3428 749 3489 pro
764 3394 932 3483 falsis,
962 3420 1245 3471 teneantur
1270 3414 1473 3469 incerta
1503 3424 1600 3481 pro
1623 3408 1806 3465 certis.
1832 3394 2084 3474 Quamvis

492 3511 635 3566 enim
664 3509 779 3565 haec
808 3509 874 3565 ab
898 3523 960 3563 ea
988 3506 1091 3562 lide
1114 3505 1310 3571 absint,
1341 3518 1437 3575 per
1462 3516 1623 3573 quam
1653 3514 1832 3555 veram
1857 3505 2088 3553 certam-

486 3618 599 3673 que
628 3602 694 3657 ad
722 3608 977 3657 aeternam
1008 3596 1391 3654 beatitudinem
1423 3592 1689 3649 tendimus
1714 3589 1769 3659 ";
1809 3590 1876 3645 ab
1910 3603 1973 3643 ea
2003 3595 2084 3642 ta-

496 3702 622 3750 men
649 3693 864 3748 miseria
893 3707 1000 3747 non
1029 3690 1255 3755 absunt,
1285 3688 1337 3741 in
1364 3700 1467 3757 qua
1494 3683 1668 3739 adhuc
1696 3696 1900 3737 sumus.
1931 3666 2089 3735 Nullo

498 3783 664 3840 modo
688 3785 884 3854 quippe
913 3780 1221 3837 falleremur
1258 3770 1312 3832 in
1349 3776 1529 3848 aliquo
1556 3775 1641 3831 vel
1666 3771 1830 3828 animi
1857 3770 1941 3826 vel
1970 3785 2091 3825 cor-

499 3876 647 3948 poris
677 3888 838 3933 sensu
855 3914 875 3945 ,
904 3874 950 3931 si
974 3874 1085 3946 jam
1112 3882 1241 3928 vera
1268 3860 1358 3927 illa
1384 3875 1543 3940 atque
1570 3862 1804 3941 perlecta
1841 3862 2093 3920 felicitate

501 3969 820 4025 frueremur.

573 4059 803 4119 CAPUT
837 4056 1007 4116 XXII.
1030 4087 1104 4102 --
1130 4055 1295 4113 Omne
1328 4054 1650 4111 mendacium
1680 4071 1783 4110 esse
1810 4061 2092 4126 peccatum.

488 4146 673 4222 Porro
716 4164 894 4211 autem
937 4169 1097 4209 omne
1140 4149 1476 4209 mendacium
1519 4149 1641 4206 ideo
1684 4148 1965 4204 dicendum
2014 4154 2099 4202 est

506 4265 627 4307 esse
666 4258 977 4321 peccatum,
1008 4249 1127 4320 quia
1171 4248 1332 4303 homo
1376 4262 1482 4301 non
1530 4245 1701 4301 solum
1744 4243 1956 4314 quando
1998 4240 2100 4297 scit

506 4345 622 4414 ipse
664 4342 809 4415 quod
840 4358 1030 4399 verum
1068 4342 1166 4408 sit,
1207 4341 1299 4397 sed
1339 4342 1497 4396 etiam
1539 4339 1585 4394 si
1623 4337 1835 4409 quando
1873 4342 2019 4392 errat
2044 4342 2101 4391 et

511 4433 714 4490 fallitur
733 4434 872 4491 sicut
892 4433 1076 4503 homo,
1101 4433 1205 4489 hoc
1224 4432 1383 4488 debet
1402 4431 1545 4503 loqui
1568 4429 1707 4501 quod
1728 4429 1907 4484 animo
1927 4427 2097 4498 gerit;

510 4527 625 4583 sive
668 4526 795 4583 illud
833 4542 1018 4582 verum
1058 4527 1162 4592 sit,
1199 4526 1311 4580 sive
1339 4533 1553 4595 putetur
1580 4532 1634 4578 et
1665 4539 1769 4577 non
1795 4521 1886 4578 sit.
1915 4519 2102 4576 Omnis

512 4626 693 4674 autem
722 4619 813 4691 qui
840 4618 1125 4683 mentitur,
1155 4626 1339 4673 contra
1372 4616 1425 4671 id
1452 4615 1589 4687 quod
1624 4616 1802 4669 animo
1827 4612 1989 4669 sentit
2018 4612 2101 4666 lo-

514 4711 697 4781 quitur
723 4710 996 4765 voluntate
1036 4707 1274 4764 fallendi.
1308 4708 1374 4763 Et
1401 4706 1582 4777 utique
1614 4705 1777 4760 verba
1821 4711 2103 4773 propterea

514 4808 644 4856 sunt
684 4801 953 4865 instituta,
980 4814 1087 4853 non
1115 4813 1212 4869 per
1239 4813 1358 4869 qua:
1387 4812 1446 4851 se
1475 4796 1719 4850 homines
1751 4793 1975 4848 invicem
2004 4791 2103 4846 fal-

514 4893 656 4959 lant,
689 4892 784 4950 sed
814 4907 912 4966 per
937 4896 1058 4964 qna:
1086 4890 1140 4945 in
1170 4890 1389 4945 alterius
1416 4889 1639 4958 quisque
1677 4886 1918 4940 netitiam
1957 4884 2105 4955 cogi-

517 4988 744 5044 lationes
772 4994 899 5044 suas
927 4982 1158 5054 perferat
1179 4979 1219 5034 ⁸.
1247 4979 1439 5036 Verbis
1467 4991 1595 5050 ergo
1621 4978 1694 5031 uti
1724 4976 1790 5032 ad
1819 4975 2104 5046 fallaciam,

516 5094 627 5136 non
653 5078 721 5135 ad
759 5074 902 5148 quod
937 5073 1176 5129 instituta
1204 5078 1362 5136 sunt,
1393 5081 1667 5140 peccatum
1705 5079 1808 5125 est.
1846 5067 1958 5124 Nec
1986 5068 2108 5123 ideo

519 5172 683 5227 ullum
720 5166 1053 5225 mendacium
1096 5162 1383 5235 putandum
1416 5171 1499 5217 est
1525 5178 1633 5217 non
1660 5178 1780 5217 esse
1806 5168 2104 5234 peccatum,

521 5265 645 5335 quia
674 5277 960 5334 possumus
988 5257 1284 5331 aliquando
1310 5257 1465 5313 alicui
1505 5256 1759 5328 prodesse
1776 5253 2103 5312 mentiendo.

586 5378 604 5447 ε
629 5376 771 5447 editi,
789 5373 934 5447 scire,
958 5370 1035 5447 rei
1050 5371 1343 5446 nescire..Et
1365 5373 1509 5447 paulo
1530 5380 1653 5436 post,
1691 5371 1879 5423 normisi
1914 5369 2111 5423 viventis

521 5444 609 5492 est.
634 5434 799 5498 Abest,
822 5436 967 5498 scire,
993 5445 1063 5495 et,
1078 5434 1291 5495 nonnisi,
1321 5448 1349 5484 a
1366 5434 1475 5498 Mss.

585 5503 606 5533 ³
630 5508 730 5549 Am.
753 5497 830 5549 Er.
855 5504 965 5549 Lov.
992 5506 1045 5549 et
1061 5505 1175 5549 Dan.
1204 5507 1256 5549 In
1274 5497 1585 5561 ίιτιὶιηηςιιαηιἱ
1599 5498 1980 5561 castigantur-ex
2001 5501 2110 5547 Mss.

522 5562 701 5627 ﬂius
720 5562 968 5611 consentit
984 5561 1200 5627 tentus?’
1220 5557 1373 5620 Sent.,
1398 5561 1509 5627 dist.
1534 5560 1611 5619 38,
1640 5557 1747 5621 cap:
1786 5557 1928 5609 Illud.

589 5625 610 5657 ³
631 5625 704 5697 sic
726 5632 831 5697 Mss.
856 5628 922 5697 at
938 5622 1075 5697 editi,
1100 5635 1185 5697 per
1208 5636 1350 5697 quam
1385 5622 1450 5672 ad
1488 5634 1651 5697 verant
1673 5633 1947 5685 certamque
1973 5631 2113 5686 atque

522 5692 757 5741 οωτηωι
779 5682 1119 5737 beatitudinem
1142 5685 1381 5736 tendimus
1407 5697 1425 5736 :
1458 5687 1618 5735 minus
1639 5687 1787 5736 bene.

586 5751 608 5783 δ
639 5748 864 5813 Plerique
888 5757 1015 5810 mss,
1038 5748 1266 5812 proferat.

2130 372 2419 430 Possumus
2444 376 2586 431 enim
2613 386 2669 433 et
2690 378 2912 433 iurando
2934 380 2972 443 ί,
3003 379 3049 432 si
3078 388 3277 448 pauper
3300 370 3386 428 cui
3412 370 3593 441 palam
3616 366 3713 421 da-

2132 474 2236 535 tur,
2262 469 2423 523 sentit
2446 473 2806 538 commodum,
2834 481 2888 526 et
2910 470 3060 526 dives
3082 469 3171 525 cui
3192 466 3331 521 clam
3358 463 3586 528 tollitur,
3603 473 3715 515 non

2132 560 2296 614 sentit
2330 561 2722 619 incommodum
2754 583 2765 619 :
2794 579 2895 620 nec
2920 564 3040 620 ideo
3071 562 3176 617 tale
3202 559 3401 615 furtum
3434 556 3720 627 quisquam

2132 651 2329 708 dixerit
2353 669 2458 710 non
2483 671 2603 712 esse
2629 667 2925 727 peccatum.
2956 656 3247 712 Possumus
3271 660 3327 707 et
3342 642 3718 711 aduitemdo,

2134 748 2180 805 si
2206 750 2403 820 aliqua,
2432 751 2536 806 nisi
2560 751 2629 808 ad
2650 752 2752 807 hoc
2775 752 2825 807 ei
2850 750 3238 813 consentiatur,
3262 749 3517 814 appareat
3535 751 3725 793 aman-

2122 840 2206 897 do
2229 844 2509 911 moritura,
2540 853 2595 901 et
2619 845 2667 900 si
2691 845 2913 909 vixerit,
2940 840 3250 914 paenitendo
3276 833 3546 908 purganda
3576 849 3592 886 :
3622 842 3728 886 nec

2138 936 2259 993 ideo
2302 948 2579 1009 peccatum
2622 939 2915 1010 negabitur
2940 937 3046 993 tale
3084 932 3422 990 adulterium.
3461 928 3519 984 Si
3546 934 3730 981 autem

2124 1030 2332 1084 merito
2358 1031 2512 1086 nobis
2541 1031 2716 1101 placet
2737 1031 2983 1098 castitas,
3018 1028 3146 1099 quid
3169 1025 3390 1081 olfendit
3418 1020 3638 1084 veritas,
3669 1023 3732 1072 ut

2142 1131 2360 1191 propter
2398 1124 2624 1179 alienam
2673 1124 2957 1179 utilitatem
2997 1122 3084 1176 illa
3127 1135 3234 1175 non
3264 1116 3491 1172 violetur
3514 1110 3727 1168 adulte-

2144 1212 2332 1278 rando,
2356 1222 2411 1269 et
2428 1215 2654 1269 violetur
2675 1216 2775 1270 ista
2795 1211 3104 1270 mentiendo
3122 1211 3180 1264 ’τ
3198 1208 3496 1264 Plurimum
3515 1200 3735 1273 quidem

2146 1303 2214 1359 ad
2242 1305 2437 1360 bonum
2465 1305 2755 1375 profecisse
2778 1306 3044 1371 homines,
3066 1302 3157 1374 qui
3180 1315 3291 1357 non
3314 1298 3415 1353 nisi
3438 1309 3538 1367 pro
3560 1292 3739 1349 salute

2148 1396 2380 1451 hominis
2414 1397 2777 1465 mentiuntur,
2811 1412 2918 1453 non
2946 1404 3030 1453 est
3057 1393 3358 1465 negandum
3386 1407 3403 1444 :
3430 1388 3527 1443 sed
3554 1386 3610 1440 in
3636 1398 3737 1439 eo—

2149 1504 2269 1543 rum
2300 1489 2390 1544 tali
2416 1490 2656 1560 profectu
2689 1491 2880 1546 merito
2912 1489 3184 1553 laudatur,
3212 1486 3300 1541 vel
3335 1482 3496 1540 etiam
3522 1488 3738 1548 tempo-

2151 1582 2333 1637 raliter
2359 1590 2732 1638 remuneratur
2769 1580 3135 1639 benevolentia
3156 1618 3174 1648 ,
3203 1592 3309 1633 non
3351 1571 3557 1631 fallacia
3575 1610 3592 1637 9
3617 1582 3743 1639 φη

2136 1682 2209 1731 »υι
2235 1673 2538 1743 ignoscatur
2559 1684 2643 1730 sat
2661 1684 2778 1741 est,
2806 1689 2914 1730 non
2948 1683 3006 1728 ut
3040 1672 3200 1728 etiam
3233 1667 3585 1741 pradice’tur,
3621 1674 3744 1715 ma-

2153 1765 2296 1820 xime
2333 1767 2385 1820 in
2425 1766 2724 1823 haeredibus
2751 1766 3079 1823 Tcstamenti
3101 1763 3266 1827 Novi,
3292 1760 3486 1832 quibus
3522 1755 3747 1821 dieitur,

2156 1858 2241 1914 Sit
2266 1860 2319 1913 in
2348 1876 2433 1913 ore
2460 1870 2651 1929 vestro,
2680 1860 2792 1927 Est,
2820 1870 2926 1926 est;
2958 1859 3078 1914 Non
3098 1900 3113 1924 ,
3141 1874 3243 1911 non
3272 1872 3292 1910 :
3319 1850 3455 1926 quod
3477 1850 3610 1905 enim
3633 1863 3751 1902 am-

2159 1950 2295 2021 plius
2321 1960 2410 2019 est,
2438 1970 2469 2005 a
2494 1951 2628 2006 malo
2653 1961 2725 2007 est
2750 1953 2963 2023 (Matth.
2991 1966 3047 2018 v,
3074 1949 3185 2021 57).
3217 1947 3441 2018 Propter
3466 1939 3608 2014 quod
3628 1952 3752 1993 ma-

2162 2043 2272 2098 lum
2292 2086 2307 2111 ,
2339 2046 2463 2114 quia
2494 2045 2782 2114 subrepere
2811 2044 2866 2100 in
2906 2044 3005 2099 hac
3041 2040 3363 2097 mortalitate
3392 2052 3501 2091 non
3530 2030 3753 2094 desinit,

2161 2136 2323 2187 etiam
2367 2134 2467 2202 ipsi
2514 2135 2824 2190 cohzeredes
2863 2134 3061 2189 Christi
3105 2133 3322 2198 dicunt,
3363 2126 3571 2182 Dimitte
3609 2121 3759 2178 nobis

2166 2225 2330 2280 debita
2359 2234 2531 2280 nostra
2559 2226 2669 2297 (Id.
2695 2242 2747 2281 vr
2768 2268 2783 2293 ,
2817 2226 2931 2296 12).

2237 2316 2465 2373 CAPUT
2503 2317 2692 2373 XXIII.
2711 2320 2851 2374 ——8.
2880 2316 3047 2373 Causa
3064 2330 3235 2370 rerum
3269 2312 3535 2374 bonarum,
3559 2308 3761 2363 bonitas

2169 2410 2302 2478 Dei;
2340 2411 2628 2476 malarum,
2657 2409 2890 2465 uoluntas
2927 2407 3166 2478 deﬁciens
3203 2406 3318 2460 boni
3354 2400 3631 2457 mutabilis.
3662 2397 3763 2453 His

2170 2503 2349 2574 itaque
2374 2519 2473 2575 pro
2499 2503 2657 2575 hujus
2679 2502 2955 2559 brevitatis
2982 2501 3302 2556 necessitate
3332 2494 3591 2563 tractatis,
3621 2507 3761 2564 quo-

2171 2597 2317 2653 niam
2365 2613 2541 2654 causa:
2584 2596 2969 2668 cognoscenda
3010 2602 3135 2650 sunt
3180 2606 3359 2647 rerum
3402 2590 3662 2645 bonarum
3705 2593 3768 2641 et

2174 2693 2456 2759 malarum,
2483 2700 2739 2763 quantum
2765 2694 2864 2745 viae
2892 2689 3021 2745 satis
3044 2696 3130 2743 est
3154 2688 3273 2757 qum
3293 2694 3395 2740 nos
3419 2682 3670 2754 perducat
3691 2675 3768 2733 ad

2175 2800 2420 2857 regnum,
2450 2786 2538 2841 ubi
2566 2787 2670 2841 erit
2696 2785 2800 2840 vita
2827 2784 2945 2839 sine
2967 2789 3160 2846 morte,
3190 2780 3307 2835 sine
3331 2776 3517 2833 errore
3543 2768 3765 2839 veritas,

2178 2879 2296 2934 sine
2323 2879 2722 2946 perturbatione
2747 2877 2970 2933 felicitas
2997 2893 3011 2929 :
3040 2878 3375 2945 nequaquam
3397 2866 3641 2923 dubitare
3668 2863 3771 2919 de-

2178 2974 2388 3041 bemus,
2416 2988 2594 3029 rerum
2620 2986 2737 3043 qua:
2765 2970 2832 3025 ad
2858 2983 2958 3025 nos
2982 2967 3250 3039 pertinent
3273 2966 3531 3018 bonarum
3551 2970 3772 3014 causam

2164 3081 2289 3121 non
2321 3080 2443 3121 esse
2486 3065 2587 3120 nisi
2626 3065 2914 3119 bonitatem
2946 3060 3078 3125 Dei;
3112 3058 3368 3113 malarum
3402 3065 3533 3125 vero
3569 3050 3636 3104 ab
3665 3049 3773 3102 im-

2184 3158 2429 3213 mutabili
2453 3156 2596 3212 bono
2619 3156 2955 3210 deficientem
2982 3150 3107 3207 boni
3130 3146 3399 3205 mutabilis
3423 3143 3775 3203 voluntatem.

2185 3251 2333 3323 prius
2362 3250 2557 3320 angeli,
2590 3248 2818 3304 hominis
2844 3253 3051 3317 postea.

2258 3343 2487 3401 CAPUT
2523 3341 2717 3399 XXIV.
2744 3371 2817 3383 —
2844 3340 3096 3397 Secunda:
3123 3336 3374 3389 malarum
3401 3338 3598 3393 eausa,
3629 3325 3782 3397 igno-

2187 3440 2358 3496 rantia
2402 3446 2449 3493 et
2488 3436 2911 3509 concupiscentia.
2965 3433 3076 3488 Hoc
3120 3430 3352 3501 primum
3399 3432 3481 3480 est
3521 3428 3783 3477 creatura:

2188 3532 2468 3589 rationalis
2490 3508 2710 3596 malum,
2741 3528 2794 3583 id
2819 3536 2919 3593 est,
2948 3526 3115 3595 prima
3142 3520 3366 3592 privatio
3391 3515 3516 3573 boni
3544 3530 3559 3567 :
3585 3508 3786 3567 deinde

2187 3624 2299 3697 iam
2340 3624 2501 3679 etiam
2544 3621 2850 3677 nolentibus
2896 3614 3213 3672 subintravit
3258 3608 3552 3682 ignOrantia
3600 3610 3787 3659 rerum

2193 3694 2519 3785 agendarum
2540 3756 2555 3781 ,
2586 3720 2642 3767 et
2665 3706 3091 3781 concupiscentia
3121 3702 3432 3763 noxiarum;
3462 3694 3655 3767 quibus
3686 3707 3788 3747 co-

2194 3784 2353 3863 mites
2396 3804 2798 3864 subinferuntur
2836 3814 2990 3857 error
3022 3803 3078 3853 et
3104 3796 3258 3851 dolor
3286 3809 3301 3847 :
3330 3796 3451 3862 qna:
3495 3788 3602 3843 duo
3643 3784 3789 3841 mala

2190 3900 2410 3974 quando
2453 3896 2788 3954 imminentia
2836 3892 3171 3956 sentiuntur,
3212 3900 3275 3940 ea
3314 3882 3586 3954 {agitantis
3620 3876 3790 3931 animi

2198 3969 2379 4048 motus
2407 3999 2628 4046 vocatur
2657 3997 2849 4043 metus.
2883 3984 3050 4039 Porro
3079 3979 3288 4033 animus
3327 3988 3449 4030 cum
3478 3969 3792 4040 adipiscitur

2188 4086 2502 4155 Aeoncupita,
2531 4081 2773 4153 quamvis
2796 4077 3095 4149 perniciosa
3120 4072 3207 4126 vel
3230 4068 3429 4131 inania,
3460 4064 3707 4136 quoniam
3735 4060 3791 4114 id

2200 4192 2387 4233 errore
2416 4191 2520 4231 non
2549 4151 2744 4237 sentit,
2777 4170 2862 4224 vel
2892 4163 3244 4222 delectatione
3273 4155 3514 4214 morbida
3538 4151 3791 4218 vincitur,

2201 4270 2286 4325 vel
2306 4270 2328 4302 ³
2352 4282 2486 4323 vana
2515 4266 2674 4320 etiam
2702 4261 2882 4316 imtitia
2909 4256 3215 4313 ventilatur.
3239 4252 3316 4307 Ex
3348 4250 3431 4305 his
3458 4246 3790 4309 morborum,

2203 4376 2312 4417 non
2337 4358 2616 4421 ubertatis,
2645 4353 2738 4410 sed
2766 4349 3069 4421 indigentim
3092 4352 3340 4417 tanquam
3368 4330 3600 4397 fontibus
3618 4334 3797 4393 omnis

2206 4453 2420 4510 miseria
2453 4459 2655 4505 natum
2683 4445 2957 4502 rationalis
2981 4448 3216 4497 emanat.

2277 4543 2503 4601 CAPUT
2531 4540 2699 4619 XXV.
2728 4569 2799 4579 -—
2826 4537 3001 4591 Pomm
3029 4533 3246 4603 peccatis
3274 4530 3527 4600 irrogatta.
3558 4522 3689 4593 Quae
3718 4518 3800 4575 ta-

2206 4654 2332 4695 men
2370 4614 2557 4692 natura
2596 4634 2649 4688 in
2679 4632 2837 4687 malis
2864 4630 2975 4684 suis
3004 4642 3110 4681 non
3140 4624 3311 4696 potuit
3352 4620 3595 4675 amittere
3631 4612 3803 4671 beati-

2210 4730 2409 4787 tudinis
2437 4727 2751 4798 appetitum.
2795 4722 2991 4777 Verum
3022 4718 3136 4772 haec
3163 4712 3463 4770 communia
3498 4708 3639 4764 mala
3677 4712 3802 4761 Sunt

2210 4833 2265 4880 et
2286 4796 2563 4877 hominum
2594 4826 2650 4874 et
2675 4815 2984 4886 angelorum
3014 4824 3109 4880 pro
3134 4823 3229 4863 sua
3258 4804 3456 4861 malitia
3485 4798 3695 4856 Domini
3719 4796 3805 4867 juo

2210 4916 2356 4972 stitia
2397 4914 2787 4970 damnatorum.
2828 4904 2932 4962 Sed
2964 4904 3125 4957 homo
3153 4900 3313 4955 habet
3352 4905 3406 4951 et
3441 4898 3653 4966 ptena'm
3681 4904 3809 4960 pro-

2211 5009 2413 5081 priam,
2444 5021 2545 5077 qua
2576 5004 2736 5060 etiam
2776 4997 3017 5067 corporis
3045 5004 3217 5049 morte
3257 4992 3469 5062 punitus
3493 4998 3595 5043 est.
3623 4980 3809 5040 Mortis

2211 5078 2264 5158 ei
2288 5100 2484 5172 quippe
2508 5093 2824 5166 supplicium
2852 5090 2995 5145 Deus
3021 5086 3376 5143 comminatus
3400 5080 3595 5145 fuerat,
3621 5078 3663 5134 si
3685 5090 3810 5147 pec-

2214 5205 2363 5251 caret
2391 5193 2516 5269 :.sic
2550 5203 2673 5247 eum
2704 5197 2994 5241 muneraus
3031 5181 3200 5235 libero
3242 5176 3493 5241 arbitrio,
3537 5182 3592 5227 ut
3631 5180 3808 5227 tamen

2279 5307 2299 5340 ¹
2324 5302 2441 5355 Editi
2461 5306 2629 5365 ,ipost,
2674 5308 2927 5365 pessumas
2960 5290 3093 5365 enim
3127 5296 3177 5365 et
3210 5288 3435 5353 fitrmtdo,
3479 5284 3678 5345 addunt,
3716 5278 3810 5332 ati-

2215 5353 2579 5436 Wdé'tiiéui
2598 5353 2976 5436 ῥτιέςέςδδεῖὲἕ
2998 5353 3272 5436 ΞηΡῩνΡΒῗο.
3301 5426 3314 5436 .
3357 5419 3453 5436 ν..
3482 5408 3501 5436 ;

2281 5408 2417 5480 Titii:
2430 5408 2624 5478 E6076
2633 5408 2983 5474 edi’tisiin'serta
3005 5408 3113 5480 hzec
3137 5421 3278 5480 erant
3301 5426 3315 5461 :
3353 5419 3453 5461 Non
3482 5408 3593 5460 ideo
3614 5408 3813 5456 menda-

2218 5476 2538 5555 είιιηῖὶνὸιένίι
2561 5484 2822 5555 aliqum:
2845 5478 3060 5555 ιαιιάιξτίν
3094 5476 3225 5555 satis-
3243 5483 3581 5555 ’39'3’3".’!9"“IL'
3604 5480 3813 5555 22...?

2974 5529 3237 5619 Peccatum
3249 5549 3371 5619 ergo
3387 5529 3474 5619 est,
3493 5534 3577 5583 sed
3604 5529 3805 5619 ueniale,

2218 5596 2363 5684 ἆδιῗ
2371 5596 2705 5684 immania
2728 5596 2976 5684 excusat,
2995 5602 3192 5684 etEt-eg
3206 5596 3403 5663 fallacia
3434 5596 3631 5647 deamat
3660 5606 3676 5642 :
3699 5604 3813 5655 qua

2220 5667 2368 5733 ierba
2389 5679 2450 5727 ab
2471 5675 2695 5726 omnibus
2716 5683 2867 5733 prope
2888 5674 2996 5718 Mss.
3021 5667 3213 5733 absunt.

2284 5716 2903 5792 maximiame
2930 5716 2983 5781 et
3000 5728 3185 5793 aliquot
3205 5732 3310 5775 uss.
3330 5723 3575 5783 cumulat,
3596 5716 3689 5770 vet.
