4046 6332
220 321 324 381 955

220 441 427 509 regeret
467 431 734 504 imperio,
773 429 997 485 terreret
1037 423 1231 490 exitio;
1277 429 1433 493 atque
1475 417 1527 476 in
1574 415 1803 489 paradisi

221 529 472 588 felicitate
510 515 767 597 tanquam
809 521 864 579 in
892 521 1073 578 umbra
1102 520 1254 584 vitm,
1289 513 1428 572 unde
1465 513 1666 585 iustitia
1707 527 1804 566 cu-

223 619 417 679 stodita
467 619 524 674 in
576 615 801 674 meliora
857 609 1267 676 conscenderet,
1317 604 1594 664 collocavit
1653 601 1804 674 (Gen.

222 731 292 784 tt,
322 713 414 780 l7,
445 709 558 784 15).

290 803 518 863 CAPUT
550 801 745 860 XXVI.
771 833 842 844 ——
873 797 1069 854 Peccati
1093 793 1222 850 Ade
1253 807 1400 866 paena
1436 792 1490 845 in
1519 797 1624 844 tota
1651 788 1812 857 ipsius

223 903 392 972 stirpe.
427 899 617 953 Contra
652 895 971 966 Pelagianos.
1013 889 1145 946 Hinc
1185 895 1302 960 post
1342 891 1615 957 peccatum
1656 875 1808 935 exsul

224 987 465 1056 elfcctus,
495 989 717 1058 stirpem
745 999 955 1056 qucque
979 997 1127 1037 suam
1146 1023 1158 1044 ,
1187 995 1343 1050 quam
1377 974 1643 1047 peccando
1673 973 1724 1026 in
1751 985 1808 1026 se

227 1097 478 1153 tanquam
511 1081 565 1138 in
594 1079 771 1134 radice
797 1077 1091 1139 vitiaverat,
1121 1087 1275 1142 poena
1303 1069 1486 1125 tnortis
1511 1077 1564 1122 et
1588 1065 1809 1120 damna-

226 1176 380 1231 tionis
408 1175 427 1206 ¹
457 1173 740 1228 obstrinxit
767 1187 779 1225 :
811 1180 866 1225 ut
890 1165 1140 1238 quidquid
1167 1163 1331 1234 prolis
1362 1177 1424 1216 ex
1453 1159 1542 1216 illo
1572 1167 1625 1212 et
1650 1153 1809 1211 simul

226 1270 472 1324 damnata
503 1283 601 1337 per
625 1279 782 1337 quam
813 1269 1123 1335 peccaverat
1153 1259 1396 1328 conjuge,
1424 1267 1517 1326 per
1540 1251 1809 1309 carnalem

223 1360 744 1430 concupiscentiam,
787 1355 838 1412 in
870 1371 972 1425 qua
1008 1351 1382 1408 inobcdicntia:
1425 1361 1581 1416 poma
1624 1341 1810 1400 similis

222 1452 598 1520 retributaest,
630 1458 956 1514 nasceretur,
983 1445 1215 1499 traheret
1235 1439 1488 1511 originale
1511 1439 1808 1507 peccatum,

225 1559 326 1615 quo
356 1542 661 1597 traheretur
685 1554 782 1610 per
809 1552 1019 1594 errores
1047 1535 1364 1603 doloresque
1393 1529 1631 1585 diversos
1659 1526 1721 1581 ad
1752 1523 1813 1580 il-

224 1621 311 1692 lud
353 1643 654 1692 extremum
686 1646 806 1688 cum
841 1625 1201 1685 desertoribus
1240 1624 1440 1695 angelis
1479 1617 1811 1676 vitiatoribus

225 1735 277 1785 e‘t
303 1727 704 1800 possessoribus
740 1733 792 1780 et
820 1722 1154 1779 consortibus
1183 1719 1293 1775 suis
1323 1719 1436 1773 sine
1467 1717 1568 1770 line
1608 1713 1809 1785 suppli-

227 1822 381 1877 clum.
404 1817 495 1876 Sic
522 1827 611 1889 per
636 1834 791 1871 unum
814 1816 1061 1870 hominem
1084 1825 1339 1885 peccatum
1367 1812 1568 1864 intrarit
1595 1809 1644 1862 in
1671 1824 1814 1859 mun-

227 1911 358 1974 dum,
393 1919 442 1964 ct
469 1925 561 1980 per
583 1917 843 1980 peccatum
887 1924 1055 1972 mors;
1097 1913 1143 1960 et
1183 1907 1253 1958 ita
1292 1905 1342 1958 in
1380 1919 1549 1957 onmes
1589 1899 1814 1953 homines

226 2001 533 2073 pertransiit,
566 2001 618 2054 in
665 2015 764 2072 quo
796 2015 965 2053 omnes
993 2004 1318 2068 peccaverunt
1373 1985 1546 2064 (Rom.
1589 2009 1652 2060 v,
1696 1991 1808 2070 12).

226 2091 438 2148 llndum
453 2093 649 2164 quippe
663 2091 946 2164 appellavit
963 2105 1028 2146 eo
1046 2087 1164 2146 loco
1193 2085 1479 2161 Apostolus
1505 2083 1812 2143 universum

223 2187 393 2254 genus
417 2185 726 2242 humanum.

291 2257 528 2334 CAPUT
551 2275 763 2333 XXVII.
784 2307 856 2317 —
885 2265 1119 2331 Hominis
1153 2273 1374 2330 conditio
1407 2282 1520 2346 post
1547 2271 1673 2327 Adte
1699 2289 1816 2344 pec-

225 2381 410 2426 catum.
479 2369 715 2426 Hominis
793 2370 1085 2443 reformatio
1157 2386 1219 2424 ea:
1282 2367 1390 2423 sola
1455 2363 1553 2421 Dei
1617 2364 1814 2420 miseri-

226 2463 414 2519 cordia.
451 2463 524 2520 Ita
553 2483 680 2538 ergo
707 2481 765 2522 se
792 2482 878 2523 res
906 2464 1134 2520 habebat
1162 2483 1175 2520 :
1199 2463 1410 2536 jacehat
1440 2465 1489 2518 in
1526 2461 1699 2528 malis,
1729 2459 1815 2518 vel

227 2561 382 2615 etiam
415 2561 748 2630 volvebatur,
778 2569 832 2616 et
861 2560 926 2615 de
955 2559 1106 2614 malis
1137 2559 1187 2614 in
1219 2559 1357 2614 maia
1391 2555 1817 2629 praecipitabatur

229 2652 382 2706 totius
415 2649 636 2706 humani
674 2649 887 2724 generis
933 2665 1107 2706 massa
1150 2649 1434 2715 damnata;
1476 2656 1529 2702 et
1569 2647 1815 2717 adjuncta

226 2746 356 2814 parti
384 2761 574 2800 eorum
600 2746 688 2816 qui
715 2755 1065 2816 peccaverant
1089 2744 1416 2816 angelorum,
1441 2741 1618 2798 luebat
1643 2743 1818 2811 impire

228 2835 544 2893 desertionis
592 2837 931 2910 dignissimas
974 2853 1179 2908 poenas.
1217 2835 1300 2890 Ad
1341 2835 1471 2890 iram
1501 2835 1694 2906 quippe
1723 2831 1820 2888 Dei

228 2930 457 3000 pertinet
497 2930 731 3000 justam,
775 2929 1026 3002 quidquid
1069 2945 1207 2987 caeca
1245 2938 1298 2986 et
1337 2929 1590 2984 indomita
1619 2943 1818 2982 concu-

232 3022 483 3092 piscentia
511 3022 709 3078 faciunt
739 3019 968 3079 libenter
994 3023 1138 3091 ntali,
1168 3033 1221 3077 et
1246 3021 1500 3094 quidquid
1525 3019 1822 3076 manifestis

231 3105 533 3186 apertisque
555 3115 576 3146 '
617 3115 791 3188 pinnis
819 3115 1091 3186 patiuntur
1121 3115 1268 3170 inviti
1308 3133 1320 3169 :
1359 3131 1464 3170 non
1502 3129 1629 3170 sane
1655 3113 1819 3170 Crea-

234 3207 356 3261 toris
374 3205 669 3262 desistente
687 3206 923 3262 bonitate
945 3217 996 3262 ct
1018 3208 1170 3262 malis
1192 3206 1394 3278 angelis
1415 3207 1822 3265 subministrare

234 3298 388 3352 vitam
428 3299 776 3370 vivacemque
813 3301 1134 3372 potentiam,
1167 3316 1284 3371 qua:
1320 3299 1739 3356 subtninistratio
1777 3299 1823 3356 si

233 3393 518 3464 auferatur,
549 3394 846 3451 interibunt
867 3395 921 3462 ³;
954 3404 1007 3450 et
1032 3395 1326 3463 hominum,
1349 3395 1588 3466 quamvis
1612 3393 1681 3450 de
1702 3409 1824 3466 pro-

234 3489 418 3559 pagine
447 3487 630 3544 vitiata
665 3487 1019 3560 damnataque
1058 3489 1420 3556 nascentium,
1461 3487 1694 3544 formare
1734 3503 1822 3544 se-

235 3581 373 3637 mina
400 3591 453 3638 et
478 3583 755 3650 animare,
776 3581 1030 3638 ordinare
1069 3583 1308 3638 membra
1329 3580 1372 3650 δ,
1405 3598 1497 3653 per
1527 3589 1826 3652 temporum

236 3669 437 3743 :etates,
469 3691 570 3748 per
595 3675 835 3732 locorum
866 3675 1034 3746 spatia
1062 3685 1309 3746 vegetare
1337 3691 1547 3744 sensus,
1575 3676 1828 3732 alimenta

238 3765 454 3824 donare.
485 3767 674 3824 Melius
705 3767 847 3824 enim
881 3767 1139 3839 judicavit
1172 3768 1239 3824 de
1272 3770 1425 3824 malis
1453 3769 1589 3824 bene
1627 3768 1826 3836 facere,

238 3855 395 3930 quam
433 3860 572 3914 mala
615 3861 756 3915 nulla
801 3875 920 3918 esse
957 3860 1286 3932 permittere.
1330 3860 1396 3916 Et
1435 3861 1482 3916 si
1523 3859 1736 3932 quidem
1777 3861 1830 3916 in

239 3951 428 4006 melius
457 3945 740 4007 hominum
768 3951 1199 4008 reformationem
1231 3953 1427 4007 trullam
1469 3967 1684 4022 prorsus
1713 3967 1834 4010 esse

240 4047 517 4115 voluisset,
545 4046 684 4102 sicut
713 4046 993 4116 impiorum
1023 4046 1164 4102 nulla
1193 4055 1275 4102 cst
1298 4047 1628 4117 angelorum,
1654 4059 1834 4104 nonne

241 4138 429 4194 merito
453 4139 628 4203 fieret,
654 4147 711 4192 ut
735 4146 922 4194 natura
947 4153 1065 4210 qua:
1087 4138 1252 4194 Deum
1276 4137 1531 4201 deseruit,
1554 4151 1674 4210 qua:
1699 4150 1835 4206 prc-

242 4213 452 4302 oeptum
479 4232 562 4286 sui
586 4228 876 4296 Creatoris,
900 4230 1042 4300 quod
1060 4231 1329 4286 custodire
1353 4229 1605 4286 facillime
1631 4238 1834 4302 posset,

243 4338 332 4378 sua
367 4323 509 4379 male
547 4332 706 4378 utens
744 4332 1006 4394 potestate
1044 4323 1266 4396 calcavit
1307 4332 1470 4393 atque
1509 4333 1840 4394 transgressa

245 4424 342 4480 cst,
372 4430 496 4485 qua:
523 4413 576 4469 in
601 4429 660 4471 se
681 4414 764 4470 sui
785 4413 1088 4469 Conditoris
1111 4412 1393 4484 imaginem
1416 4413 1483 4468 ab
1503 4414 1620 4484 ejus
1641 4413 1841 4470 lumine

245 4489 635 4561 contumaciter
661 4521 849 4562 aversa
877 4505 1128 4573 violavit,
1160 4521 1279 4577 qua:
1305 4505 1572 4562 salubrem
1609 4503 1838 4561 servitu-

249 4607 350 4654 tem
402 4599 469 4654 ab
518 4599 636 4671 ejus
679 4600 887 4670 legibus
932 4600 1071 4654 male
1122 4600 1292 4655 libero
1342 4601 1556 4670 abrupit
1597 4600 1839 4668 arbitrio,

248 4693 496 4747 universa
530 4691 582 4746 itt
616 4701 878 4748 aeternum
909 4692 1249 4749 desereretur
1285 4693 1354 4747 ab
1391 4709 1456 4750 eo
1474 4701 1496 4758 ,'
1519 4703 1574 4750 et
1613 4709 1709 4764 pro
1745 4709 1844 4748 suo

250 4787 440 4840 merito
468 4801 683 4856 poenam
713 4785 974 4857 penderet
1000 4785 1420 4858 sempiternam?
1455 4785 1617 4842 Plane
1653 4787 1725 4842 ita
1765 4786 1844 4840 fa-

250 4889 430 4943 ceret,
461 4877 509 4931 si
539 4886 742 4932 tantum
768 4877 978 4947 justus,
1011 4893 1118 4934 non
1157 4879 1318 4934 etiam
1349 4878 1655 4933 misericors
1679 4887 1842 4946 esset,

251 4983 515 5036 suamque
554 4969 845 5025 indebitam
889 4971 1304 5026 misericordiam
1347 4972 1513 5026 tnulto
1550 4972 1848 5030 evidentius

252 5058 303 5120 in
330 5059 676 5131 indignorum
703 5063 880 5134 potius
908 5062 1219 5118 liberatione
1246 5073 1570 5121 monstraret
1590 5064 1632 5118 ⁸.

248 5197 435 5310 ὤεα
455 5203 559 5245 Lm.
577 5201 655 5245 Er.
677 5203 796 5246 Dan.
815 5203 870 5247 et
891 5194 1059 5259 plures
1077 5201 1186 5246 mss.
1211 5204 1267 5248 Αι
1293 5203 1400 5246 Lov.
1422 5203 1474 5248 et
1496 5205 1628 5259 Arn.,
1649 5197 1850 5251 damna-

314 5323 336 5388 ξ
362 5329 468 5388 Αῃι.
491 5327 569 5370 Er.
589 5329 705 5372 Dan.
733 5327 786 5388 et
806 5319 911 5388 fere
931 5335 1102 5388 omnes
1122 5329 1263 5388 ‘Mss.,
1287 5323 1576 5388 apertisque.

259 5440 270 5452 _
317 5384 340 5416 ³
363 5384 538 5454 Plures
570 5391 664 5435 las
684 5419 700 5446 ,
734 5381 1019 5446 intercidit;
1058 5381 1155 5447 vel,
1192 5380 1448 5436 intercidet
1480 5380 1504 5436 ξ
1544 5391 1597 5437 et
1637 5387 1849 5452 quidam,

253 5447 569 5496 litterati-amt.

381 5447 552 5495 eid-tau

318 5507 342 5539 δ
377 5507 517 5568 Editi,
544 5513 590 5578 et
610 5507 843 5578 ordinare
867 5509 1101 5578 numbqu
1127 5512 1291 5570 Abest,
1309 5514 1426 5578 et,_a
1447 5510 1697 5575 plerisque
1719 5521 1850 5578 Mss;

257 5569 1505 5652 sifts!!stPetz.9rdirsr€-,Wré:
1547 5569 1851 5652 ριξόεεξιυμηί

259 5638 338 5704 tur
378 5633 476 5704 sic:
497 5632 856 5704 perdocet-tun
875 5640 1058 5704 rutatos,
1083 5650 1169 5699 per
1191 5643 1457 5704 temporum
1469 5632 1644 5702 spatia.
1675 5632 1851 5690 cister-

259 5695 441 5760 a’ensis
460 5695 512 5744 et
533 5696 786 5754 Fuliensis,
811 5709 897 5760 per
920 5695 1128 5747 locorum
1152 5695 1418 5750 varietates.

323 5757 573 5827 {Danaus
592 5739 881 5810 auctoritate
905 5763 1096 5827 veteris
1102 5739 1346 5827 cujusdam
1370 5739 1663 5824 citemplaris
1686 5782 1852 5818 emen-

261 5813 371 5870 tllri
391 5817 514 5886 vult,
536 5831 629 5875 las
650 5827 958 5874 maturaret.
992 5813 1176 5876 sufﬁcit.-
1203 5832 1367 5876 tamen
1404 5813 1852 5895 particulam;ng

1635 293 1836 353 LIBER
1877 291 2072 350 UNUS.

3385 289 3493 349 2L6

1983 407 2207 465 CAPUT
2233 407 2467 464 XXVIII.
2491 437 2560 448 —-
2587 409 2638 464 9.
2677 407 2890 480 chectis
2917 409 3249 464 desertoribus
3273 409 3491 481 angelis,

1915 503 2082 556 ceteri
2116 502 2168 554 in
2204 501 2504 556 beatitudine
2531 501 2753 570 formati.
2786 501 3002 571 Angelis
3045 502 3200 570 igitur
3237 502 3499 571 aliquibus

1916 594 2077 664 impia
2103 593 2348 664 superbia
2378 593 2748 649 deserentibus
2775 593 2939 648 Deum
2960 635 2976 659 ,
3007 599 3061 647 et
3089 593 3142 647 in
3168 593 3322 663 hujus
3357 595 3497 648 aeris

1916 685 2078 739 imam
2115 683 2394 755 caliginem
2431 684 2501 740 de
2537 699 2766 754 superna
2804 683 3008 740 caelesti
3049 683 3372 738 habitatione
3401 685 3498 738 de-

1908 774 2100 845 jectis,
2133 775 2378 830 residuus
2408 789 2661 830 numerus
2697 776 3007 846 angelorum
3045 774 3100 829 in
3137 781 3337 829 teter-na
3378 787 3501 830 cum

1919 865 2028 920 Deo
2057 865 2384 922 beatitudine
2417 876 2472 921 et
2509 866 2789 922 sanctitate
2815 867 3125 936 permansit.
3156 865 3334 936 Neque
3357 868 3500 920 enim

1917 965 1981 1013 et
2013 973 2118 1012 uno
2158 960 2348 1030 angelo
2384 960 2532 1029 lapso
2559 969 2718 1030 atque
2746 960 2998 1014 damnato
3025 961 3203 1014 caeteri
3233 961 3502 1029 propagati

1917 1058 2067 1116 sunt,
2101 1061 2158 1105 ut
2184 1066 2278 1106 eos
2305 1052 2445 1108 sicut
2477 1051 2720 1107 homines
2750 1054 3008 1122 originale
3036 1053 3234 1107 malum
3262 1051 3504 1105 obnoxia:

1918 1142 2274 1196 successionis
2317 1143 2540 1197 vinculis
2570 1143 2859 1213 obligaret,
2891 1153 3047 1214 atque
3088 1143 3365 1198 universos
3401 1152 3506 1196 tra-

1920 1231 2072 1287 beret
2108 1233 2174 1287 ad
2203 1233 2408 1290 debitas
2437 1249 2621 1305 poenas
2650 1253 2664 1288 :
2694 1235 2785 1290 sed
2821 1251 2888 1291 eo
2926 1233 3017 1306 qui
3055 1235 3298 1289 diabolus
3337 1235 3506 1290 factus

1919 1336 2019 1392 est,
2049 1341 2170 1381 cum
2197 1329 2357 1383 sociis
2381 1329 2669 1399 impietatis
2693 1330 2852 1395 elato,
2886 1339 2939 1384 et
2965 1329 3076 1401 ipsa
3101 1331 3117 1361 ¹
3147 1345 3266 1383 cum
3295 1328 3372 1382 eis
3397 1328 3506 1382 ela-

1920 1418 2066 1474 tione
2093 1425 2387 1488 prostrato,
2415 1421 2594 1474 caeteri
2624 1419 2710 1490 pia
2735 1419 3038 1475 ohedientia
3067 1421 3294 1474 Domino
3323 1420 3502 1474 coita:-

1919 1519 2132 1578 serunt,
2165 1514 2485 1582 accipientes
2525 1514 2718 1581 etiam,
2750 1514 2889 1585 quod
2931 1513 3007 1569 illi
3045 1529 3154 1570 non
3188 1513 3505 1581 habuerunt,

1919 1611 2121 1658 certam
2159 1605 2470 1674 scientiam,
2497 1621 2600 1677 qua
2629 1616 2810 1663 essent
2849 1608 2916 1662 de
2953 1623 3048 1663 sua
3094 1608 3416 1678 sempiterna
3455 1613 3510 1663 et

1920 1709 2189 1765 nunquam
2215 1711 2400 1751 casura
2427 1697 2719 1754 stabilitate
2742 1699 2938 1754 securi.

1989 1784 2215 1842 CAPUT
2255 1787 2448 1843 XXIX.
2483 1819 2556 1830 —
2591 1788 2658 1843 In
2701 1789 2865 1844 locum
2907 1791 3201 1860 angelorum
3239 1791 3510 1865 cjcctorttm

1919 1880 2138 1933 succedit
2168 1897 2286 1951 pars
2312 1882 2568 1936 hominum
2591 1892 2846 1954 reparata.
2869 1883 3076 1939 Placuit
3101 1885 3277 1955 itaque
3297 1881 3512 1938 univer-

1920 1970 2092 2048 sitatis
2113 1973 2340 2027 creatori
2367 1981 2527 2043 atque
2548 1974 2871 2030 moderatori
2895 1975 3023 2042 Deo,
3053 1983 3108 2028 ut
3132 1975 3382 2046 quoniam
3401 1989 3510 2028 non

1921 2070 2030 2118 tota
2059 2063 2340 2119 multitudo
2367 2064 2680 2134 angelorum
2714 2065 2879 2120 Deum
2921 2063 3217 2120 deserendo
3256 2066 3509 2135 perierat,

1920 2169 1984 2210 ea
2025 2169 2144 2226 qua:
2189 2138 2419 2226 pe'rierat
2459 2157 2515 2213 in
2553 2166 2807 2228 perpetua
2849 2157 3149 2230 perditione
3175 2167 3509 2224 remaneret;

1921 2262 2041 2318 qua:
2065 2256 2239 2305 autem
2266 2264 2387 2306 cum
2410 2250 2522 2305 Deo
2550 2251 2640 2305 illa
2666 2252 2950 2308 deserente
2976 2253 3296 2322 perstiterat,
3327 2251 3393 2307 de
3418 2269 3511 2306 sua

1921 2340 2218 2396 certissime
2239 2340 2450 2412 cognita
2472 2355 2684 2412 semper
2709 2341 2882 2398 futura
2912 2343 3162 2399 felicitate
3179 2346 3200 2376 ¹
3223 2344 3512 2414 gauderet:

1921 2431 2022 2485 alia
2049 2445 2178 2487 vero
2217 2441 2460 2488 creatura
2499 2434 2775 2488 rationalis
2802 2449 2920 2506 qua:
2950 2435 3002 2491 in
3033 2435 3338 2490 hominibus
3377 2445 3512 2503 erat,

1922 2525 2171 2596 quoniam
2203 2526 2438 2596 peccatis
2475 2536 2635 2598 atque
2673 2528 2950 2599 suppliciis
2986 2537 3041 2584 et
3078 2528 3422 2600 originalihus
3463 2535 3518 2583 ct

1924 2618 2155 2687 propriis
2197 2627 2302 2673 tota
2333 2619 2603 2692 perierat,
2633 2629 2697 2675 ex
2729 2619 2842 2691 ejus
2869 2631 3020 2694 parte
3058 2631 3332 2692 reparata,
3374 2621 3518 2692 quod

1924 2712 2180 2782 angelicae
2210 2713 2452 2768 societati
2481 2715 2632 2769 ruina
2663 2714 2752 2768 illa
2783 2715 3042 2769 diabolica
3074 2717 3354 2780 minuerat,
3387 2730 3517 2784 sup-

1925 2805 2164 2875 picretur
2195 2805 2238 2859 ³.
2281 2805 2395 2862 Hoc
2437 2808 2580 2862 enim
2627 2809 2945 2878 promissum
2991 2816 3073 2864 est
3118 2808 3519 2880 resurgentibus

1925 2899 2144 2966 sanctis,
2171 2897 2314 2969 quod
2339 2907 2498 2954 erunt
2517 2901 2750 2971 mquales
2769 2901 2972 2971 angelis
2995 2901 3085 2956 Dei
3118 2899 3266 2976 (Luc.
3292 2917 3381 2964 xx,
3405 2901 3520 2974 56).

1926 2989 2002 3044 Ita
2023 3005 2252 3061 superna
2273 2990 2567 3048 Jerusalem
2595 3003 2766 3048 mater
2789 2999 2988 3058 nostra,
3017 2993 3201 3049 civitas
3225 2993 3338 3062 Dei,
3370 2994 3516 3048 nulla

1925 3083 2120 3139 civium
2154 3097 2372 3140 suorum
2393 3082 2418 3116 ⁸
2446 3085 2830 3141 numerositate
2872 3085 3234 3153 fraudabitur,
3267 3095 3359 3141 aut
3390 3087 3525 3141 ube~

1926 3175 2072 3231 riore
2093 3176 2116 3209 ⁸
2144 3177 2304 3231 etiam
2335 3176 2486 3248 copia
2516 3177 2742 3233 fortasse
2767 3179 3010 3246 regnabit
3038 3177 3135 3253 (α).
3165 3179 3345 3248 Neque
3377 3178 3522 3233 enim

1927 3285 2208 3325 numerum
2236 3279 2326 3325 aut
2352 3279 2654 3326 sanctorum
2684 3271 2980 3338 hominum,
3009 3281 3099 3326 aut
3126 3271 3523 3328 itnmundorutn

1929 3363 2231 3419 dtemonum
2275 3364 2554 3433 novimus,
2599 3364 2655 3419 in
2695 3381 2921 3436 quorum
2962 3366 3136 3422 locum
3177 3366 3526 3423 succedentes

1931 3453 2024 3510 ﬁlii
2055 3464 2254 3510 sancta:
2295 3456 2483 3511 matris
2508 3455 2550 3522 ⁸,
2579 3471 2698 3527 qua:
2725 3457 2921 3512 sterilis
2950 3459 3237 3528 apparebat
3264 3459 3315 3514 in
3343 3460 3523 3526 terris,

1931 3551 1984 3606 in
2013 3566 2073 3606 ea
2105 3566 2235 3622 pace
2260 3551 2327 3607 de
2355 3567 2456 3622 qua
2496 3551 2572 3606 illi
2609 3551 2947 3616 ceciderunt,
2988 3553 3104 3608 sine
3133 3553 3239 3608 ullo
3272 3553 3528 3623 temporis

1935 3645 2164 3702 termino
2190 3645 2597 3716 permanebunt.
2630 3643 2738 3702 Sed
2775 3645 2986 3701 illorum
3022 3645 3213 3700 civium
3250 3661 3526 3713 numerus,

1934 3739 2047 3795 sive
2072 3739 2161 3811 qni
2191 3748 2300 3804 est,
2331 3740 2444 3796 sive
2485 3741 2574 3812 qui
2615 3737 2825 3796 futurus
2853 3747 2964 3808 cst,
2994 3739 3045 3795 in
3081 3738 3531 3810 contemplatione

1935 3840 2018 3887 εει
2043 3829 2156 3902 ejus
2182 3832 2421 3894 artificis,
2445 3832 2536 3904 qui
2560 3840 2716 3888 vocat
2744 3847 2806 3888 ea
2831 3848 2949 3902 qurc
2976 3847 3080 3886 non
3109 3839 3253 3900 sunt,
3280 3840 3532 3902 tanquam

1937 3921 1999 3979 ea
2029 3939 2146 3994 qua:
2173 3932 2298 3979 sunt
2328 3921 2500 3996 (fiam.
2527 3940 2603 3992 tv,
2635 3923 2761 3993 Π),
2791 3933 2950 3995 atque
2982 3923 3035 3978 in
3074 3938 3323 3980 mensura
3356 3932 3409 3978 et
3434 3939 3532 3978 nu-

1940 4015 2090 4090 mero
2119 4024 2172 4071 et
2205 4016 2441 4086 pondere
2467 4025 2658 4071 cuncta
2687 4013 2919 4086 disponit
2949 4011 3102 4090 (Sap.
3132 4031 3210 4083 ιι,
3237 4013 3351 4088 2i).

1971 4083 2248 4165 .CAPUT
2283 4105 2458 4166 XXX.
2490 4140 2561 4150 —
2603 4107 2726 4164 Non
2767 4083 2976 4175 meritis,
3006 4083 3094 4164 nec
3133 4109 3287 4164 libero
3309 4083 3535 4163 arbitrio

1942 4205 2174 4272 reparari
2201 4201 2446 4269 homines,
2475 4200 2564 4255 sed
2591 4201 2776 4273 gratia.
2795 4199 2993 4256 Verum
3025 4200 3140 4256 hinc
3162 4217 3285 4272 pars
3315 4202 3530 4272 generis

1946 4295 2184 4364 bttmani,
2217 4297 2298 4350 cui
2329 4295 2700 4352 liberationem
2742 4295 2883 4350 Deus
2929 4311 3258 4368 regnumque
3295 4296 3540 4365 promisit

1945 4396 2227 4455 aeternum,
2252 4386 2509 4457 numquid
2559 4385 2763 4442 meritis
2793 4402 3010 4457 operum
3042 4403 3258 4443 suorum
3299 4388 3539 4460 reparari

1947 4479 2161 4552 potest?
2201 4480 2373 4534 Absit.
2402 4478 2538 4545 Quid
2583 4479 2722 4532 enim
2771 4477 2901 4535 boni
2943 4490 3195 4549 operatur
3244 4479 3536 4550 perditus’,
3599 4469 3604 4474 ’

1949 4571 2050 4627 nisi
2081 4579 2334 4642 quantum
2365 4569 2524 4626 fuerit
2551 4587 2578 4624 a
2610 4570 2908 4640 perditione
2949 4570 3240 4627 liberatus?
3276 4571 3541 4644 Numquid

1951 4663 2120 4720 libero
2150 4663 2438 4718 voluntatis
2464 4661 2722 4718 arbitrio?
2772 4662 2840 4718 Et
2865 4661 2966 4719 hoc
2995 4664 3132 4719 absit
3168 4682 3179 4718 :
3222 4681 3344 4722 nam
3372 4666 3542 4721 libero

1952 4757 2170 4814 arbitrio
2197 4757 2335 4812 male
2375 4766 2532 4812 utens
2572 4756 2753 4823 homo,
2785 4765 2840 4812 et
2878 4771 2937 4812 se
2981 4756 3210 4827 perdidit
3253 4767 3306 4814 et
3344 4758 3540 4828 ipsum.

1952 4902 2065 4954 quae
2087 4890 2307 4956 membro
2343 4889 2566 4956 proxime
2597 4887 2912 4940 antecedenti
2947 4889 3230 4956 preﬂgttur,
3270 4902 3436 4954 neque
3468 4889 3545 4939 bis

1952 4953 2194 5047 repetitur
2219 4953 2268 5000 in
2285 4953 2462 5004 nostris
2483 4957 2589 5024 ittss:

2071 5021 2086 5047 l
2102 5027 2162 5047 nn
2208 5019 2255 5047 nl
2286 5023 2370 5047 ιρη
2435 5020 2479 5047 ns
2496 5025 2544 5047 an
2565 5027 2589 5047 s-

2071 5019 2259 5079 tov.et
2281 5023 2412 5079 ara,
2433 5020 2479 5064 et
2496 5011 2545 5063 in
2565 5011 2686 5079 ipsa.
2715 5013 2886 5073 Abest,
2909 5008 2990 5077 in,
3033 5015 3096 5066 ab
3137 5015 3359 5065 omnibus
3395 5025 3547 5076 prope

1953 5082 2060 5128 Is.
2087 5078 2220 5126 etab
2245 5075 2388 5126 editis
2407 5085 2508 5126 Am.
2533 5075 2608 5127 Er'.
2629 5083 2743 5127 Dan.

2020 5141 2040 5172 ²
2063 5141 2150 5207 [lic
2169 5139 2286 5188 editi
2316 5139 2514 5202 addunt,
2551 5153 2722 5193 secura
2739 5155 2759 5206 ;
2780 5157 2891 5207 qua:
2916 5157 3011 5196 vox
3045 5137 3401 5194 inmelioribtts
3437 5144 3545 5192 Hae.

1957 5213 2054 5252 non
2077 5200 2302 5250 habetur.

2021 5265 2043 5298 ³
2067 5271 2134 5314 tta
2157 5271 2258 5312 Aut.
2281 5269 2355 5313 Er.
2381 5270 2498 5314 Dan.
2529 5270 2581 5314 et
2601 5265 2826 5331 plerique
2847 5273 2955 5316 IIS.
2980 5271 3037 5315 At
3055 5267 3167 5314 nov.
3201 5267 3256 5314 et
3275 5267 3409 5323 Arn.,
3431 5275 3549 5328 αφ-
3645 5288 3661 5300 ~

1958 5324 2326 5462 "iis-nua
2339 5387 2516 5462 cum
2528 5389 2882 5462 ηηηιενοείιιξιρν
2906 5388 3102 5462 omisso.
3405 5450 3416 5461 .

2021 5453 2044 5522 ξ
2067 5454 2146 5522 sic
2161 5459 2262 5522 am.
2282 5458 2494 5522 Er.ttan.
2521 5458 2573 5522 et
2597 5461 2700 5522 μεθ.
2727 5461 2780 5522 At
2802 5460 2908 5522 tpv.
2941 5458 2992 5522 et
3015 5459 3146 5522 arm,
3170 5449 3256 5522 sed
3279 5450 3516 5522 uberiore.

2024 5515 2046 5546 ⁸
2069 5514 2206 5574 ΕΔΜ,
2242 5520 2424 5565 mue
2460 5512 2631 5564 Matris
2654 5512 2892 5574 Ecclesia.
2920 5514 3084 5574 Abest,
3111 5512 3355 5574 Ecclesiw,
3380 5527 3410 5564 ι
3441 5521 3540 5571 Mss

2023 5578 2043 5610 ⁷
2065 5573 2204 5636 Editi,
2223 5574 2416 5649 operari
2437 5581 2582 5649 potest
2605 5573 2836 5649 perditus.
2852 5582 2901 5625 AI
2927 5583 3048 5637 Mss,
3071 5573 3298 5649 operatur
3308 5573 3550 5649 perditus.

1962 5646 2117 5703 Atque
2164 5639 2324 5689 exiis
2364 5639 2557 5703 calices
2584 5639 2761 5703 decem
2801 5646 3178 5703 prosequuntur,
3223 5639 3322 5689 nisi
3361 5639 3552 5703 quando

1959 5697 2120 5765 fuerit.
2165 5709 2293 5765 Unus
2322 5715 2352 5749 e
2392 5699 2641 5765 Vaticanis,
2665 5697 2759 5765 nisi
2774 5697 2977 5765 quando
3016 5700 3089 5751 uel
3131 5697 3552 5764 quantum'fucrit-

1961 5760 2227 5829 Pluresque
2259 5760 2680 5829 Incohlilteratns;
2714 5760 2911 5829 habent,
2937 5760 3208 5829 reparatus.

2026 5828 2100 5892 (α)
2134 5823 2233 5875 ἦα.
2261 5824 2342 5874 lib.
2371 5823 2432 5873 Ξ
2451 5823 2515 5874 de
2535 5825 2670 5875 Civit.
2695 5827 2797 5890 Dei,
2819 5823 2924 5892 cap.
2951 5823 2996 5877 f.
