4046 6332
504 369 607 427 24⁸1

500 481 650 540 Sicut
674 481 817 537 enim
844 480 935 553 qui
971 495 1031 536 se
1062 482 1272 547 occidit,
1305 480 1484 550 utique
1519 477 1748 533 vivendo
1777 490 1837 533 se
1864 474 2080 543 occidit,

500 571 599 629 sed
626 587 687 628 se
709 572 1002 629 occidendo
1040 588 1149 627 non
1179 572 1327 639 vivit,
1358 585 1458 627 nec
1483 584 1542 625 se
1568 570 1741 640 ipsum
1769 568 1967 640 poterit
1993 583 2080 623 re-

501 665 760 721 suscitare
786 680 907 721 cum
953 664 1246 722 occiderit:
1281 665 1351 719 ita
1390 678 1512 720 cum
1555 663 1723 719 libero
1773 669 2081 734 peccaretur

502 756 745 823 arbitrio,
768 756 972 812 victore
1001 765 1217 828 peccato
1240 755 1494 811 amissum
1538 763 1621 812 est
1661 755 1889 811 liberum
1933 752 2081 809 arbi-

502 848 698 914 trium;
722 848 767 901 A
788 864 889 919 quo
913 830 1046 902 enim
1070 849 1180 917 quis
1208 849 1427 903 devictus
1448 855 1543 915 est,
1569 847 1688 902 huic
1714 855 1759 902 et
1782 863 1954 903 servus
1981 846 2078 899 ad-

505 940 667 994 dictus
693 948 765 994 est
792 937 867 1012 (II
890 937 1033 993 Petr.
1058 955 1115 1007 ιι,
1144 939 1254 1008 19).
1284 939 1429 995 Petri
1449 948 1595 995 certe
1615 940 1841 1010 apostoli
1868 946 1953 995 est
1978 940 2081 994 ista

501 1031 765 1085 sententia
792 1048 806 1085 :
833 1045 951 1100 quae
984 1045 1104 1085 cum
1146 1046 1272 1086 vera
1316 1031 1404 1098 sit,
1454 1032 1645 1102 qualis,
1670 1047 1877 1103 quaeso,
1904 1039 2083 1101 potest

502 1122 644 1178 servi
665 1120 861 1179 addicti
896 1136 1018 1177 esse
1050 1121 1289 1189 libertas,
1321 1122 1422 1178 nisi
1459 1122 1671 1193 quando
1707 1138 1828 1177 eum
1857 1137 2083 1193 peccare

501 1214 765 1271 delectati
790 1214 1106 1270 Liberaliter
1151 1215 1294 1270 enim
1323 1216 1507 1283 servit,
1537 1214 1626 1285 qui
1653 1215 1737 1270 sui
1756 1214 1959 1269 domini
1986 1229 2083 1270 vo-

500 1305 763 1361 luntatem
782 1305 1013 1361 libenter
1026 1306 1171 1362 facit.
1190 1308 1267 1362 Ac
1283 1322 1380 1377 per
1396 1306 1498 1362 hoc
1513 1306 1579 1361 ad
1604 1306 1930 1376 peccandum
1943 1307 2080 1363 liber

503 1407 605 1465 est,
632 1398 724 1469 qui
766 1398 967 1468 peccati
993 1413 1177 1455 servus
1202 1407 1301 1454 est.
1331 1398 1483 1454 Unde
1506 1397 1574 1453 ad
1593 1398 1739 1469 juste
1779 1398 2079 1454 faciendum

499 1488 637 1545 liber
662 1504 769 1549 non
793 1490 914 1558 erit,
938 1491 1041 1545 nisi
1074 1504 1106 1546 a
1149 1498 1368 1560 peccato
1416 1490 1671 1545 liberatus
1698 1503 1819 1546 esse
1854 1488 2078 1560 justitiae

506 1581 730 1651 coeperit
757 1596 963 1637 servus.
994 1581 1113 1651 Ipsa
1152 1589 1234 1637 est
1261 1596 1383 1636 vera
1430 1580 1647 1636 libertas
1689 1588 1907 1650 propter
1945 1580 2078 1636 recti

502 1669 629 1725 facti
674 1670 966 1739 laetitiam‘,
994 1672 1150 1726 simul
1200 1679 1254 1726 et
1291 1673 1377 1742 pia
1420 1671 1647 1727 servitus
1694 1680 1909 1742 prepter
1935 1686 2077 1742 prie-

501 1764 640 1833 cepti
664 1764 1041 1821 obedientiam.
1070 1764 1176 1820 Sed
1205 1764 1272 1820 ad
1294 1764 1431 1821 bene
1458 1763 1756 1819 faciendum
1784 1764 1884 1819 ista
1912 1764 2077 1820 liber-

501 1862 583 1909 tas
620 1855 759 1910 unde
784 1855 887 1911 erit
909 1855 1111 1910 homini
1137 1854 1347 1911 addicto
1373 1865 1427 1911 ct
1454 1854 1690 1922 vendito,
1719 1855 1820 1910 nisi
1847 1855 2078 1910 redimat

500 1946 654 2016 cujus
693 1946 782 2001 illa
814 1962 917 2003 vox
945 1956 1046 2016 est,
1075 1948 1139 2005 Si
1181 1965 1266 2003 vos
1286 1948 1453 2003 Filius
1494 1948 1793 2015 liberaverit,
1823 1956 1941 2002 tunc
1966 1964 2078 2004 vere

498 2037 643 2093 liberi
664 2038 802 2093 eritis
845 2038 1025 2112 (Joan.
1058 2054 1165 2106 vut,
1198 2040 1326 2111 56)?
1350 2038 1504 2108 Quod
1548 2048 1833 2109 antequam
1876 2038 1993 2095 ﬁeri
2022 2040 2076 2095 in

497 2127 714 2184 homine
756 2129 992 2199 incipiat,
1024 2130 1291 2202 quomodo
1314 2132 1589 2202 quisquam
1630 2131 1697 2186 de
1726 2130 1907 2187 'Ilbero
1930 2131 2077 2187 arbi-

499 2221 603 2275 trio
628 2220 681 2276 in
708 2220 849 2277 bono
873 2222 1137 2292 gloriatur
1155 2238 1335 2293 opere,
1358 2224 1448 2294 qui
1475 2222 1709 2278 nondum
1739 2230 1821 2278 est
1840 2222 1977 2278 liber
2009 2220 2079 2277 ad

499 2310 827 2380 operandum
870 2311 1029 2379 bene,
1071 2313 1172 2369 nisi
1201 2328 1262 2369 se
1285 2327 1419 2369 vana
1459 2312 1703 2384 superbia
1743 2312 1954 2368 inﬂatus
1981 2327 2078 2368 ex-

498 2401 691 2456 tollat?
717 2417 876 2473 quam
920 2402 1135 2459 cohibet
1166 2404 1456 2475 Apostolus
1495 2404 1700 2474 dicens,
1728 2402 1906 2459 Gratia
1949 2402 2078 2458 salvi

497 2495 624 2566 facti
648 2494 765 2550 estis
790 2512 880 2565 per
904 2495 1075 2565 ﬁdem.

565 2582 793 2641 CAPUT
813 2584 1027 2641 XXXI.‘
1056 2617 1128 2628 —-
1173 2587 1333 2644 Fides
1384 2598 1433 2645 et
1488 2604 1644 2661 opera
1686 2590 1818 2645 bona
1866 2606 1930 2646 ea:
1977 2588 2079 2646 Dei

495 2675 649 2732 dono.
679 2676 747 2732 Et
771 2693 840 2733 ne
880 2678 1050 2749 ipsam
1074 2680 1177 2736 sibi
1227 2681 1420 2738 saltem
1454 2681 1613 2738 ﬁdem
1640 2682 1719 2738 sic
1742 2692 2073 2755 arrogarent,

499 2777 557 2823 ut
593 2784 700 2824 non
737 2770 1100 2841 intelligerent
1141 2771 1398 2830 divinitus
1444 2789 1565 2831 esse
1610 2775 1898 2845 donatam,
1941 2776 2079 2833 sicut

495 2859 637 2916 idem
679 2863 950 2932 apostolus
980 2865 1085 2920 alio
1110 2864 1229 2921 loco
1253 2865 1402 2932 dicit,
1430 2881 1489 2923 se
1515 2875 1576 2922 ut
1617 2867 1789 2924 ﬁdelis
1808 2878 1954 2926 esset
1977 2870 2080 2925 mi-

495 2954 842 3010 sericordiam
877 2966 1221 3014 consecutum
1255 2958 1308 3031 (I
1335 2958 1454 3013 Cor.
1482 2974 1575 3025 vn,
1598 2959 1721 3031 25);
1754 2959 1842 3015 hic
1867 2975 2077 3032 quoque

495 3044 755 3115 adjunxit,
770 3053 930 3117 atque
954 3049 1048 3116 ait,
1069 3048 1136 3103 Et
1161 3049 1255 3104 hoc
1282 3066 1383 3104 non
1408 3066 1471 3105 ea:
1489 3050 1644 3118 vobis,
1662 3050 1751 3106 sed
1769 3049 1867 3106 Dei
1886 3052 2077 3106 donum

494 3149 603 3206 est;
632 3156 733 3195 non
762 3156 824 3195 ea:
850 3142 1102 3213 aperibus,
1131 3159 1194 3197 ne
1229 3148 1358 3214 forte
1399 3144 1511 3214 quis
1557 3144 1846 3199 extollatur.
1896 3145 1964 3200 Et
2007 3161 2078 3203 ne

497 3239 806 3299 putarentur
838 3232 1083 3290 ﬁdelibus
1116 3234 1255 3290 bona
1275 3249 1438 3304 opera
1459 3234 1723 3304 defutura,
1751 3250 1938 3293 rursus
1978 3238 2076 3294 ad—

491 3320 656 3389 jecit:
702 3320 875 3393 Ipsius
914 3324 1048 3379 enim
1087 3342 1261 3380 sumus
1290 3326 1585 3397 ﬁgmentum
1624 3328 1777 3381 creati
1802 3328 1856 3381 in
1879 3312 2076 3383 Christo

493 3411 619 3468 Iesu
660 3415 715 3469 in
763 3416 995 3488 operibus
1040 3418 1201 3484 bonis,
1238 3433 1353 3489 quin
1388 3418 1691 3488 prwparavit
1732 3417 1892 3486 Deus,
1922 3429 1979 3473 ut
2024 3421 2078 3474 in

494 3505 597 3560 illis
624 3506 932 3563 ambulemus
960 3508 1178 3580 (Ephes.
1200 3526 1257 3577 ιι,
1286 3509 1462 3580 8-10).
1485 3510 1635 3567 Tunc
1662 3526 1791 3581 ergo
1816 3511 2079 3568 efﬁcimur

492 3611 621 3652 vere
660 3598 834 3665 liberi,
867 3615 988 3654 cum
1033 3600 1172 3656 Deus
1215 3614 1313 3655 nos
1355 3600 1521 3670 ﬁngit,
1553 3601 1609 3655 id
1650 3608 1750 3666 est,
1784 3600 1979 3657 format
2024 3611 2080 3658 et

493 3697 658 3756 creat,
690 3705 795 3745 non
820 3699 879 3745 ut
906 3691 1173 3757 homines,
1205 3690 1343 3761 quod
1381 3692 1492 3759 jam
1524 3691 1679 3757 fecit;
1719 3691 1815 3747 sed
1854 3701 1912 3748 ut
1951 3693 2079 3749 boni

495 3778 773 3835 homines'
795 3779 983 3849 simus,
1003 3780 1144 3852 quod
1171 3796 1314 3836 nunc
1331 3781 1500 3851 gratia
1526 3795 1618 3836 sua
1647 3780 1807 3837 facit:
1836 3791 1894 3839 ut
1913 3784 2079 3842 simus

495 3869 550 3924 in
580 3870 793 3926 Christo
812 3870 939 3926 Iesu
976 3886 1111 3927 nova
1137 3879 1378 3928 creatura
1412 3869 1608 3943 (Galat.
1634 3888 1707 3942 vr,
1736 3874 1853 3946 l5),
1884 3889 2078 3932 secun-

494 3960 621 4015 dum
673 3961 815 4032 quod
862 3961 1061 4018 dictum
1103 3972 1219 4028 est,
1272 3963 1371 4019 Cor
1414 3964 1657 4019 mundum
1708 3982 1823 4020 crea
1873 3967 1928 4021 in
1976 3985 2075 4038 me,

494 4052 633 4109 Deus
680 4053 697 4123 (
736 4053 880 4109 Psal.
905 4070 959 4123 ι,
996 4054 1063 4109 l2
1088 4054 1130 4126 ).
1158 4054 1341 4125 Neque
1366 4056 1508 4111 enim
1532 4071 1627 4113 cor
1655 4057 1791 4128 ejus,
1814 4067 2072 4130 quantum

494 4147 726 4215 pertinet
748 4144 815 4202 ad
828 4154 1071 4202 naturam
1088 4146 1264 4202 cordis
1292 4147 1533 4217 humani,
1562 4149 1786 4220 nonjam
1802 4160 2080 4208 creaverat

496 4236 637 4294 Deus
663 4238 707 4292 ³.

567 4329 795 4386 CAPUT
830 4328 1053 4386 XXXII.
1093 4360 1166 4371 —
1202 4329 1347 4386 Bona
1370 4331 1602 4388 voluntas
1625 4350 1657 4387 a
1684 4333 1810 4389 Deo.
1840 4335 1970 4391 Item
2011 4351 2079 4393 ne

496 4420 796 4491 quisquam,
824 4420 925 4476 etsi
954 4436 1062 4477 non
1096 4421 1163 4477 de
1189 4422 1462 4493 operibus,
1489 4423 1557 4479 de
1587 4424 1701 4494 ipso
1734 4425 1992 4496 glorietur
2016 4427 2081 4482 li-

496 4511 630 4589 hero
676 4511 897 4568 arbitrio
948 4512 1253 4579 voluntatis,
1302 4521 1551 4586 tanquam
1597 4516 1664 4571 ab
1700 4516 1816 4586 ipso
1864 4518 2081 4588 incipiat

498 4604 778 4671 meritum,
816 4604 903 4661 cui
935 4613 1184 4677 tanquam
1210 4605 1446 4662 debitum
1484 4607 1737 4663 reddatur
1779 4610 2077 4680 prtemium,

497 4695 635 4753 bene
658 4697 913 4768 operandi
951 4698 1064 4769 ipsa
1092 4698 1346 4766 libertas;
1388 4699 1568 4755 audiat
1606 4701 1853 4757 eumdem
1897 4702 2081 4772 gratiae

497 4803 798 4858 praeconem
838 4788 1125 4857 dicentem,
1156 4789 1296 4844 Deus
1338 4798 1412 4845 est
1454 4790 1585 4844 enim
1631 4792 1719 4862 qui
1746 4802 1985 4863 operatur
2026 4792 2082 4847 in

498 4880 636 4933 vobis
661 4889 708 4934 et
741 4878 868 4935 velle
893 4888 941 4935 et
976 4880 1197 4952 operari,
1229 4896 1322 4952 pro
1352 4881 1483 4935 bona
1519 4882 1776 4937 voluntate
1818 4883 2078 4956 (Philipp.

497 4983 557 5034 ιι,
598 4970 711 5040 15).
743 4969 812 5023 Ει
838 4969 944 5025 alio
969 4971 1088 5026 loco
1115 4989 1129 5026 :
1161 4969 1329 5041 Igitur
1367 4987 1469 5025 non
1505 4970 1737 5039 volentis,
1779 4989 1936 5045 neque
1961 4990 2083 5028 cur-

497 5061 675 5129 rentis,
702 5059 792 5115 sed
815 5061 1095 5116 miserentis
1114 5070 1186 5116 est
1218 5061 1316 5116 Dei
1357 5062 1531 5134 (Rom.
1558 5078 1639 5128 rx,
1671 5063 1782 5135 l6).
1801 5064 1934 5120 Cum
1959 5080 2085 5135 pro-

499 5153 587 5207 cul
629 5152 810 5222 dubio,
838 5154 883 5209 si
925 5154 1088 5210 homo
1113 5154 1229 5226 ejus
1272 5156 1449 5211 aetatis
1486 5163 1569 5211 est
1612 5164 1671 5211 ut
1717 5158 1925 5213 ratione
1972 5160 2083 5228 jam

505 5250 704 5312 utatur,
732 5259 837 5302 non
865 5246 1039 5317 possit
1059 5246 1303 5315 credere,
1332 5262 1571 5318 sperare,
1595 5249 1835 5319 diligere,
1860 5250 1962 5304 nisi
1994 5267 2086 5307 ve-

567 5376 586 5407 ι
620 5375 694 5427 sic
719 5384 820 5429 Am.
842 5384 917 5429 Er.
944 5387 1059 5430 Dan.
1075 5388 1269 5447 _Arn._ct
1285 5379 1467 5447 aliquot
1489 5387 1594 5431 Mss.
1622 5380 1705 5447 Alii
1729 5381 1955 5447 plerique
1971 5397 2083 5435 cum

502 5443 634 5508 πεσῇ..
656 5446 852 5508 promer
888 5448 1018 5508 recte
1060 5441 1178 5506 facti
1201 5441 1457 5508 licentiam.
1481 5441 1930 5508 Nonnuui,pr0pter
1952 5452 2083 5508 recte

1044 5499 1324 5569 Legendum
1346 5505 1539 5556 videtur
1552 5539 1567 5566 ,
1604 5499 1797 5569 propter
1820 5499 1948 5557 recte
1970 5506 2087 5570 facti

567 5601 1121 5691 ξ”ὖδῖἴιιοηιὶηεδιιὶιιε
1135 5629 1275 5679 abest
1292 5629 1341 5677 in
1363 5627 1547 5691 aliquot
1580 5630 1928 5691 manuscriptis.

570 5686 591 5717 ³
615 5688 746 5749 Apud
767 5694 881 5750 Lov.
900 5688 1108 5750 additur,
1124 5694 1210 5740 sed
1230 5686 1577 5741 renovationem
1608 5690 1783 5741 anima:
1798 5686 2090 5743 demorantis

503 5759 556 5796 in
573 5750 719 5815 corde
738 5749 974 5811 propheta
995 5752 1215 5815 postulat.
1240 5752 1538 5802 Manifestum
1567 5752 1828 5815 glossema,
1851 5755 1979 5815 quod
2002 5768 2091 5804 ex-

507 5812 1005 5926 Ειιιόίηιιιῖιειειιιιιι
1027 5813 1244 5868 codicum
1264 5812 1655 5878 auctoritate,'ct
1690 5812 1954 5869 editionum
1990 5825 2086 5869 Ain.

571 5909 582 5924 .
641 5886 719 5926 an.
793 5887 855 5926 'u.

571 5909 582 5924 .
604 5886 719 5926 Dan.
745 5886 855 5928 am.

998 363 1449 430 ENCIIIRIDION,
1493 362 1645 421 SIVE
1681 361 1773 419 DE
1809 359 1992 431 FIDE,
2033 358 2157 416 SPE
2197 356 2285 415 ET
2324 359 2819 431 CIIARITATE,S.
2860 359 3225 421 AUGUSTINI

2194 473 2274 541 lit,
2321 490 2421 531 nec
2470 477 2748 545 pervenire
2785 477 2851 532 ad
2902 478 3132 547 palmam
3176 490 3421 546 supernae
3469 475 3766 534 vocationis

2190 565 2308 635 Dei,
2337 568 2440 623 nisi
2465 569 2739 633 voluntate
2758 572 3052 626 cucurrerit
3080 569 3337 642 (Philipp.
3365 586 3445 637 ιιι,
3478 570 3590 644 14).
3608 571 3767 639 Quo-

2189 659 2350 716 modo
2373 675 2501 733 ergo
2526 678 2627 716 non
2651 661 2880 729 volentis,
2904 678 3060 728 neque
3088 662 3353 729 currentis,
3374 662 3461 715 sed
3485 662 3767 719 miserentis

2189 760 2261 804 est
2289 750 2406 818 Dei,
2438 753 2539 808 nisi
2568 753 2686 823 quia
2710 761 2765 808 et
2788 754 2899 824 ipsa
2940 754 3194 821 voluntas,
3218 754 3355 810 sicut
3376 753 3632 825 scriptum
3661 763 3769 822 est,

2189 857 2221 895 a
2270 842 2489 898 Domina
2517 854 2831 917 praparatur
2875 844 3055 919 (Prov.
3103 861 3215 911 vm,
3263 846 3354 915 35,
3401 862 3504 902 sec.
3554 845 3771 917 LXX)?

2189 931 2437 1004 Alioquin
2465 935 2508 989 si
2536 943 2820 1005 propterea
2850 935 3046 991 dictum
3075 944 3181 1004 est,
3205 934 3328 991 Non
3357 937 3587 1005 volentis,
3609 953 3772 1008 neque

2190 1026 2455 1093 currentis,
2476 1026 2566 1081 sed
2590 1027 2869 1081 miserentis
2912 1036 2985 1082 est
3023 1028 3140 1096 Dei,
3173 1028 3297 1099 quia
3324 1043 3391 1084 ex
3420 1035 3646 1098 utroque
3685 1028 3766 1094 ﬁt,

2188 1112 2244 1169 id
2283 1122 2387 1181 est,
2414 1123 2470 1170 et
2498 1116 2765 1173 voluntate
2790 1117 3042 1184 hominis,
3073 1127 3127 1173 et
3153 1118 3521 1174 misericordia
3550 1119 3680 1185 Dei;
3712 1127 3771 1174 ut

2187 1206 2267 1263 sic
2294 1207 2491 1263 dictum
2530 1211 2869 1281 accipiamus,
2893 1210 3015 1266 Non
3042 1210 3274 1280 volentis,
3304 1228 3461 1283 neque
3497 1213 3766 1279 canentis,

2187 1300 2277 1354 sed
2307 1302 2585 1357 miserentis
2602 1312 2679 1358 est
2700 1303 2819 1370 Dei,
2839 1313 3089 1375 tanquam
3113 1304 3401 1374 diceretur,
3426 1304 3543 1360 Non
3572 1304 3773 1361 sufﬁcit

2186 1389 2300 1446 sola
2328 1392 2572 1448 voluntas
2601 1392 2851 1460 hominis,
2877 1394 2923 1450 si
2963 1411 3070 1451 non
3096 1396 3167 1451 sit
3195 1396 3357 1453 etiam
3401 1397 3772 1453 misericordia

2186 1480 2328 1537 Dei:
2359 1497 2465 1539 non
2508 1498 2635 1554 ergo
2677 1485 2873 1541 sufﬁcit
2902 1493 2958 1542 et
2993 1486 3108 1542 sola
3155 1486 3518 1543 misericordia
3560 1486 3678 1555 Dei,
3722 1487 3773 1543 si

2185 1584 2295 1626 non
2324 1572 2394 1627 sit
2421 1572 2580 1628 etiam
2602 1574 2852 1629 voluntas
2886 1574 3121 1631 hominis
3150 1594 3164 1630 :
3191 1591 3255 1631 ac
3283 1591 3379 1647 per
3407 1577 3510 1633 hoc
3532 1578 3578 1632 si
3620 1588 3772 1635 recte

2185 1660 2385 1718 dictum
2415 1672 2518 1731 est,
2550 1664 2671 1720 Non
2709 1667 2918 1721 volentis
2965 1666 3217 1733 hominis,
3260 1668 3350 1723 sed
3385 1670 3664 1725 miserentis
3694 1677 3773 1724 est

2184 1753 2297 1821 Dei,
2331 1755 2454 1825 quia
2480 1756 2532 1810 id
2562 1757 2808 1813 voluntas
2838 1758 3069 1814 hominis
3106 1760 3221 1815 sola
3258 1775 3366 1815 non
3405 1762 3625 1832 implet;
3671 1776 3772 1818 cur

2184 1858 2291 1899 non
2311 1854 2366 1900 et
2380 1862 2411 1902 e
2429 1849 2696 1903 contrario
2708 1858 2850 1905 recte
2864 1849 3075 1916 dicitur,
3094 1850 3209 1905 Non
3227 1851 3529 1907 miserentis
3543 1860 3627 1908 est
3648 1854 3769 1922 Dei,

2184 1937 2279 1993 sed
2303 1938 2531 1995 volentis
2566 1948 2650 1995 est
2692 1940 2944 2007 hominis,
2989 1943 3112 2013 quia
3164 1943 3218 1997 id
3265 1944 3626 2000 misericordia
3670 1946 3774 2000 Dei

2183 2025 2297 2083 sola
2325 2042 2433 2084 non
2471 2030 2696 2100 implet?
2724 2031 2891 2087 Porro
2932 2034 2975 2087 si
3022 2032 3199 2088 nullus
3230 2034 3409 2090 dicere
3447 2034 3773 2091 Christianus

2183 2119 2419 2188 audebit,
2447 2120 2563 2177 Non
2593 2123 2896 2180 miserentis
2923 2133 3007 2179 est
3032 2124 3149 2192 Dei,
3175 2124 3269 2180 sed
3307 2126 3535 2181 volentis
3564 2137 3648 2183 est
3672 2127 3773 2184 ho-

2182 2211 2359 2279 minis,
2402 2228 2471 2269 ne
2512 2216 2773 2285 Apostolo
2814 2217 3148 2287 apertissime
3192 2218 3552 2286 contradicat;
3602 2229 3773 2278 restat

2183 2314 2241 2358 ut
2266 2313 2547 2375 propterea
2592 2316 2737 2363 recte
2777 2308 2977 2364 dictum
3014 2309 3358 2380 intelligatur,
3387 2310 3510 2365 Non
3533 2310 3766 2380 volentis,

2182 2411 2340 2466 neque
2358 2397 2623 2466 currentis,
2655 2398 2745 2454 sed
2770 2400 3049 2456 miserentis
3088 2410 3159 2456 est
3184 2400 3303 2469 Dei,
3344 2410 3404 2457 ut
3440 2409 3611 2458 totum
3655 2403 3769 2460 Deo

2182 2484 2359 2555 detur,
2391 2489 2481 2557 qui
2532 2488 2764 2545 hominis
2791 2491 3118 2547 voluntatem
3168 2491 3362 2548 bonam
3411 2500 3470 2551 et
3504 2502 3771 2564 praeparat

2182 2578 2557 2649 adjuvandam,
2580 2590 2637 2636 et
2672 2581 2886 2653 adjuvat
2916 2591 3289 2654 praeparatam.
3330 2583 3591 2641 Praecedit
3624 2590 3770 2642 enim

2181 2670 2322 2727 bona
2371 2671 2615 2728 voluntas
2663 2672 2893 2730 hominis
2943 2675 3111 2731 multa
3159 2674 3256 2731 Dei
3303 2674 3472 2745 dona,
3517 2676 3615 2733 sed
3657 2691 3769 2732 non

2183 2765 2361 2821 omnia
2386 2783 2399 2819 :
2429 2781 2548 2836 qua:
2590 2774 2770 2822 autem
2799 2781 2904 2822 non
2934 2766 3195 2838 praecedit
3222 2768 3360 2838 ipsa,
3393 2767 3450 2824 in
3488 2769 3566 2824 eis
3594 2777 3679 2824 est
3713 2776 3772 2823 et

2183 2858 2316 2928 ipsa.
2346 2858 2477 2913 Nam
2506 2867 2793 2930 utrumque
2831 2859 3023 2930 legitur
3064 2860 3118 2915 in
3158 2860 3356 2915 sanctis
3393 2859 3651 2931 eloquiis;
3683 2868 3765 2929 et,

2183 2948 2535 3005 Misericordia
2571 2951 2681 3021 ejus
2716 2952 2981 3021 praeveniet
3005 2967 3085 3005 me
3107 2932 3295 3023 (Psal.
3339 2967 3491 3021 Lvur,
3522 2952 3644 3024 ll);
3688 2958 3766 3019 et,

2182 3040 2536 3096 Misericordia
2572 3043 2683 3112 ejus
2710 3042 3035 3111 subsequatur
3080 3059 3159 3096 me
3185 3041 3354 3115 (Psal.
3384 3060 3522 3111 χχιι,
3545 3044 3621 3117 6).
3654 3044 3772 3103 Νο-

2182 3136 2379 3190 lentem
2410 3134 2688 3205 praevenit,
2720 3145 2780 3190 ut
2807 3135 2965 3201 velit;
2998 3136 3267 3191 volentem
3305 3135 3662 3209 subsequitur,
3697 3155 3769 3198 ne

2182 3225 2377 3280 frustra
2396 3225 2541 3280 velit.
2562 3223 2669 3281 Cur
2689 3225 2833 3282 enim
2862 3226 3215 3283 admonemur
3237 3242 3394 3284 orare
3413 3245 3509 3299 pro
3529 3229 3763 3289 inimicis

2183 3318 2379 3374 nostris
2406 3316 2617 3390 (Matth.
2644 3335 2699 3386 v,
2729 3319 2845 3391 44),
2876 3321 3057 3391 utique
3095 3322 3398 3379 nolentibus
3439 3323 3525 3394 pie
3561 3320 3766 3396 vivere,

2183 3410 2370 3465 nisiut
2400 3410 2543 3467 Deus
2569 3412 2623 3468 in
2650 3411 2755 3469 illis
2779 3422 3031 3483 operetur
3055 3424 3111 3470 et
3143 3416 3359 3471 velle“?
3399 3417 3634 3490 Itemque
3669 3435 3769 3477 cur

2182 3503 2532 3561 admonemur
2556 3514 2740 3575 petere
2766 3515 2822 3562 ut
2850 3507 3170 3577 accipiamus
3200 3507 3311 3580 (Id.
3340 3524 3433 3575 vn,
3474 3511 3553 3584 7),
3586 3513 3685 3567 nisi
3709 3522 3774 3569 ut

2184 3595 2252 3651 ab
2276 3596 2366 3652 illo
2410 3597 2501 3651 ﬁat
2524 3598 2666 3667 quod
2693 3599 2955 3667 volumus,
2983 3615 3014 3654 a
3051 3615 3157 3669 quo
3193 3602 3385 3657 factum
3428 3612 3510 3659 est
3554 3613 3613 3660 ut
3638 3606 3776 3661 veli-

2184 3688 2343 3741 mus?
2368 3687 2595 3743 Oramus
2639 3705 2767 3760 ergo
2808 3706 2905 3760 pro
2942 3690 3170 3745 inimicis
3210 3693 3429 3761 nostris,
3453 3703 3512 3748 ut
3551 3697 3771 3753 miseri-

2184 3779 2365 3836 cordia
2392 3781 2485 3836 Dei
2516 3784 2807 3852 pncveniat
2831 3797 2944 3847 eos,
2974 3783 3110 3838 sicut
3129 3784 3385 3852 praevenit
3409 3794 3466 3841 et
3488 3801 3587 3871 nos
3608 3806 3621 3841 :
3644 3804 3774 3844 ora-

2185 3887 2304 3928 mus
2330 3882 2505 3929 autem
2536 3889 2634 3944 pro
2660 3874 2833 3941 nobis,
2857 3883 2913 3928 ut
2940 3873 3306 3929 misericordia
3331 3873 3444 3946 ejus
3464 3875 3771 3951 subsequa-

2186 3963 2272 4011 llll'
2302 3971 2421 4013 DOS.

2254 4048 2480 4105 CAPUT
2518 4048 2758 4104 XXXIII.
2798 4079 2869 4090 —
2907 4049 2993 4106 10.
3039 4048 3284 4107 Homines
3312 4061 3458 4108 natos
3483 4069 3653 4111 omnes
3675 4055 3774 4111 ira:

2185 4140 2321 4211 ﬁlios
2347 4140 2543 4211 eguisse
2566 4141 2945 4197 reconciliatore
2968 4140 3191 4199 Christo.
3237 4142 3329 4199 Ira
3355 4144 3455 4201 Dei
3491 4147 3635 4219 quid.
3663 4148 3774 4205 Te-

2184 4233 2412 4288 nebatur
2450 4234 2630 4303 itaque
2665 4233 2809 4304 justa
2852 4234 3193 4293 damnatione
3240 4251 3408 4307 genus
3452 4238 3769 4309 humanum,

2184 4333 2239 4381 et
2266 4339 2453 4380 omnes
2491 4333 2644 4381 erant
2688 4326 2782 4381 iras
2830 4325 2942 4382 ﬁlii.
2988 4327 3065 4384 De
3106 4343 3210 4398 qua
3237 4327 3316 4384 ira
3345 4331 3598 4400 scriptum
3644 4340 3768 4388 est:

2189 4417 2440 4483 Quoniam
2464 4433 2636 4473 ontnes
2656 4418 2763 4472 dies
2788 4420 2949 4473 nostri
2971 4420 3279 4493 defecerunt,
3301 4431 3349 4475 et
3387 4422 3439 4476 in
3464 4423 3545 4477 ira
3569 4433 3655 4478 tua
3679 4425 3774 4479 de-

2187 4513 2429 4582 fecimus,-
2467 4510 2591 4563 anni
2625 4512 2785 4566 nostri
2807 4511 2938 4566 sicut
2974 4528 3164 4567 aranea
3192 4513 3568 4570 meditabantur
3595 4514 3770 4589 (Psal.

2187 4618 2419 4671 Lxxxrx,
2442 4602 2524 4674 9).
2548 4603 2624 4659 De
2667 4618 2769 4675 qua
2796 4604 2875 4660 ira
2926 4604 3056 4661 dicit
3088 4606 3248 4661 etiam
3279 4607 3413 4664 Job:
3441 4607 3610 4664 Homo
3634 4609 3771 4663 enim

2188 4703 2336 4750 natus
2356 4711 2421 4750 ea:
2439 4694 2668 4763 muliere,
2686 4694 2846 4751 brevis
2874 4697 2987 4751 vita:
3012 4705 3057 4751 et
3087 4696 3264 4767 plenus
3288 4698 3381 4753 ira:
3406 4697 3526 4769 (Job
3552 4714 3660 4763 xw,
3685 4699 3767 4769 1).

2189 4786 2266 4841 De
2294 4801 2400 4856 qua
2428 4786 2506 4840 ira
2532 4785 2663 4841 dicit
2689 4794 2741 4842 et
2769 4786 3024 4843 Dominus
3055 4786 3249 4843 Jesus:
3280 4787 3378 4854 Qui
3402 4789 3563 4842 credit
3591 4789 3647 4842 in
3676 4786 3774 4843 Fi-

2190 4877 2337 4941 lium,
2369 4876 2513 4931 habet
2544 4877 2699 4930 vitam
2740 4887 2978 4933 teternam
2995 4895 3015 4943 ;
3057 4880 3145 4948 qui
3172 4887 3337 4933 autem
3381 4896 3482 4934 non
3524 4880 3681 4935 credit
3716 4881 3773 4935 in

2190 4968 2407 5036 Filium,
2449 4985 2551 5023 non
2593 4969 2737 5023 habet
2783 4968 2988 5035 vitam”,
3028 4969 3118 5023 sed
3154 4970 3232 5023 ira
3272 4968 3370 5025 Dei
3410 4981 3579 5026 manet
3618 4989 3777 5043 super

2191 5079 2303 5117 eum
2356 5062 2536 5131 (Joau.
2587 5061 2782 5131 111,56)
2831 5078 2844 5116 :
2887 5075 2993 5116 non
3021 5062 3118 5129 ait,
3156 5062 3368 5131 veniet;
3415 5064 3528 5131 sed,
3580 5073 3772 5121 manet.

2191 5150 2323 5208 Cum
2346 5153 2444 5207 hac
2470 5152 2662 5222 quippe
2690 5151 2864 5207 omnis
2890 5151 3051 5207 homo
3078 5154 3333 5210 nascitur.
3374 5154 3601 5225 Propter
3627 5154 3776 5226 quod

2193 5242 2320 5297 dicit
2356 5242 2679 5310 Apostolus:
2711 5240 2929 5297 Fuimus
2952 5244 3083 5297 enim
3108 5254 3156 5298 et
3180 5262 3273 5301 nos
3309 5255 3491 5300 natura
3531 5246 3628 5316 ﬁlii
3659 5248 3773 5315 ἔγω,

2193 5334 2320 5387 sicut
2348 5342 2395 5386 et
2422 5334 2588 5388 ueteri
2616 5334 2833 5406 (Ephes.
2875 5352 2934 5404 ιι,
2966 5337 3041 5408 5).
3088 5336 3145 5393 1η
3187 5337 3289 5393 hac
3325 5339 3401 5393 ira
3442 5354 3565 5395 cum
3592 5348 3780 5396 essent

2193 5421 2439 5478 homines
2484 5439 2579 5493 per
2624 5425 2879 5497 originale
2926 5437 3226 5499 peccatum,
3263 5436 3414 5485 tanto
3464 5430 3679 5501 gravius
3723 5437 3783 5486 et

2195 5515 2565 5587 perniciosius,
2592 5527 2790 5588 quanto
2826 5520 3027 5591 majora
3059 5522 3141 5577 vel
3171 5522 3326 5592 plura
3355 5521 3574 5595 insuper
3617 5522 3777 5578 addi-

2260 5632 2277 5663 ι
2302 5632 2375 5681 sic
2392 5638 2491 5680 Am.
2523 5638 2601 5681 Er.
2625 5639 2739 5700 Dan.
2767 5641 2819 5684 et
2838 5641 2946 5687 Mss.
2972 5643 3028 5687 At
3057 5644 3164 5689 Lov.
3191 5644 3243 5688 et
3261 5646 3394 5700 Arn.,
3432 5637 3527 5688 nisi
3559 5645 3690 5688 Deus
3728 5649 3779 5688 ut

2194 5691 2293 5744 illis
2314 5701 2533 5757 operetur
2557 5703 2607 5745 ut
2630 5695 2785 5746 velint.

2261 5757 2281 5786 ³
2298 5758 2436 5815 Editi,
2470 5770 2563 5808 non
2586 5757 2722 5808 habet
2744 5758 2887 5808 vitam
2909 5764 3155 5811 ademtam.
3183 5767 3237 5811 At
3258 5770 3366 5811 tum.
3389 5759 3651 5818 Evangelia
3666 5773 3783 5818 cou-

2198 5820 2431 5882 sentiunt,
2474 5833 2569 5869 nec
2604 5829 2836 5882 repetunt
2866 5822 2956 5869 hoc
2979 5821 3099 5881 loco,
3124 5830 3391 5873 (uernam:
3417 5836 3481 5872 ex
3518 5820 3593 5874 liis
3632 5826 3783 5882 etiam

2202 5881 2419 5933 nonunulli
2440 5881 2596 5936 futuro
2620 5881 2838 5949 tempore
2861 5883 3038 5949 ferunt,
3064 5897 3155 5936 non
3177 5883 3360 5937 habebit
3383 5886 3546 5938 vitam.

3776 5965 3804 5988 Δ
