4046 6332
282 366 383 432 ω

280 492 483 553 derant,
514 483 854 543 necessarius
895 489 1011 541 erat
1049 479 1329 548 mediator,
1364 478 1465 535 hoc
1502 487 1585 535 est
1610 480 1855 539 reconci-

280 586 451 649 liator,
476 581 569 653 qui
598 578 741 636 hanc
777 580 912 634 iram
939 574 1183 632 sacriﬁcii
1224 573 1527 645 singularis,
1556 574 1709 644 cujus
1734 588 1857 628 um-

276 676 383 733 bra:
401 674 585 729 omnia
610 671 874 729 sacriﬁcia
902 670 1058 740 Legis
1081 677 1137 724 et
1160 665 1567 736 Prophetarum,
1591 664 1858 721 oblatione

275 768 530 841 placaret.
559 762 715 821 Unde
739 762 868 819 dicit
896 759 1218 831 Apostolus:
1254 758 1316 814 Si
1344 758 1477 812 enim
1521 773 1638 810 cum
1662 756 1858 812 inimici

275 874 512 923 metu“,
538 854 854 911 reconciliati
883 868 1055 908 sum
1081 851 1191 905 Deo
1219 865 1310 921 per
1329 857 1537 903 mortem
1566 846 1692 901 Filii
1722 847 1852 917 ejus,

274 950 430 1006 multo
458 949 622 1019 magis
663 942 976 1001 reconciliati
1021 959 1155 997 nunc
1196 942 1251 996 in
1294 940 1541 1012 sanguine
1576 940 1683 1009 ejus
1732 937 1857 991 salvi

273 1043 458 1098 et'insus
484 1041 549 1094 ab
570 1040 650 1093 ira
678 1055 768 1110 per
803 1038 971 1107 ipsum
1001 1034 1176 1108 (Rom.
1206 1049 1260 1101 v,
1290 1033 1377 1099 l0,
1404 1031 1483 1104 9).
1521 1032 1650 1088 Cum
1679 1038 1856 1084 autem

273 1134 415 1189 Deus
440 1131 600 1187 irasci
625 1129 837 1196 dicitur,
864 1144 970 1184 non
997 1128 1116 1198 ejus
1150 1127 1477 1197 signiﬁcatur
1507 1122 1853 1196 perturbatio,

272 1224 443 1294 qualis
469 1221 631 1278 estin
660 1220 841 1276 animo
885 1219 1162 1276 irascentis
1204 1217 1473 1282 hominis;
1522 1214 1616 1272 sed
1644 1229 1710 1270 ex
1753 1214 1856 1268 hu-

273 1317 443 1373 manis
469 1316 703 1371 motibus
731 1314 986 1369 translato
1010 1312 1288 1381 vocabulo,
1314 1310 1546 1366 vindicta
1574 1310 1710 1381 ejus,
1734 1323 1853 1379 qua;

271 1427 377 1467 non
404 1410 510 1466 nisi
534 1409 675 1479 iusta
700 1416 805 1475 est,
832 1407 925 1463 irae
955 1420 1149 1461 nomen
1169 1405 1395 1475 accepit.
1422 1402 1575 1471 Quod
1604 1416 1733 1472 ergo
1760 1414 1857 1471 per

273 1503 623 1558 mediatorem
669 1499 1076 1557 reconciliamur
1104 1499 1235 1566 Deo,
1263 1505 1316 1552 et
1357 1496 1646 1564 accipimus
1682 1491 1853 1562 Spiri-

273 1604 381 1649 tum
423 1603 691 1660 sanctum,
722 1601 785 1655 ut
816 1608 881 1648 ex
925 1591 1153 1647 inimicis
1195 1590 1489 1646 efﬁciamur
1526 1587 1656 1643 ﬁlii:
1690 1585 1855 1653 Quot-

273 1698 388 1757 quot
415 1688 553 1742 enim
592 1687 794 1758 Spiritu
836 1684 934 1739 Dei
982 1693 1224 1756 aguntur,
1246 1684 1299 1738 hi
1337 1683 1434 1752 ﬁlii
1453 1690 1570 1735 sunt
1598 1678 1696 1734 Dei
1740 1677 1850 1748 (Id.

271 1780 548 1850 V111,“):
583 1779 700 1833 haec
736 1784 822 1833 est
847 1777 1017 1849 gratia
1064 1776 1157 1832 Dei
1209 1790 1306 1847 per
1352 1773 1536 1831 Jesum
1581 1771 1851 1827 Christum

273 1873 556 1927 Dominum
585 1878 849 1926 nostrum.

338 1960 568 2017 CAPUT
627 1957 870 2015 XXXIV.
923 1987 996 1999 -
1039 1955 1267 2014 Christus
1315 1956 1563 2010 mediator
1609 1952 1855 2020 ineffabili

278 2053 428 2107 Verbi
455 2052 802 2106 incarnatione
845 2059 993 2105 natus
1020 2065 1084 2104 ea:
1127 2048 1317 2103 Maria.
1350 2046 1537 2103 Contra
1582 2043 1854 2115 Apollina-

266 2145 448 2199 ristas.
475 2144 552 2198 De
574 2157 680 2213 quo
706 2140 1003 2197 mediatore
1039 2141 1255 2211 longum
1297 2146 1400 2205 εει,
1432 2147 1491 2193 ιιι
1531 2147 1724 2207 quanta
1769 2134 1853 2189 di-

265 2250 439 2306 gnum
477 2242 588 2298 est,
627 2241 774 2288 tanta
812 2232 1074 2299 dicantur,
1110 2231 1350 2302 quamvis
1390 2228 1458 2284 ab
1505 2228 1721 2283 homine
1748 2226 1853 2282 dici

267 2326 429 2394 digne
456 2326 473 2359 ⁸
492 2341 596 2380 non
621 2325 850 2397 possint.
879 2324 1007 2393 Quis
1049 2324 1191 2379 enim
1223 2323 1325 2377 hoc
1349 2321 1522 2376 solum
1551 2334 1852 2391 congruen-

268 2416 414 2473 tibus
451 2416 685 2487 explicet
707 2414 906 2481 verbis,
937 2413 1078 2485 quod
1113 2412 1330 2468 Verbum
1365 2427 1484 2465 caro
1526 2413 1718 2482 factum
1758 2418 1851 2477 est,

266 2518 315 2562 et
352 2507 597 2562 habitavit
623 2506 678 2561 in
706 2506 849 2560 nobis
882 2505 1059 2576 (Joan.
1089 2521 1129 2572 ι,
1172 2505 1284 2576 li),
1324 2512 1383 2559 ut
1422 2502 1762 2559 crederemus
1797 2501 1852 2557 in

267 2601 362 2657 Dei
410 2601 584 2657 Patris
631 2600 1015 2670 omnipotentis
1060 2600 1274 2656 unicum
1320 2600 1511 2656 Filium
1563 2608 1745 2655 natum
1783 2598 1852 2654 de

265 2694 469 2765 Spiritu
507 2704 693 2750 sancto
719 2702 773 2749 et
816 2693 980 2749 Maria
1006 2692 1344 2764 virgine?lta
1380 2694 1578 2765 quippe
1618 2692 1851 2749 Verbum

265 2801 390 2841 caro
418 2786 621 2842 factum
646 2794 750 2853 est,
786 2801 817 2840 a
843 2785 1118 2841 divinitate
1156 2800 1317 2841 carne
1357 2794 1625 2855 suscepta,
1662 2800 1768 2839 non
1798 2784 1852 2839 in

266 2892 481 2933 carnem
508 2877 789 2934 divinitate
828 2887 1049 2933 mutata.
1083 2877 1313 2934 Carnem
1355 2892 1516 2949 porro
1545 2877 1631 2932 hic
1675 2878 1850 2932 homi-

266 2984 387 3024 nem
424 2968 691 3024 debemus
734 2970 996 3040 accipere,
1039 2985 1068 3024 a
1107 2978 1259 3041 parte
1302 2978 1470 3025 totum
1517 2969 1851 3041 signiﬁcante

266 3062 577 3117 locutione:
608 3062 747 3118 sicut
792 3062 991 3118 dictum
1053 3072 1153 3128 est,
1202 3061 1455 3131 Quoniam
1512 3078 1575 3118 ea:
1616 3064 1852 3134 operibus

266 3152 414 3225 Legis
441 3170 545 3209 non
566 3155 928 3225 justiﬁcabitur
969 3155 1132 3210 omnis
1159 3172 1278 3210 caro
1318 3155 1491 3228 (Rom.
1531 3171 1611 3223 tu,
1649 3156 1765 3228 20),
1798 3156 1851 3211 id
1898 3186 1903 3191 -

268 3256 351 3301 est
376 3246 550 3300 otnnis
580 3246 763 3301 homo.
808 3246 938 3301 Nam
967 3245 1098 3301 nihil
1139 3254 1344 3301 natura:
1389 3247 1636 3302 humana:
1668 3248 1720 3301 in
1763 3248 1850 3303 illa

269 3336 610 3407 mceptione
651 3336 731 3392 fas
764 3346 849 3392 est
873 3337 1052 3394 dicere
1088 3336 1356 3404 defuisse;
1403 3339 1497 3394 sed
1540 3347 1743 3395 naturas
1785 3340 1852 3397 ab

273 3429 413 3484 omni
440 3432 645 3501 peccati
674 3445 816 3485 nexu
844 3431 990 3486 omni
1019 3430 1179 3486 modo
1205 3431 1386 3487 libera:
1417 3450 1431 3485 :
1462 3447 1567 3487 non
1594 3432 1765 3504 qualis
1783 3432 1852 3490 de

270 3529 493 3591 utroque
536 3536 669 3577 sexu
726 3523 962 3578 nascitur
1007 3539 1104 3592 per
1145 3524 1628 3595 concupiscentiam
1676 3526 1851 3581 carnis

268 3627 385 3668 cum
431 3612 757 3685 obligatione
791 3613 995 3682 delicti,
1028 3615 1184 3687 cujus
1224 3625 1405 3672 reatus
1446 3617 1851 3688 regeneratione

267 3704 516 3773 diluitur;
572 3704 671 3761 sed
716 3706 928 3777 qualem
977 3707 1045 3762 de
1090 3708 1296 3779 virgine
1343 3708 1490 3764 nasci
1538 3710 1847 3780 oportebat,

268 3800 456 3867 quem”
504 3798 639 3856 ﬁdes
675 3801 881 3867 matris,
923 3816 1030 3856 non
1071 3801 1238 3858 libido
1274 3811 1629 3874 conceperat:
1660 3818 1767 3875 quo
1805 3804 1850 3860 si

265 3890 349 3944 vel
373 3900 625 3947 nascente
661 3901 1096 3962 corrumperetur
1119 3893 1238 3963 ejus
1274 3895 1569 3965 integritas,
1598 3910 1704 3950 non
1740 3896 1851 3966 jam

269 3981 356 4038 ille
374 3982 445 4038 de
472 3984 676 4054 virgine
703 3992 1044 4052 nasceretur;
1084 4001 1313 4057 eumque
1339 3986 1494 4055 falso,
1521 3987 1661 4058 quod
1688 3987 1846 4054 absit,

266 4083 445 4129 natum
472 4073 540 4129 de
569 4075 778 4146 virgine
818 4076 982 4131 Maria
1030 4084 1142 4132 tota
1186 4077 1528 4134 conﬁteretur
1573 4078 1848 4146 Ecclesia;

266 4179 382 4234 qua:
425 4165 644 4221 imitans
694 4166 813 4236 ejus
862 4176 1087 4224 matrem
1135 4170 1370 4241 quotidie
1427 4170 1561 4241 parit
1611 4172 1851 4228 membra

263 4255 400 4325 ejus,
447 4265 506 4312 et
548 4257 700 4327 virgo
745 4267 848 4314 est.
899 4259 1059 4330 Lege,
1104 4261 1150 4316 si
1200 4261 1392 4333 placet,
1432 4262 1501 4319 de
1548 4263 1854 4335 virginitate

266 4354 465 4402 sancta:
514 4346 694 4405 Mariae
740 4364 889 4405 meas
938 4350 1176 4407 litteras'
1228 4353 1295 4408 ad
1345 4353 1607 4410 illustrem
1654 4356 1848 4424 virum,

266 4451 425 4508 quem
449 4452 575 4494 cum
614 4438 820 4497 honore
845 4455 908 4497 ac
939 4441 1225 4500 dilectione
1260 4446 1478 4502 nomino
1501 4446 1849 4504 Volusianum

268 4528 465 4602 (Epist.
494 4530 646 4601 137).

333 4621 566 4678 CAPUT
605 4621 823 4679 XXXV.
863 4654 935 4666 —
970 4625 1202 4682 Christus
1244 4625 1382 4684 Deus
1424 4630 1578 4685 simul
1605 4640 1653 4686 et
1678 4632 1850 4688 homo.

266 4711 457 4770 Contra
493 4731 714 4771 errorem
756 4717 845 4788 qui
871 4716 1093 4788 Leporii,
1121 4728 1169 4775 et
1215 4730 1386 4790 postea
1429 4720 1853 4779 Nestorianorum

265 4809 385 4878 fuit.
416 4808 651 4865 Proinde
677 4809 922 4867 Christus
956 4811 1114 4869 Iesus
1158 4812 1255 4869 Dei
1300 4812 1485 4881 Filius,
1513 4824 1595 4870 est
1618 4823 1674 4871 et
1712 4816 1853 4873 Deus

264 4912 315 4957 et
344 4903 513 4960 homo
525 4904 569 4960 ⁸.
615 4906 756 4963 Deus
783 4914 907 4963 ante
934 4909 1112 4963 omnia
1150 4908 1368 4977 sarcula,
1401 4908 1562 4966 homo
1588 4910 1641 4965 in
1669 4919 1853 4968 nostro

263 4995 483 5051 saeculo.
531 4996 695 5065 Deus,
736 4998 860 5069 quia
912 4998 1007 5055 Dei
1047 4999 1318 5068 Verbum;
1368 4999 1505 5057 Deus
1554 5003 1697 5059 enim
1746 5015 1854 5061 erat

274 5082 495 5142 Verbum
542 5088 722 5159 (Joan.
755 5090 880 5161 1,1)
922 5110 936 5147 :
971 5091 1133 5148 homo
1176 5102 1373 5161 autem,
1405 5095 1526 5165 quia
1571 5096 1625 5151 in
1675 5096 1854 5153 unita-

266 5184 374 5233 tem
388 5178 410 5210 ⁸
429 5194 676 5250 personae
700 5183 928 5239 accessit
943 5183 1118 5241 Verbo
1144 5186 1320 5242 anima
1341 5186 1616 5244 rationalis
1632 5197 1685 5245 et
1704 5204 1850 5246 caro.

326 5290 348 5360 ξ
374 5296 426 5360 tu
440 5291 693 5355 plerisque
706 5300 838 5351 uss,
853 5293 1019 5360 digna.

326 5352 350 5383 ³
375 5352 487 5423 [ριν.
513 5361 565 5404 ει
583 5352 713 5416 Αἰ-η.,
739 5352 1125 5423 ᾳιᾳιπιῖΑιΜεεη
1149 5371 1308 5423 quem.
1326 5363 1659 5414 nisaocedunt
1678 5376 1741 5413 eo
1761 5363 1855 5416 loci

265 5395 1857 5489 .sg..u7s;;'.sssrzus

263 5478 379 5542 Lov.
402 5483 603 5542 etiam,
622 5480 757 5542 Quod
778 5478 821 5531 si
843 5479 917 5530 vel
936 5493 1024 5542 per
1046 5488 1332 5535 nascentem.

328 5537 514 5608 ftldtti,
531 5537 664 5590 meas
685 5539 870 5593 litteras
1093 5545 1255 5606 Abest,
1279 5546 1467 5608 uiuas,
1483 5560 1511 5599 a
1529 5556 1636 5599 Mss.

329 5597 356 5670 ’ᾗ
378 5606 477 5649 Am.
499 5597 570 5670 Er.
591 5608 701 5651 bov.
733 5612 843 5670 Arn.
874 5602 963 5654 Dei
982 5604 1133 5657 Filius
1154 5597 1255 5666 est;
1279 5616 1325 5659 et
1348 5597 1510 5670 Deus,
1531 5597 1732 5663 ethomo
1766 5619 1853 5665 est.

522 5666 965 5736 interpunctionem
985 5681 1156 5736 vocum
1186 5671 1355 5721 deleto
1376 5666 1550 5735 altero,
1582 5682 1668 5736 est,
1696 5685 1856 5727 aucto-

267 5729 1216 5798 '“é't’ﬁummnmimwm:

330 5785 356 5816 ⁸
383 5782 565 5859 Aliquot
585 5794 692 5859 itss.
714 5787 795 5859 hic
818 5797 871 5839 et
894 5782 1033 5855 infra;
1065 5792 1115 5849 in
1138 5794 1332 5848 unitate.
1348 5797 1441 5847 Sed
1459 5799 1733 5851 concinnior
1752 5800 1856 5853 vul-

266 5853 387 5916 τω
418 5857 559 5915 ecuo,
574 5863 628 5903 tn
648 5855 893 5903 initiatam.

1689 359 1894 420 LlBER
1931 356 2134 420 UNUS.

1960 5813 2067 5857 MSS.

1963 478 2220 547 Quocirca
2251 477 2305 534 in
2343 487 2597 551 quantum
2644 479 2785 538 Deus
2815 489 2920 549 est,
2960 481 3079 554 ipse
3101 490 3156 541 et
3195 482 3353 543 Pater
3377 500 3544 544 unum

1960 580 2087 627 sunt
2110 571 2289 643 (Joan.
2313 588 2368 638 ι,
2392 571 2482 644 30)
2502 591 2516 628 :
2538 574 2590 628 in
2609 583 2860 645 quantum
2881 584 3059 632 autem
3090 575 3252 633 homo
3267 587 3366 646 est,
3388 579 3545 635 Pater

1958 663 2133 733 major
2159 672 2241 717 est
2282 663 2374 719 illo
2402 662 2511 735 (Id.
2550 680 2665 732 xrv,
2695 666 2808 738 28).
2840 666 2976 722 Cum
3006 667 3148 723 enim
3186 676 3329 724 esset
3358 672 3544 728 unicus

1960 755 2055 811 Dei
2100 755 2281 822 Filius,
2329 771 2435 813 non
2479 760 2668 828 gratia,
2717 760 2813 816 sed
2856 768 3067 826 natura,
3097 770 3157 817 ut
3192 770 3336 818 esset
3381 763 3541 820 etiam

1959 847 2153 918 plenus
2196 849 2386 919 gratia,
2418 849 2587 905 factus
2614 858 2699 906 est
2724 860 2780 906 et
2815 851 3047 907 hominis
3089 852 3267 909 ﬁlius:
3299 852 3545 924 idemque

1959 939 2075 1009 ipse
2103 948 2390 1013 utrumque
2418 957 2484 997 ex
2511 951 2735 1014 utroque
2774 957 2910 999 unus
2944 943 3211 1000 Christus.
3261 945 3394 1012 Quia
3430 961 3547 1001 eum

1958 1031 2013 1085 in
2039 1030 2204 1101 forma
2242 1031 2338 1086 Dei
2367 1042 2511 1100 esset,
2539 1050 2641 1089 non
2683 1036 2921 1106 rapinam
2964 1034 3241 1090 arbitratus
3271 1045 3365 1102 est,
3396 1036 3536 1106 quod

1960 1133 2146 1179 natura
2173 1133 2306 1188 erat,
2336 1124 2387 1179 id
2416 1134 2519 1192 est,
2550 1141 2656 1180 esse
2693 1127 2904 1198 aequalis
2943 1126 3073 1183 Deo.
3106 1126 3404 1184 Exinanivit
3446 1142 3544 1183 au-

1960 1227 2068 1274 tem
2091 1234 2164 1285 se,
2190 1218 2442 1290 accipiens
2470 1219 2687 1289 formam
2714 1222 2843 1275 servi
2868 1219 3127 1292 (Philipp.
3146 1237 3203 1289 ιι,
3228 1218 3412 1295 6et7),
3435 1236 3544 1277 non

1959 1311 2209 1366 amittens
2231 1310 2315 1366 vel
2339 1312 2590 1369 minuens
2616 1312 2841 1367 formam
2869 1312 2986 1367 Dei.
3014 1314 3092 1367 Ac
3123 1328 3220 1383 per
3238 1312 3340 1369 hoc
3365 1321 3419 1368 et
3445 1311 3545 1368 mi-

1959 1417 2059 1457 nor
2094 1411 2176 1458 est
2218 1401 2408 1472 iactus,
2449 1411 2505 1459 et
2542 1403 2739 1459 mansit
2780 1403 3017 1475 aequalis,
3063 1412 3348 1475 utrumque
3377 1417 3539 1469 unus,

1959 1494 2095 1550 sicut
2128 1494 2327 1551 dictum
2368 1505 2448 1552 est
2480 1514 2495 1551 :
2535 1497 2629 1552 sed
2675 1496 2817 1552 aliud
2864 1505 3083 1569 propter
3103 1497 3359 1563 Verbum,
3399 1495 3544 1552 aliud

1960 1593 2179 1655 propter
2219 1585 2532 1643 hominem:
2565 1596 2781 1659 propter
2821 1587 3057 1645 Verbum
3104 1590 3323 1661 aequalis
3370 1588 3541 1658 Patri,

1958 1686 2175 1745 prepter
2203 1676 2474 1734 hominem
2523 1681 2715 1735 minor.
2745 1680 2895 1737 Unus
2924 1681 3019 1737 Dei
3062 1680 3252 1749 Filius,
3295 1681 3544 1752 idemque

1958 1766 2191 1823 hominis
2218 1769 2392 1836 ﬁlius;
2421 1786 2557 1827 unus
2586 1772 2818 1827 hominis
2848 1772 3007 1840 ﬁlius,
3046 1772 3293 1843 idemque
3322 1773 3417 1828 Dei
3450 1772 3542 1827 Fi-

1958 1860 2058 1915 lius
2088 1880 2101 1915 :
2128 1877 2233 1917 non
2262 1862 2369 1918 duo
2410 1863 2502 1918 ﬁlii
2532 1864 2625 1920 Dei
2674 1864 2816 1919 Deus
2845 1874 2900 1920 et
2926 1864 3109 1930 homo,
3139 1864 3235 1920 sed
3275 1878 3413 1919 unus
3440 1863 3538 1920 Dei

1958 1954 2157 2021 Filius;
2191 1956 2332 2012 Deus
2361 1957 2478 2013 sine
2502 1958 2675 2025 initio,
2714 1958 2873 2014 homo
2910 1971 2941 2012 a
2970 1964 3119 2014 certo
3158 1956 3331 2025 initio,
3362 1956 3532 2011 Domi-

1958 2062 2059 2102 nus
2083 2057 2266 2103 noster
2291 2048 2447 2104 Iesus
2467 2049 2729 2105 Christus.

2027 2138 2253 2195 CAPUT
2280 2140 2521 2197 XXXVI.
2549 2172 2620 2181 —
2644 2143 2733 2197 ll.
2775 2140 2953 2196 Gratia
2977 2141 3325 2197 commendata
3360 2141 3415 2195 in
3444 2141 3541 2196 Ito-

1957 2231 2091 2285 mine
2133 2232 2332 2288 Christo
2382 2235 2451 2287 ad
2493 2235 2787 2305 dignitatem
2830 2234 2956 2289 Filii
3003 2234 3100 2290 Dei
3142 2235 3298 2290 nullis
3352 2234 3543 2291 meritis

1957 2332 2137 2376 euecto.
2170 2323 2267 2378 Hie
2303 2324 2520 2379 omnino
2548 2324 2818 2396 granditer
2858 2334 2913 2381 et
2939 2325 3216 2383 evidenter
3249 2326 3343 2381 Dei
3373 2326 3542 2397 gratia

1957 2415 2379 2471 commendatur.
2411 2415 2548 2484 Quid
2590 2417 2732 2472 enim
2764 2424 2953 2473 natura
2979 2416 3212 2473 humana
3241 2417 3296 2472 in
3325 2416 3543 2473 homine

1956 2503 2171 2560 Christo
2214 2506 2426 2573 meruit,
2470 2516 2527 2562 ut
2565 2509 2618 2563 in
2650 2509 2905 2564 unitatem
2948 2524 3192 2579 personae
3234 2509 3375 2565 unici
3421 2508 3541 2564 Filii

1958 2596 2053 2652 Dei
2081 2597 2421 2669 singulariter
2443 2609 2587 2656 esset
2611 2602 2926 2672 assumpta?
2950 2602 3079 2670 Quae
3102 2602 3242 2658 bona
3271 2600 3541 2669 voluntas,

1956 2688 2108 2757 cujus
2136 2689 2260 2745 boni
2300 2691 2555 2761 propositi
2584 2692 2847 2759 studium,
2874 2708 2994 2762 qua:
3032 2693 3172 2748 bona
3199 2706 3362 2763 opera
3398 2706 3542 2763 pra:-

1957 2790 2256 2848 cesserunt,
2282 2780 2474 2851 quibus
2501 2792 2799 2838 mereretur
2824 2783 2924 2838 iste
2952 2783 3115 2839 homo
3138 2799 3242 2839 una
3271 2782 3387 2839 ﬁeri
3415 2796 3540 2853 per-

1956 2881 2087 2923 sona
2117 2884 2237 2925 cum
2278 2871 2426 2926 Deo?
2449 2872 2714 2944 Numquid
2754 2882 2911 2929 antea
2940 2871 3041 2929 fuit
3068 2873 3252 2943 homo,
3280 2881 3336 2929 et
3362 2872 3543 2930 hoc'ei

1956 2960 2225 3033 singulare
2251 2962 2565 3019 beneﬁcium
2593 2965 2888 3036 praestitum
2918 2974 3020 3033 est,
3051 2981 3173 3022 cum
3203 2966 3544 3037 singulariter

1956 3063 2355 3124 promcreretur
2395 3054 2562 3110 Deum
2591 3056 2655 3110 ¹τ
2699 3055 2903 3127 Nempe
2952 3072 3019 3113 ex
3063 3071 3171 3128 quo
3212 3072 3334 3114 esse
3383 3057 3546 3112 homo

1957 3147 2139 3218 coepit,
2169 3162 2274 3202 non
2301 3147 2442 3203 aliud
2487 3150 2650 3220 coepit
2671 3164 2789 3205 esse
2816 3150 2977 3206 homo
3001 3152 3022 3183 ²
3044 3166 3202 3221 quam
3225 3150 3320 3206 Dei
3336 3150 3541 3216 Filius;

1955 3250 2011 3297 et
2048 3239 2150 3295 hoc
2187 3241 2409 3308 unicus,
2441 3249 2495 3296 et
2519 3252 2737 3312 propter
2774 3242 2944 3297 Deum
2973 3242 3241 3311 Verbum,
3270 3242 3411 3314 quod
3453 3242 3546 3298 illo

1955 3340 2204 3401 suscepto
2229 3346 2354 3387 caro
2382 3332 2578 3387 factum
2608 3341 2723 3401 est,
2765 3333 2946 3404 utique
2973 3332 3115 3389 Deus
3140 3352 3153 3388 :
3200 3342 3259 3390 ut
3287 3335 3546 3406 quemad-

1955 3424 2173 3480 modum
2200 3433 2285 3479 est
2309 3439 2412 3480 una
2451 3439 2679 3495 persona
2706 3426 2929 3496 quilibet
2958 3426 3121 3482 homo
3141 3468 3156 3496 ,
3186 3428 3365 3484 anima
3401 3429 3545 3487 scili-

1955 3525 2043 3575 cet
2077 3517 2355 3574 rationalis
2379 3527 2435 3574 et
2474 3532 2623 3585 caro,
2663 3519 2736 3574 ita
2771 3519 2841 3575 sit
2867 3519 3114 3576 Christus
3139 3535 3245 3577 una
3272 3537 3501 3594 persona
3522 3563 3539 3591 ,

1956 3606 2189 3664 Verbum
2208 3617 2263 3663 et
2282 3607 2462 3664 homo.
2485 3607 2638 3666 Unde
2655 3617 2858 3666 natura:
2878 3609 3124 3667 humanae
3143 3619 3289 3668 tanta
3310 3611 3478 3684 gloria
3496 3612 3540 3682 ⁸,

1956 3698 2117 3753 nullis
2135 3698 2562 3768 praecedentibus
2575 3699 2783 3756 meritis
2796 3701 2914 3756 sine
2932 3700 3267 3758 dubitatione
3288 3701 3538 3773 gratuita,

1957 3791 2062 3848 nisi
2091 3792 2215 3863 quia
2241 3808 2431 3865 magna
2460 3794 2546 3849 llic
2573 3802 2630 3849 et
2653 3793 2764 3849 sola
2785 3794 2883 3851 Dei
2909 3795 3077 3867 gratia
3104 3794 3332 3852 ﬁdeliter
3363 3804 3419 3852 et
3444 3809 3544 3852 so-

1955 3883 2073 3940 brie
2094 3883 2556 3941 considerantibus
2583 3885 2860 3942 evidenter
2895 3887 3196 3944 ostenditur
3214 3930 3230 3956 ,
3260 3896 3321 3944 ut
3345 3888 3544 3945 intelli-

1956 3985 2082 4047 gant
2116 3975 2363 4034 homines
2408 3992 2506 4049 per
2548 3978 2791 4035 eamdem
2831 3981 3057 4051 gratiam
3098 3996 3158 4037 se
3190 3981 3470 4052 justiﬁcari
3512 3996 3545 4038 a

1957 4069 2226 4138 peccatis,
2273 4084 2370 4140 per
2411 4085 2571 4141 quam
2612 4070 2811 4127 factum
2857 4081 2942 4129 est
2985 4082 3045 4129 ut
3090 4074 3253 4131 homo
3298 4073 3543 4132 Christus

1957 4160 2164 4216 nullum
2192 4161 2390 4218 habere
2418 4171 2602 4234 posset
2625 4165 2940 4235 peccatum?
2965 4164 3056 4222 Sic
3078 4176 3134 4222 et
3159 4167 3278 4238 ejus
3313 4175 3543 4224 matrem

1956 4253 2178 4324 angelus
2198 4254 2465 4323 salutavit,
2490 4256 2704 4325 quando
2724 4256 2772 4311 ei
2793 4256 3029 4312 futurum
3050 4258 3382 4313 annuntiavit
3403 4257 3546 4317 hunc

1957 4354 2209 4415 partum:
2253 4348 2390 4416 Ave,
2431 4348 2632 4419 inquit,
2673 4352 2841 4421 gratia
2874 4349 3045 4421 plena.
3095 4349 3164 4406 Et
3191 4351 3348 4423 paulo
3378 4361 3543 4423 post:

1956 4434 2231 4505 Invenisti,
2260 4439 2364 4506 ait,
2395 4440 2612 4511 gratiam
2640 4441 2779 4511 apud
2806 4439 2969 4496 Deum
2998 4439 3148 4514 (Luc.
3180 4457 3232 4511 ι,
3262 4442 3400 4499 28η
3423 4443 3543 4515 30).

1882 4572 1885 4575 .
1957 4526 2028 4583 Ει
2054 4529 2171 4585 haec
2197 4529 2411 4600 quidem
2435 4532 2603 4601 gratia
2628 4532 2806 4602 plena,
2832 4542 2887 4589 et
2914 4532 3183 4590 invenisse
3207 4533 3347 4605 apud
3374 4534 3544 4591 Deum

1956 4620 2177 4690 gratiam
2211 4620 2422 4688 dicitur,
2463 4630 2521 4678 ut
2545 4622 2755 4679 Domini
2782 4625 2900 4693 sui,
2933 4624 3040 4682 imo
3065 4625 3304 4682 omnium
3335 4626 3547 4684 Domini

1958 4717 2130 4764 mater
2142 4719 2304 4766 esset.
2323 4711 2403 4768 De
2422 4712 2540 4782 ipso
2554 4722 2732 4769 autem
2745 4713 2958 4771 Christo
2975 4715 3207 4775 Joannes
3225 4719 3546 4789 evangelista

1958 4813 2079 4855 cum
2103 4799 2353 4869 dixisset,
2381 4800 2452 4857 Et
2484 4802 2701 4859 Verbum
2725 4822 2844 4861 caro
2871 4806 3062 4877 factum
3084 4817 3192 4875 est,
3235 4817 3284 4864 et
3307 4809 3548 4863 habitavit

1957 4894 2011 4948 in
2035 4894 2216 4960 nobis;
2252 4892 2322 4950 Et
2349 4895 2597 4966 vidimus,
2638 4898 2836 4970 inquit,
2865 4898 3081 4970 gloriam
3114 4901 3224 4971 ejus
3245 4901 3390 4973 quasi
3427 4899 3548 4954 uni-

1958 4985 2111 5056 geniti
2138 5002 2171 5039 a
2210 4985 2404 5054 Patre,
2449 4987 2653 5059 plenum
2680 4990 2859 5061 gratiae
2888 4999 2936 5045 et
2960 4991 3200 5046 veritatis.
3242 4989 3393 5057 Quod
3440 4989 3546 5059 ait,

1972 5077 2187 5133 Verbum
2205 5094 2325 5134 caro
2343 5084 2532 5152 factum
2550 5090 2660 5148 est;
2685 5081 2790 5138 hoc
2806 5093 2908 5148 est,
2936 5083 3144 5153 plenum
3161 5081 3341 5154 gratia:
3363 5095 3382 5134 :
3404 5080 3549 5151 quod

1959 5171 2059 5235 ait,
2100 5171 2316 5241 gloriam
2339 5174 2584 5245 unigeniti
2619 5190 2653 5228 ι
2681 5174 2875 5241 Patre;
2905 5174 3007 5230 hoc
3033 5183 3144 5241 est,
3175 5173 3379 5242 plenum
3414 5174 3548 5228 ueri-

1959 5265 2096 5321 tatis.
2126 5264 2336 5323 Veritas
2360 5268 2556 5340 quippe
2581 5267 2694 5340 ipsa
2712 5309 2730 5337 ,
2763 5268 3064 5338 unigenitus
3087 5266 3183 5322 Dei
3209 5265 3406 5335 Filius,
3439 5281 3547 5323 non

1959 5357 2161 5429 gratia,
2207 5358 2303 5415 sed
2348 5369 2572 5430 natura,
2614 5360 2785 5432 gratia
2830 5358 3064 5429 suscepit
3101 5358 3370 5415 homirnam
3404 5367 3549 5416 tanta

2025 5560 2043 5591 ί
2075 5560 2148 5609 sic
2173 5559 2367 5631 optimas
2398 5566 2527 5631 notze
2556 5558 2864 5631 nemigianus
2895 5554 3050 5608 codex
3077 5564 3130 5631 et
3155 5557 3417 5631 Colbertini
3450 5556 3547 5631 duo

1959 5634 2074 5693 cum
2094 5635 2191 5693 uno
2204 5618 2246 5670 ἐ
2257 5621 2519 5693 ,γειίεεωὶε
2544 5618 2771 5693 Alii_véro
2793 5628 2897 5670 Mss.
2920 5633 3031 5671 eum
3051 5627 3169 5671 ante
3185 5620 3329 5693 editis
3343 5620 3546 5681 habent,

1960 5682 2719 5796 ³³²ῗίῖἶῖέ¹¹ξξῗθ⁷ιιοριῖιο⁰²η⁸ιῖἕῖιαὲξι
2734 5690 2908 5799 ’ii‘i’s
2958 5751 3017 5799 Er
3075 5753 3174 5801 Dan
3232 5690 3305 5798 eti
3328 5741 3551 5808 pluribus

2283 5778 2299 5805 ν
2463 5778 2478 5804 9
2911 5782 2924 5798 ο
3021 5782 3033 5801 ι
3177 5778 3193 5798 ο

2026 5870 2046 5902 ³
2069 5866 2305 5919 Fuliensis
2325 5876 2427 5935 διε,
2455 5872 2589 5922 tanta
2622 5870 2801 5937 gratia.
