4046 6332
422 324 529 381 35}

424 437 625 497 unitate
662 450 929 515 pensante,
966 444 1023 515 ut
1054 434 1195 493 idem
1233 436 1346 506 ipse
1391 441 1536 491 esset
1576 432 1737 491 etiam
1779 428 2011 487 hominis

422 531 580 587 ﬁlius.
812 604 813 607 η

490 621 718 679 CAPUT
749 622 1007 678 XXXVII.
1032 650 1100 661 —-
1124 619 1378 675 Natitn'tas
1403 617 1589 674 Christi
1616 635 1675 673 eo
1697 617 1834 689 quod
1853 624 1925 671 est
1948 616 2011 672 de

422 717 623 789 Spiritu
675 725 849 771 sancto
874 757 888 780 ,
944 694 1160 791 gratiam
1211 712 1538 769 demonstrat.
1590 710 1733 765 Idem
1781 722 2012 779 namque

419 810 575 865 Jesus
605 792 851 864 Christus
879 806 1045 862 Filius
1074 805 1166 862 Dei
1190 803 1526 875 unigenitns,
1558 802 1611 857 id
1643 804 1660 834 ί
1689 810 1773 857 εει
1796 801 2006 865 unicus,

419 904 677 959 Dominus
701 912 903 967 noster,
928 910 1084 957 natus
1105 908 1189 955 est
1207 898 1275 953 de
1299 898 1499 969 Spiritu
1524 905 1727 985 saneto.
1730 906 1784 951 et
1804 895 2009 985 virgine

418 996 597 1051 Maria.
626 995 690 1050 Et
710 995 893 1065 utique
916 993 1141 1063 Spiritus
1167 999 1382 1045 sanctus
1406 990 1496 1044 Dei
1518 982 1717 1044 donum
1741 995 1843 1054 est,
1866 982 2009 1056 quod

417 1088 632 1158 quidem
666 1097 721 1143 et
752 1086 924 1156 ipsum
952 1092 1031 1138 est
1068 1070 1273 1155 mquale
1314 1081 1570 1136 donanti:
1603 1088 1658 1135 et
1698 1078 1818 1134 ideo
1865 1077 2008 1133 Deus

416 1192 497 1235 est
527 1181 685 1235 etiam
708 1178 938 1249 Spiritus
958 1186 1193 1242 sanctus,
1229 1175 1386 1230 Patre
1411 1173 1655 1243 Filioque
1681 1187 1786 1226 non
1810 1170 2003 1224 minor.

417 1274 493 1329 Ex
540 1275 641 1328 hoc
683 1289 810 1342 ergo
843 1271 984 1342 quod
1030 1270 1096 1325 de
1125 1268 1327 1339 Spiritu
1366 1276 1552 1323 sancto
1591 1275 1674 1321 est
1712 1262 2006 1319 secundum

417 1366 684 1421 hominem
726 1366 970 1421 nativitas
1018 1363 1255 1430 Christi,
1310 1361 1437 1433 quid
1485 1360 1629 1415 aliud
1682 1374 1841 1429 quam
1892 1359 2007 1426 ipsa

415 1458 581 1531 gratia
609 1458 1044 1512 demonstratur?
1073 1455 1204 1511 Cum
1232 1456 1375 1510 enim
1402 1455 1550 1525 virgo
1577 1452 1911 1524 quaasivisset
1939 1450 2008 1504 ab

414 1553 625 1622 angelo,
655 1551 922 1623 quomodo
943 1551 995 1606 id
1024 1550 1171 1606 ﬁeret
1201 1549 1340 1621 quod
1368 1549 1417 1604 ei
1440 1547 1737 1609 nuntiabat,
1760 1544 2005 1615 quando-

414 1645 629 1714 quidem
658 1646 747 1700 illa
779 1646 947 1699 virum
974 1658 1083 1699 non
1110 1650 1491 1712 cognosceret;
1524 1637 1797 1707 respondit
1826 1638 2002 1706 Ange-

416 1737 528 1793 lus:
555 1738 781 1807 Spiritus
805 1742 1006 1793 sanctus
1026 1736 1335 1805 superveniet
1358 1735 1410 1788 in
1434 1744 1498 1797 te,
1522 1742 1567 1787 et
1590 1732 1744 1785 virtus
1760 1728 2006 1783 ditissimi

417 1830 726 1884 obutnbrabit
748 1830 868 1893 tibi;
893 1829 1100 1901 ideoque
1122 1838 1167 1882 et
1193 1826 1327 1897 quod
1354 1832 1581 1879 nascetur
1606 1839 1668 1876 ea;
1689 1831 1735 1875 te
1754 1828 2001 1885 sanctam,

413 1922 669 1976 vocabitur
686 1920 851 1976 Filius
881 1921 979 1975 Dei
1002 1919 1209 1991 (Luc.t,
1244 1920 1354 1990 35).
1376 1918 1442 1972 Et
1465 1915 1662 1985 Joseplt
1700 1926 1820 1967 cum
1849 1910 2008 1964 vellet

414 2027 531 2067 eam
578 2010 867 2076 dimittere,
912 2011 1210 2080 suspicatus
1247 2009 1565 2072 adulteram,
1606 2019 1764 2075 quant
1805 2002 2007 2057 sciebat

415 2120 520 2159 non
537 2105 603 2159 de
617 2121 677 2160 se
689 2104 983 2175 gravidam,
1010 2105 1114 2159 tale
1134 2116 1448 2173 responsum
1471 2100 1538 2154 ab
1558 2099 1746 2168 angelo
1764 2096 1969 2166 accepit
1988 2111 2001 2148 :

416 2195 544 2251 Noti
587 2198 760 2252 timere
800 2198 1026 2269 accipere
1070 2196 1292 2251 Mariam
1338 2196 1603 2265 conjugcnt
1648 2203 1786 2247 luant
1807 2206 1827 2255 ;
1871 2188 2006 2259 quod

414 2295 547 2350 enim
562 2295 615 2349 in
634 2312 693 2349 ea
706 2299 882 2350 natum
899 2301 990 2362 est,
1013 2290 1078 2349 de
1097 2290 1298 2360 Spiritu
1316 2297 1490 2348 sancto
1510 2296 1580 2341 est
1599 2284 1811 2356 (Matth.
1832 2301 1870 2351 I,
1887 2282 2001 2354 20):

416 2385 468 2440 id
493 2394 604 2454 est,
624 2386 768 2457 quod
793 2395 850 2442 tu
875 2401 994 2443 esse
1020 2386 1089 2443 de
1108 2386 1212 2441 alio
1236 2385 1351 2441 viro
1375 2378 1682 2453 suspicaris,
1712 2375 1781 2435 de
1804 2373 2005 2449 Spiritu

414 2486 602 2534 sancto
629 2486 732 2534 εει.

489 2571 713 2629 CAPUT
750 2570 1039 2628 XXXVIII.
1061 2602 1133 2614 -ο
1152 2570 1241 2626 I2.
1271 2567 1500 2625 Christus
1525 2568 1588 2622 de
1614 2566 1811 2637 Spiritu
1830 2570 2005 2619 sancta

414 2644 517 2718 non
562 2672 617 2716 ut
659 2664 723 2717 de
759 2672 903 2734 patre
940 2671 1121 2727 natus,
1167 2662 1257 2716 sed
1301 2660 1363 2714 de
1413 2660 1583 2713 Maria
1629 2667 1685 2712 ut
1726 2656 1787 2712 de
1823 2664 2002 2709 matre.

414 2757 680 2827 Numquid
719 2764 895 2811 tamen
932 2755 1050 2811 ideo
1082 2756 1276 2811 dicturi
1310 2768 1493 2809 sumus
1529 2760 1731 2822 patrem
1776 2749 2005 2804 hominis

416 2848 612 2904 Christi
635 2861 756 2904 esse
782 2848 1033 2918 Spiritum
1056 2858 1324 2914 sanctum,
1349 2854 1405 2900 ut
1432 2846 1569 2900 Deus
1592 2844 1750 2898 Pater
1772 2841 2005 2896 Verbum

415 2940 693 3013 genuerit,
720 2938 950 3008 Spiritus
979 2948 1194 2993 sanctus
1226 2937 1499 2992 hominem
1518 2977 1533 3001 ,
1562 2950 1627 2990 ex
1653 2948 1755 3003 qua
1781 2940 2007 3001 utraque

418 3031 713 3087 substantia
751 3030 994 3087 Christus
1030 3045 1169 3085 unus
1209 3038 1369 3095 εεεει,
1415 3039 1467 3084 ει
1508 3028 1600 3083 Dei
1649 3026 1820 3082 Patris
1866 3024 2007 3079 ﬁlius

417 3125 710 3181 secundum
735 3124 989 3191 Verbum,
1019 3133 1075 3179 et
1096 3124 1325 3193 Spiritus
1350 3123 1515 3179 sancti
1546 3121 1687 3176 ﬁlius
1710 3118 2005 3175 secundum

419 3218 686 3274 hominem
712 3234 727 3284 ;
751 3219 890 3289 quod
910 3230 1032 3275 eum
1056 3218 1282 3289 Spiritus
1301 3224 1516 3273 sanctus
1538 3218 1559 3247 ³
1584 3225 1831 3285 tanquam
1859 3220 2009 3284 pater

417 3310 534 3379 ejus
558 3311 626 3367 de
650 3321 823 3367 matre
853 3311 1055 3381 virgine
1081 3310 1396 3381 genuisset?
1423 3309 1552 3377 Quis
1584 3308 1684 3364 hoc
1710 3308 1891 3363 dicere
1914 3322 2008 3361 au-

417 3401 595 3458 debit?
624 3402 732 3459 Nec
754 3418 888 3473 opus
916 3411 1000 3458 est
1025 3402 1311 3458 ostendere
1340 3400 1660 3471 disputando
1688 3409 1883 3470 quanta
1905 3398 2006 3452 alia

418 3503 708 3564 sequantur
730 3494 957 3552 absurda
977 3535 995 3561 ,
1020 3510 1142 3550 cum
1172 3494 1274 3561 hoc
1300 3493 1473 3563 ipsum
1496 3492 1606 3561 jam
1633 3493 1703 3548 ita
1726 3493 1796 3547 sit
1816 3492 2008 3546 absur-

417 3585 565 3655 dum,
617 3595 676 3642 ut
718 3587 877 3643 nulla:
924 3585 1111 3641 ﬁdeles
1157 3601 1315 3641 aures
1358 3584 1410 3639 id
1461 3584 1670 3639 valeant
1721 3584 2004 3637 sustinere.

421 3679 684 3744 Proinde,
735 3678 874 3733 sicut
915 3678 1268 3744 conﬁtemur,
1315 3675 1574 3730 Dominus
1622 3684 1805 3730 noster
1851 3674 2010 3729 Jes‘us

417 3767 689 3833 Christus,
716 3768 807 3838 qui
832 3768 901 3825 de
922 3767 1036 3822 Deo
1063 3766 1206 3823 Deus
1222 3809 1237 3835 ,
1269 3766 1430 3821 homo
1455 3773 1632 3820 autem
1654 3773 1811 3820 natus
1832 3773 1915 3820 est
1942 3764 2011 3821 de

419 3860 622 3930 Spiritu
647 3870 833 3916 sancto
865 3870 920 3917 et
952 3860 1159 3931 virgine
1183 3859 1376 3927 Maria,
1410 3866 1635 3929 utraque
1674 3859 1965 3914 substantia
1991 3901 2005 3927 ,

418 3950 597 4007 divina
640 3951 846 4008 scilicet
881 3960 1043 4023 atque
1071 3951 1323 4019 humana,
1370 3951 1536 4006 Filius
1573 3959 1657 4007 est
1696 3952 1884 4006 unicus
1912 3952 2009 4007 Dei

422 4038 593 4100 Patris
610 4044 1012 4116 omnipotentis,
1042 4045 1110 4101 de
1128 4061 1235 4115 quo
1257 4045 1495 4115 procedit
1513 4044 1742 4114 Spiritus
1768 4052 2004 4099 sanctus.

420 4136 700 4204 Quomodo
732 4151 860 4208 ergo
899 4137 1126 4193 dicimus
1151 4135 1425 4193 Christum
1467 4144 1649 4192 natum
1692 4136 1760 4191 de
1810 4134 2011 4205 Spiritu

421 4236 641 4295 sancto,
689 4227 735 4282 si
788 4242 895 4283 non
947 4243 1069 4284 eum
1120 4228 1306 4297 genuit
1352 4226 1581 4296 Spiritus
1628 4228 1883 4282 sanctus?
1926 4229 2010 4283 An

421 4319 545 4389 quia
599 4317 725 4375 fecit
773 4318 941 4373 eum?
993 4319 1256 4386 Quoniam
1311 4317 1569 4374 Dominus
1624 4328 1810 4374 noster
1855 4317 2012 4375 Iesus

366 4470 373 4475 _
421 4408 666 4467 Christus
696 4411 748 4465 in
776 4420 1029 4481 quantum
1055 4410 1194 4466 Deus
1222 4417 1323 4475 est,
1350 4410 1521 4465 omnia
1550 4425 1640 4481 per
1665 4412 1834 4480 ipsum
1877 4413 2013 4484 facta

422 4512 540 4557 sunt
566 4501 745 4573 (Joan.
775 4488 826 4567 t,
859 4502 954 4573 5):
986 4502 1038 4557 in
1076 4510 1332 4573 quantum
1372 4512 1550 4559 autem
1594 4502 1755 4561 homo
1797 4512 1912 4569 est,
1958 4512 2014 4560 et

423 4593 538 4662 ipse
576 4594 744 4650 factus
784 4603 887 4662 est,
913 4594 1052 4649 sicut
1079 4596 1367 4665 Apostolus
1405 4597 1571 4654 dicit:
1620 4597 1815 4654 Factus
1842 4606 1916 4653 est
1949 4614 2015 4653 ea:

422 4688 611 4742 semine
640 4686 808 4743 David
827 4689 1103 4745 secundum
1126 4705 1330 4746 carnem
1360 4692 1536 4764 (Rom.
1566 4708 1619 4758 ι,
1647 4693 1725 4765 3).
1754 4692 1860 4749 Sed
1890 4708 2011 4749 cum

424 4780 569 4836 illam
614 4792 916 4839 creaturam
956 4794 1115 4853 quam
1161 4783 1324 4856 Virgo
1376 4785 1624 4857 concepit
1664 4794 1722 4842 et
1768 4786 2009 4856 peperit,

423 4874 668 4942 quamvis
691 4873 759 4930 ad
792 4874 960 4930 solam
998 4890 1281 4946 personam
1311 4875 1433 4933 Filii
1476 4879 1830 4949 pertinentem
1855 4921 1869 4946 ,
1903 4887 2012 4933 tota

424 4964 657 5023 Trinitas
684 4965 908 5036 fecerit;
938 4978 1111 5042 neque
1147 4971 1290 5026 enim
1330 4973 1647 5043 separabilia
1683 4983 1807 5028 sunt
1849 4987 2012 5044 opera

422 5057 729 5125 Trinitatis;
761 5074 859 5119 cur
894 5061 951 5116 in
973 5075 1034 5117 ea
1062 5060 1303 5117 facienda
1344 5065 1490 5119 solus
1525 5063 1757 5134 Spiritus
1799 5074 2015 5121 sanctus

425 5152 726 5208 nominatus
766 5153 888 5209 est?
923 5154 1009 5208 An
1036 5163 1091 5210 et
1131 5154 1343 5226 quando
1368 5170 1510 5213 unus
1556 5158 1719 5213 trium
1747 5158 1800 5212 in
1838 5158 2016 5229 aliquo

424 5257 587 5311 opere
613 5244 919 5300 nominatur
936 5287 953 5315 ,
980 5246 1228 5303 universa
1252 5248 1465 5318 operari
1498 5249 1733 5305 Trinitas
1758 5249 2013 5321 intelligi-

427 5335 552 5389 tur?
586 5332 659 5389 Ita
687 5349 817 5392 vero
840 5345 943 5405 est,
968 5348 1023 5395 et
1049 5340 1312 5411 exemplis
1339 5341 1518 5397 doceri
1550 5350 1742 5412 potest.
1772 5341 1878 5399 Sed
1898 5358 2015 5398 non

425 5436 510 5482 est
535 5426 591 5484 in
634 5427 737 5485 hoc
779 5428 975 5488 diutius
1014 5433 1426 5491 immorandum.
1475 5435 1609 5491 Illud
1648 5436 1793 5493 enim
1840 5446 2019 5494 movet

426 5630 608 5744 ωέῃῗὶε
633 5627 803 5693 plures
830 5637 938 5685 Mss.
977 5642 1089 5688 eum
1111 5643 1213 5688 Am.
1238 5640 1314 5687 Er.
1356 5643 1407 5690 et
1429 5644 1545 5688 Dan.
1571 5644 1628 5690 At
1659 5643 1768 5691 Lov.
1796 5646 1849 5691 et
1885 5648 2018 5703 Arn.,

429 5758 512 5874 es:
529 5756 843 5874 (1ωά
863 5756 1006 5827 φιὰά
1023 5774 1137 5817 eum
1155 5760 1360 5829 Spiritus
1373 5768 1584 5818 sanctus.
1602 5773 1723 5832 Vox,
1748 5765 1902 5834 quasi,
1926 5781 2022 5820 non

924 314 1379 383 ENCHIRIDION,
1420 312 1573 370 SIVE
1612 313 1699 369 DE
1738 311 1914 381 FIDE,
1954 310 2082 371 SPE
2119 311 2208 368 ET
2247 316 2665 392 CHARITATE,
2706 321 2779 389 S.
2806 321 3176 382 AUGUSTINI

3586 324 3697 385 959

2119 433 2384 501 quomodo
2425 435 2625 493 dictum
2664 438 2750 503 sit,
2795 437 2958 494 Natus
2995 440 3064 496 de
3091 439 3288 509 Spiritu
3322 448 3531 507 sancto,
3568 456 3694 499 cum

2118 522 2257 578 ﬁlius
2281 525 2427 580 nullo
2455 527 2708 582 modo‘sit
2729 528 2954 598 Spiritus
2983 533 3170 587 sancti.
3196 532 3377 603 Neque
3396 533 3540 588 enim
3568 535 3697 605 quia

2116 616 2372 673 mundum
2392 620 2552 675 istum
2574 619 2699 677 fecit
2721 622 2882 691 Deus,
2904 624 3008 679 dici
3029 640 3150 679 eum
3175 624 3255 680 fas
3275 632 3358 680 est
3382 624 3477 680 Dei
3501 624 3693 696 ﬁlium,

2115 718 2208 764 aut
2232 726 2354 766 eum
2380 720 2561 767 natum
2588 712 2655 768 de
2675 714 2818 781 Deo;
2847 716 2940 772 sed
2968 714 3186 785 factum,
3213 717 3297 772 vel
3327 726 3587 785 creatum,
3613 719 3702 775 vel

2114 803 2405 871 conditum,
2430 804 2515 861 vel
2536 805 2834 862 institutum
2853 808 2921 862 ab
2942 809 3053 876 illo,
3074 809 3157 863 vel
3177 809 3223 864 si
3242 810 3369 879 quid
3389 809 3698 879 huiusmodi

2115 903 2259 951 recte
2289 911 2572 965 possumus
2612 899 2808 955 dicere.
2849 899 2949 955 Hic
2985 916 3133 972 ergo,
3181 917 3302 957 cum
3347 903 3699 960 eonﬁteamur

2115 994 2297 1041 natttm
2322 988 2389 1042 de
2420 987 2617 1058 Spiritu
2655 998 2840 1046 sancto
2873 1002 2925 1046 et
2963 993 3166 1063 virgine
3207 993 3393 1061 Maria,
3429 996 3701 1066 quomodo

2113 1091 2220 1133 non
2268 1078 2337 1133 sit
2379 1078 2518 1134 ﬁlius
2565 1081 2792 1151 Spiritus
2828 1084 3032 1153 sancti,
3077 1094 3132 1140 et
3182 1086 3252 1141 sit
3294 1086 3437 1143 ﬁlius
3478 1088 3701 1158 virginis

2112 1169 2324 1236 Mariae,
2353 1187 2472 1228 cum
2504 1183 2557 1228 et
2584 1174 2653 1229 de
2682 1175 2778 1230 illo
2821 1184 2876 1231 et
2901 1176 2970 1231 de
2994 1178 3081 1232 illa
3111 1179 3180 1233 sit
3207 1188 3364 1235 natus
3384 1216 3401 1246 ,
3432 1182 3700 1249 explicare

2112 1261 2325 1319 difﬁcile
2346 1272 2447 1318 est.
2471 1265 2663 1321 Procul
2691 1267 2852 1322 dubio
2877 1269 3075 1339 quippe
3104 1286 3208 1325 non
3238 1273 3315 1326 sic
3337 1272 3405 1327 de
3434 1273 3525 1326 illo
3553 1281 3610 1326 ut
3629 1272 3698 1327 de

2110 1362 2282 1424 patre,
2313 1357 2390 1411 sic
2417 1366 2592 1412 autem
2618 1358 2685 1412 de
2711 1359 2799 1414 illa
2826 1369 2884 1413 ut
2913 1360 2980 1415 de
3005 1371 3173 1416 matre
3199 1372 3355 1417 natus
3376 1372 3481 1417 est.

2181 1447 2404 1504 CAPUT
2434 1448 2877 1505 XXXIX.——Non
2900 1453 3145 1523 quidquid
3168 1470 3232 1509 ea:
3255 1455 3427 1523 aliqua
3451 1456 3697 1522 nascitur,

2110 1540 2218 1609 ejus
2239 1540 2375 1608 ﬁlius
2401 1541 2663 1595 dicendas.
2692 1542 2805 1597 Non
2835 1542 2993 1614 igitur
3022 1544 3421 1600 concedendum
3441 1554 3526 1601 est
3545 1545 3701 1615 quid-

2110 1630 2235 1700 quid
2284 1631 2351 1686 de
2399 1632 2575 1702 aliqua
2621 1648 2679 1688 re
2725 1634 2981 1701 nascitur,
3032 1636 3286 1690 continuo
3336 1636 3574 1706 ejusdem
3619 1636 3702 1692 rei

2112 1725 2277 1779 lilium
2307 1727 2736 1796 nuncupandum.
2779 1727 2847 1782 Ut
2886 1727 3029 1782 enim
3057 1729 3295 1782 omittam
3321 1729 3477 1784 aliter
3505 1730 3573 1785 de
3602 1730 3703 1786 ho-

2110 1816 2254 1871 mine
2282 1819 2428 1872 nasci
2457 1819 2645 1884 ﬁlium,
2676 1820 2829 1874 aliter
2857 1820 3127 1890 capillum,
3164 1821 3462 1891 pediculum
3487 1824 3525 1890 ¹,
3556 1824 3699 1879 lum-

2109 1908 2334 1976 bricum,
2357 1926 2581 1981 quorum
2603 1912 2733 1966 nihil
2754 1923 2836 1967 est
2860 1913 2998 1968 ﬁlius
3021 1932 3036 1968 :
3067 1923 3128 1968 ut
3145 1930 3272 1985 ergo
3294 1918 3407 1971 hmo
3430 1919 3696 1986 omittam,

2108 2004 2359 2073 quoniam
2381 2012 2542 2058 tantae
2566 2004 2645 2060 rei
2666 2003 2977 2060 deformiter
3000 2017 3407 2076 comparantur;
3435 2019 3582 2064 certe
3606 2010 3701 2080 qui

2109 2106 2402 2151 nascuntur
2427 2113 2490 2151 ex
2519 2113 2653 2168 aqua
2681 2107 2733 2153 et
2758 2098 2957 2169 Spiritu
2992 2110 3178 2157 sancto
3196 2143 3212 2168 ,
3246 2116 3351 2157 non
3378 2117 3529 2172 aqua:
3558 2104 3699 2160 ﬁlios

2108 2201 2203 2242 eos
2229 2188 2329 2243 rite
2355 2188 2549 2243 dixerit
2574 2190 2834 2260 quispiam
2860 2209 2874 2245 :
2906 2191 3001 2248 sed
3030 2193 3181 2261 plane
3210 2194 3462 2250 dicuntur
3484 2195 3578 2251 ﬁlii
3606 2197 3699 2252 Dei

2108 2278 2283 2335 Patris
2310 2290 2363 2336 et
2390 2282 2577 2337 matris
2607 2282 2881 2338 Ecclesize.
2911 2282 3000 2339 Sic
3029 2300 3155 2355 ergo
3184 2287 3251 2340 de
3288 2286 3488 2357 Spiritu
3512 2296 3700 2344 sancto

2108 2381 2264 2428 natus
2287 2382 2371 2429 est
2400 2374 2539 2430 ﬁlius
2569 2376 2664 2431 Dei
2693 2376 2883 2443 Patris,
2918 2393 3025 2432 non
3068 2378 3299 2448 Spiritus
3328 2383 3518 2436 sancti.
3566 2383 3696 2437 Nam

2105 2474 2163 2523 et
2188 2464 2314 2523 illud
2340 2466 2485 2540 quod
2506 2466 2574 2526 de
2599 2468 2795 2542 capillo
2819 2478 2875 2525 et
2893 2470 2961 2525 de
2986 2472 3198 2526 cmteris
3224 2472 3474 2538 diximus,
3499 2474 3566 2529 ad
3595 2474 3699 2531 hoc

2108 2567 2312 2615 tantum
2354 2561 2514 2627 valet,
2552 2572 2610 2618 ut
2656 2563 3040 2620 admoneamur
3085 2579 3192 2622 non
3235 2580 3395 2620 omne
3445 2567 3587 2636 quod
3629 2567 3698 2622 de

2107 2653 2285 2724 aliquo
2324 2654 2593 2722 nascitur,
2634 2658 2795 2712 etiam
2841 2658 3008 2714 ﬁlium
3047 2660 3167 2730 ejus
3204 2659 3273 2717 de
3319 2674 3425 2732 quo
3464 2662 3699 2718 nascitur

2107 2760 2266 2815 posse
2286 2746 2410 2801 dici.
2435 2746 2582 2803 Sicut
2605 2764 2710 2804 non
2733 2764 2920 2807 omnes
2945 2751 3035 2821 qui
3057 2751 3308 2807 dicuntur
3333 2754 3556 2823 alicujus
3577 2753 3694 2822 ﬁlii,

2108 2850 2440 2907 consequens
2470 2847 2554 2893 est
2579 2846 2637 2894 ut
2675 2839 2743 2894 de
2767 2839 2858 2895 illo
2891 2841 3052 2896 etiam
3097 2842 3208 2897 nati
3250 2857 3370 2898 esse
3412 2844 3695 2912 dicantur;

2108 2927 2485 2999 sicutsuntqui
2499 2928 2832 2999 adoptantur.
2854 2930 3279 2990 Dicunturetiam
3301 2936 3388 2990 lilii
3406 2937 3695 3007 geltennm,

2108 3036 2214 3074 non
2234 3036 2299 3075 ex
2327 3021 2416 3076 illa
2438 3022 2571 3090 nati,
2594 3023 2689 3078 sed
2710 3024 2764 3078 in
2787 3024 2927 3080 illam
2955 3028 3258 3097 praeparati,
3282 3029 3420 3085 sicut
3437 3030 3528 3085 ﬁlii
3552 3033 3699 3103 regni

2110 3116 2197 3185 qui
2228 3117 2248 3147 '
2272 3125 2639 3187 prarparantur
2663 3118 2715 3172 in
2741 3135 2985 3190 regnum.

2179 3208 2405 3265 CAPUT
2444 3210 2555 3266 XL.
2586 3241 2659 3251 —
2684 3212 2871 3268 Modus
2907 3231 3007 3285 quo
3047 3226 3195 3271 natus
3242 3226 3313 3273 est
3360 3218 3587 3273 Christus
3633 3220 3699 3275 ds

2111 3298 2311 3369 Spiritu
2335 3312 2539 3369 sancto,
2569 3302 2793 3358 insinuat
2832 3306 3048 3376 gratiam
3094 3308 3301 3363 unionis
3351 3309 3696 3381 Itymstaticw.

2111 3390 2243 3448 Cum
2275 3392 2453 3464 itaque
2489 3394 2557 3450 de
2587 3396 2766 3467 aliquo
2790 3408 3041 3454 nascatur
3068 3401 3269 3472 aliquid
3308 3403 3468 3458 etiam
3499 3418 3605 3459 non
3634 3416 3702 3459 eo

2112 3485 2275 3553 modo
2319 3495 2379 3543 ut
2421 3489 2492 3544 sit
2538 3488 2715 3558 ﬁlius,
2762 3505 2863 3547 nec
2907 3508 3095 3549 rursus
3146 3494 3322 3550 omnis
3368 3497 3461 3566 qui
3507 3496 3705 3553 dicitur

2112 3577 2285 3646 ﬁlius,
2331 3579 2400 3635 de
2444 3580 2537 3636 illo
2584 3582 2656 3636 sit
2698 3592 2857 3637 natus
2896 3584 3049 3654 cujus
3092 3584 3288 3641 dicitur
3338 3585 3516 3653 ﬁlius;
3571 3602 3702 3659 pro-

2114 3672 2251 3729 fecto
2294 3674 2484 3730 modus
2518 3675 2620 3732 iste
2659 3691 2768 3747 quo
2810 3685 2966 3733 natus
2998 3687 3082 3733 est
3112 3677 3353 3735 Christus
3391 3680 3460 3735 de
3499 3681 3705 3751 Spiritu

2113 3774 2299 3821 sancto
2324 3782 2429 3822 non
2451 3767 2589 3824 sicut
2606 3768 2768 3835 ﬁlius,
2794 3776 2850 3824 et
2872 3768 2940 3824 de
2960 3768 3121 3824 Maria
3141 3769 3347 3840 virgine
3371 3771 3509 3826 sicut
3538 3769 3701 3842 ﬁlius,

2114 3855 2346 3912 insinuat
2371 3858 2524 3914 nobis
2551 3860 2778 3929 gratiam
2812 3860 2942 3925 Dei,
2970 3874 3073 3932 qua
3100 3860 3263 3917 homo
3304 3863 3466 3918 nullis
3495 3878 3704 3933 praece-

2113 3947 2361 4006 dentibus
2382 3950 2608 4018 meritis,
2633 3950 2686 4006 in
2708 3952 2825 4022 ipso
2845 3951 3067 4007 exordio
3095 3961 3301 4009 natura:
3323 3968 3435 4011 suze
3456 3970 3561 4027 quo
3582 3950 3705 4012 esse

2113 4041 2294 4110 erepit,
2342 4042 2511 4098 Verbo
2553 4042 2664 4098 Deo
2688 4041 2712 4075 ³
2752 4043 3095 4114 copularetur
3122 4044 3177 4099 in
3215 4052 3416 4101 tantam
3463 4060 3705 4116 personae

2113 4134 2369 4190 unitatem
2391 4176 2405 4201 ,
2428 4144 2487 4190 ut
2505 4135 2646 4191 idem
2667 4136 2782 4207 ipse
2806 4146 2951 4193 esset
2971 4137 3114 4194 ﬁlius
3138 4138 3233 4195 Dei
3253 4141 3341 4210 qui
3369 4138 3507 4196 ﬁlius
3532 4139 3710 4195 homi-

2114 4229 2220 4296 nis,
2249 4238 2303 4284 et
2324 4229 2465 4284 ﬁlius
2492 4229 2725 4285 hominis
2753 4232 2843 4302 qui
2873 4231 3013 4288 ﬁlius
3044 4234 3141 4289 Dei
3166 4252 3179 4288 :
3208 4249 3271 4289 ac
3296 4236 3373 4290 sic
3400 4235 3453 4289 in
3501 4244 3707 4290 naturre

2115 4317 2360 4375 humana:
2396 4319 2734 4390 susceptione
2761 4322 2916 4378 ﬁeret
2938 4324 3170 4395 quodam
3205 4326 3368 4380 modo
3394 4326 3507 4396 ipsa
3537 4326 3705 4397 gratia

2116 4412 2191 4467 illi
2218 4412 2415 4468 homini
2445 4414 2702 4469 naturalis
2724 4456 2741 4481 ,
2772 4431 2891 4487 qua:
2919 4415 2943 4449 ’⁵
2972 4419 3175 4473 nullum
3218 4428 3495 4489 peccatum
3528 4426 3709 4489 posset

2116 4503 2416 4559 admittere.
2440 4505 2568 4570 Quae
2587 4507 2755 4575 gratia
2779 4517 3059 4577 propterea
3078 4524 3173 4580 per
3190 4509 3445 4580 Spiritum
3464 4518 3706 4565 sanctum

2116 4594 2288 4651 fuerat
2333 4597 2678 4667 signiﬁcanda
2697 4640 2713 4667 ,
2763 4601 2884 4672 quia
2914 4601 3029 4672 ipse
3060 4605 3270 4675 pr0prie
3306 4608 3383 4660 sic
3413 4614 3496 4661 est
3526 4602 3663 4661 Deus
3685 4646 3703 4674 ,

2118 4696 2177 4745 ut
2216 4688 2425 4745 dicatur
2464 4692 2624 4746 etiam
2668 4692 2763 4748 Dei
2808 4693 3004 4749 donum
3050 4688 3190 4765 (Act.
3220 4708 3339 4764 vm,
3384 4695 3502 4767 20).
3552 4696 3708 4753 Unde

2116 4781 2448 4840 sufﬁcienter
2487 4783 2632 4855 loqui
2659 4785 2680 4817 ⁵
2711 4784 2794 4857 (si
2826 4797 3003 4842 tamen
3038 4786 3091 4842 id
3129 4785 3247 4843 ﬁeri
3292 4788 3527 4861 potest),
3556 4788 3711 4845 Valde

2118 4876 2338 4952 prolixae
2364 4876 2743 4946 disputationis
2765 4888 2865 4934 est.
3584 4958 3587 4961 ν

2121 5003 2124 5006 ~
2189 4970 2413 5027 CAPUT
2453 4970 2585 5025 XLI.
2617 4972 2797 5027 ~15.
2839 4970 3067 5027 Christus
3088 4973 3198 5027 sine
3223 4983 3446 5044 peccato,
3473 4975 3563 5030 sed
3588 4993 3708 5047 pec-

2119 5073 2287 5117 catum
2325 5065 2512 5133 factus.
2546 5061 2697 5118 Nulla
2727 5062 2886 5133 igitur
2928 5064 3202 5134 volumate
3241 5067 3471 5122 carnalis
3513 5083 3714 5123 concu-

2119 5155 2393 5226 piscentia:
2418 5155 2711 5210 seminatus
2746 5156 2860 5210 sive
2896 5165 3187 5229 conceptus
3210 5199 3225 5225 ,
3259 5167 3314 5214 et
3340 5158 3461 5215 ideo
3508 5160 3709 5216 nullum

2123 5258 2399 5321 peccatum
2449 5248 2777 5319 originaliter
2828 5249 3082 5318 trahens;
3138 5251 3233 5307 Dei
3284 5268 3497 5325 quoque
3541 5255 3713 5324 gratia

2124 5341 2301 5399 Verbo
2320 5341 2492 5397 Patris
2522 5341 2815 5414 unigenito,
2848 5358 2952 5398 non
2980 5346 3148 5416 gratia
3180 5344 3336 5417 Filio,
3363 5345 3457 5403 sed
3487 5356 3672 5402 natura
3690 5385 3711 5416 ,

2187 5457 2205 5487 ί
2246 5454 2547 5517 Antiquiores
2568 5455 2779 5520 codices,
2806 5454 3119 5520 peducnlum.

2186 5519 2207 5589 ξ
2232 5516 2513 5589 Pronomen,
2541 5516 2643 5589 qui,
2676 5516 2821 5570 abest
2853 5531 2881 5569 a
2905 5528 3111 5589 quatuor
3146 5520 3382 5571 Vaticanis
3414 5524 3473 5571 et
3493 5519 3558 5570 ab
3589 5520 3715 5572 anti-

2123 5581 2374 5644 quioribus
2392 5577 2658 5644 (gallicanis.

2189 5644 2209 5675 ³
2231 5644 2303 5691 sic
2326 5640 2556 5693 meliores
2576 5650 2683 5693 Mss.
2711 5648 2767 5693 At
2790 5644 2925 5705 editi,
2958 5642 3106 5694 Verbo
3128 5642 3231 5695 Dei.

2188 5705 2209 5770 ξ
2232 5708 2571 5755 Germancnsis
2587 5706 2762 5765 codex,
2787 5707 2886 5770 qui.
2909 5706 2990 5755 Alii
3013 5706 3109 5770 duo
3135 5716 3257 5766 Μεε..
3285 5717 3399 5770 qua.

2187 5769 2208 5801 ⁸
2240 5770 2322 5839 βίᾳ
2358 5777 2459 5839 Ant.
2487 5774 2561 5839 tir.
2598 5775 2708 5821 ων.
2746 5766 2811 5822 et
2838 5779 2947 5821 Arn.
2986 5769 3184 5834 addunt,
3537 5770 3669 5824 esset
3688 5778 3714 5826 o’

2130 5830 2259 5898 quod
2278 5832 2419 5882 abest
2439 5843 2469 5883 a
