4046 6332
278 450 328 505 in
350 448 552 505 unitate
578 462 826 520 personae
847 448 866 481 ⁸
892 449 1051 509 modo
1079 449 1309 509 mirabili
1329 457 1384 508 et
1403 449 1656 507 ineﬁ'nbili
1678 450 1868 523 adjun-

279 546 389 596 ctus’
417 536 577 611 athe
598 534 907 610 Concretus,
930 551 987 599 et
1011 542 1130 599 ideo
1150 544 1356 599 nullum
1382 552 1657 614 peccatum
1677 550 1733 598 et
1750 542 1868 616 ipse

260 632 652 700 committens;
678 624 854 691 tamen
877 644 1093 706 propter
1117 635 1522 692 similitudinem
1548 636 1725 693 carnis
1746 649 1869 706 pec-

260 726 372 803 fcati
402 727 456 782 in
485 722 592 798 qua
621 720 845 785 venerat
869 727 1047 798 (Rom.
1081 746 1202 797 vui,
1233 730 1288 802 5)
1309 771 1328 798 ,
1357 729 1532 786 dictus
1554 738 1641 787 est
1673 738 1729 785 et
1753 730 1870 801 ipse

256 806 573 889 peccatum,
597 819 977 877 sacriﬁcandus
996 820 1065 877 ad
1082 821 1332 878 diluenda
1353 829 1591 893 peccata.
1611 820 1671 877 In
1688 830 1869 877 vetere

260 912 466 983 quippe
490 906 613 983 lege
641 906 854 984 peccata
881 914 1211 970 vocabantur
1231 912 1491 971 sacriﬁcia
1517 929 1614 985 pro
1635 913 1868 984 peccatis

275 1003 426 1077 (Osee
455 1022 535 1071 IV,
570 1006 628 1077 8)
670 1024 682 1059 :
714 1005 855 1078 quod
883 1023 1006 1062 vere
1033 1006 1130 1062 iste
1158 1006 1331 1062 factus
1360 1018 1444 1062 est
1470 1006 1622 1077 cujus
1668 1005 1868 1061 umbrae

274 1108 422 1151 erant
452 1094 567 1152 illa.
599 1094 737 1152 llinc
764 1096 1050 1169 Apostolus
1079 1114 1199 1153 cum
1230 1099 1452 1153 dixisset
1474 1141 1489 1161 .
1536 1096 1869 1151 Obsecramus

260 1186 359 1261 pro
390 1189 595 1243 Christo
625 1190 942 1244 reconciliari
968 1188 1115 1257 Deo;
1141 1190 1395 1245 continuo
1417 1189 1688 1261 subjunxit
1708 1197 1868 1258 atque

270 1268 376 1336 ait:
410 1280 549 1335 Eum
578 1283 663 1352 qui
694 1300 793 1337 non
819 1290 1020 1336 nouerat
1058 1291 1356 1350 peccatum,
1389 1298 1481 1353 pro
1512 1281 1652 1337 nobis
1691 1297 1869 1351 pecca-

273 1382 376 1431 tum
403 1375 555 1443 fecit,
583 1384 636 1427 ut
663 1391 753 1427 nos
781 1375 947 1441 simus
950 1374 1156 1445 justitiu
1198 1373 1295 1428 Dei
1334 1374 1387 1428 in
1412 1374 1521 1444 ipso
1551 1372 1619 1445 (ll
1648 1371 1766 1427 Cur.
1799 1389 1866 1441 ν,

270 1462 366 1530 20,
399 1465 515 1533 2|).
560 1464 677 1520 Non
706 1465 815 1534 ait,
845 1475 902 1521 ut
932 1466 983 1520 in
1013 1452 1328 1536 quibusdam
1355 1465 1627 1522 mendosis
1666 1464 1867 1520 codici-

268 1556 368 1611 bus
395 1558 624 1628 legitur,
669 1546 715 1614 ls
745 1558 833 1629 qui
866 1575 971 1613 non
1014 1566 1237 1614 noverat
1276 1568 1581 1629 peccatum,
1625 1573 1721 1629 pro
1765 1572 1868 1612 no-

266 1648 351 1704 bis
400 1658 682 1721 peccatum
735 1647 898 1718 fecit;
955 1659 1205 1720 tanquam
1263 1665 1359 1720 pro
1416 1649 1571 1704 nobis
1623 1647 1867 1705 Christus

270 1732 381 1812 ipse
418 1726 761 1811 peccaverit:
806 1738 901 1797 sed
938 1741 1044 1809 ait,
1076 1741 1210 1797 Eum
1250 1742 1337 1812 qui
1362 1758 1464 1796 non
1505 1750 1710 1796 noverat
1747 1756 1867 1811 pec-

268 1845 474 1902 catum,
521 1834 573 1889 id
628 1843 709 1891 est
756 1832 1053 1901 Christum,
1106 1851 1198 1905 pro
1247 1833 1389 1888 nobis
1442 1845 1701 1903 peccatum
1750 1832 1867 1904 fecit

269 1927 444 1993 Deus,
494 1924 579 1981 cui
633 1925 1012 1982 reconciliandi
1053 1941 1273 1992 sumus,
1322 1926 1424 1982 hoc
1479 1934 1599 1992 est,
1657 1926 1865 1981 sacriﬁ-

268 2017 408 2072 cium
439 2034 536 2089 pro
578 2018 842 2087 peccatis,
877 2033 969 2088 per
1007 2016 1147 2088 quod
1176 2017 1510 2073 reconciliari
1537 2017 1863 2090 valeremus.

266 2106 388 2179 Ipse
423 2124 551 2180 ergo
580 2118 884 2180 peccatum,
916 2120 974 2163 ut
997 2125 1092 2164 nos
1121 2109 1322 2179 iustitia
1347 2125 1362 2174 ;
1393 2124 1493 2165 nec
1520 2120 1701 2164 nostra
1720 2149 1737 2179 ,
1768 2109 1866 2166 sed

267 2198 370 2256 Dei
397 2218 412 2267 ;
440 2217 538 2256 nec
566 2201 613 2256 in
641 2201 819 2266 nobis,
850 2200 942 2256 sed
973 2201 1025 2256 in
1050 2201 1168 2272 ipso
1194 2220 1203 2253 :
1239 2202 1376 2257 sicut
1402 2202 1516 2272 ipse
1546 2211 1824 2273 peccatum
1845 2245 1862 2273 ,

264 2280 378 2347 non
422 2308 598 2360 suum,
636 2276 734 2348 sed
780 2302 1053 2359 nostrum;
1103 2308 1201 2348 nec
1248 2294 1301 2349 iu
1346 2309 1426 2361 se,
1467 2293 1563 2350 sed
1608 2294 1663 2349 in
1708 2295 1867 2351 nobis

269 2385 646 2452 constitutum,
680 2384 1031 2441 similitudine
1060 2385 1236 2440 carnis
1268 2387 1491 2456 peccati,
1525 2387 1577 2441 in
1606 2402 1709 2457 qua
1738 2402 1865 2443 cru-

266 2470 458 2531 ciﬁxus
498 2470 613 2545 est,
659 2476 1080 2533 demonstravit:
1114 2487 1171 2532 ut
1213 2478 1463 2549 quoniam
1495 2490 1771 2550 peccatum
1814 2480 1866 2536 ei

268 2583 372 2647 non
394 2568 589 2632 inerat,
613 2569 686 2624 ita
707 2556 934 2641 quodam
962 2569 1121 2625 modo
1149 2580 1365 2641 peccato
1393 2582 1712 2640 moreretur,
1737 2572 1865 2629 dum

267 2662 495 2717 moritur
536 2663 687 2719 carui
713 2664 756 2729 ',
801 2662 855 2719 in
894 2679 998 2735 qua
1040 2672 1155 2719 erat
1199 2665 1488 2721 similitudo
1536 2668 1778 2737 peccati;
1810 2676 1866 2724 et

266 2769 385 2809 cmn
441 2753 737 2810 secundum
797 2763 1113 2812 vetustatem
1164 2758 1367 2827 peccati
1420 2774 1693 2831 nunquam
1750 2760 1865 2830 ipse

268 2846 510 2914 vixisset,
556 2857 795 2904 nostram
838 2864 905 2906 ex
946 2857 1117 2905 morte
1161 2850 1349 2917 veteri,
1398 2868 1501 2923 qua
1546 2853 1598 2907 in
1645 2862 1866 2923 peccato

269 2928 464 2992 mortui
495 2937 770 2994 fueramus
789 2982 804 3007 ,
836 2941 1244 3000 reviviscentem
1274 2943 1437 3000 vitam
1475 2960 1675 3003 novam
1720 2946 1741 2977 ³
1768 2961 1862 3004 sua

269 3031 665 3087 resurrectione
690 3033 945 3103 signaret.

272 3200 283 3205 ᾗ
331 3122 566 3181 CAPUT
605 3114 1175 3199 XLlI.—Baptisnius
1222 3130 1406 3198 datur,
1448 3141 1503 3187 ut
1545 3134 1861 3204 moriamur,

268 3224 308 3268 et
333 3214 713 3272 reviviscamus.
750 3212 925 3287 Ipsum
956 3228 1040 3276 est
1068 3220 1208 3291 quod
1246 3222 1299 3277 in
1340 3222 1493 3279 nobis
1521 3226 1821 3282 celebratur
1843 3268 1860 3295 ,

268 3324 517 3379 magnum
546 3309 889 3381 Baptismatis
917 3324 1332 3383 sacramentum,
1366 3325 1424 3371 ιιι
1449 3319 1769 3389 quicumque
1794 3318 1863 3373 ad

269 3396 421 3455 istam
464 3404 736 3472 pertinent
777 3408 1037 3477 gratiam,
1085 3410 1379 3464 moriantur
1426 3420 1676 3482 peccato,
1726 3414 1866 3470 sicut

268 3486 378 3577 ipse
409 3506 633 3568 peccato
659 3508 904 3556 mortuus
927 3500 1138 3571 dicitur,
1168 3504 1291 3575 quia
1321 3512 1561 3561 mortuus
1585 3514 1669 3562 est
1692 3507 1860 3576 carni,

270 3584 368 3641 hoc
397 3597 502 3656 est,
530 3592 734 3661 peccati
763 3593 1097 3648 similitudini
1129 3612 1141 3648 :
1174 3604 1229 3650 et
1258 3595 1442 3652 vivant
1464 3612 1497 3652 a
1526 3598 1738 3653 lavacro
1776 3614 1865 3656 re-

269 3678 558 3749 nascendo,
583 3683 720 3738 sicut
747 3686 860 3755 ipse
881 3702 909 3740 a
932 3687 1178 3759 sepulcro
1202 3689 1550 3761 resurgendo,
1571 3692 1864 3762 quamlibet

268 3775 508 3845 corporis
532 3786 748 3834 aetatem
775 3788 981 3851 gerant.

330 3862 565 3923 CAPUT
605 3852 789 3924 XLIII.
814 3901 883 3911 ——
904 3868 972 3926 In
996 3870 1259 3943 Baptism
1282 3890 1454 3929 omnes
1480 3883 1685 3945 peccato
1710 3852 1860 3945 mori,

266 3965 308 4010 at
336 3959 580 4027 parvulas
599 4001 615 4023 ,
647 3968 696 4014 et
724 3960 961 4030 majores.
993 3964 1038 4017 A
1081 3963 1302 4035 parvulo
1327 3964 1470 4020 enim
1509 3981 1699 4023 recens
1739 3976 1864 4023 nato

268 4065 431 4127 usque
460 4050 528 4106 ad
568 4050 899 4123 decrepitum
930 4069 1114 4110 senem
1134 4098 1149 4121 ,
1179 4057 1318 4113 sicut
1346 4057 1524 4113 nullus
1563 4066 1646 4113 est
1675 4057 1863 4129 prohi-

267 4141 474 4213 bendus
517 4158 548 4198 a
589 4144 894 4215 Baptismo,
928 4146 999 4202 ita
1028 4148 1205 4204 nullus
1249 4157 1333 4206 est
1365 4149 1455 4220 qui
1495 4165 1600 4205 non
1647 4160 1865 4220 peccato

267 4238 529 4291 moriatur
565 4236 620 4292 in
650 4224 954 4308 Baptismo:
984 4242 1080 4295 sed
1111 4241 1315 4311 parvuli
1348 4250 1549 4296 tantum
1578 4242 1862 4312 originali,

268 4331 500 4401 majores
528 4339 706 4387 autem
730 4332 888 4387 etiam
916 4332 981 4387 iis
1010 4334 1257 4390 omnibus
1285 4335 1583 4392 moriuntur
1609 4335 1863 4405 peccatis,

268 4436 621 4494 quaecumque
662 4424 804 4480 male
830 4424 1057 4481 vivendo
1098 4425 1421 4482 addiderunt
1444 4427 1513 4483 ad
1558 4426 1684 4482 illud
1723 4425 1865 4497 quod

271 4515 544 4571 nascendo
567 4525 861 4573 traxerunt.
1648 4586 1651 4591 λ

327 4596 561 4663 CAPUT
583 4592 1064 4689 XLIV—Figura,
1077 4616 1310 4682 tripus-ig,
1328 4627 1425 4679 qua
1438 4627 1674 4665 numerus
1685 4610 1862 4680 accipi-

271 4688 351 4753 tur
380 4718 479 4771 pro
502 4717 732 4756 numero.
763 4688 869 4757 Sed
899 4702 1020 4758 ideo
1041 4704 1200 4758 etiam
1226 4703 1324 4772 ipsi
1348 4713 1570 4775 peccato
1594 4704 1725 4757 mori
1755 4705 1867 4773 ple-

270 4806 500 4863 rumque
511 4792 782 4860 dicuntur,
797 4810 917 4850 cum
935 4795 1119 4866 procul
1138 4795 1302 4850 dubio
1318 4811 1424 4849 non
1450 4795 1560 4859 uni,
1580 4794 1673 4851 sed
1686 4796 1868 4855 multis

271 4886 506 4952 peccatis
532 4886 889 4958 omnibusque
915 4888 1225 4951 moriantur,
1249 4903 1596 4959 quaecumque
1606 4888 1717 4958 jam
1738 4904 1865 4959 pro-

272 4978 385 5045 pria
402 4980 813 5045 commiserunt,
840 4979 922 5034 vel
961 4980 1303 5053 cogitatione,
1345 4981 1430 5036 vel
1460 4981 1751 5049 locutione,
1781 4984 1866 5039 vel

272 5084 468 5140 opere;
500 5073 624 5144 quia
652 5073 812 5128 etiam
844 5089 939 5144 per
973 5074 1296 5146 singularem
1337 5091 1618 5131 numerum
1646 5075 1869 5146 pluralis

270 5168 534 5221 numerus
562 5164 849 5237 signiﬁcari
878 5167 1016 5223 solet
1048 5184 1061 5220 :
1089 5168 1227 5223 sicut
1250 5170 1325 5222 ait
1345 5168 1453 5233 ille,
1492 5188 1511 5222 ‹
1541 5168 1868 5240 Uterumque

270 5267 484 5315 armato
534 5259 702 5315 milite
747 5261 1016 5333 complent
1054 5280 1073 5314 ι
1100 5259 1314 5333 (Virgil.
1340 5260 1554 5330 Aineid,
1578 5264 1666 5318 lib.
1685 5263 1742 5329 2,
1788 5262 1864 5334 ᾗ.

270 5347 399 5420 20);
438 5352 690 5427 quamvis
711 5350 827 5415 hoc
880 5353 1064 5409 multis
1114 5353 1370 5409 militibus
1418 5355 1661 5411 iecerint.
1692 5354 1760 5411 Et
1811 5355 1868 5413 in

270 5441 475 5498 nostris
493 5441 710 5498 Litteris
735 5442 948 5515 legitur,
981 5442 1087 5499 Ora
1106 5460 1226 5516 ergo
1245 5444 1314 5498 ad
1336 5442 1635 5514 Dominum,
1666 5454 1722 5501 ut
1764 5462 1867 5501 au-

286 5568 606 5623 νιιιωιιιιιιὶ
634 5567 1348 5635 unumunum.

333 5636 355 5666 '
380 5634 460 5684 sic
491 5642 596 5682 Am.
628 5638 703 5682 Er.
742 5640 858 5683 Dan.
902 5641 954 5685 et
997 5632 1218 5698 plerique
1255 5641 1363 5685 Mss.
1409 5640 1463 5685 At
1503 5640 1611 5685 nov.
1653 5642 1705 5686 et
1734 5643 1867 5698 Arn.,

269 5708 427 5746 eam

283 5719 537 5820 iuratum,
721 5756 894 5826 genus
924 5763 1242 5826 uss.,_nouam
1266 5771 1284 5808 :
1300 5719 1570 5826 jungendo:
1602 5760 1668 5810 ad
1690 5757 1871 5826 vitam;

272 5829 499 5891 questo:
512 5820 779 5873 [antithesis
798 5821 858 5871 ad
878 5820 1201 5886 praecedentia
1233 5820 1413 5887 vei-ba,“
1440 5834 1504 5874 ex
1525 5828 1675 5876 morte
1696 5820 1861 5877 veteri;

1704 331 1923 405 ΜΒΕῆ
1950 330 2151 391 UNUS.

1978 452 2108 522 [erat
2125 466 2159 504 a
2178 450 2319 506 nobis
2344 459 2621 523 serpentem
2645 451 2838 524 (Nam.
2869 470 2987 523 ut,
3016 456 3077 524 Ἰ,
3098 473 3199 514 see.
3220 458 3419 535 LXX);
3442 476 3551 522 non

1944 614 1949 617 _
1972 543 2048 598 ait
2073 553 2379 615 serpentes,
2411 560 2548 616 quos
2576 547 2875 616 patiebatur
2901 549 3166 619 populus,
3191 562 3252 607 ut
3279 553 3381 610 hoc
3403 555 3555 612 dice-

1973 642 2058 688 ret
2076 650 2089 687 :
2114 642 2167 687 et
2184 633 2590 692 innumerabilia
2605 637 2748 693 talia.
2769 639 2899 695 Cum
2921 655 3049 696 vero
3067 650 3123 697 et
3147 642 3279 715 illud
3297 645 3555 716 originale

1975 738 2137 779 unum
2158 724 2351 796 plurali
2379 742 2605 784 numero
2623 729 2977 799 signiﬁcatur,
3006 732 3221 802 quando
3248 732 3478 791 dicimus
3496 737 3555 795 In

1973 824 2312 884 peccatorum
2338 819 2709 876 remissz
2740 820 2995 891 baptizari
3023 824 3294 894 parvulos,
3325 840 3425 882 nec
3464 828 3552 883 di-

1972 909 2143 977 cimus
2180 909 2236 965 in
2272 911 2646 991 remissionem
2688 914 2924 984 peccati;
2975 915 3059 969 illa
3092 926 3175 971 est
3212 922 3246 972 e'
3283 920 3555 975 contrario

1971 1000 2193 1068 locutio,
2225 1017 2327 1072 qua
2356 1018 2450 1072 per
2480 1004 2734 1073 pluralem
2766 1007 2783 1039 ι
2806 1006 3137 1077 signiﬁcatur
3162 1010 3418 1064 numerus
3434 1011 3551 1067 slu-

1972 1092 2196 1162 gularis.
2234 1092 2386 1149 Sicut
2416 1095 2467 1148 in
2514 1096 2803 1167 Evangelia
2852 1098 3060 1153 Herode
3099 1100 3309 1154 mortuo
3347 1100 3550 1157 dictum

1972 1194 2074 1249 est,
2116 1184 2309 1241 Μοτιαὶ
2352 1196 2469 1242 sunt
2519 1189 2649 1243 enim
2684 1190 2771 1260 qui
2807 1191 3097 1260 quaebant
3138 1193 3362 1246 mirantis
3414 1194 3559 1264 pueri

1977 1273 2186 1346 (Matth.
2230 1293 2286 1343 ιι,
2318 1276 2410 1352 20)
2442 1296 2454 1332 :
2481 1294 2590 1335 non
2628 1280 2827 1336 dictum
2851 1289 2951 1347 est,
2985 1291 3228 1338 mortuus
3257 1292 3358 1339 est.
3398 1284 3465 1338 Et
3500 1284 3555 1340 in

1973 1366 2179 1433 Exodo,
2214 1366 2486 1435 Fecerunt,
2515 1371 2716 1441 inquit,
2735 1371 2831 1427 sibi
2858 1373 2979 1427 deos
3010 1388 3223 1441 aureos;
3248 1388 3370 1430 cum
3392 1388 3556 1430 unum

1977 1458 2198 1514 vitulum
2246 1458 2490 1528 fecerint,
2543 1462 2612 1517 de
2652 1479 2759 1533 quo
2805 1464 3079 1533 dixerunt,
3126 1463 3343 1521 Hisuat
3382 1466 3558 1520 diioui

1972 1550 2156 1617 Israel,
2183 1553 2271 1622 qui
2289 1554 2569 1609 eduxerunt
2592 1567 2638 1609 te
2657 1557 2723 1610 de
2744 1566 2881 1611 terra
2902 1555 3120 1629 £gypti
3140 1556 3338 1624 (Exod.
3367 1568 3553 1625 ιιιιι,

1972 1643 2064 1711 31,
2092 1648 2146 1712 4)
2181 1662 2196 1698 :
2220 1653 2273 1699 et
2305 1645 2389 1700 hic
2415 1647 2673 1717 pluralem
2701 1657 2960 1718 ponentes
2987 1663 3084 1719 pro
3114 1649 3389 1721 singulari.

2043 1736 2269 1793 CAPUT
2308 1738 2468 1793 XLV.
2494 1769 2566 1780 —
2588 1738 2658 1795 In
2700 1742 2862 1811 primo
2895 1742 3112 1796 hominis
3144 1752 3347 1813 peccato
3385 1741 3558 1812 plures

1973 1829 2166 1899 peccati
2204 1832 2412 1901 species.
2440 1831 2692 1899 Quamvis
2721 1842 2776 1889 et
2802 1834 2855 1888 in
2886 1834 2977 1889 illo
3006 1844 3226 1905 peccato
3255 1849 3381 1902 uno,
3412 1833 3557 1904 quod

1972 1938 2069 1993 per
2097 1940 2259 1979 unum
2285 1924 2553 1982 hominem
2581 1927 2796 1982 intravit
2825 1929 2877 1982 in
2905 1927 3181 1994 mundum,
3211 1937 3265 1984 et
3285 1929 3338 1983 in
3365 1936 3556 1983 omnes

1969 2013 2215 2071 homines
2244 2019 2547 2086 pertransiit
2571 2017 2747 2091 (Rom.
2768 2034 2831 2085 ν,
2856 2017 2966 2090 12),
3000 2029 3215 2090 propter
3228 2018 3370 2089 quod
3392 2019 3557 2075 etiam

1971 2106 2176 2175 parvuli
2205 2106 2558 2177 baptisantur,
2582 2109 2788 2179 possint
2814 2109 3039 2178 intelligi
3068 2110 3215 2180 plura
3247 2117 3483 2180 peccata,
3507 2109 3556 2165 si

1973 2214 2135 2254 unum
2167 2199 2340 2268 ipsum
2376 2200 2428 2253 iu
2454 2215 2549 2255 sua
2575 2201 2727 2271 quasi
2758 2201 2995 2256 membra
3032 2201 3236 2271 singula
3269 2200 3553 2255 dividatur.

1966 2289 2102 2347 Nam
2130 2301 2185 2346 et
2207 2290 2456 2362 superbia
2473 2292 2819 2362 estillic,quia
2842 2293 3002 2347 homo
3020 2291 3071 2347 in
3092 2307 3189 2346 sua
3213 2291 3386 2361 potius
3410 2298 3554 2359 esse,

1960 2398 2129 2455 quam
2160 2384 2212 2438 in
2253 2384 2347 2439 Dei
2378 2392 2639 2454 potestate
2677 2385 2891 2452 dilexit;
2932 2394 2989 2441 et
3023 2384 3389 2456 sacrilegium,
3434 2384 3559 2454 quia

1970 2475 2082 2531 Deo
2098 2492 2204 2531 non
2232 2476 2489 2542 credidit;
2512 2486 2567 2532 et
2594 2477 2961 2544 homicidium,
2984 2478 3108 2547 quia
3128 2491 3186 2532 se
3203 2476 3554 2547 praecipitavit

1968 2570 2028 2627 in
2050 2580 2315 2639 mortem;
2363 2579 2418 2626 et
2455 2569 2735 2626 fornicatio
2772 2570 3087 2641 spiritualis,
3127 2571 3251 2641 quia
3284 2568 3559 2639 integritas

1969 2664 2164 2718 mentis
2176 2663 2420 2718 humanae
2432 2664 2735 2736 serpentina
2752 2665 3000 2719 suasione
3014 2673 3261 2733 corrupta
3274 2672 3437 2729 est;et
3453 2662 3558 2718 fue-

1969 2762 2102 2821 tum,
2135 2757 2257 2828 quia
2285 2756 2437 2811 cibus
2458 2757 2757 2828 prohibitus
2776 2766 3059 2827 usurpatus
3088 2763 3199 2821 est;
3232 2766 3285 2810 et
3309 2755 3552 2821 avaritia,

1967 2849 2091 2920 quia
2125 2850 2242 2919 plus
2278 2865 2437 2920 quam
2462 2849 2540 2904 illi
2591 2849 2839 2906 sufﬁcere
2872 2848 3054 2905 debuit
3091 2849 3355 2922 appetivit
3386 2867 3400 2905 :
3430 2855 3485 2903 et
3508 2848 3558 2904 si

1967 2940 2098 3012 quid
2119 2941 2264 2996 aliud
2285 2942 2338 2996 in
2370 2942 2472 2997 hoc
2499 2958 2604 3000 uno
2628 2943 2867 2999 admisso
2889 2943 3134 3015 diligenti
3162 2936 3552 2999 consideratio-

1968 3049 2037 3089 ne
2067 3035 2294 3089 im'eniri
2326 3044 2521 3105 potest.

2039 3127 2263 3183 CAPUT
2301 3127 2486 3183 XLVI.
2532 3158 2607 3171 -ι
2646 3127 2881 3185 Peccatis
2906 3138 3172 3201 parentum
3217 3142 3320 3183 non
3360 3132 3555 3183 tantum

1969 3219 2247 3289 primorum
2265 3218 2480 3290 obligari
2510 3219 2665 3290 ﬁlios,
2699 3220 2959 3292 probabile
2984 3229 3076 3275 est.
3109 3220 3557 3291 Parentum'que-

1968 3326 2073 3381 que
2102 3312 2336 3381 peccatis
2358 3312 2605 3380 parvulos
2634 3312 2879 3383 obligari,
2906 3328 3011 3368 non
3055 3312 3228 3368 solum
3259 3311 3557 3383 primorum

1967 3402 2261 3468 hominum,
2294 3404 2387 3459 sed
2412 3404 2573 3458 etiam
2588 3418 2826 3470 suorum,
2845 3404 2912 3459 de
2939 3404 3132 3475 quibus
3150 3406 3249 3474 ipsi
3277 3406 3384 3460 nati
3407 3398 3554 3473 sunt,

1968 3510 2076 3551 non
2106 3496 2521 3566 improbabiliter
2548 3495 2759 3551 dicitur.
2794 3496 2888 3552 Illa
2910 3497 3107 3568 quippe
3128 3496 3307 3552 divina
3328 3504 3552 3552 senten-

1964 3588 2073 3655 tia,
2103 3587 2336 3642 Reddam
2374 3599 2581 3658 peccata
2626 3598 2828 3659 patrum
2874 3588 2929 3642 in
2968 3590 3104 3658 ﬁlios
3147 3582 3327 3660 (Deut.
3365 3604 3421 3653 ν,
3453 3588 3555 3659 9);

1966 3688 2116 3735 tenet
2159 3694 2253 3737 eos
2297 3681 2484 3750 utique
2526 3676 2811 3752 aniequam
2856 3696 2954 3752 per
2992 3681 3449 3752 regenerationem
3487 3680 3556 3736 ad

1966 3770 2369 3828 Testamentum
2391 3770 2597 3828 Novum
2620 3771 2874 3843 incipiant
2890 3773 3175 3843 pertinere.
3197 3771 3352 3842 Quod
3373 3771 3558 3828 Testa-

1966 3873 2205 3920 mentum
2222 3864 2660 3936 prophetabntur,
2681 3878 2802 3921 cum
2818 3865 3084 3923 diceretur
3104 3880 3198 3938 per
3222 3865 3557 3922 Ezechielem

1967 3973 2075 4014 non
2114 3969 2427 4030 accepturos
2469 3959 2606 4014 ﬁlios
2642 3966 2861 4030 peccata
2904 3966 3112 4030 patrum
3156 3970 3374 4015 suorum
3399 3999 3415 4025 ,
3454 3970 3558 4015 nec

1968 4050 2193 4106 ulterius
2220 4050 2450 4106 futuram
2500 4052 2552 4106 in
2583 4051 2745 4107 Israel
2789 4051 3096 4122 parabolam
3152 4036 3295 4107 illam
3329 4070 3342 4105 :
3375 4046 3559 4107 Patres

1966 4142 2397 4199 manducaverunt
2419 4161 2566 4199 uvam
2587 4145 2841 4210 aterbam,
2870 4152 2917 4200 et
2937 4143 3113 4199 dentes
3135 4143 3360 4213 ﬁliorum
3379 4142 3558 4198 obstu-

1969 4239 2223 4308 puerunt'
2249 4236 2461 4311 (Ezech.
2493 4253 2647 4303 xvm,
2677 4236 2851 4307 1-20).
2882 4234 3006 4293 Ideo
3031 4237 3173 4293 enim
3202 4237 3425 4307 quisque
3465 4250 3555 4291 re-

1969 4328 2227 4397 nascitur,
2261 4338 2319 4384 ut
2348 4329 2590 4385 solvatur
2624 4330 2675 4383 in
2701 4342 2767 4385 eo
2787 4328 3041 4400 quidquid
3070 4326 3275 4400 peccati
3301 4336 3385 4384 est
3430 4342 3556 4384 cum

1967 4436 2075 4491 quo
2104 4422 2358 4477 nascitur.
2398 4421 2529 4476 Nam
2577 4429 2789 4491 peccata
2832 4436 2950 4492 qua:
2983 4422 3123 4476 male
3146 4419 3353 4492 agendo
3371 4430 3558 4493 postea

1968 4517 2394 4581 committuntur,
2438 4523 2662 4583 possunt
2707 4523 2761 4569 et
2808 4512 3115 4585 pmnitendo
3162 4513 3362 4581 sanari,
3417 4513 3559 4569 sicut

1969 4606 2128 4663 etiam
2160 4607 2617 4677 postBaptismum
2642 4606 2754 4661 ﬁeri
2776 4605 3037 4661 videmus.
3066 4606 3145 4661 Ac
3170 4620 3265 4677 per
3288 4604 3391 4661 hoc
3410 4602 3556 4661 non'

1969 4706 2053 4753 est
2079 4698 2319 4753 instituta
2355 4698 2722 4769 regeneratio,
2780 4698 2883 4753 nisi
2912 4698 3035 4768 quia
3063 4698 3253 4753 vitiosa
3280 4706 3363 4753 est
3388 4712 3552 4768 gene-

1970 4791 2135 4855 ratio;
2166 4806 2332 4860 usque
2359 4789 2495 4845 adeo
2542 4797 2600 4844 ut
2641 4792 2801 4844 etiam
2826 4789 2895 4845 de
2924 4789 3164 4862 legitimo
3212 4789 3555 4845 matrimonio

1971 4893 2279 4953 procreatus
2306 4882 2469 4949 dicat,
2500 4881 2567 4937 In
2586 4882 2934 4954 iniquitatibus
2958 4891 3229 4953 conceptus
3256 4899 3388 4948 sum,
3430 4889 3477 4934 et
3502 4878 3556 4935 in

1972 4977 2190 5049 peccatis
2217 4985 2376 5030 mater
2408 4992 2518 5030 mea
2555 4993 2635 5029 me
2658 4976 2709 5031 in
2742 4986 2880 5031 utero
2902 4977 3030 5031 aluit
3064 4976 3233 5049 (Psal.
3266 4991 3318 5042 ι,
3347 4973 3423 5047 7).
3455 4971 3559 5029 Ne-

1972 5084 2075 5139 que
2103 5067 2190 5123 bie
2211 5066 2364 5135 dixit,
2399 5068 2454 5122 In
2486 5067 2783 5137 iniquitate,
2826 5068 2910 5124 vel
2938 5075 3180 5141 peccato,
3208 5080 3328 5121 cum
3370 5072 3425 5121 et
3458 5066 3560 5121 hoc

1973 5170 2120 5218 recte
2144 5161 2248 5217 dici
2290 5169 2515 5232 posset:
2550 5161 2644 5217 sed
2692 5163 2995 5233 iniquitates
3034 5170 3087 5217 et
3124 5167 3338 5231 peccata
3378 5152 3560 5216 dicere

1974 5254 2181 5309 maluit.
2209 5253 2342 5321 Quia
2383 5262 2436 5309 et
2477 5254 2531 5309 in
2569 5254 2663 5309 illo
2689 5269 2815 5319 uno,
2848 5252 2988 5324 quod
3017 5254 3066 5307 in
3095 5262 3283 5307 Omnes
3314 5251 3560 5310 homines

1977 5340 2300 5423 pertransiit,
2328 5358 2489 5423 atque
2516 5358 2621 5406 tam
2651 5363 2900 5420 magnum
2930 5355 3033 5415 est,
3061 5355 3117 5402 ut
3142 5343 3243 5402 eo‘
3264 5346 3562 5403 mutaretui

2040 5535 2057 5566 ι
2093 5541 2191 5582 Arn.
2217 5539 2290 5582 Er.
2314 5538 2426 5582 ιον.
2462 5537 2513 5582 et
2535 5539 2642 5580 Am.
2668 5530 2759 5579 hoc
2780 5527 2887 5578 loco
2908 5527 3106 5589 addunt,
3131 5527 3412 5581 locutionem
3440 5542 3459 5580 :
3481 5542 3561 5579 su-

1976 5596 2195 5660 perﬂuo;
2221 5607 2331 5660 nam
2353 5595 2401 5643 in
2420 5600 2527 5642 Mss.
2552 5593 2728 5660 melius
2748 5591 3353 5660 subauditur,numerum.

2012 5660 2060 5732 hi
2095 5652 2400 5720 Antiquiores
2422 5664 2547 5715 λιες..
2570 5652 2894 5719 obstipuerunt
2922 5654 3155 5706 :ductum
3178 5658 3382 5706 verbum
3406 5664 3433 5703 a
3472 5654 3561 5703 sti-

1978 5729 2076 5853 pnfe
2086 5758 2232 5853 fuit),
2258 5788 2429 5853 seper
2451 5779 2539 5853 hoc
2560 5792 2655 5853 non
2754 5778 2907 5853 aliud.
2931 5787 3039 5834 Mss.
3063 5781 3307 5842 omittunt,
3332 5774 3390 5829 ob
3400 5773 3557 5828 aliud.

2042 5843 2916 5908 *l-Jliti,utin00.t\best,in,atls.

3602 5066 3627 5245 l
