4046 6332
435 424 495 472 et
509 413 908 469 converteretur
921 408 977 466 in
1000 408 1370 466 necessitatem
1391 403 1580 460 mortis
1599 402 1830 457 humana
1846 406 2005 454 natu-

438 518 520 572 ra,
558 501 920 573 reperiuntur,
955 500 1095 556 sicut
1128 512 1288 569 supra
1322 493 1571 560 disserui,
1598 493 1748 563 plura
1770 497 2011 561 peccata,

436 606 492 652 et
520 594 625 652 alia
662 600 965 665 parentum,
1000 606 1119 662 quae
1163 589 1268 647 etsi
1307 602 1416 643 non
1452 585 1525 641 ita
1557 589 1780 655 possunt
1806 587 2015 636 mutare

437 693 703 750 naturam,
735 690 888 739 reatu
940 690 1118 737 tamen
1166 678 1404 748 obligant
1451 675 1620 744 ﬁlios,
1646 673 1749 729 nisi
1785 669 2016 742 gratuita

443 775 611 847 gratia
625 783 681 830 et
697 771 1061 829 misericordia
1086 770 1269 825 divina
1291 765 1590 822 subveniat.

509 864 737 922 CAPUT
761 861 1045 919 XLVIL—
1072 861 1341 930 Quousque
1369 864 1634 928 parentum
1659 859 1865 925 peccata
1892 865 2016 922 pro-

438 963 686 1028 pagentur
709 955 764 1008 in
789 953 941 1022 ﬁlios,
960 967 1073 1009 non
1089 960 1271 1005 temere
1293 947 1651 1018 definiendum.
1674 943 1783 1001 Sed
1802 943 1871 999 de
1894 955 2022 1013 pee-

436 1047 573 1103 catis
610 1045 837 1102 aliorum
865 1052 1167 1115 parentum,
1190 1041 1384 1112 quibus
1421 1039 1488 1095 ab
1516 1040 1632 1109 ipso
1656 1036 1827 1093 Adam
1852 1048 2022 1105 usque

437 1138 506 1194 ad
533 1147 737 1211 patrem
752 1152 906 1194 suum
930 1133 1431 1207 progeneratoribus
1446 1131 1557 1187 suis
1581 1130 1807 1201 quisque
1831 1140 2022 1183 suece~

439 1230 535 1299 dit,
569 1246 677 1286 non
712 1228 980 1285 immerito
1010 1226 1302 1298 disceptari
1338 1231 1549 1296 potest:
1582 1231 1756 1279 utrum
1785 1219 2022 1276 omnium

446 1321 605 1378 malis
632 1319 839 1376 actibus
863 1326 917 1375 et
944 1318 1309 1389 multiplicatis
1330 1315 1537 1371 delictis
1565 1312 1913 1385 originalibus
1932 1309 2026 1382 qui
2106 1346 2111 1349 -

441 1412 679 1469 nascitur
708 1410 1028 1482 implicetur,
1075 1418 1133 1465 ut
1172 1416 1319 1463 tanto
1357 1407 1509 1477 pejus
1532 1412 1731 1477 quanto
1764 1402 2027 1474 posterius

441 1504 668 1576 quisque
710 1511 996 1570 nascatur;
1026 1516 1094 1556 an
1137 1507 1422 1572 propterea
1457 1498 1601 1553 Deus
1626 1498 1681 1552 in
1724 1496 1934 1552 tertiam
1972 1503 2027 1551 et

441 1605 688 1669 quartam
725 1593 1120 1668 generationem
1159 1592 1226 1648 de
1267 1590 1495 1663 peccatis
1538 1597 1813 1660 parentum
1841 1600 2027 1643 eorum

443 1687 675 1759 posteris
719 1685 1092 1753 comminetur,
1133 1683 1260 1756 quia
1306 1683 1441 1737 iram
1478 1694 1630 1735 suam
1658 1686 1913 1750 quantum
1959 1675 2029 1733 ad

446 1789 919 1850 progeneratorum
962 1777 1146 1848 culpas
1193 1790 1301 1830 non
1329 1772 1571 1831 extendit
1592 1772 1812 1827 ulterius
1839 1769 2029 1826 mode-

448 1871 659 1929 ratione
689 1871 1048 1928 miserationis
1088 1884 1236 1936 suae;
1266 1883 1334 1924 ne
1369 1866 1443 1922 illi
1467 1865 1657 1937 quibus
1673 1862 2032 1936 regeneratio-

445 1964 530 2019 nis
569 1964 739 2035 gratia
780 1979 888 2019 non
916 1962 1207 2026 confertur,
1259 1958 1425 2015 nimia
1452 1957 1660 2013 sarcina
1701 1956 1755 2010 in
1795 1955 1909 2026 ipsa
1936 1968 2032 2009 sua

447 2062 647 2112 eterna
698 2054 1038 2112 damnatione
1092 2059 1478 2123 premerentur,
1529 2049 1573 2104 si
1619 2054 1939 2118 cogerentur
1965 2046 2033 2103 ab

448 2149 602 2205 initio
629 2148 840 2219 generis
865 2146 1082 2202 humani
1113 2144 1348 2200 omnium
1388 2140 1803 2213 prmcedentium
1840 2153 2034 2210 paren-

449 2247 562 2296 tum
589 2253 806 2295 suorum
828 2237 1153 2309 originaliter
1172 2243 1389 2307 peccata
1413 2232 1751 2300 contrahere,
1773 2239 1829 2287 et
1848 2245 2035 2302 pteuas

448 2346 548 2402 pro
567 2330 646 2387 eis
671 2329 878 2385 debitas
905 2326 1136 2399 pendere
1168 2343 1183 2381 :
1205 2341 1274 2381 an
1293 2323 1437 2380 aliud
1467 2323 1665 2395 aliquid
1692 2322 1760 2379 de
1778 2337 1838 2378 re
1867 2330 2032 2391 tanta,

448 2422 736 2494 Scripturis
758 2420 958 2477 sanctis
979 2419 1283 2492 diligentius
1307 2415 1652 2489 perscrutatis
1664 2425 1824 2488 atque
1840 2423 2037 2471 tracta-

451 2514 541 2583 tis,
568 2514 739 2570 valeat
763 2512 850 2570 vel
889 2527 997 2569 non
1026 2511 1203 2569 valeat
1240 2509 1487 2583 reperiri,
1519 2516 1721 2566 temere
1766 2506 2037 2564 afﬁrmare

450 2621 560 2663 non
588 2606 780 2665 audeo.

521 2699 747 2757 CAPUT
766 2697 998 2755 XLVIII.
1014 2695 1187 2753 ~14.
1206 2694 1479 2751 Peccatum
1488 2692 1733 2765 originale
1751 2708 1854 2748 non
1878 2690 2039 2747 abole-

453 2799 537 2846 tur
550 2792 647 2847 nisi
671 2807 759 2862 per
775 2789 1049 2846 Christum.
1063 2788 1192 2844 Illud
1206 2796 1386 2843 tamen
1410 2800 1571 2841 unum
1588 2792 1884 2855 peccatum,
1897 2780 2039 2855 quod

455 2890 564 2938 tam
587 2896 834 2953 magnum
857 2881 912 2936 in
935 2881 1054 2936 loco
1079 2887 1133 2935 et
1161 2878 1348 2933 habitu
1368 2885 1528 2932 tautae
1548 2875 1816 2946 felicitatis
1844 2874 2043 2930 admis-

456 2990 573 3031 sum
603 2983 716 3041 est,
746 2983 806 3029 ut
833 2973 886 3029 in
920 2988 1029 3028 uno
1054 2971 1267 3027 homine
1293 2968 1644 3040 originaliter,
1674 2975 1855 3039 atque,
1882 2974 1941 3022 ut
1967 2966 2041 3023 ita

456 3067 711 3135 dixerim,
738 3066 1041 3123 radicaliter
1065 3071 1234 3120 totum
1256 3077 1420 3134 genus
1444 3059 1735 3116 humanum
1763 3058 2042 3114 damnare-

458 3169 566 3231 tur,
587 3176 695 3217 non
720 3159 944 3216 solvitur
957 3172 1020 3214 ac
1034 3157 1252 3213 diluitur
1271 3156 1373 3211 nisi
1395 3169 1490 3226 per
1506 3168 1671 3210 unum
1693 3151 2043 3208 mediatorem

459 3254 558 3310 Dei
578 3262 632 3310 et
658 3253 932 3309 hominum
964 3251 1235 3307 hominem
1262 3248 1533 3305 Christum
1549 3246 1730 3304 Iesum
1756 3245 1797 3318 (I
1821 3244 1954 3301 Tim.
1980 3258 2040 3312 ιι,

462 3346 542 3421 5),
593 3347 684 3419 qui
714 3347 860 3404 solus
903 3344 1075 3417 potuit
1097 3344 1172 3401 ita
1200 3342 1371 3411 nasci,
1417 3348 1480 3397 ut
1505 3340 1557 3398 ei
1596 3355 1705 3396 non
1745 3353 1878 3411 opus
1903 3345 2046 3394 esset

459 3439 689 3497 renasci.

531 3529 762 3588 CAPUT
800 3528 987 3586 XLIX.
1017 3526 1369 3599 —Baptisnto
1395 3522 1615 3579 Joannis
1634 3539 1736 3577 non
1774 3520 1925 3593 fiebat
1962 3535 2048 3577 re-

462 3625 740 3696 generatio.
770 3623 1002 3679 Christus
1025 3636 1118 3676 cur
1154 3616 1403 3689 baptizari
1446 3632 1479 3669 a
1498 3614 1701 3670 Joanne
1723 3612 1900 3667 uoluit.
1931 3609 2048 3666 Non

464 3714 607 3770 enim
645 3714 1079 3779 renascebantur,
1110 3710 1202 3780 qui
1228 3706 1549 3778 baptismate
1561 3703 1782 3760 Joannis
1809 3701 2050 3774 baptiza-

465 3805 659 3862 bantur
696 3803 906 3876 (Matth.
939 3819 1016 3869 ιιι,
1050 3800 1165 3873 15),
1194 3815 1226 3855 a
1254 3813 1361 3869 quo
1384 3805 1441 3853 et
1463 3796 1577 3869 ipse
1609 3794 1906 3865 baptizatus
1928 3800 2049 3848 est:

470 3894 566 3952 sed
594 3893 821 3965 quodam
838 3891 1189 3963 praecursoria
1220 3890 1360 3945 illius
1383 3887 1681 3945 ministerio
1703 3884 1794 3956 qui
1817 3882 2048 3949 dicebat,

470 3984 663 4040 Parata
680 3984 813 4038 viam
836 3982 1058 4038 Domino
1082 3980 1235 4052 (Luc.
1258 3996 1340 4048 ιιι,
1369 3979 1447 4049 4),
1465 3978 1589 4034 huic
1617 3976 1708 4032 uni
1729 3974 1784 4031 in
1804 3988 1911 4045 quo
1937 3973 2053 4029 solo

472 4076 682 4133 renasci
707 4082 953 4146 poterant
990 4071 1334 4143 parabantur.
1374 4068 1541 4139 Hujus
1567 4071 1712 4124 enim
1758 4065 2053 4137 baptismus

471 4175 555 4223 est
601 4182 705 4221 non
751 4166 806 4219 in
856 4178 991 4234 aqua
1022 4171 1246 4225 tantum,
1292 4159 1430 4213 sicut
1471 4157 1568 4212 fuit
1606 4158 1845 4222 Joannis,
1866 4170 2054 4211 verum

472 4260 633 4315 etiam
662 4258 717 4313 in
746 4256 945 4327 Spiritu
970 4262 1156 4311 sancto
1184 4250 1377 4319 (Marc.
1406 4266 1445 4317 ι,
1475 4250 1563 4321 8);
1594 4260 1654 4304 ιιι
1672 4249 1741 4305 de
1770 4249 1861 4304 illo
1889 4248 2055 4319 Spiri-

473 4359 530 4406 tu
580 4356 923 4421 regeneretur
977 4344 1218 4419 quisquis
1260 4343 1313 4398 in
1341 4340 1610 4398 Christum
1638 4339 1828 4406 credit,
1857 4338 1925 4394 de
1948 4352 2055 4408 quo

476 4440 721 4497 Christus
747 4447 1033 4512 generatus
1060 4438 1077 4469 ί
1108 4432 1511 4506 regeneratione
1565 4446 1672 4486 non
1713 4428 1877 4501 eguit.
1899 4426 2055 4485 Unde

476 4552 577 4593 vox
592 4537 680 4591 illa
699 4534 870 4591 Patris
880 4548 999 4604 qua:
1010 4545 1170 4602 super
1186 4528 1504 4599 baptizatum
1522 4526 1657 4581 facta
1677 4532 1778 4591 est,
1786 4520 1898 4595 Ego
1911 4522 2057 4577 hodie

475 4628 624 4701 genui
644 4628 718 4680 te’
739 4624 908 4698 (Psal.
934 4623 1053 4690 11,7;
1076 4620 1232 4675 Hebr.
1254 4636 1308 4687 v,
1326 4618 1414 4688 5);
1440 4633 1544 4672 non
1572 4631 1734 4671 unum
1756 4615 1900 4671 illum
1921 4622 2058 4670 tem-

477 4721 620 4793 poris
637 4719 780 4776 diem
797 4734 902 4789 quo
926 4717 1222 4788 baptizatus
1237 4724 1337 4781 est,
1359 4712 1453 4769 sed
1473 4710 1815 4767 immutabilis
1842 4708 2058 4764 aeterni-

480 4814 602 4870 tatis
629 4810 882 4877 ostendit,
912 4819 968 4865 ut
1003 4808 1151 4864 illum
1177 4807 1449 4862 hominem
1479 4804 1545 4860 ad
1575 4802 1838 4874 Unigeniti
1870 4816 2056 4873 perso-

479 4919 600 4960 nam
633 4903 902 4975 pertinere
930 4906 1267 4956 monstraret.
1303 4897 1401 4953 Ubi
1440 4896 1580 4951 enim
1608 4894 1723 4950 dies
1741 4907 1841 4949 nec
1856 4891 2060 4948 hester-

478 4994 536 5050 ni
591 4995 695 5050 line
744 4994 1057 5061 inchoatur,
1098 5004 1198 5046 nec
1245 4988 1396 5043 initio
1438 4984 1656 5041 crastini
1707 4984 2075 5052 terminatur,

481 5100 693 5158 semper
718 5086 1010 5143 hodiernus
1024 5090 1125 5140 est.
1159 5082 1216 5137 ln
1245 5094 1379 5151 aqua
1396 5093 1523 5149 ergo
1551 5076 1804 5147 baptizari
1837 5076 2004 5131 voluit
2029 5091 2063 5132 a

483 5178 707 5246 Joanne,
739 5195 848 5235 non
887 5188 947 5235 ut
978 5177 1094 5247 ejus
1123 5174 1371 5244 iniquitas
1398 5170 1505 5226 ulla
1549 5168 1863 5235 dilueretur,
1888 5168 1981 5224 sed
2003 5175 2064 5224 ut

483 5282 674 5338 magna
699 5268 1165 5325 commendaretur
1188 5263 1479 5319 humilitas.
1508 5260 1585 5316 Ita
1622 5260 1818 5331 quippe
1845 5260 1979 5314 nihil
2006 5259 2061 5315 iu

482 5372 550 5415 eo
589 5357 880 5431 baptismus
912 5359 1056 5431 quod
1096 5359 1357 5426 ablueret,
1383 5353 1520 5411 sicut
1554 5368 1700 5410 mors
1744 5352 1875 5408 nihil
1922 5350 2065 5424 quod

485 5576 735 5704 gat”
756 5578 1080 5641 regeneratus.
1096 5578 1270 5627 Verius
1286 5582 1385 5627 Am.
1404 5581 1482 5627 Er.
1505 5582 1622 5626 Dan.
1640 5581 1694 5626 et
1708 5574 2062 5639 potioresllss»

549 5703 681 5771 {Non
703 5702 773 5751 sic
792 5700 842 5771 in
858 5697 1144 5771 Evangelia;
1152 5700 1296 5771 unde
1318 5700 1398 5750 hic
1414 5699 1643 5771 audacter
1663 5707 1867 5757 Damus
1882 5699 2070 5764 absque

488 5764 702 5821 codicum
720 5760 1009 5817 auctoritate
1040 5760 1187 5826 addit,
1216 5771 1281 5817 tu
1300 5775 1351 5816 es
1374 5761 1526 5819 Filius
1556 5774 1710 5820 meus.

1703 5921 1757 5937 “δ

941 287 1399 357 ENCIIIRIDION,
1438 286 1594 345 SIVE
1631 285 1721 343 DE
1758 278 1935 352 FIDE,
1971 280 2100 342 SPE
2140 264 2247 339 ΕΤ·
2267 278 2690 351 CHARITATE,
2726 280 2785 338 S.
2825 277 3195 339 AUCUSTINI

2181 5772 2271 5845 los,
2292 5788 2437 5846 quam
2457 5777 2601 5842 sequi
2622 5772 2750 5829 solet
2770 5772 3083 5839 Augustinus.

2120 395 2358 468 puniret,
2408 396 2649 463 invenit;
2694 403 2755 451 ut
2783 394 3027 452 diabolus
3061 396 3285 453 veritate
3319 393 3562 467 iustitiae,
3592 413 3699 457 non

2120 488 2373 543 violentia
2423 487 2700 558 potestatis
2740 501 3029 559 oppressus
3074 496 3130 544 et
3178 487 3350 544 victus
3372 528 3392 557 ,
3446 490 3699 560 quoniam

2121 578 2295 649 ipsum
2319 577 2434 633 sine
2460 577 2569 632 ullo
2596 578 2797 648 peccati
2825 577 3019 635 merito
3048 578 3383 651 iniquissime
3406 580 3699 650 occiderat,

2124 684 2221 739 per
2263 668 2435 739 ipsum
2482 667 2773 737 justissime
2796 670 3064 726 amitteret
3104 684 3239 749 quos
3273 670 3478 740 peccati
3506 671 3703 728 merito

2128 769 2418 827 detinebat.
2437 768 2733 842 Utrumque
2747 770 2904 842 igitur
2912 771 2982 827 ab
2999 771 3114 840 illo,
3144 770 3200 827 id
3218 779 3320 838 est,
3338 779 3395 828 et
3408 771 3703 843 baptismus

2126 870 2182 920 et
2201 878 2372 933 mors,
2401 873 2561 922 certae
2598 864 3009 936 dispensationis
3045 880 3226 932 causa,
3257 879 3365 922 non
3398 864 3702 921 miseranda

2122 955 2457 1024 necessitate,
2482 954 2577 1012 sed
2596 956 2881 1013 miserante
2899 957 3075 1027 potius
3098 957 3369 1013 voluntate
3395 965 3705 1028 susceptum

2125 1054 2333 1113 est;ut
2380 1056 2831 1119 unuspeccatum
2875 1048 3087 1104 tolleret
3133 1047 3340 1114 mundi,
3391 1049 3528 1105 sicut
3565 1064 3706 1106 unus

2126 1148 2403 1208 peccatum
2428 1137 2573 1227 misit
2595 1141 2649 1194 in
2668 1138 2948 1205 mundum,
2963 1139 3067 1195 hoc
3089 1147 3191 1208 est,
3210 1140 3266 1195 in
3286 1140 3594 1197 universum
3616 1154 3706 1210 ge-

2126 1245 2228 1286 nus
2250 1231 2571 1286 humanum;

2199 1320 2422 1379 CAPUT
2459 1321 2524 1378 L.
2550 1351 2623 1363 —
2645 1320 2749 1378 Per
2777 1322 3031 1378 Christum
3058 1320 3169 1377 tolli
3196 1338 3298 1376 non
3327 1330 3520 1377 tantum
3544 1320 3706 1393 origi.

2128 1412 2243 1466 nale
2272 1421 2548 1483 peccatum,
2575 1413 2664 1469 sed
2700 1422 2747 1468 et
2785 1423 2966 1467 ctetera
3005 1412 3351 1484 superaddita.
3406 1412 3515 1467 Nisi
3561 1410 3707 1481 quod

2130 1502 2223 1559 ille
2248 1519 2386 1559 unus
2411 1520 2575 1559 unum
2597 1512 2873 1575 peccatum
2892 1505 3038 1560 misit
3064 1504 3118 1559 in
3145 1504 3421 1572 mundum,
3452 1506 3551 1559 iste
3578 1518 3709 1560 vero

2130 1609 2268 1649 unus
2294 1608 2403 1649 non
2424 1594 2597 1651 solum
2623 1593 2751 1649 illud
2778 1610 2963 1663 unum,
2994 1594 3089 1650 sed
3131 1602 3320 1650 cuncta
3345 1594 3497 1650 simul
3526 1594 3712 1650 abstu-

2132 1688 2194 1743 lit
2221 1704 2340 1759 quzc
2368 1687 2545 1744 addita
2592 1689 2813 1744 invenit.
2843 1688 2997 1744 Unde
3043 1688 3174 1743 dicit
3223 1688 3504 1759 Apostolus
3537 1704 3550 1740 :
3582 1685 3711 1741 Non

2132 1780 2261 1834 sicut
2281 1795 2369 1849 per
2391 1795 2546 1833 unum
2561 1780 2899 1850 peccantem‘,
2926 1781 3000 1832 ita
3019 1786 3091 1832 est
3106 1786 3153 1832 et
3184 1777 3402 1833 donum:
3421 1793 3538 1831 nam
3551 1776 3710 1846 judi-

2133 1871 2266 1925 cium
2301 1870 2501 1940 quidem
2530 1887 2592 1926 επ
2627 1886 2729 1924 uno
2755 1870 2810 1924 in
2837 1869 3322 1935 condemnationem,
3353 1870 3514 1940 gratia
3539 1877 3711 1921 autent

2136 1980 2198 2018 ea:
2235 1964 2403 2018 multis
2432 1963 2626 2018 delictis
2652 1962 2706 2017 in
2724 1962 3161 2033 justiﬁcationem.
3187 1960 3323 2029 Quia
3353 1960 3535 2030 utique
3577 1957 3713 2013 illud

2134 2075 2302 2115 unum
2327 2058 2469 2129 quod
2506 2056 2833 2129 originaliter
2856 2056 3101 2123 trahitur,
3129 2056 3290 2111 etiam
3338 2054 3386 2108 si
3421 2053 3593 2108 solum
3620 2051 3711 2118 sit,

2135 2152 2400 2208 obnoxios
2425 2150 2752 2206 damnationi
2786 2148 2950 2204 facit:
2975 2148 3145 2219 gratia
3171 2160 3303 2201 vero
3328 2133 3601 2201 ex'multis
3621 2142 3715 2198 de—

2137 2244 2279 2301 lictis
2298 2241 2551 2314 justilicat
2573 2240 2865 2308 hominem,
2891 2237 2981 2309 qui
3002 2246 3194 2308 przeter
3218 2234 3349 2290 illud
3376 2249 3540 2289 unum
3570 2231 3716 2303 quod

2139 2334 2496 2393 communiter
2536 2348 2657 2389 eum
2707 2329 2956 2387 omnibus
3004 2325 3334 2399 originaliter
3371 2325 3568 2391 traxit,
3618 2336 3716 2379 sua

2136 2442 2349 2501 quoque
2371 2425 2585 2497 propria
2612 2423 2777 2480 multa
2798 2420 3083 2479 commisit.

2209 2517 2437 2576 CAPUT
2474 2516 2561 2574 LI.
2608 2544 2683 2560 —
2724 2515 2768 2570 A
2800 2513 3123 2569 damnatione
3172 2509 3299 2565 Adw
3336 2523 3485 2564 nemo
3531 2506 3716 2561 libera-

2141 2623 2221 2668 tus
2244 2612 2342 2667 nisi
2383 2612 2437 2666 in
2466 2608 2666 2667 Christo
2709 2614 2933 2663 renatus.
2979 2605 3357 2661 Verumtamen
3384 2601 3525 2673 quod
3557 2600 3718 2672 paulo

2142 2714 2261 2777 post
2289 2703 2438 2772 dicit,
2470 2702 2617 2759 Sicut
2647 2716 2736 2772 per
2775 2699 2925 2753 unius
2952 2698 3188 2751 delictum
3214 2696 3267 2749 in
3294 2710 3464 2749 omnes
3494 2692 3719 2746 homines

2141 2797 2210 2851 ad
2238 2795 2727 2859 condemnationem,
2748 2794 2820 2847 ita
2848 2800 2893 2847 et
2919 2807 3008 2863 per
3031 2789 3182 2844 unius
3203 2787 3458 2859 justitiam
3474 2788 3526 2840 in
3549 2801 3718 2839 omnes

2144 2889 2367 2943 homines
2387 2888 2456 2942 ad
2473 2885 2891 2959 justiﬁcationem
2916 2883 3031 2938 vita
3059 2882 3232 2955 (Rom.
3255 2879 3413 2948 v,l6,
3438 2878 3562 2948 18);
3590 2877 3720 2933 satis

2143 2982 2362 3046 indicat,
2393 2996 2460 3037 ex
2501 2979 2669 3035 Adam
2721 2977 2992 3033 neminem
3018 2985 3199 3031 natum
3253 2973 3353 3029 nisi
3380 2970 3719 3028 damnatione

2140 3074 2389 3141 detineri,
2421 3081 2477 3130 et
2500 3072 2766 3129 neminem
2800 3071 2903 3127 nisi
2942 3071 2995 3126 in
3033 3068 3246 3127 Christo
3268 3074 3508 3125 renatum
3552 3079 3585 3118 a
3625 3062 3719 3120 da-

2144 3166 2415 3222 mnatione
2435 3164 2667 3221 liberari.

2216 3256 2444 3315 CAPUT
2482 3255 2595 3313 LII.
2620 3287 2691 3297 —
2717 3254 3012 3326 Baptismus
3052 3252 3229 3308 mortis
3254 3268 3315 3307 ac
3348 3245 3721 3306 resurrectionis

2148 3350 2334 3406 Christi
2361 3348 2640 3406 similitudo
2675 3348 2731 3404 in
2756 3348 2980 3419 parvulis
3018 3345 3228 3418 perinde
3252 3361 3314 3398 ac
3338 3345 3394 3399 in
3423 3341 3720 3414 majoribus.

2151 3444 2231 3501 De
2256 3459 2360 3516 qua
2386 3459 2484 3515 per
2512 3457 2678 3498 unum
2707 3441 2976 3497 hominem
2995 3454 3153 3512 paena
3173 3445 3227 3495 et
3246 3451 3345 3508 per
3370 3450 3534 3492 unum
3558 3430 3727 3488 homi-
3826 3482 3831 3485 ι

2148 3551 2272 3593 nem
2302 3535 2473 3608 gratia
2500 3534 2847 3591 cumlocutus
2863 3531 3066 3598 luisset,
3084 3538 3339 3600 quantum
3370 3527 3448 3583 illi
3470 3522 3726 3595 Epistolas

2150 3643 2261 3685 suae
2272 3627 2393 3684 loco
2405 3624 2653 3683 sufﬁcere
2664 3624 2916 3696 judicavit
2932 3664 2946 3691 ,
2964 3620 3156 3677 deinde
3169 3618 3305 3675 sacri
3321 3616 3650 3688 baptismatis
3671 3616 3730 3670 in

2151 3735 2310 3775 cruce
2321 3717 2514 3774 Christi
2528 3716 2727 3789 grande
2743 3714 3050 3787 mysterium
3063 3708 3452 3768 commendavit
3465 3721 3531 3765 eo
3541 3706 3727 3773 modo,

2153 3818 2212 3866 ut
2239 3810 2591 3881 intelligamus
2619 3808 2749 3864 nihil
2768 3805 2908 3862 aliud
2935 3818 3057 3861 esse
3072 3803 3128 3859 in
3150 3800 3362 3859 Christo
3381 3800 3726 3871 baptismum,

2156 3905 2259 3961 nisi
2286 3904 2474 3968 mortis
2510 3901 2707 3959 Christi
2741 3898 3178 3965 similitudinem;
3223 3884 3355 3952 nihil
3381 3901 3559 3951 autem
3584 3891 3732 3947 aliud

2154 4006 2383 4054 mortem
2402 3996 2599 4053 Christi
2623 3994 2884 4058 cruciﬁxi,
2907 3992 3007 4049 nisi
3023 3988 3352 4047 remissionis
3368 3984 3568 4059 peccati
3585 3982 3733 4038 simi-

2156 4088 2427 4144 litudinem
2459 4106 2474 4143 :
2505 4096 2563 4142 ut
2589 4084 3035 4157 quemadmodum
3058 4082 3113 4137 in
3138 4080 3230 4137 illo
3250 4094 3377 4135 vera
3408 4090 3553 4134 mors
3595 4076 3734 4129 facta

2156 4189 2257 4247 est,
2277 4181 2352 4237 sic
2375 4179 2429 4235 in
2450 4177 2606 4234 nobis
2624 4192 2747 4232 vera
2766 4175 3008 4232 remissio
3022 4182 3391 4244 peccatorum;
3411 4165 3733 4239 etquemad-

2156 4271 2371 4328 modum
2389 4270 2440 4325 in
2463 4270 2554 4324 illo
2570 4284 2695 4324 vera
2711 4264 3053 4330 resurrectio,
3072 4263 3143 4317 ita
3160 4262 3213 4316 in
3233 4260 3385 4316 nobis
3400 4274 3523 4315 vera
3541 4254 3734 4328 justiﬁ-

2158 4367 2315 4423 catio.
2339 4364 2427 4420 Ait
2450 4364 2614 4428 enim,
2648 4359 2783 4426 Quid
2801 4375 2918 4429 ergo
2937 4358 3158 4411 dicemus
3179 4355 3205 4409 .9
3234 4351 3646 4408 Permanebimus
3678 4349 3736 4403 in

2158 4468 2381 4532 peccato,
2398 4467 2451 4511 ut
2471 4456 2635 4528 gratia
2657 4452 2914 4509 abundet?
2937 4452 3151 4506 Dixerat
3169 4447 3313 4504 enim
3337 4445 3597 4517 superius,
3615 4441 3734 4509 Ubi,

2160 4554 2293 4609 enim
2333 4549 2604 4606 abundauit
2629 4556 2907 4620 peccatum,
2936 4540 3361 4616 superabundavit
3385 4538 3548 4611 gratia
3572 4534 3735 4606 (Ibid.

2159 4642 2273 4715 20).
2306 4642 2375 4698 Et
2401 4640 2525 4697 ideo
2550 4638 2898 4710 quaestionem
2927 4634 3031 4692 sibi
3073 4633 3188 4704 ipse
3213 4629 3517 4703 proposuit,
3561 4634 3741 4680 utrum

2162 4742 2379 4807 propter
2396 4730 2771 4788 abundantiam
2802 4727 2985 4799 gratia:
3010 4720 3433 4793 consequendam
3450 4718 3503 4773 in
3524 4724 3747 4807 peccato

2163 4806 2233 4881 sit
2250 4822 2689 4897 permanendum.
2701 4819 2806 4876 Sed
2821 4815 3117 4888 respondit,
3133 4813 3272 4869 Absit
3287 4829 3308 4868 :
3323 4821 3481 4882 atque
3494 4806 3741 4878 subjecit,

2166 4919 2227 4976 Si
2243 4919 2425 4973 mortui
2442 4932 2615 4973 sumus
2636 4921 2858 4985 peccato,
2871 4910 3120 4983 quomodo
3140 4908 3357 4963 vivemus
3378 4905 3433 4960 in
3461 4918 3520 4960 eo
3541 4904 3566 4959 .’
3587 4901 3748 4957 Dein-

2166 5014 2233 5070 de
2249 5023 2306 5069 ut
2333 5013 2638 5071 ostenderet
2662 5025 2762 5068 nos
2784 5016 3023 5065 mortuos
3046 5019 3168 5063 esse
3191 5011 3408 5076 peccato
3427 4999 3535 5055 :An
3551 5000 3749 5071 ignora-

2166 5106 2249 5175 tis,
2279 5106 2466 5176 inquit,
2488 5103 2725 5175 quoniam
2744 5100 3042 5173 quicumque
3068 5094 3306 5167 baptizati
3331 5108 3503 5149 sumus
3522 5091 3576 5145 in
3601 5087 3752 5143 Chri-
3852 5120 3855 5121 ν

2171 5210 2247 5255 sto
2274 5198 2311 5253 Ι
2314 5215 2420 5265 esu,
2450 5199 2504 5252 in
2529 5205 2687 5250 morte
2701 5195 2858 5265 ipsius
2886 5189 3125 5262 baptizati
3148 5187 3363 5243 sumus?
3386 5185 3443 5241 Si
3468 5196 3597 5253 ergo
3626 5179 3751 5235 hinc

2171 5287 2503 5345 ostendimur
2530 5285 2724 5342 mortui
2745 5298 2865 5341 esse
2891 5291 3129 5353 peccato,
3164 5280 3287 5350 quia
3324 5278 3375 5331 in
3397 5284 3569 5331 morte
3584 5272 3749 5328 Chri-

2173 5381 2242 5438 sti
2261 5380 2510 5451 haptizati
2533 5392 2752 5446 sumus;
2782 5374 3023 5447 profecto
3049 5382 3104 5428 et
3132 5370 3336 5444 parvuli
3365 5368 3456 5439 qui
3476 5365 3753 5436 baptizan-

2172 5483 2258 5530 tur
2268 5473 2324 5529 in
2347 5469 2580 5539 Christo,
2597 5478 2818 5541 peccato
2837 5467 3157 5532 moriuntur,
3173 5462 3294 5534 quia
3320 5462 3373 5517 in
3388 5466 3563 5516 morte
3587 5456 3756 5526 ipsius

2239 5653 2257 5686 ι
2276 5662 2388 5713 Am.
2414 5657 2467 5701 et
2488 5642 2581 5701 'sex
2602 5656 2732 5711 Mss,
2755 5662 2841 5713 per
2864 5658 3013 5699 unum
3032 5651 3305 5713 peccatum,
3321 5639 3618 5713 Retinuimus
3634 5635 3764 5713 anti-

2174 5696 2327 5780 quam
2338 5696 3005 5780 iscubaéin'Fégfiadaeatém
3235 5702 3415 5762 dt‘enbs
3435 5696 3767 5764 animum

3632 5857 3653 5859 ς
3712 5843 3819 5889 δικ
