4046 6332
267 379 373 440 257

269 496 624 569 baptizantur.
647 493 805 554 Nullo
832 495 976 554 enim
999 502 1220 567 excepto
1245 494 1444 552 dictum
1472 499 1576 559 est,
1606 491 1852 561 Quicum-

268 609 357 664 que
395 591 643 662 baptizati
690 608 865 647 sumus
899 593 952 645 in
996 590 1193 646 Christo
1221 590 1368 656 Jesu,
1411 591 1466 643 in
1491 597 1649 643 morte
1691 588 1855 657 ipsius

267 684 504 753 baptizari
543 699 742 739 sumus.
791 685 857 739 Et
899 683 1021 740 ideo
1061 683 1260 739 dictum
1304 692 1408 752 est,
1451 691 1510 738 ut
1537 682 1851 752 probaretur

265 786 501 833 mortuos
541 790 644 832 nos
691 791 814 832 esse
856 785 1092 847 peccato.
1137 775 1233 832 Cui
1272 785 1449 831 autem
1481 783 1697 846 peccato
1725 788 1850 846 par-

264 867 369 923 vuli
395 868 734 925 reuascendo
762 868 1063 925 moriuntur
1081 910 1098 936 ,
1122 869 1223 924 nisi
1251 869 1398 941 quod
1424 867 1691 924 nascendo
1737 876 1849 921 tra-

259 961 485 1017 xerunt!
518 962 599 1019 Ac
633 977 732 1033 per
759 963 861 1019 hoc
893 963 1053 1018 etiam
1078 962 1146 1018 ad
1170 963 1315 1034 ipsos
1345 963 1576 1034 pertinet
1597 961 1739 1032 quod
1759 976 1848 1016 se-

259 1056 438 1126 quitur
467 1056 654 1112 dicens
687 1073 701 1112 :
729 1053 1020 1126 Consepulti
1041 1073 1215 1114 sumus
1243 1057 1390 1128 ergo‘
1418 1056 1498 1110 illi
1523 1072 1613 1127 per
1634 1055 1845 1125 Baptis-

259 1165 391 1203 mum
434 1149 490 1203 in
519 1158 753 1218 mortem,
789 1150 1280 1222 utquemadmodum
1304 1149 1521 1206 surrexit
1549 1148 1778 1204 Christus
1814 1165 1847 1202 a

258 1241 465 1295 mortuis
495 1258 587 1312 per
625 1243 844 1315 gloriam
891 1241 1082 1309 Patris,
1108 1243 1180 1296 ita
1208 1250 1256 1297 et
1290 1259 1384 1297 nos
1415 1242 1470 1296 in
1489 1227 1708 1296 nouitate
1731 1240 1848 1295 vitae

257 1332 591 1387 ambulemus.
616 1331 680 1387 Si
703 1333 838 1386 enim
859 1331 1188 1403 complantati
1212 1333 1336 1404 [acti
1355 1348 1527 1387 sumus
1549 1330 1844 1386 similitudi-

255 1426 306 1480 ni
343 1427 526 1480 mortis
579 1426 727 1497 ejus,
773 1426 926 1480 simul
965 1433 1012 1479 et
1060 1426 1440 1480 resurrectionis
1487 1425 1676 1479 erimus
1705 1439 1724 1478 :
1751 1423 1844 1477 hoc

255 1519 484 1586 scientes,
518 1519 639 1587 quia
669 1527 806 1573 vetus
834 1519 982 1574 homo
1009 1529 1179 1574 noster
1199 1520 1351 1574 simul
1379 1519 1652 1587 cruciﬁxus
1673 1526 1764 1582 est,
1789 1525 1844 1569 ut

255 1623 523 1665 ametur
550 1628 736 1682 corpus
762 1613 970 1683 peccati,
999 1621 1053 1667 ut
1075 1611 1209 1666 ultra
1239 1627 1341 1666 non
1367 1611 1641 1667 serviamus
1666 1626 1844 1682 pecca-

257 1713 322 1757 to.
357 1703 460 1770 Qui
489 1703 627 1757 enim
655 1713 882 1759 mortuus
912 1714 1003 1771 est,
1028 1704 1344 1775 justiﬁcatus
1364 1713 1434 1760 est
1460 1720 1492 1757 a
1519 1711 1746 1774 peccato.
1779 1701 1843 1758 Si

255 1806 419 1851 autem
451 1798 639 1851 mortui
664 1813 838 1852 sumus
862 1814 977 1851 cum
1007 1796 1206 1852 Christo
1225 1840 1239 1865 ,
1266 1798 1514 1852 credimus
1543 1797 1663 1868 quia
1690 1797 1842 1852 simul

254 1892 399 1946 etiam
427 1892 651 1946 vivemus
671 1908 786 1945 cum
813 1892 936 1946 illo:
959 1892 1167 1947 scientes
1186 1893 1304 1962 quia
1325 1892 1551 1946 Christus
1575 1908 1840 1963 resurgens

252 2001 283 2038 α
304 1987 540 2052 mortuis,
562 1986 678 2056 jam
703 2001 806 2038 non
834 1985 1064 2048 moritur,
1097 2001 1230 2038 mors
1257 1985 1336 2038 illi
1364 1983 1503 2037 ultra
1545 2000 1645 2038 non
1677 1983 1840 2037 domi-

252 2079 469 2131 nubitur.
517 2077 667 2145 Quod
710 2078 844 2131 enim
883 2085 1110 2132 mortuus
1136 2085 1208 2131 est
1245 2086 1469 2148 peccato,
1519 2085 1744 2131 mortuus
1768 2087 1840 2132 est

250 2173 402 2225 semet
433 2187 452 2225 :
473 2171 605 2244 quod
630 2180 800 2225 autem
826 2170 960 2238 uiuit,
993 2170 1108 2224 vivit
1129 2168 1253 2224 Deo.
1276 2168 1363 2223 Ita
1386 2180 1434 2224 et
1456 2186 1541 2224 vos
1559 2170 1838 2225 existimate

249 2273 479 2319 mortuos
503 2264 699 2332 quidem
726 2279 814 2318 vos
839 2279 944 2319 esse
969 2272 1192 2334 peccato,
1217 2262 1410 2317 vivere'
1441 2271 1606 2318 autem
1634 2262 1740 2316 Deo
1785 2264 1837 2317 in

251 2355 451 2412 Christo
476 2355 605 2411 Jesu
636 2356 814 2428 (Rom.
844 2371 917 2424 vn,
950 2355 1124 2428 1-H).
1142 2355 1277 2412 Hinc
1297 2356 1442 2412 enim
1467 2356 1694 2428 probare
1723 2371 1837 2412 cm-

250 2460 402 2520 perat
444 2465 554 2505 non
584 2465 706 2506 esse
745 2449 898 2506 nobis
922 2449 1342 2520 permanendum
1375 2449 1429 2505 in
1478 2460 1732 2520 peccato,
1780 2459 1837 2506 ut

248 2543 407 2612 gratia
434 2541 708 2608 abundet;
749 2551 802 2598 et
848 2541 1074 2608 dixerat,
1104 2543 1166 2598 Si
1195 2545 1377 2598 mortui
1405 2561 1577 2599 sumus
1607 2555 1830 2614 peccato,

247 2635 496 2706 quomodo
520 2636 743 2690 vivemus
768 2636 822 2690 in
851 2653 908 2691 eo
927 2637 954 2692 Ρ
976 2639 1149 2707 Atque
1180 2646 1237 2692 ut
1260 2637 1569 2693 ostenderet
1594 2647 1834 2693 mortuos

248 2742 339 2782 nos
366 2741 493 2782 esse
521 2734 764 2797 peccato,
797 2727 1099 2798 subjecerat
1121 2728 1164 2794 ³,
1193 2727 1272 2782 An
1297 2729 1561 2799 ignoratis,
1595 2731 1834 2801 quoniam

249 2821 546 2891 quicumque
585 2820 828 2891 baptizati
867 2838 1038 2875 sumus
1077 2822 1131 2876 in
1176 2821 1376 2877 Christo
1401 2823 1548 2890 Jesu,
1594 2825 1646 2877 in
1676 2834 1834 2879 morte

251 2914 400 2982 ipsius
427 2915 676 2983 baptizari
699 2915 912 2969 sumus?
937 2914 1026 2971 Sic
1051 2915 1229 2986 itaque
1258 2925 1426 2971 totum
1465 2918 1641 2972 locum
1673 2919 1833 2973 istum

251 3005 454 3073 clausit,
494 3016 552 3061 ut
577 3008 763 3078 erepit.
792 3007 1013 3062 Mortem
1044 3008 1241 3080 quippe
1265 3008 1460 3064 Christi
1487 3011 1566 3066 sic
1591 3011 1832 3066 insinua-

250 3098 336 3164 vit,
369 3108 428 3153 ut
472 3099 640 3154 etiam
686 3101 860 3170 ipsum
897 3110 1164 3156 mortuum
1209 3101 1411 3158 diceret
1444 3119 1564 3159 esse
1589 3115 1829 3174 peccato.

251 3185 339 3245 Cui
365 3200 605 3260 peccato,
636 3191 739 3247 nisi
777 3192 925 3247 carni
944 3192 983 3261 ⁵,
1024 3193 1079 3248 in
1105 3208 1209 3264 qua
1238 3203 1374 3262 erat,
1402 3209 1506 3250 non
1531 3205 1830 3266 peccatum,

253 3283 338 3336 sed
374 3283 672 3339 similitudo
698 3285 926 3354 peccati,
971 3293 1025 3340 et
1053 3284 1174 3341 ideo
1205 3288 1424 3342 nomine
1459 3289 1723 3358 appellata
1749 3298 1834 3345 est

253 3379 483 3446 peccati?
518 3379 810 3448 Baptizatis
858 3381 1035 3451 itaque
1076 3382 1130 3435 in
1174 3392 1347 3438 morte
1396 3382 1611 3448 Christi,
1646 3384 1697 3438 in
1731 3401 1833 3454 qua

255 3483 351 3522 on
379 3471 556 3524 solum
583 3470 837 3540 majores,
863 3487 1046 3527 verum
1073 3474 1234 3528 etiam
1253 3475 1459 3544 parvuli
1478 3476 1830 3546 haptizantur,

254 3559 339 3627 ait,
371 3561 461 3615 Sic
481 3571 527 3615 et
557 3579 665 3630 vos,
720 3562 774 3617 id
802 3572 886 3618 est
909 3565 1356 3634 quemadmodum
1387 3566 1653 3635 Christus,
1687 3569 1760 3622 sic
1785 3578 1835 3624 et

255 3667 333 3706 eos
357 3655 638 3711 existimate
665 3671 752 3709 vos
779 3665 1000 3710 mortuos
1046 3673 1152 3712 esse
1181 3667 1385 3728 peccato
1407 3701 1423 3726 ,
1471 3660 1635 3714 vivere
1663 3672 1834 3714 autem

255 3741 353 3798 Deo
370 3746 422 3799 in
442 3743 646 3801 Christo
670 3746 816 3801 Jesu.

317 3836 542 3893 CAPUT
583 3837 714 3894 Llll.
745 3869 820 3880 —
843 3839 984 3895 Crux
1020 3842 1230 3909 Christi,
1279 3843 1561 3914 sepultura,
1608 3862 1834 3901 resurre-

252 3930 363 3997 ctio,
400 3941 529 3997 εις..
571 3933 739 4003 ﬁgura
767 3934 881 3988 vim:
921 3935 1228 3989 cltrisliaute.
1262 3937 1528 4007 Quidquid
1559 3939 1718 4010 igitur
1744 3956 1835 4010 ge-

251 4033 384 4080 stum
411 4026 578 4081 estin
615 4041 775 4082 cruce
800 4027 1018 4094 Christi,
1059 4027 1114 4083 in
1149 4029 1444 4100 sepultura,
1493 4032 1544 4084 in
1591 4047 1837 4088 resurre-

252 4119 421 4174 ctione
448 4119 609 4174 tertio
637 4119 746 4185 die,
770 4120 823 4175 in
854 4121 1167 4177 ascensione
1194 4121 1246 4176 in
1276 4123 1493 4191 coelum,
1531 4123 1586 4178 in
1615 4124 1741 4179 sede
1769 4125 1835 4180 ad

253 4210 520 4266 dexteram
558 4212 767 4279 Patris;
810 4213 881 4268 ita
919 4225 1128 4284 gestum
1169 4226 1272 4282 est,
1320 4224 1376 4270 ut
1404 4216 1488 4272 his
1527 4218 1685 4272 rebus
1730 4233 1834 4273 non

253 4305 471 4374 mystice
501 4312 704 4359 tantum
727 4304 904 4372 dictis,
928 4305 1023 4360 sed
1048 4305 1207 4360 etiam
1232 4307 1396 4376 gestis
1415 4307 1837 4378 conﬁguraretur

253 4397 352 4451 vita
392 4397 684 4454 christiana
724 4414 844 4468 qua:
888 4399 974 4456 hic
1022 4401 1242 4470 geritur.
1288 4401 1421 4456 Nam
1468 4413 1683 4472 propter
1719 4405 1837 4474 ejus

255 4502 460 4544 crucem
483 4488 686 4546 dictum
713 4500 833 4547 est:
865 4491 963 4556 Qui
999 4501 1168 4546 autent
1192 4490 1228 4545 Ι
1232 4509 1317 4548 esu
1338 4491 1523 4548 Christi
1559 4505 1696 4561 sunt,
1726 4512 1839 4548 car-

252 4597 364 4636 nem
403 4599 550 4636 suam
589 4583 951 4654 cruciﬁxerunt
970 4601 1086 4638 cum
1124 4586 1481 4656 passionibus,’
1517 4597 1563 4640 et
1601 4587 1840 4659 concupi-

254 4678 450 4732 scentiis
469 4677 673 4750 (Galat.
701 4694 756 4744 v,
779 4678 894 4749 24).
919 4679 1144 4751 Propter
1162 4682 1493 4751 sepulturam
1514 4701 1527 4736 :
1547 4681 1841 4754 Consepulti

255 4787 425 4827 sumus
447 4771 651 4829 Christo
678 4789 769 4842 per
800 4770 1118 4843 Baptismum
1145 4774 1200 4826 in
1229 4783 1459 4830 mortem.
1499 4775 1726 4844 Propter
1751 4792 1841 4831 re—

256 4866 637 4922 surrectionem
666 4884 679 4920 :
713 4865 782 4921 Ut
809 4866 1232 4938 quemadmodum
1260 4866 1487 4922 Christus
1513 4870 1784 4924 resurrexit
1811 4888 1844 4925 a

256 4963 461 5013 mortuis
491 4975 583 5029 per
611 4960 828 5030 gloriam
858 4957 1052 5026 Patris,
1084 4962 1154 5013 ita
1181 4968 1226 5013 et
1254 4975 1344 5013 nos
1384 4960 1437 5012 in
1469 4962 1685 5016 nouitate
1727 4964 1843 5018 vitae

260 5049 584 5106 ambulantis.
613 5050 838 5120 Propter
865 5051 1234 5106 ascensionem
1259 5050 1313 5105 in
1336 5051 1530 5107 cmlum
1553 5055 1844 5125 sedemque

261 5144 320 5198 ad
347 5144 623 5200 dexteram
648 5145 820 5200 Patris
848 5162 862 5200 :
888 5144 951 5201 Si
987 5155 1155 5200 autent
1181 5147 1521 5200 resurrexistis
1547 5162 1659 5214 cum
1690 5147 1841 5202 Chri-

259 5245 350 5306 sto,
379 5253 493 5308 quia
517 5252 717 5293 sursum
736 5246 852 5292 sunt
877 5238 1102 5308 quaerite,
1131 5237 1216 5292 ubi
1247 5238 1474 5294 Christus
1497 5247 1568 5294 est
1588 5239 1657 5293 ad
1681 5240 1844 5294 dexte-

320 5443 335 5518 ξ
361 5442 434 5518 sic
454 5439 760 5518 antiquiores
779 5446 888 5491 Mss.
907 5441 1048 5504 juxta
1069 5451 1299 5504 graecum.
1321 5447 1378 5491 At
1400 5440 1539 5503 editi,
1571 5440 1845 5506 consepulti

256 5517 581 5559 alium.

316 5573 338 5606 ³
372 5566 563 5631 Aliquot
585 5574 711 5631 Mss,
738 5565 957 5617 viventes.

321 5635 340 5665 ³
374 5637 438 5680 tta
596 5630 713 5680 aditi
738 5643 874 5686 vero,
907 5626 1124 5686 subjecit.

317 5697 340 5727 δ
369 5693 506 5751 Editi,
529 5691 705 5742 carnis.
736 5700 791 5740 At
816 5699 918 5741 Mss.
945 5689 1126 5751 plures,
1162 5689 1311 5741 carni.
1337 5691 1556 5741 Nonnulli
1583 5703 1703 5741 vero
1739 5705 1844 5742 eam

260 5767 421 5808 town
447 5759 763 5817 [tractet-eunt.

319 5820 340 5852 ⁵
358 5816 497 5875 Editi,
520 5832 629 5867 cum
651 5817 795 5880 iitiis.
824 5818 1050 5880 Ριξπίῳί
1079 5823 1206 5876 Mss,
1226 5829 1335 5867 cum
1357 5816 1654 5880 passionibus
1669 5829 1686 5878 ;
1704 5817 1842 5879 juxta

263 5894 492 5946 uacum,
514 5881 602 5932 sun
621 5879 712 5932 tois
734 5877 1016 5942 pathemasi,

1691 368 1893 428 LIBER
1928 366 2128 428 UNUS.

1963 507 2073 546 ram
2100 490 2199 546 Dei
2222 494 2435 562 sedens;
2457 511 2572 569 qua:
2593 515 2792 555 sursum
2828 512 2945 558 sunt
2972 506 3150 577 sapite,
3181 523 3284 564 non
3306 523 3423 572 qua!
3445 525 3541 566 su-

1964 599 2054 653 per
2082 593 2264 640 terram
2290 604 2309 641 :
2337 593 2519 644 mortui
2536 593 2667 647 enim
2695 596 2832 664 estis,
2859 606 2906 652 et
2935 599 3034 653 vita
3061 609 3225 656 vestra
3249 601 3544 660 abscondita

1962 686 2034 730 est
2057 693 2170 730 cum
2197 678 2396 735 Christo
2417 682 2468 736 in
2488 682 2617 738 Deo.

2040 767 2265 827 CAPUT
2311 773 2444 828 LIV.
2483 807 2554 818 —
2587 776 2848 836 Iudicium
2893 783 3126 839 ultimum
3173 786 3425 857 pertinens
3455 788 3537 843 ad

1956 877 2038 916 res
2063 864 2116 917 in
2145 865 2248 933 ﬁne
2273 868 2446 922 seculi
2471 872 2735 942 gerendas.
2760 874 2876 930 .lam
2907 891 3032 933 vero
3061 879 3203 948 quod
3231 879 3299 935 de
3323 879 3538 937 Christo

1957 956 2278 1030 conﬁtemur
2298 960 2560 1033 futurum,
2600 968 2850 1037 quoniam
2878 969 2944 1025 de
2971 971 3111 1027 caelo
3144 980 3396 1029 venturus
3430 981 3532 1040 est,

1954 1047 2103 1105 vivos
2124 1051 2456 1121 judicaturus
2493 1072 2555 1113 ac
2593 1069 2852 1128 mortuos,
2888 1077 2993 1119 non
3023 1065 3250 1135 pertinet
3277 1065 3345 1120 ad
3376 1065 3539 1122 vitam

1954 1151 2192 1199 nostram
2233 1161 2351 1216 qua:
2395 1147 2482 1204 hic
2512 1151 2752 1220 'geritur;
2783 1155 2902 1224 quia
2945 1169 3043 1211 nec
3085 1156 3138 1211 in
3176 1157 3334 1212 rebus
3373 1157 3536 1228 gestis

1953 1234 2071 1305 ejus
2094 1245 2196 1302 est,
2229 1240 2323 1294 sed
2353 1240 2407 1295 in
2439 1242 2545 1297 line
2573 1245 2752 1300 saeculi
2776 1246 3041 1315 gerendis.
3070 1247 3152 1304 Ad
3182 1248 3284 1304 hoc
3303 1249 3536 1319 pertinet

1955 1326 2098 1394 quod
2127 1327 2415 1398 Apostolus
2454 1342 2668 1390 secutus
2706 1336 2947 1406 adjunxit
2975 1355 2988 1391 :
3015 1336 3140 1394 Cum
3179 1339 3406 1395 Christus
3434 1356 3535 1410 ap-

1953 1421 2176 1488 paruerit
2204 1423 2304 1477 vita
2333 1434 2516 1494 vestra,
2545 1436 2664 1482 tunc
2687 1440 2734 1483 et
2766 1446 2850 1485 vos
2879 1433 3185 1503 apparebitis
3217 1450 3332 1489 cum
3359 1435 3450 1490 illo
3477 1435 3533 1490 in

1951 1510 2112 1581 gloria
2134 1513 2351 1581 (Coloss.
2384 1533 2463 1585 ιιι,
2497 1519 2639 1591 1-4).

2019 1603 2245 1662 CAPUT
2285 1608 2394 1664 LV.
2421 1613 2762 1669 —Judicare
2800 1617 2935 1672 vivos
2974 1628 3023 1672 et
3067 1629 3310 1687 mortuos,
3342 1620 3535 1690 duplici

1950 1696 2099 1750 modo
2129 1699 2456 1757 intellectum.
2488 1703 2701 1760 Duobus
2730 1716 2907 1763 autem
2953 1711 3126 1765 modis
3162 1711 3332 1783 accipi
3358 1720 3534 1782 potest

1947 1788 2089 1857 quod
2117 1790 2264 1846 vivos
2292 1799 2346 1847 et
2372 1805 2609 1851 mortuos
2631 1797 2890 1866 judicabit
2917 1819 2930 1855 :
2962 1802 3074 1856 sive
3105 1812 3162 1857 ut
3187 1803 3335 1859 vivos
3365 1803 3527 1858 intel-

1948 1880 2190 1951 ligamus,
2224 1899 2358 1954 quos
2400 1887 2486 1942 hic
2533 1889 2769 1944 nondum
2812 1902 3070 1960 mortuos,
3114 1893 3209 1949 sed
3254 1894 3430 1949 adhuc
3472 1894 3528 1950 in

1946 1972 2046 2029 ista
2089 1991 2249 2034 carne
2295 1979 2533 2036 viventes
2580 1983 2893 2038 inventurus
2940 1995 3023 2040 est
3067 1986 3184 2054 ejus
3232 1986 3528 2053 adventus;

1946 2079 2205 2137 mortuos,
2231 2079 2408 2127 autem
2454 2075 2543 2144 qui
2583 2075 2650 2130 de
2681 2090 2926 2146 corpore,
2955 2078 3101 2147 prius
3129 2092 3288 2148 quam
3328 2078 3527 2146 veniat,

1945 2159 2190 2215 exierunt
2223 2163 2308 2216 vel
2341 2164 2533 2220 exituri
2559 2174 2685 2221 sunt
2707 2184 2719 2219 :
2744 2167 2856 2222 sive
2882 2167 3030 2222 vivos
3051 2167 3246 2238 justos,
3290 2177 3529 2225 mortuos

1945 2257 2121 2304 autem
2159 2251 2421 2321 injustos;
2453 2255 2703 2324 quoniam
2731 2256 2860 2325 justi
2889 2272 3103 2327 quoque
3125 2257 3524 2327 judicabantur.

1943 2339 2245 2410 Aliquando
2273 2345 2416 2398 enim
2438 2344 2695 2415 judicium
2733 2347 2825 2402 Dei
2853 2348 3065 2417 ponitur
3089 2349 3144 2403 iu
3174 2348 3347 2416 malo;
3390 2349 3530 2407 unde

1942 2432 2072 2489 illud
2101 2445 2204 2501 est,
2237 2436 2336 2503 Qui
2370 2449 2540 2493 autem
2588 2440 2719 2494 male
2761 2451 2989 2512 egerunt,
3021 2442 3074 2496 in
3113 2443 3529 2498 resurrectionem

1931 2525 2121 2598 judicii
2151 2527 2329 2599 (Joau.
2361 2545 2412 2596 v,
2440 2531 2532 2602 29)
2577 2549 2592 2586 :
2628 2532 2914 2603 aliquando
2956 2543 3010 2589 et
3052 2534 3106 2589 in
3135 2533 3299 2600 bono,
3330 2549 3526 2591 secun-

1941 2616 2067 2671 dum
2099 2619 2243 2688 quod
2272 2620 2474 2676 dictum
2507 2632 2608 2691 est,
2635 2623 2791 2692 Deus,
2815 2625 2868 2678 in
2898 2626 3100 2680 nomine
3127 2635 3213 2680 tuo
3235 2627 3429 2681 salvum
3450 2644 3530 2684 me

1941 2711 2046 2781 fac,
2074 2718 2123 2764 et
2145 2711 2198 2764 in
2226 2711 2409 2767 uirtute
2437 2723 2522 2767 tua
2543 2715 2725 2786 judica
2756 2732 2834 2769 me
2864 2715 3032 2788 (Psal.
3070 2733 3181 2785 Lm,
3203 2718 3282 2789 3).
3313 2718 3417 2775 Per
3439 2719 3526 2791 ju-

1939 2801 2134 2857 dicium
2160 2804 2355 2874 quippe
2381 2805 2479 2861 Dei
2505 2805 2691 2878 titipsa
2726 2808 2989 2864 bonorum
3017 2810 3384 2881 malorumque
3410 2811 3522 2868 dis-

1939 2896 2127 2958 cretio,
2164 2905 2222 2950 ut
2258 2897 2514 2952 liberandi
2556 2916 2586 2952 a
2613 2901 2774 2965 malo,
2805 2916 2909 2956 nou
2933 2901 3187 2972 perdendi
3207 2917 3328 2958 cum
3351 2904 3524 2972 malis,

1941 2987 2068 3042 boni
2098 2990 2165 3045 ad
2196 2990 2472 3047 dexteram
2498 3004 2850 3064 segregentur
2877 2994 3095 3065 (Matth.
3124 3013 3256 3062 xxv,
3290 2997 3377 3063 32,
3409 2997 3523 3069 55).

1939 3083 2166 3155 Propter
2211 3087 2354 3157 quod
2408 3088 2499 3144 ille
2539 3089 2821 3155 clamabat,
2867 3089 3056 3144 Judica
3104 3108 3202 3159 me,
3252 3090 3388 3145 Deus
3426 3108 3446 3145 :
3474 3100 3530 3148 et

1940 3177 2064 3247 quid
2090 3177 2297 3233 dixerat
2316 3162 2459 3234 velut
2486 3195 2780 3251 exponens,
2809 3179 2880 3233 Et
2901 3181 3150 3247 discerne,
3181 3181 3369 3252 inquit,
3400 3197 3525 3235 cau-

1939 3285 2048 3324 sam
2065 3286 2227 3323 meam
2247 3271 2310 3325 de
2333 3279 2477 3342 gente
2501 3288 2601 3325 non
2627 3281 2801 3327 sancta
2831 3271 3004 3344 (Psal.
3027 3288 3155 3339 xui,
3185 3273 3263 3344 1).

2013 3362 2236 3418 CAPUT
2278 3363 2412 3417 LVI.
2434 3365 2612 3418 —15.
2653 3364 2732 3418 De
2770 3362 2969 3435 Spiritu
3005 3375 3180 3419 sancto
3210 3375 3258 3418 et
3296 3364 3529 3420 Ecclesia

1939 3465 2073 3511 recto
2103 3457 2278 3511 ordine
2306 3458 2494 3510 dictum
2529 3458 2580 3510 in
2609 3456 2875 3527 Symbolo.
2917 3457 3151 3512 Ecclesia
3188 3458 3398 3513 cmlestis
3424 3467 3527 3511 ter-

1941 3564 2076 3602 renae
2103 3548 2402 3618 opitulatur.
2426 3545 2561 3602 Cum
2590 3558 2770 3603 autem
2793 3549 2861 3604 de
2886 3547 3014 3604 Jesu
3037 3547 3248 3603 Christo
3278 3548 3413 3603 Filio
3433 3549 3528 3604 Dei

1941 3641 2100 3696 unico
2126 3640 2350 3694 Domino
2376 3648 2580 3707 nostro,
2613 3640 2755 3710 quod
2785 3640 2850 3695 ad
2877 3640 3194 3696 brevitatem
3221 3639 3529 3696 Confessiov

1942 3733 2025 3787 uis
2048 3733 2295 3802 pertinet,
2326 3732 2638 3799 dixerimus,
2670 3733 3008 3804 adjungimus
3033 3732 3110 3788 sic
3146 3733 3366 3789 credere
3391 3747 3489 3789 nos
3509 3733 3526 3766 ¹

1942 3824 2077 3890 etin
2104 3823 2359 3894 Spiritum
2404 3834 2669 3892 sanctum,
2694 3836 2753 3880 ut
2779 3826 2871 3881 illa
2911 3826 3145 3882 Trinitas
3171 3827 3526 3898 compleatur,

1942 3933 2061 3988 qua:
2089 3919 2227 3972 Deus
2265 3925 2346 3972 est
2378 3917 2610 3973 :deinde
2639 3927 2821 3972 sancta
2859 3926 3310 3974 commemoratur
3336 3918 3528 3974 Eccle-

1943 4010 2042 4064 sia.
2087 4008 2238 4064 Uude
2291 4008 2447 4064 datur
2492 4009 2714 4080 intelligi
2760 4010 3074 4065 rationalem
3119 4020 3418 4066 creaturam
3461 4010 3529 4066 ad

1943 4101 2238 4157 Jerusalem
2271 4101 2491 4156 liberam
2537 4102 2892 4171 pertinentem
2923 4101 3116 4173 (Galat.
3159 4119 3229 4170 ιν,
3259 4103 3375 4175 26),
3409 4112 3532 4174 post

1943 4197 2508 4253 commemorationem
2562 4195 2850 4262 Creatoris,
2898 4197 2951 4252 id
3000 4206 3084 4253 est
3128 4213 3351 4253 summa:
3386 4197 3532 4252 illius

1943 4289 2243 4356 Trinitatis,
2276 4288 2439 4343 fuisse
2481 4288 2832 4344 subdendum.
2876 4289 3135 4358 Quoniam
3166 4289 3421 4362 quidquid
3463 4289 3532 4347 de

1945 4379 2163 4436 homine
2206 4381 2419 4434 Christo
2461 4380 2660 4435 dictum
2709 4389 2811 4444 est,
2859 4383 2924 4436 ad
2983 4381 3238 4437 unitatem
3286 4397 3532 4452 persona:

1948 4471 2219 4542 lluigeniti
2257 4471 2508 4542 pertinet.
2551 4472 2750 4528 Rectus
2779 4472 2958 4543 itaque
2998 4471 3363 4530 Conlessionis
3398 4474 3534 4531 ordo

1946 4563 2220 4633 poscebat,
2263 4570 2323 4618 ut
2361 4561 2608 4618 Trinitati
2651 4563 3059 4634 subjungeretur
3102 4564 3362 4631 Ecclesia,
3416 4572 3533 4620 tan-

1945 4670 2105 4725 quam
2137 4655 2420 4710 habitatori
2449 4653 2643 4710 domus
2672 4671 2790 4722 sua,
2821 4665 2875 4712 et
2913 4658 3025 4712 Deo
3070 4657 3324 4729 templum
3353 4671 3530 4724 suum,

1947 4755 2002 4803 et
2021 4746 2283 4802 conditori
2311 4746 2499 4801 civitas
2523 4761 2640 4802 sua.
2673 4746 2804 4814 Quae
2829 4755 2937 4802 tota
2964 4746 3053 4802 hic
3089 4748 3398 4821 accipienda
3425 4758 3528 4814 est,

1949 4854 2055 4894 non
2089 4839 2262 4893 solum
2304 4853 2370 4892 ex
2414 4846 2564 4908 parte
2601 4841 2737 4908 qua”
2769 4840 3138 4910 peregrinatur
3186 4840 3241 4896 in
3282 4841 3454 4904 terris,
3498 4854 3531 4896 a

1948 4932 2078 4988 solis
2106 4942 2226 4986 ortu
2256 4946 2423 5002 usque
2450 4930 2519 4986 ad
2548 4946 2798 4988 occasum
2834 4932 3054 4988 laudans
3093 4947 3288 4989 nomen
3319 4931 3534 4987 Domini

1951 5026 2125 5097 (Psal.
2153 5042 2294 5092 cxu,
2325 5027 2406 5095 3),
2451 5035 2506 5081 et
2543 5034 2660 5097 post
2702 5027 3061 5096 captivitatem
3093 5025 3371 5081 vetustatis
3405 5038 3536 5079 can-

1950 5128 2071 5174 tans
2103 5119 2366 5174 canticum
2403 5133 2646 5185 novum;
2687 5135 2872 5175 verum
2912 5120 3073 5187 etiam
3102 5134 3168 5174 ex
3214 5117 3302 5172 illa
3330 5132 3450 5188 qua:
3477 5118 3534 5173 in

1949 5213 2100 5269 caelis
2129 5227 2363 5282 semper,
2393 5227 2458 5266 ex
2486 5227 2592 5282 quo
2633 5211 2849 5267 condita
2888 5220 2990 5277 est,
3019 5207 3240 5263 cohaesit
3270 5209 3400 5274 Deo,
3433 5224 3536 5266 nec

1951 5305 2118 5361 ullum
2154 5305 2354 5359 malum
2385 5303 2467 5360 sui
2497 5318 2654 5359 casus
2693 5310 2910 5372 experta
2950 5307 3050 5355 est.
3082 5299 3208 5354 Haec
3246 5298 3300 5355 in
3335 5301 3536 5358 sanctis

1950 5397 2168 5469 Angelis
2213 5396 2368 5452 beata
2419 5396 2675 5466 persistit,
2725 5403 2780 5449 et
2824 5407 2935 5447 sua:
2987 5392 3122 5462 parti
3170 5393 3536 5465 peregrinanti

1949 5491 2088 5546 sicut
2120 5497 2331 5560 oportet
2362 5487 2678 5558 Opitulatur;
2719 5485 2840 5555 quia
2873 5490 3095 5554 utraque
3127 5499 3234 5540 una
3272 5485 3374 5541 erit
3400 5499 3534 5541 con-

2016 5693 2030 5724 ¹
2059 5691 2226 5740 Plures
2245 5697 2370 5748 Mss.,
2386 5684 2695 5748 adjuuqimus
2717 5683 2792 5736 his
2814 5685 3014 5737 credere
3037 5699 3136 5736 nos.
3163 5685 3382 5736 Nonnulli
3397 5696 3535 5743 vero,

1949 5753 2274 5816 adjungimns,
2303 5746 2703 5816 ut'conuenittsic
2727 5751 2926 5799 credere
2956 5763 3065 5816 nos._
3081 5749 3278 5816 Quidam
3297 5747 3532 5814 denique,

1950 5809 2276 5876 atljuru'jimus,
2303 5819 2350 5860 ut
2373 5809 2486 5872 scis,
2511 5810 2712 5876 credere
2735 5824 2817 5861 uos
2845 5824 2862 5860 :
2887 5826 2982 5862 non
3005 5814 3161 5862 minus
3182 5812 3332 5870 bene.

2017 5871 2037 5909 '3
2062 5871 2162 5925 Ain.
2189 5882 2260 5924 Er.
2286 5881 2401 5924 Dan.
2429 5881 2480 5923 et
2501 5871 2671 5937 plures
2692 5880 2818 5938 Mss,
2845 5887 2970 5938 qua.
