4046 6332
472 498 639 559 sortio
666 498 995 567 aeternitatis,
1025 508 1079 555 et
1106 514 1245 553 nunc
1274 514 1377 552 una
1416 506 1498 552 est
1520 497 1730 551 vinculo
1755 493 2048 559 charitatis,

474 586 593 665 'qum
616 600 723 647 tota
749 592 982 646 instituta
1005 600 1087 647 est
1106 591 1173 645 ad
1200 588 1481 645 colendum
1502 603 1663 644 unum
1686 587 1873 641 Deum.
1900 582 2054 640 Unde

474 702 574 743 nec
605 695 732 751 tota,
761 700 858 741 nec
878 685 982 740 ulla
1013 699 1135 759 pars
1171 684 1286 754 ejus
1316 683 1429 737 vult
1452 697 1511 737 se
1536 682 1638 738 coli
1666 696 1764 755 pro
1791 681 1920 746 Deo,
1953 692 2054 733 nec

473 762 719 847 cuiquam
747 789 865 831 esse
890 774 1043 829 Deus
1074 773 1357 845 pertinenti
1387 772 1453 827 ad
1480 774 1731 844 templqu
1763 771 1881 837 Dei,
1913 768 2053 841 quod

471 869 767 926 aedificatur
791 884 854 923 es
882 867 983 923 diis
1014 883 1149 938 quos
1178 864 1303 921 facit
1332 882 1437 921 non
1468 866 1636 921 factus
1662 865 1823 920 Deus.
1852 865 1931 917 Ac
1959 854 2053 933 per

472 960 574 1017 hoc
599 961 824 1034 Spiritus
873 970 1089 1015 sanctus
1127 958 1171 1014 si
1194 967 1457 1027 creatura,
1494 973 1600 1013 non
1618 966 1845 1022 creator,
1887 963 2052 1021 esset,

470 1051 711 1122 profecto
769 1056 1011 1106 creatura
1061 1047 1340 1103 rationalis
1382 1056 1554 1114 esset;
1613 1045 1727 1116 ipsa
1783 1053 1865 1099 est
1909 1040 2053 1099 enim

471 1159 676 1200 summa
703 1153 944 1201 creatura
964 1144 1002 1197 ⁸.
1034 1143 1100 1198 Ει
1134 1143 1253 1199 ideo
1285 1143 1334 1197 in
1365 1142 1567 1213 Regula
1602 1138 1724 1197 ﬁdei
1752 1156 1855 1195 non
1888 1155 2053 1210 pone-

469 1246 615 1292 retur
649 1245 773 1291 ante
809 1218 1118 1301 Ecclesium,
1152 1236 1271 1305 quia
1298 1241 1352 1289 et
1379 1234 1492 1304 ipse
1514 1233 1580 1288 ad
1611 1230 1899 1288 Ecclesium
1925 1246 2050 1303 per-

470 1328 662 1382 tineret
697 1329 749 1381 iu
780 1327 871 1382 illa
916 1327 1031 1397 ejus
1059 1336 1204 1397 parte
1242 1342 1358 1398 quae
1400 1325 1451 1380 iu
1480 1326 1629 1381 caelis
1672 1334 1771 1379 est.
1806 1323 1913 1379 Nec
1952 1323 2050 1377 ha-

468 1417 617 1474 beret
647 1420 922 1489 templum,
951 1419 1045 1473 sed
1070 1418 1231 1473 etiam
1262 1418 1374 1487 ipse
1402 1417 1655 1487 templum
1690 1425 1851 1472 esset.
1893 1415 2054 1470 Tem-

468 1512 614 1582 plum
650 1522 828 1566 autem
856 1510 1037 1577 habet,
1079 1511 1147 1566 de
1180 1525 1287 1579 quo
1312 1509 1439 1564 dicit
1469 1507 1793 1579 Apostolus:
1826 1504 2046 1561 Nescitis

468 1594 587 1674 quia
614 1620 827 1674 corpora
850 1613 1012 1658 vestra
1032 1603 1271 1674 tentplum
1292 1611 1404 1656 sunt
1434 1601 1659 1668 Spiritus
1686 1599 1867 1665 sancti,
1900 1599 1984 1670 qui
2000 1599 2052 1652 in

468 1696 604 1749 vobis
636 1704 729 1762 est,
766 1711 911 1766 quem
953 1694 1143 1749 habetis
1192 1710 1222 1746 a
1259 1692 1410 1747 Deo!
1452 1692 1526 1747 De
1553 1691 1745 1763 quibus
1789 1690 1894 1745 alio
1932 1690 2051 1744 loco

467 1787 595 1841 dicit
625 1804 638 1841 :
670 1785 890 1840 Nescitis
912 1787 1029 1857 quia
1054 1801 1267 1858 corpora
1309 1793 1473 1839 vestra
1498 1783 1722 1837 membra
1748 1792 1864 1837 sunt
1904 1781 2052 1836 Chri-

466 1879 530 1932 sti
555 1876 595 1951 (Ι
616 1878 736 1933 Cor.
771 1893 845 1945 vt,
872 1878 959 1943 I9,
992 1876 1122 1949 I5)?
1149 1875 1426 1946 Quomodo
1463 1890 1592 1945 ergo
1621 1875 1759 1930 Deus
1796 1888 1899 1928 nou
1945 1880 2047 1936 est,

467 1975 557 2046 qui
605 1975 859 2045 templum
903 1973 1100 2030 habet?
1138 1980 1229 2027 aut
1270 1973 1445 2027 minor
1491 1970 1703 2027 Christo
1746 1979 1848 2036 est,
1899 1967 2050 2038 cujus

465 2067 703 2123 membra
734 2068 987 2137 templum
1027 2066 1216 2121 habet?
1244 2065 1427 2136 Neque
1451 2066 1591 2121 enim
1620 2063 1762 2119 aliud
1795 2062 2049 2131 templum

465 2159 603 2228 ejus,
632 2157 774 2211 aliud
800 2157 1054 2225 templum
1099 2157 1191 2211 Dei
1235 2165 1339 2222 est,
1377 2170 1497 2209 cum
1547 2154 1689 2209 idem
1732 2153 1875 2208 dicat
1904 2153 2050 2221 Apo-

464 2250 652 2317 stolus,
684 2248 906 2305 Nescitis
931 2251 1050 2319 quia
1076 2250 1313 2319 templum
1353 2248 1447 2302 Dei
1484 2250 1601 2303 estis
1624 2264 1642 2303 :
1666 2248 1807 2319 quod
1837 2257 1893 2301 ut
1925 2264 2049 2318 pro-

463 2343 634 2407 barct,
659 2341 870 2411 adjecit,
908 2338 974 2395 Et
1006 2341 1232 2411 Spiritus
1256 2340 1350 2395 Dei
1381 2339 1567 2393 habitat
1594 2341 1646 2394 in
1673 2340 1809 2394 vobis
1837 2336 1947 2411 (Id.
1968 2354 2046 2413 tu,

465 2434 579 2505 16).
615 2436 754 2491 Deus
796 2450 923 2513 ergo
964 2432 1166 2489 habitat
1214 2435 1266 2487 in
1310 2434 1509 2504 templo
1556 2448 1675 2500 suo,
1723 2448 1829 2487 non
1877 2431 2048 2487 solum

461 2527 691 2599 Spiritus
726 2534 958 2595 sanctus,
983 2527 1075 2583 sed
1102 2528 1258 2583 etiam
1288 2526 1446 2581 Pater
1475 2536 1528 2582 et
1553 2525 1736 2589 Filius,
1774 2525 1866 2596 qui
1890 2526 2048 2579 etiam

461 2618 530 2676 de
563 2635 788 2692 corpore
819 2636 933 2685 suo,
962 2635 1056 2690 per
1082 2619 1224 2692 quod
1259 2617 1428 2673 factus
1467 2624 1549 2673 est
1583 2626 1742 2686 caput
1771 2616 2045 2683 Ecclesiae,

460 2730 580 2785 qua:
604 2714 657 2771 in
684 2714 987 2768 hominibus
1015 2704 1117 2780 est,
1149 2721 1205 2767 ut
1230 2714 1293 2767 sit
1313 2712 1493 2784 ipsein
1528 2711 1756 2765 omnibus
1768 2712 2049 2782 primatum

461 2813 633 2861 tenens
672 2805 886 2879 (Coloss.
915 2821 954 2873 1,
983 2805 1093 2876 l8),
1126 2805 1219 2869 ait,
1262 2803 1454 2859 Solvite
1482 2804 1723 2873 templum
1753 2804 1866 2868 hoc,
1908 2810 1955 2856 et
1996 2802 2049 2855 in

461 2896 631 2951 triduo
676 2895 923 2951 suscitabo
959 2895 1089 2950 illud
1124 2893 1301 2970 (Joan.
1339 2910 1395 2962 ll,
1446 2892 1559 2966 l9).
1599 2892 1879 2962 Templum
1921 2908 2049 2963 ergo

463 2974 580 3054 Dei,
614 2988 716 3043 hoc
749 2996 830 3043 est
858 2988 1019 3043 totius
1045 3002 1267 3043 summa:
1291 2986 1585 3050 Trinitatis,
1619 2993 1801 3040 sancta
1840 2992 1923 3040 est
1948 2985 2049 3039 Ec-

458 3076 645 3146 clesia,
671 3081 875 3136 scilicet
896 3081 1140 3137 universa
1172 3080 1223 3135 in
1246 3081 1383 3136 coelo
1411 3089 1465 3136 et
1490 3081 1543 3135 in
1566 3088 1727 3135 terra.

530 3172 756 3230 CAPUT
792 3173 949 3229 LVII.
982 3204 1056 3215 —
1081 3173 1343 3229 Stabilitas
1388 3172 1632 3228 Ecclesia:
1662 3170 1893 3227 cmlestis.
1941 3170 2047 3227 Sed

458 3264 527 3321 de
567 3265 655 3320 illa
699 3281 817 3336 quae
849 3265 921 3331 in
958 3266 1098 3322 coelo
1134 3275 1236 3333 est,
1274 3266 1540 3321 afﬁrmare
1568 3266 1693 3337 quid
1739 3280 2043 3336 possumus,

460 3358 566 3414 nisi
596 3359 736 3430 quod
768 3359 942 3414 nullus
969 3360 1022 3414 in
1052 3375 1113 3415 ea
1144 3361 1312 3415 malus
1328 3369 1428 3426 est,
1457 3375 1555 3415 nec
1585 3360 1864 3431 quisquam
1892 3360 2044 3415 dein-

459 3466 587 3525 ceps
632 3453 754 3511 inde
795 3453 987 3512 cecidit
1025 3463 1116 3511 aut
1162 3469 1383 3512 casurus
1414 3462 1519 3523 est,
1552 3468 1618 3511 ex
1645 3468 1749 3527 quo
1780 3454 1921 3508 Deus
1950 3470 2045 3507 an-

458 3547 582 3615 gelis
610 3547 926 3617 peccantibus
965 3565 1064 3601 non
1105 3549 1343 3619 pepercit,
1390 3548 1525 3602 sicut
1564 3548 1750 3602 scribit
1774 3549 2047 3619 apostolus

457 3638 648 3694 Petrus
674 3658 688 3705 ;
734 3641 821 3694 sed
844 3640 1125 3695 carceribus
1153 3640 1385 3712 caliginis
1418 3640 1569 3709 inferi
1596 3642 1857 3695 retrudens
1882 3640 2044 3695 tradi-

458 3731 532 3783 dit
556 3730 609 3784 in
630 3732 828 3800 judicio
857 3733 1132 3802 puniendos
1157 3733 1399 3787 reservari
1419 3732 1484 3804 (Il
1513 3730 1656 3787 Petr.
1683 3750 1738 3799 ll,
1768 3732 1867 3805 4)?

529 3822 757 3880 CAPUT
797 3825 975 3880 LVIII.
999 3826 1402 3897 —Angelorum
1444 3842 1555 3897 qua:
1596 3829 1696 3882 sint
1723 3827 2041 3896 diﬂ'erentite,

458 3924 507 3971 el
533 3934 598 3971 an
636 3917 816 3991 Angeli
842 3920 942 3973 sint
968 3920 1156 3988 sidera,
1186 3920 1449 3975 incertum.
1479 3920 1758 3989 Quomodo
1784 3931 1960 3980 autem
1985 3939 2046 3981 se

460 4006 652 4063 habeat
678 4009 982 4066 beatissima
1024 4011 1109 4065 illa
1150 4019 1204 4067 et
1244 4027 1474 4081 superna
1524 4014 1773 4082 societas,
1814 4031 1933 4085 quae
1971 4016 2044 4071 ibi

462 4101 569 4156 siut
592 4103 904 4159 dill‘ercntia:
932 4105 1396 4175 preepositurarum
1413 4106 1456 4173 ⁹,
1480 4113 1538 4161 ut
1557 4121 1677 4161 eum
1708 4122 1895 4163 omnes
1923 4117 2042 4163 tan-

459 4208 616 4263 quam
643 4194 879 4266 generali
906 4196 1121 4251 nomine
1166 4196 1350 4267 Angeli
1391 4207 1763 4269 nuncupentur
1792 4199 1953 4271 (sicut
1990 4199 2044 4256 in

461 4286 694 4357 Epistola
735 4287 799 4342 ad
845 4287 1095 4345 Hebraeos
1138 4289 1363 4361 legimus
1392 4308 1405 4345 :
1431 4290 1524 4345 Cui
1568 4293 1700 4348 enim
1736 4294 2045 4367 Angelorum

461 4380 589 4434 dixit
628 4380 922 4451 aliquando,
967 4381 1103 4437 Sede
1145 4399 1178 4436 a
1220 4381 1409 4437 dextris
1451 4384 1574 4439 meis
1606 4384 1788 4457 (Hebr.
1832 4403 1869 4455 ι,
1917 4388 2043 4460 I5)?

457 4470 561 4526 hoc
583 4472 777 4543 quippe
803 4472 961 4529 modo
985 4474 1299 4545 signiﬁcavit
1328 4491 1513 4533 omnes
1544 4478 1916 4545 universaliter
1935 4482 2046 4535 An—

458 4562 607 4633 gelos
649 4560 799 4633 dici),
847 4563 953 4619 sint
1005 4573 1183 4635 tamen
1227 4566 1335 4622 illic
1371 4568 1691 4639 Archangeli
1723 4587 1735 4622 :
1766 4580 1820 4639 et
1867 4581 2043 4626 utrum

459 4653 617 4712 iidem
646 4654 963 4727 Archangeli
994 4656 1329 4729 appellentur
1362 4658 1633 4725 Virtutes;
1664 4671 1821 4733 atque
1862 4663 1932 4715 ita
1960 4662 2043 4717 di-

456 4754 605 4802 ctum
651 4746 739 4814 sit,
783 4742 1011 4802 Laudate
1057 4765 1190 4818 eum,
1239 4767 1408 4806 omnes
1445 4751 1628 4823 Angeli
1656 4738 1801 4824 ejus;
1839 4753 2047 4809 laudate

456 4855 592 4911 eum,
624 4857 794 4895 omnes
834 4839 1048 4895 Virtutes
1077 4841 1184 4911 ejus
1224 4840 1395 4914 (Psal.
1433 4858 1653 4909 CXLVIII,
1680 4842 1737 4915 9.)
1759 4861 1771 4910 ;
1797 4861 1859 4901 ac
1889 4847 1930 4900 si
1960 4846 2044 4900 di-

458 4940 689 5001 ceretur,
739 4931 971 4987 Laudate
1012 4947 1133 4987 eum
1184 4947 1374 4988 omnes
1421 4934 1607 5004 Angcli
1652 4935 1789 5005 ejus,
1836 4936 2044 4993 laudate

457 5036 579 5080 eum
609 5040 794 5091 omnes
823 5024 1138 5096 Archangeli
1176 5023 1292 5094 ejus
1318 5042 1329 5078 :
1353 5026 1557 5096 etquid
1589 5027 1729 5082 inter
1754 5044 1821 5096 sc_
1845 5029 2047 5085 distent

458 5124 685 5187 quatuor
728 5117 811 5171 illa
837 5115 1112 5181 vocabula,
1153 5116 1345 5185 quibus
1375 5118 1675 5173 universam
1720 5092 1886 5190 ipsimi
1929 5136 2041 5177 coe-

459 5202 648 5264 Iestcm
673 5208 981 5263 societatem
1014 5206 1221 5262 videtur
1246 5210 1531 5280 Apostolus
1559 5226 1677 5265 esse
1707 5214 2038 5283 complexus,

460 5297 705 5371 dicendo,
748 5299 864 5353 Sive
909 5300 1084 5366 Sedes,
1123 5301 1223 5354 sive
1252 5298 1657 5369 Dominationes,
1701 5303 1803 5357 sive
1842 5304 2045 5358 Princi-

461 5398 625 5461 patus,
674 5390 775 5443 sive
799 5388 1079 5446 Potestates
1106 5391 1325 5463 (Coloss.
1356 5408 1394 5459 ι,
1426 5390 1537 5465 16),
1586 5392 1768 5449 dicant
1805 5397 1893 5466 qui
1921 5412 2042 5467 pos-

462 5491 608 5550 sunt,
640 5482 684 5538 si
717 5490 892 5537 tamen
921 5496 1141 5554 possunt
1163 5486 1385 5558 probare
1416 5487 1555 5558 quod
1579 5487 1796 5544 dicunt:
1826 5506 1926 5561 ego
1955 5506 2040 5547 me

522 5729 540 5761 ι
564 5727 637 5775 sic
660 5732 763 5774 Mss.
791 5729 845 5774 At
871 5724 1004 5783 editi,
1036 5732 1137 5789 Ipse
1156 5728 1282 5778 enim
1300 5735 1422 5781 esset
1436 5744 1622 5783 suum
1644 5738 1885 5784 creatura.

524 5793 543 5821 ²
567 5789 698 5843 editi.
714 5800 1053 5901 personarum.
1080 5796 1134 5838 Μ.
1154 5798 1258 5841 Mss.
1285 5792 1529 5858 plerique,
1556 5795 1987 5861 prcepositurarum
2022 5811 2042 5851 :

532 5850 709 5901 nonnul
732 5851 765 5901 '.
784 5855 1162 5901 armatorum.

460 5858 512 5902 et
532 5850 765 5913 nonnulli,
784 5850 1162 5915 prwpositorum.

971 379 1423 450 ENCHIRIDION,
1462 379 1617 438 SIVE
1657 379 1743 436 DE
1781 375 1957 443 FIDE,
1999 372 2127 429 SPE
2170 371 2258 426 ET
2294 368 2709 443 Cl-IARITATE,
2753 376 2811 432 S.
2855 376 3239 434 AUGUSTINI

2167 490 2267 543 ista
2304 489 2546 559 ignorare
2582 484 2858 548 conﬁteor:
2901 492 3005 549 Sed
3036 476 3103 550 ne
3130 476 3257 553 illud
3286 473 3499 569 quidem
3537 506 3744 555 certum

2159 577 2355 647 habeo,
2382 591 2560 636 utrum
2589 583 2655 638 ad
2685 584 2926 639 eamdem
2949 587 3254 643 societatem
3272 589 3570 659 pertineant
3587 590 3742 649 solet

2160 671 2283 727 luna
2314 683 2368 729 et
2394 682 2583 729 cuncta
2607 675 2781 730 sidera
2811 694 2823 730 :
2852 679 3093 747 quamvis
3121 680 3389 736 nonnullis
3417 681 3590 737 lucida
3619 666 3746 739 cori

2161 778 2289 835 pora
2329 781 2469 835 esse,
2501 781 2608 822 non
2642 782 2762 823 cum
2804 785 2964 825 sensu
2996 771 3081 827 vel
3109 772 3475 845 intelligentia,
3514 772 3741 832 videau-i

2161 863 2248 911 ηπ
2276 856 2371 929 (α).
2732 862 2735 865 .
2952 864 2955 867 .
3724 862 3735 875 .

2228 947 2456 1005 CAPUT
2493 949 2630 1006 LIX.
2656 981 2728 992 —
2754 952 3061 1024 Angelorum
3106 952 3279 1027 qualia
3326 955 3427 1012 sint
3452 959 3523 1013 -in
3560 956 3744 1030 quibus'

2160 1052 2504 1111 apparuerunt
2534 1059 2767 1114 corpora,
2797 1045 3001 1117 difﬁcile
3038 1034 3337 1119 explicatur.
3368 1034 3611 1121 Itemque
3648 1060 3746 1108 an;

2157 1132 2261 1202 geli
2291 1134 2409 1204 quis
2434 1135 2663 1205 explicet
2689 1152 2809 1191 cum
2849 1139 3091 1209 qualibus
3133 1140 3744 1215 corpOrihusappa’rue-

2158 1222 2267 1278 rint
2305 1224 2631 1295 hominibus,
2678 1232 2897 1283 utnon
2941 1232 3115 1286 solum
3157 1244 3521 1300 cernerentur,
3552 1238 3745 1292 verum

2157 1316 2315 1370 etiam
2338 1325 2717 1389 tangereutur;
2746 1330 2802 1376 et
2839 1337 3023 1377 rursus
3056 1338 3161 1379 non
3191 1325 3359 1379 solida
3386 1329 3739 1399 corpulentia,

2156 1407 2251 1462 scd
2278 1410 2539 1479 spirituali
2578 1415 2811 1483 potentia
2835 1416 3095 1485 quasdam
3116 1406 3389 1484 visiones,
3419 1436 3526 1475 non
3574 1422 3745 1477 oculis

2157 1505 2451 1573 corporeis,
2501 1506 2595 1560 sed
2640 1508 3023 1577 spiritualibus,
3056 1510 3143 1566 vel
3175 1512 3446 1569 mentibus
3474 1514 3739 1585 ingerant,

2155 1594 2240 1649 vel
2261 1594 2441 1651 dicant
2463 1598 2659 1669 aliquid
2688 1615 2792 1655 non
2822 1601 2891 1655 ad
2920 1617 3101 1659 aurern
3134 1604 3448 1675 Forinsecus,
3475 1607 3568 1662 sed
3597 1608 3743 1664 intus

2157 1686 2210 1741 in
2268 1689 2449 1745 animo
2493 1691 2782 1760 hominis‘,
2829 1697 2990 1751 etiam
3039 1697 3140 1767 ipsi
3180 1697 3378 1754 ibidem
3426 1698 3747 1757 constituti:

2158 1781 2294 1835 sicut
2333 1784 2590 1855 scriptum
2638 1792 2724 1843 est
2767 1789 2818 1842 in
2861 1790 3247 1861 Prophetarum
3287 1793 3445 1862 libro,
3500 1794 3570 1849 Et
3612 1797 3751 1851 dixit

2158 1873 2282 1927 mihi
2316 1877 2524 1946 angelus
2565 1879 2650 1950 qui
2688 1879 2980 1951 loquebatur
3006 1883 3059 1936 in
3100 1900 3182 1939 me
3220 1883 3404 1956 (Zach.
3433 1903 3470 1954 ι,
3502 1886 3602 1959 9):
3631 1900 3751 1943 non‘

2158 1965 2301 2021 enim
2344 1969 2437 2034 ait,
2483 1971 2571 2041 qui
2616 1971 2931 2042 loquebatur
2976 1975 3041 2029 ad
3081 1991 3205 2041 me;
3256 1978 3369 2044 sed,
3406 1979 3461 2034 in
3506 1997 3605 2034 me.
3645 1980 3753 2038 νοΐ

2157 2066 2449 2129 appareant
2471 2071 2526 2117 et
2543 2064 2598 2117 in
2621 2066 2843 2133 somnis,
2867 2074 2922 2122 et
2945 2068 3316 2139 colloquantur
3338 2087 3484 2127 more
3510 2074 3749 2129 somnio-4‘

2158 2154 2603 2211 rum:habemus
2650 2159 2843 2228 quippe
2885 2160 2938 2214 in
2989 2160 3297 2232 Evangelio,
3351 2164 3484 2220 Ecce
3527 2167 3751 2239 Angelus

2156 2240 2367 2299 Domini
2391 2247 2632 2318 apparuit
2657 2248 2737 2303 illi
2773 2251 2827 2304 in
2864 2252 3071 2317 sonmis,
3108 2254 3277 2309 dicens
3308 2255 3533 2330 (Matth.
3561 2275 3599 2326 ι,
3626 2259 3749 2330 20):

2160 2333 2256 2389 His
2305 2337 2447 2391 enim
2491 2339 2665 2395 modis
2691 2342 2836 2396 velut
2866 2342 3100 2398 indicant
3142 2361 3201 2402 se
3230 2348 3401 2418 angeli
3443 2359 3741 2405 contrecta-

2157 2422 2282 2478 bilia
2327 2441 2552 2497 corpora
2598 2445 2706 2485 non
2752 2430 2949 2488 habere
2979 2450 2993 2486 :
3020 2434 3329 2507 faciuntque
3371 2438 3747 2496 difﬁcillimam

2156 2519 2541 2587 quaestionem,
2604 2525 2875 2593 quomodo
2926 2536 3103 2595 patres
3161 2529 3240 2581 eis
3298 2528 3462 2599 pedes
3516 2531 3755 2588 laverint‘

2156 2607 2309 2678 (Gen.
2359 2627 2506 2680 xvut,
2538 2613 2593 2680 4,
2638 2622 2690 2669 et
2714 2631 2825 2682 xxx,
2867 2615 2949 2687 2),
2977 2620 3245 2687 quomodo
3280 2620 3446 2675 Iacob
3484 2638 3605 2677 cum
3647 2638 3753 2679 anc

2157 2704 2277 2773 gelo
2302 2714 2409 2759 tam
2437 2706 2606 2761 solida
2630 2711 3052 2764 contrectatione
3080 2712 3305 2767 luctatus
3329 2714 3398 2768 sit
3428 2714 3541 2785 (Id.
3562 2730 3751 2783 κω,-

2155 2793 2271 2866 ﬁt).
2302 2796 2437 2851 Cum
2477 2799 2575 2852 ista
2604 2810 2935 2868 quaeruntur,
2967 2811 3022 2856 et
3046 2817 3108 2857 ea
3135 2804 3271 2859 sicut
3296 2816 3488 2875 potest,
3519 2808 3753 2879 quisque-

2156 2887 2440 2956 conjectat,
2490 2903 2596 2943 nou
2639 2890 2899 2949 inutiliter
2936 2903 3256 2951 exercentur
3293 2896 3523 2968 ingenia,
3570 2901 3614 2955 si
3648 2901 3753 2957 ad-v

2155 2976 2402 3034 hiheatur
2447 2979 2762 3052 disceptatio
2801 2984 3096 3052 moderata,
3143 2994 3198 3041 et
3243 2989 3383 3045 absit
3426 3005 3582 3046 error
3618 2994 3741 3064 opi-

2154 3072 2396 3127 nantium
2437 3087 2497 3129 se
2525 3074 2665 3129 scire
2691 3075 2830 3144 quod
2863 3078 3128 3133 nesciunt.
3161 3078 3299 3148 Quid
3326 3081 3468 3136 enim
3495 3098 3629 3155 opus
3659 3094 3743 3140 est

2154 3172 2213 3219 ut
2240 3164 2358 3220 haec
2398 3174 2559 3236 atque
2602 3168 2911 3238 hujusmodi
2936 3171 3296 3239 alﬁrmentur,
3328 3177 3410 3232 vel
3455 3164 3736 3248 negentur,

2152 3259 2239 3313 vel
2259 3258 2585 3323 deﬁniuntur
2609 3277 2731 3318 eum
2760 3263 3091 3335 discrimine,
3110 3268 3326 3338 quando
3365 3270 3481 3327 sine
3514 3272 3740 3329 crimine

2153 3354 2500 3409 nesciuntur?

2224 3445 2452 3502 CAPUT
2490 3447 2604 3503 LX.
2629 3478 2703 3491 —
2726 3449 2814 3507 I6.
2855 3451 3002 3506 Artes
3030 3461 3224 3508 satana
3251 3456 3660 3528 transﬁgurantis
3688 3474 3751 3513 se

2153 3547 2209 3596 ut
2233 3542 2469 3615 angelum
2497 3542 2646 3610 lucis,
2675 3544 2850 3598 utilius
2877 3546 3262 3616 dignoscantur.
3305 3549 3471 3620 Magis
3501 3567 3633 3621 opus
3658 3560 3753 3608 est

2152 3634 2447 3705 dijudicare
2481 3645 2642 3709 atque
2667 3638 3000 3708 dignoscere,
3040 3654 3162 3696 eum
3189 3654 3247 3695 se
3276 3650 3489 3697 satanas
3523 3643 3742 3699 transﬁ-

2152 3737 2306 3800 gurat
2342 3729 2487 3785 velut
2532 3731 2777 3802 angelum
2823 3732 2956 3787 lucis
3004 3731 3209 3805 (IICor.
3251 3750 3333 3804 x1,
3362 3733 3475 3809 II),
3528 3749 3596 3793 ne
3641 3735 3747 3796 ial-

2152 3819 2312 3876 Iendo
2335 3821 2403 3876 ad
2427 3822 2596 3893 aliqua
2626 3823 2921 3892 perniciosa
2949 3823 3187 3880 seducet.
3216 3826 3347 3881 Nam
3379 3829 3592 3900 quando
3617 3847 3743 3888 sen-

2152 3925 2244 3968 sus
2269 3914 2509 3994 corporis
2544 3914 2694 3980 fallit,
2736 3923 2968 3970 mentem
2995 3932 3124 3972 vero
3170 3934 3274 3973 non
3318 3930 3499 3977 movet
3538 3938 3568 3977 a
3611 3932 3755 3980 vera’

2151 4014 2403 4077 rectaque
2427 4009 2710 4076 sententia,
2741 4019 2843 4080 qua
2883 4011 3109 4083 quisque
3135 4013 3299 4068 vitam
3338 4016 3549 4073 ﬁdelem
3578 4021 3737 4091 gerit,

2151 4101 2354 4156 nullum
2383 4109 2467 4156 est
2511 4102 2565 4157 in
2606 4102 2862 4173 religione
2892 4105 3185 4175 periculum
3213 4125 3228 4163 :
3254 4110 3338 4164 vel
3368 4125 3491 4166 cum
3534 4126 3594 4168 se
3638 4112 3755 4169 bo-‘

2152 4207 2279 4246 num
2311 4191 2536 4263 ﬁngens,
2580 4208 2641 4247 ea
2685 4194 2813 4250 facit
2848 4195 2962 4252 sive
2999 4197 3147 4265 dicit,
3190 4215 3311 4269 quae
3340 4200 3494 4257 bonis
3534 4204 3739 4277 angelis

2151 4295 2466 4356 congruunt,
2507 4286 2665 4341 etiam
2713 4288 2760 4343 si
2802 4290 3053 4347 credatur
3081 4292 3272 4361 bonus,
3320 4310 3425 4350 non
3463 4307 3545 4352 est
3587 4313 3743 4356 error

2151 4375 2453 4432 christiana:
2478 4376 2601 4433 ﬁdei
2631 4381 2962 4449 periculosus
2998 4393 3090 4438 aut
3118 4385 3409 4442 morbidus.
3443 4389 3574 4444 (lum
3608 4406 3737 4446 vero

2150 4482 2248 4538 per
2270 4465 2389 4522 haec
2414 4468 2586 4525 aliena
2630 4471 2695 4525 ad
2724 4485 2818 4527 sua
2859 4473 3045 4545 incipit
3080 4475 3298 4543 dueere,
3330 4486 3457 4535 tunc
3495 4494 3619 4536 eum
3647 4478 3736 4537 di-

2149 4575 2429 4631 gnoscere,
2483 4577 2582 4619 nec
2620 4565 2699 4621 ire
2740 4576 2859 4637 post
2906 4582 3048 4637 eum,
3096 4587 3286 4645 magna
3335 4584 3405 4630 et-
3436 4572 3735 4633 necessaria

2151 4651 2420 4723 vigilantia
2447 4665 2551 4710 est.
2590 4655 2699 4712 Sed
2733 4661 3161 4732 quotusquisque
3194 4660 3478 4721 hominum
3510 4666 3736 4724 idoneus

2152 4753 2234 4800 est
2261 4758 2449 4801 omnes
2491 4748 2797 4805 mortiferas
2825 4752 2939 4822 ejus
2963 4754 3117 4809 dolos
3160 4756 3405 4825 evadere,
3432 4744 3550 4814 nisi
3587 4768 3738 4831 regat

2151 4844 2310 4906 atque
2347 4845 2555 4894 tueatur
2582 4839 2758 4896 Deus?
2787 4842 2853 4896 Et
2882 4844 2995 4913 ipsa
3032 4846 3188 4915 hujus
3233 4848 3626 4908 reidil'licultas
3665 4854 3736 4909 se

2152 4927 2254 4984 hoc
2278 4937 2362 4985 est
2385 4932 2549 4997 utilis,
2578 4949 2643 4987 ne
2664 4935 2733 4989 sit
2757 4949 2879 5004 spes
2899 4937 3001 4992 sibi
3030 4939 3275 5011 quisque,
3306 4952 3395 4998 aut
3417 4945 3577 5001 homo
3598 4947 3737 5003 alter

2150 5020 2325 5085 alteri,
2354 5022 2449 5077 sed
2479 5024 2617 5077 Deus
2660 5025 2770 5078 suis
2798 5026 3067 5083 omnibus.
3098 5030 3153 5085 Id
3192 5033 3332 5088 enim
3374 5034 3528 5091 nobis
3556 5037 3733 5107 petitis

2151 5114 2401 5182 expedire
2429 5130 2647 5186 prorsus
2673 5118 2877 5185 piorum
2909 5120 3127 5192 ambiglt
3158 5140 3337 5181 nemo.

2219 5205 2446 5261 CAPUT
2496 5205 2628 5259 LXI.
2657 5237 2727 5247 —
2752 5207 2984 5264 Ecclesia
3024 5213 3077 5266 in
3121 5215 3329 5287 Angelis
3371 5226 3419 5272 et
3458 5220 3513 5274 in
3562 5220 3735 5276 homi-

2150 5300 2315 5353 nibus.
2356 5297 2587 5354 Christus
2627 5318 2719 5370 pro
2746 5304 2937 5373 angelis
2982 5323 3081 5359 non
3110 5316 3183 5361 est
3212 5321 3455 5365 mortuus.
3512 5313 3733 5386 Angelos

2149 5394 2397 5463 quomodo
2425 5401 2616 5460 spectat
2646 5393 2911 5453 hominum
2940 5399 3240 5471 redemptio.
3296 5403 3422 5459 Haec
3446 5420 3577 5473 ergo
3612 5423 3731 5478 qua:

2149 5485 2201 5539 iu
2246 5486 2443 5540 sanctis
2490 5487 2707 5557 Angelis
2751 5498 2806 5545 et
2849 5490 3146 5553 Virtutibus
3194 5496 3290 5551 Dei
3336 5509 3418 5553 est
3466 5496 3727 5566 Ecclesia,

2150 5585 2275 5632 tunc
2319 5577 2471 5633 nobis
2517 5579 2672 5634 sicuti
2714 5592 2795 5636 est
2841 5582 3160 5649 innotescet,
3200 5603 3322 5642 cum
3364 5590 3413 5644 ei
3455 5591 3731 5662 conjuncti

2211 5798 2229 5831 ¹
2253 5802 2361 5847 Mss.
2381 5798 2465 5848 sed
2487 5795 2614 5849 intus
2634 5798 2809 5850 anima:
2830 5798 3047 5852 hominis.

2211 5860 2283 5924 (α)
2318 5860 2415 5910 vid.
2442 5859 2526 5911 lib.
2551 5862 2608 5911 ad
2632 5865 2848 5913 Orosium
2870 5873 3034 5915 contra
3459 5880 3567 5933 cap.
3586 5867 3668 5921 ﬂ.
