4046 6332
259 481 514 539 htcrimus
555 479 612 535 in
637 477 825 549 ﬁnem,
855 479 925 537 ad
951 478 1111 538 simul
1138 479 1439 539 habendam
1467 480 1852 539 beatitudinem

261 576 666 646 sempiternam.
710 573 815 630 Ista
859 591 992 631 vero
1019 591 1138 647 qua:
1180 577 1248 633 ab
1271 575 1361 631 illa
1392 577 1772 648 peregrinatur
1795 575 1849 632 in

263 670 432 735 terris,
479 669 733 725 eonobis
763 671 942 726 notior
981 678 1082 737 est,
1127 671 1269 742 quod
1315 672 1370 742 in
1421 673 1508 727 illa
1557 686 1763 740 sumus,
1795 679 1852 728 et

257 761 375 834 Quia
423 760 704 816 hominum
735 771 837 828 est,
887 761 1028 833 quod
1064 773 1119 818 et
1161 778 1262 819 nos
1301 779 1506 821 sumus.
1558 764 1684 820 llaec
1727 779 1852 821 san-

255 854 409 924 guine
437 851 748 910 Mediatoris
772 854 976 910 nullum
1010 854 1254 911 habentis
1280 865 1582 927 peccatum,
1609 857 1677 913 ab
1703 857 1849 930 omni

259 945 532 1018 redempta
576 955 661 1004 est
687 958 928 1022 peccato,
959 951 1182 1026 ejusque
1211 965 1316 1007 vox
1345 961 1447 1020 est,
1495 951 1556 1008 Si
1583 951 1722 1007 Deus
1753 967 1847 1024 pro

256 1042 417 1110 uobis,
444 1043 559 1114 quis
581 1051 761 1098 contra
786 1043 925 1100 nos?
953 1043 1055 1110 Qui
1075 1043 1214 1099 Filio
1243 1046 1452 1117 proprio
1474 1062 1572 1100 non
1601 1046 1840 1122 pepercit,

258 1133 344 1191 sed
373 1153 470 1208 pro
500 1137 644 1192 nobis
673 1135 907 1194 omnibus
953 1139 1164 1194 tradidit
1201 1139 1352 1196 illum
1391 1140 1570 1212 (Rom.
1600 1157 1716 1210 vui,
1750 1141 1840 1208 51,

257 1227 370 1300 59.).
431 1229 548 1285 Non
588 1229 730 1285 enim
767 1219 873 1301 pro
903 1231 1122 1302 Angelis
1164 1241 1407 1286 mortuus
1449 1240 1531 1286 est
1573 1231 1840 1288 Christus.

253 1323 352 1379 Sed
391 1323 516 1379 ideo
541 1324 701 1380 etiam
749 1339 848 1395 pro
878 1323 1096 1394 Angelis
1143 1323 1220 1392 lit,
1272 1325 1529 1398 quidquid
1563 1326 1840 1383 hominum

254 1432 345 1488 per
373 1417 494 1486 ejus
521 1425 750 1472 mortem
783 1415 1060 1471 redimitur
1089 1427 1142 1474 et
1169 1417 1426 1473 liberatur
1449 1434 1478 1473 a
1507 1420 1669 1486 malo,
1702 1435 1840 1490 quo-

251 1509 392 1564 niam
439 1524 565 1564 cum
595 1510 673 1564 eis
718 1509 1111 1580 quodammodo
1150 1509 1286 1566 redit
1333 1511 1385 1566 in
1427 1512 1668 1584 gratiam,
1720 1521 1841 1582 post

250 1601 555 1657 inimicitias
603 1616 736 1673 quas
775 1602 918 1657 inter
955 1601 1200 1658 homines
1249 1611 1304 1658 et
1348 1613 1560 1659 sanctos
1605 1604 1838 1676 Angelos

251 1705 462 1767 peccata
505 1695 772 1762 iecerunt,
815 1704 868 1751 et
895 1711 958 1751 ex
1001 1697 1114 1768 ipsa
1165 1697 1436 1752 hominum
1467 1696 1838 1768 redemptione

251 1791 415 1846 ruina:
441 1789 585 1844 illius
609 1789 864 1861 angelica:
889 1788 1209 1845 detrimenta
1239 1798 1576 1860 reparantur.

313 1879 544 1938 CAPUT
571 1881 730 1936 LXII.
758 1912 831 1922 —
860 1880 1124 1948 Quomodo
1160 1883 1211 1936 in
1252 1882 1450 1937 Christo
1490 1883 1839 1938 instaurantur

247 1979 434 2042 omnia,
483 1985 530 2030 et
573 1975 929 2048 pacificantur.
987 1977 1052 2032 Et
1099 1977 1281 2048 utique
1333 1986 1595 2033 noverunt
1648 1977 1835 2048 Augeli

247 2069 412 2123 sancti
451 2068 592 2124 docti
622 2069 688 2124 de
731 2069 858 2138 Deo,
891 2071 1042 2140 cujus
1082 2071 1320 2124 veritatis
1349 2080 1546 2126 (eterna
1591 2080 1836 2126 contem-

243 2161 486 2232 platione
521 2160 656 2216 beati
688 2169 833 2228 sunt,
865 2162 1046 2232 quanti
1078 2161 1284 2218 numeri
1311 2161 1739 2234 supplementum
1767 2162 1836 2218 de

242 2245 443 2324 genere
487 2252 715 2309 humano
762 2253 1036 2325 integritas
1083 2253 1226 2312 illius
1263 2255 1492 2309 civitatis
1535 2264 1830 2325 exspectet.

242 2343 470 2417 Propter
495 2345 596 2402 hoc
616 2349 689 2400 ait
715 2348 1004 2418 Apostolus
1029 2347 1306 2402 instaurari
1333 2350 1501 2402 omnia
1528 2349 1582 2403 in
1612 2348 1828 2418 Clu-isto,

241 2457 349 2509 quia
374 2440 427 2493 in
456 2440 594 2493 talis
620 2449 756 2508 sunt,
803 2449 850 2494 et
885 2456 999 2511 qua:
1032 2441 1084 2494 in
1113 2441 1280 2508 terris,
1309 2441 1362 2494 in
1387 2441 1497 2513 ipso
1547 2439 1756 2511 (Ephes.
1791 2457 1830 2508 t,

243 2527 350 2604 10).
409 2531 778 2587 instaurantur
815 2534 1010 2605 quippe
1039 2549 1157 2606 quae
1185 2532 1235 2588 in
1263 2533 1412 2588 cmlis
1455 2541 1597 2598 sunt,
1631 2551 1751 2588 cmn
1783 2533 1832 2587 id

243 2613 377 2700 quod
405 2626 531 2682 inde
558 2628 608 2682 in
634 2628 836 2700 angelis
858 2627 1062 2699 lapsum
1092 2637 1189 2698 est,
1224 2644 1292 2682 ex
1325 2627 1629 2682 hominibus
1653 2627 1832 2683 reddi-

242 2727 323 2776 tur
352 2739 366 2775 :
394 2720 762 2776 instaurantur
784 2730 965 2776 autem
990 2721 1191 2796 qure‘in
1226 2719 1381 2775 terris
1404 2733 1548 2788 sunt,
1578 2737 1698 2776 cum
1729 2721 1831 2792 ipsi

243 2811 484 2869 homines
513 2814 602 2888 qui
633 2813 992 2888 praedestinati
1033 2824 1157 2869 sunt
1199 2813 1265 2870 ad
1309 2825 1563 2870 aeternam
1592 2815 1773 2881 vitam,
1802 2830 1831 2868 a

243 2889 595 2976 corruptionis
632 2915 899 2961 vetustate
941 2915 1283 2961 renovantur.
1341 2907 1415 2960 Ac
1462 2907 1538 2962 sic
1569 2921 1664 2978 per
1703 2903 1830 2960 illud

243 2999 504 3069 singulare
544 3001 864 3055 sacriﬁcium
895 3001 947 3055 in
977 3016 1082 3072 quo
1109 2999 1366 3055 Mediator
1395 3010 1476 3054 est
1504 3000 1830 3064 immolatus,

243 3090 376 3162 quod
421 3107 591 3146 unum
632 3093 815 3147 multm
846 3093 899 3146 in
929 3091 1070 3162 Lege
1112 3093 1341 3148 victima:
1387 3089 1704 3163 ﬁgurabaut,
1736 3108 1832 3162 pa-

245 3181 511 3236 cificantur
536 3181 776 3238 coelestia
799 3199 918 3238 cum
952 3183 1312 3258 terrestribus,
1337 3193 1389 3238 ct
1415 3185 1681 3239 terrestria
1710 3200 1830 3238 cum

244 3271 563 3329 celeslibus.
623 3274 889 3343 Quoniam
925 3275 1062 3330 sicut
1092 3276 1230 3330 idem
1274 3275 1546 3346 apostolus
1586 3275 1734 3343 dicit,
1767 3273 1832 3330 In

245 3367 351 3438 ipso
391 3355 694 3442 complacuit
740 3386 939 3424 onmem
985 3369 1344 3440 plenitudinem
1386 3370 1400 3400 ¹
1443 3368 1748 3436 inhabitare,
1787 3379 1834 3423 et

245 3478 329 3532 per
371 3479 485 3516 eum
513 3463 835 3518 reconciliari
873 3463 1042 3518 omnia
1093 3463 1144 3518 in
1184 3464 1372 3534 ipsum,
1423 3464 1698 3534 paciﬁcans
1742 3481 1834 3534 per

243 3555 532 3624 sanguinem
554 3539 719 3610 crucis
743 3556 874 3630 ejus,
903 3556 1005 3610 sive
1024 3572 1140 3628 qtae
1167 3557 1218 3612 in
1245 3557 1389 3611 terris
1415 3564 1548 3623 sunt,
1597 3556 1699 3610 sive
1720 3571 1833 3626 qua

241 3637 294 3698 in
317 3648 448 3702 caelis
465 3646 690 3718 (Coloss.
719 3664 755 3714 ι,
787 3647 855 3704 19
870 3657 916 3702 et
931 3647 1045 3722 20).

307 3737 534 3796 CAPUT
589 3739 773 3816 LXIII.
817 3771 888 3781 ——
941 3739 1059 3795 Pas:
1105 3723 1248 3814 regni
1301 3741 1531 3808 cazlestis,
1581 3741 1832 3814 quomodo

239 3829 479 3900 precellit
503 3848 702 3902 omnem
726 3833 1249 3890 intellectum—Pax
1275 3835 1372 3890 ista
1402 3835 1663 3908 prazcellit,
1698 3837 1834 3902 sicut

239 3924 493 3998 scriptum
536 3935 636 3994 est,
687 3943 890 3992 pntnem
939 3927 1242 3998 intellectum
1290 3929 1553 4002 (Philipp.
1607 3946 1680 3997 tv,
1731 3928 1830 4008 ἠς

239 4031 408 4090 neque
436 4017 562 4073 sciri
583 4033 613 4072 a
635 4017 809 4088 nobis,
845 4017 943 4074 nisi
971 4035 1092 4075 cum
1115 4019 1179 4074 ad
1201 4035 1263 4086 ea
1284 4022 1606 4087 venerimus,
1636 4031 1831 4092 potest.

239 4107 517 4188 Quomodo
563 4112 706 4184 enim
735 4113 1082 4183 pacilicantur
1118 4109 1358 4186 caelestia
1389 4113 1491 4170 nisi
1532 4115 1684 4172 nobis
1709 4116 1750 4180 ',
1781 4114 1834 4178 id

238 4217 335 4270 est,
386 4203 765 4282 concordando
813 4207 1130 4264 nobiscum?
1186 4208 1320 4266 Nam
1367 4209 1441 4266 ibi
1492 4224 1704 4282 semper
1750 4218 1836 4284 est

238 4312 359 4372 pax,
391 4307 445 4354 et
485 4299 628 4356 inter
653 4313 716 4354 se
763 4299 1026 4364 universis
1066 4300 1516 4358 intellectualibns
1548 4302 1831 4370 creaturis,

239 4402 290 4468 et
328 4407 455 4450 cum
484 4407 584 4452 suo
618 4391 893 4468 Creatore.
943 4393 1075 4468 Qua:
1103 4411 1209 4466 pax
1245 4396 1515 4476 prteccllit,
1549 4404 1607 4450 ut
1632 4395 1832 4450 dictum

238 4498 338 4558 est,
381 4505 585 4562 omnem
632 4489 990 4562 intellectum,-
1038 4489 1133 4546 sed
1184 4491 1366 4562 utique
1410 4501 1675 4560 nostrum,
1725 4507 1834 4548 non

238 4597 422 4660 eorum
447 4584 537 4656 qui
567 4598 784 4662 semper
812 4583 994 4640 vident
1019 4583 1209 4652 faciem
1237 4585 1429 4642 Patris.
1486 4581 1595 4644 Nos
1629 4593 1830 4658 autem,

239 4686 699 4756 quantuscumque
725 4677 797 4748 sit
837 4676 892 4736 in
922 4677 1077 4750 nobis
1113 4676 1420 4736 intellectus
1447 4676 1736 4756 humanus,
1769 4692 1835 4744 ex

238 4776 386 4848 parte
406 4753 629 4844 scimus,
659 4753 715 4824 et
737 4767 978 4848 videmus
1005 4783 1146 4840 nunc
1179 4783 1277 4840 per
1309 4768 1584 4840 speculum
1614 4767 1670 4824 in
1703 4753 1836 4824 mni-

238 4843 414 4932 gmate
433 4879 447 4917 :
469 4843 592 4932 cum
621 4876 752 4918 vero
777 4843 1014 4934 aequales
1040 4860 1260 4936 Angelis
1285 4859 1382 4916 Dei
1397 4859 1654 4916 fuerimus
1685 4859 1832 4932 (Luc.

239 4943 327 5020 ix,
357 4951 449 5024 56)
477 4969 493 5024 ;
529 4962 653 5008 tunc
673 4951 1122 5028 quemadmodum
1151 4959 1206 5008 et
1227 4951 1352 5022 ipsi,
1376 4950 1674 5008 videbimus
1697 4950 1836 5008 facie

238 5043 304 5106 ad
340 5044 533 5100 faciem
565 5043 610 5118 (I
637 5044 755 5104 Car.
789 5060 905 5111 sui,
935 5045 1066 5124 12);
1108 5053 1418 5116 tantamque
1449 5060 1634 5117 pacem
1667 5044 1833 5104 habe-

237 5134 413 5196 bimus
429 5153 556 5208 erga
576 5152 693 5205 eos,
713 5146 965 5210 quantam
982 5147 1037 5194 et
1055 5137 1156 5210 ipsi
1178 5152 1305 5208 erga
1327 5152 1460 5204 nos;
1484 5137 1606 5208 quia
1629 5145 1833 5192 tantum

240 5243 329 5298 eos
347 5229 602 5288 dilecturi
629 5244 838 5300 sumus,
861 5240 1116 5301 quantum
1143 5230 1212 5285 ab
1232 5230 1309 5286 eis
1331 5230 1622 5304 diligimur.
1658 5231 1837 5301 Itaque

238 5334 337 5392 pax
389 5336 575 5388 eorum
615 5331 736 5380 nota
768 5322 923 5380 nobis
969 5323 1088 5390 erit,
1122 5323 1247 5394 quia
1295 5334 1349 5380 et
1393 5332 1574 5380 nostra
1629 5325 1746 5380 talis
1775 5340 1838 5386 ac

239 5419 387 5466 tanta
417 5414 535 5488 erit,
581 5429 681 5474 nec
705 5414 974 5494 pratcellet
1016 5423 1142 5470 tunc
1171 5415 1498 5473 intellectum
1545 5427 1788 5472 nostrum
1821 5436 1834 5471 :

238 5508 335 5568 Dei
367 5524 498 5566 vero
535 5524 638 5586 pas
668 5524 787 5582 quae
835 5507 945 5564 illic
979 5517 1066 5564 est
1102 5524 1229 5580 erga
1255 5525 1367 5576 eos,
1411 5519 1465 5564 et
1509 5519 1751 5566 nOstrum
1781 5519 1836 5567 et

235 5601 452 5674 alterum
499 5601 826 5658 intellectum
871 5603 988 5656 sine
1019 5601 1368 5660 dubitatione
1419 5604 1709 5674 prmcellet.
1763 5605 1838 5661 Dc

302 5755 320 5787 ί
345 5757 427 5806 Hic
449 5756 564 5808 editi
588 5756 792 5817 addunt,
817 5754 1109 5819 divinitatis;
1129 5758 1257 5820 quod
1291 5758 1516 5825 plerique
1538 5770 1597 5809 ac
1620 5759 1836 5820 ῃυιὶιπςδ

237 5820 329 5866 itas
371 5832 463 5867 non
485 5820 686 5870 habent.

303 5881 326 5911 ³
358 5877 1310 5949 ιῶᾱπὲόὺιηοωεψὴθαθιηιι

1609 323 1614 328 ’
1686 361 1892 424 LIBER
1928 363 2130 426 unus.

1961 479 2078 552 ipso
2105 483 2302 555 quippe
2337 485 2491 544 beata
2535 497 2618 545 est
2657 492 2936 551 rationalis
2983 503 3253 567 creatura,
3281 515 3557 572 quaeeoru-

1959 589 2062 646 que
2091 576 2243 634 beata
2270 587 2372 644 est,
2408 597 2512 637 non
2543 583 2656 654 ipse
2685 585 2754 641 de
2776 585 2886 643 illa.
2943 587 3099 648 Unde
3126 593 3424 653 secundum
3451 595 3556 656 hoc

1957 669 2149 724 melius
2191 671 2450 750 accipitur
2493 675 2635 746 quod
2678 679 2938 750 scriptum
2987 690 3091 751 est,
3141 671 3262 741 Pas:
3303 687 3398 744 Dei
3444 705 3558 760 quc

1956 761 2200 830 prcecellit
2247 779 2446 821 omnem
2488 767 2800 826 intellectum
2838 788 2859 830 :
2905 781 2963 829 ut
3008 775 3064 831 in
3109 791 3174 834 eo
3221 778 3367 850 quod
3413 781 3554 839 dixit

1954 866 2174 920 omnem,
2216 869 2314 911 nec
2353 855 2468 926 ipse
2519 859 2823 921 intellectus
2864 875 3174 925 sanctorum
3221 872 3552 950 Angelurum

1953 959 2075 1002 esse
2103 949 2272 1019 possit
2311 964 2566 1024 exceptus
2595 955 2615 987 ⁸
2642 973 2658 1023 ;
2686 958 2782 1014 sed
2823 957 2916 1016 Dei
2952 947 3118 1019 solius
3151 981 3164 1019 :
3197 979 3376 1038 neque
3403 947 3549 1024 enim

1951 1047 2006 1095 et
2034 1040 2199 1110 ipsius
2229 1043 2557 1102 intellectum
2585 1063 2687 1120 pax
2713 1051 2830 1122 ejus
2857 1055 3091 1111 excellit.
3292 1073 3296 1078 '
3405 1045 3408 1048 ’

2021 1132 2250 1230 (ΞΑΡΠΤ
2275 1137 2458 1194 LXIV.
2483 1170 2552 1180 —-
2573 1141 2660 1197 17.
2690 1143 2940 1204 Ηεπήεεὶο
2959 1158 3279 1230 peccatorum
3306 1167 3547 1226 expressa

1949 1225 2002 1280 in
2031 1227 2294 1299 Symbolo.
2321 1230 2626 1290 Sanctorum
2643 1238 2744 1292 vita
2769 1239 2878 1294 sine
2899 1225 3128 1312 crimine,
3159 1262 3260 1300 non
3288 1246 3399 1302 sine
3425 1265 3548 1320 pee-

1948 1331 2079 1376 cato.
2107 1321 2448 1382 Concordant
2470 1339 2648 1386 autem
2670 1333 2948 1391 nobiscum
2975 1339 3163 1410 Angeli
3188 1341 3349 1397 etiam
3375 1357 3540 1411 nunc,

1947 1425 2068 1468 cum
2103 1417 2446 1484 remittuntur
2475 1432 2658 1478 nostra
2687 1437 2924 1495 peccata.
2979 1427 3104 1485 Ideo
3152 1441 3272 1502 post
3297 1449 3542 1492 comme-

1946 1510 2298 1565 morationem
2345 1525 2544 1570 sanctae
2585 1517 2838 1574 Ecclesiae
2863 1519 2916 1576 in
2941 1522 3133 1580 ordine
3176 1525 3542 1584 Conlessionis

1947 1601 2162 1670 ponitur
2203 1606 2450 1674 remissio
2501 1621 2863 1682 peccatorum.
2919 1616 3023 1671 Per
3064 1616 3203 1674 hanc
3247 1619 3390 1676 enim
3437 1631 3545 1678 stat

1944 1691 2183 1750 Ecclesia
2213 1713 2330 1767 qua:
2376 1699 2426 1754 in
2459 1702 2614 1757 terris
2641 1713 2724 1759 est
2753 1721 2765 1759 :
2795 1722 2889 1776 per
2919 1705 3056 1764 hanc
3085 1725 3192 1765 non
3221 1713 3360 1782 perit
3401 1713 3541 1784 quod

1943 1786 2176 1856 perierat
2221 1796 2276 1842 et
2321 1789 2590 1846 inventum
2653 1803 2734 1849 est
2785 1793 2936 1868 (Luc.
2980 1815 3071 1866 xv,
3123 1799 3240 1874 21).
3297 1803 3538 1875 Excepto

1943 1877 2141 1947 quippe
2173 1878 2514 1950 Baptismatis
2561 1899 2801 1951 munere,
2851 1888 2994 1958 quod
3037 1900 3228 1956 contra
3275 1893 3538 1965 originale

1942 1978 2218 2040 peccatum
2242 1971 2496 2029 donatum
2519 1985 2620 2041 est,
2647 1987 2701 2033 ut
2721 1980 2862 2050 quod
2885 1985 3230 2052 generatione
3254 1977 3541 2044 attractum

1941 2069 2041 2125 est,
2073 2066 2476 2131 regeneratione
2522 2067 2870 2138 detrahatur;
2919 2082 2974 2129 et
3002 2083 3176 2131 tamen
3207 2079 3378 2133 activa
3405 2092 3540 2150 quo-

1940 2169 2042 2222 que
2073 2165 2311 2224 peccata,
2335 2175 2687 2231 qumcumque
2707 2164 2888 2234 corde,
2914 2181 3029 2235 ore,
3053 2183 3217 2239 opere
3246 2173 3536 2240 commissa

1939 2243 2220 2314 invenerit,
2251 2251 2422 2306 tollit:
2454 2251 2551 2309 hac
2572 2270 2701 2326 ergo
2721 2269 2943 2330 excepta
2970 2273 3157 2331 magna
3183 2263 3534 2336 indulgentia,

1939 2338 2080 2392 unde
2109 2341 2291 2411 incipit
2320 2343 2550 2400 hominis
2580 2350 2874 2414 renovatio,
2901 2351 2952 2405 in
2982 2368 3084 2424 qua
3110 2353 3334 2424 solvitur
3361 2357 3537 2415 omnis

1939 2441 2117 2485 reatus
2162 2442 2217 2488 et
2264 2434 2604 2504 iugeneratus
2649 2449 2702 2492 et
2745 2439 2957 2496 additus
2986 2429 3008 2509 ;’
3052 2443 3166 2515 ipsa
3217 2447 3376 2502 etiam
3426 2450 3536 2506 vita

1937 2530 2129 2576 cmtcra
2173 2522 2283 2594 jam
2313 2527 2520 2582 ratione
2565 2530 2763 2586 utentis
2791 2533 2986 2600 aetatis,
3029 2535 3358 2604 quantalibet
3392 2555 3534 2610 pra:-

1939 2613 2134 2682 polleat
2174 2614 2499 2675 fecunditate
2524 2619 2765 2690 juStitiae,
2813 2625 2928 2679 sine
2957 2637 3298 2696 peccatorum
3337 2632 3533 2687 remis-

1937 2703 2090 2762 sione
2129 2724 2236 2764 non
2265 2711 2456 2781 agitur.
2512 2711 2772 2780 Quoniam
2818 2717 2910 2772 lllii
2958 2720 3048 2775 Dei
3085 2723 3338 2792 quamdiu
3383 2740 3533 2780 mor-

1938 2797 2116 2854 taliter
2153 2801 2356 2868 vivunt,
2384 2819 2506 2858 cum
2536 2817 2707 2861 morte
2735 2809 3048 2884 conﬂigunt.
3103 2813 3168 2867 Et
3198 2816 3441 2885 quamvis
3469 2815 3536 2874 de

1939 2887 2045 2944 illis
2070 2891 2139 2945 sit
2181 2895 2444 2950 veraciter
2468 2895 2690 2965 dictum,
2727 2899 2981 2973 Quotquot
3013 2901 3212 2974 Spiritu
3241 2905 3338 2960 Dei
3371 2924 3536 2979 agun-

1939 2988 2040 3043 tur,
2099 2983 2154 3036 hi
2193 2983 2288 3052 ﬁlii
2336 2997 2454 3040 sunt
2504 2986 2599 3042 Dei
2653 2989 2829 3059 (Rom.
2877 3009 2991 3059 vui,
3045 2995 3172 3067 H);
3225 2997 3302 3051 sic
3355 3008 3535 3057 tamen

1939 3070 2140 3142 Spiritu
2173 3077 2265 3132 Dei
2287 3080 2609 3148 excitantur,
2637 3091 2690 3137 et
2721 3091 2972 3156 tanquam
2987 3087 3096 3159 .lilii
3127 3089 3217 3144 Dei
3246 3092 3531 3162 proliciqu

1938 3170 2006 3225 ad
2037 3171 2224 3236 Deum,
2272 3173 2513 3226 utetiam
2545 3175 2734 3244 spiritu
2766 3191 2884 3243 suo,
2928 3181 3159 3236 maxime
3207 3194 3532 3254 aggravaute

1937 3263 2268 3335 corruptibili
2311 3279 2536 3334 corpore
2576 3267 2731 3340 (Sap.
2764 3285 2836 3334 ix,
2867 3272 2976 3342 15),
3008 3281 3260 3345 tanquam
3305 3277 3399 3333 lilii
3429 3278 3531 3350 ho-

1938 3355 2141 3410 minum
2171 3355 2486 3426 quibusdam
2514 3360 2535 3391 ¹
2567 3358 2814 3416 humanis
2843 3364 3074 3419 motibus
3099 3365 3349 3423 deﬁciant
3374 3369 3440 3425 ad
3471 3387 3533 3428 se

1940 3447 2102 3519 ipsos,
2151 3455 2206 3503 et
2237 3447 2358 3503 ideo
2399 3458 2638 3519 peccent.
2693 3451 2920 3510 Interest
2963 3457 3180 3526 quidem
3225 3473 3530 3531 quantum:

1939 3555 2113 3611 neque
2152 3542 2292 3596 enim
2336 3543 2460 3612 quia
2499 3554 2774 3613 peccatum
2815 3554 2898 3602 est
2936 3561 3097 3605 omne
3139 3551 3360 3619 crimen,
3411 3552 3535 3610 ideo

1939 3636 2142 3691 crimen
2169 3645 2252 3691 est
2279 3637 2438 3692 etiam
2466 3653 2624 3694 omne
2656 3648 2954 3708 peccatum.
3009 3641 3193 3714 Itaque
3220 3655 3531 3704 sanctorum

1941 3726 2217 3783 hominum
2263 3727 2426 3784 vitam
2471 3731 2725 3801 quamdiu
2769 3731 2824 3787 in
2871 3735 2970 3790 hac
3007 3736 3219 3791 mortali
3250 3737 3489 3794 'vivitur
3516 3783 3533 3808 ,

1939 3818 2166 3875 inveniri
2193 3835 2349 3891 posse
2369 3821 2597 3878 dicimus
2617 3825 2732 3879 sine
2757 3823 2980 3884 crimine
3011 3843 3024 3880 :
3055 3825 3332 3883 Peccatum
3352 3839 3532 3888 autem

1940 3915 1983 3970 si
2013 3916 2290 3971 dixerimus
2325 3917 2444 3988 quia
2473 3933 2575 3971 non
2606 3917 2843 3973 habemus
2863 3961 2878 3989 ,
2913 3927 2972 3975 ut
3004 3921 3078 3976 ait
3107 3930 3286 3978 tantus
3323 3935 3540 3996 aposto-

1939 4007 2024 4080 lus
2045 4009 2087 4078 ⁸,
2117 4012 2446 4081 nosmetipsos
2475 4009 2784 4082 seducimus,
2815 4023 2863 4069 et
2887 4017 3072 4071 ueritas
3092 4016 3146 4072 in
3175 4017 3318 4074 nobis
3345 4035 3444 4074 nou
3465 4028 3540 4075 est

1945 4099 1990 4173 (ι
2018 4101 2176 4156 Joan.
2207 4117 2245 4170 ι,
2277 4101 2354 4176 8).
2427 4141 2433 4146 .

2013 4197 2240 4256 CAPUT
2296 4197 2457 4255 LXV.
2508 4232 2579 4241 —
2628 4201 2855 4259 Crimina
2921 4203 3152 4277 qua-libet
3197 4208 3251 4264 in
3304 4207 3542 4266 Ecclesia

1941 4291 2128 4346 remitti
2156 4309 2246 4366 per
2275 4294 2639 4362 paenitentiam.
2691 4295 2858 4351 Extra
2908 4295 3192 4354 Ecclesium
3225 4283 3330 4368 non
3360 4283 3540 4372 remit-

1943 4389 2119 4436 tuntur
2145 4396 2368 4454 peccata.
2425 4385 2529 4441 Sed
2560 4403 2733 4458 neque
2760 4388 2827 4444 de
2854 4389 2982 4460 ipsis
3011 4391 3326 4460 criminibus
3355 4410 3542 4468 quam-

1942 4473 2072 4531 libet
2131 4479 2336 4546 magnis
2396 4479 2730 4535 remittendis
2782 4481 2833 4536 in
2887 4492 3073 4546 sancta
3127 4485 3391 4553 Ecclesia,
3442 4487 3540 4546 Dei

1942 4567 2308 4624 misericordia
2347 4569 2680 4641 deSperanda
2719 4581 2802 4630 est
2844 4575 3124 4646 agentibus
3169 4579 3540 4650 paenitentiam

1942 4661 2237 4718 secundum
2275 4663 2489 4719 modum
2528 4667 2610 4721 sui
2645 4667 2904 4740 cujusque
2947 4672 3171 4742 peccati.
3234 4673 3298 4732 In
3323 4676 3540 4734 actione

1942 4763 2122 4811 autem
2167 4756 2514 4828 pteniteutim,
2564 4759 2650 4814 ubi
2699 4761 2802 4817 tale
2828 4766 3174 4822 commissum
3201 4747 3285 4824 est
3308 4769 3352 4838 ³,
3390 4779 3448 4824 ut
3495 4769 3542 4827 is

1943 4848 2034 4920 qui
2064 4849 2337 4905 commisit
2363 4866 2393 4906 a
2425 4851 2622 4908 Christi
2653 4853 2813 4910 etiam
2841 4871 3067 4930 corpore
3094 4872 3392 4932 separetur,
3430 4878 3540 4920 non

1943 4948 2055 4997 tam
2076 4944 2458 5000 consideranda
2481 4956 2564 5002 est
2585 4964 2830 5004 mensura
2858 4953 3112 5023 temporis
3133 4971 3291 5025 quam
3314 4955 3537 5014 doloris.

1944 5031 2052 5090 Cor
2075 5034 2218 5092 enim
2246 5038 2534 5094 contritum
2574 5049 2629 5095 et
2655 5039 2991 5099 humiliatum
3023 5044 3164 5101 Deus
3199 5063 3302 5101 non
3336 5048 3540 5117 spernit

1947 5123 2120 5199 (Psal.
2169 5133 2220 5195 ις
2254 5129 2367 5201 19).
2424 5130 2619 5186 Verum
2651 5135 2774 5203 quia
2802 5135 3114 5205 plerumque
3143 5135 3297 5190 dolor
3321 5137 3540 5196 alterius

1945 5219 2123 5275 cordis
2146 5221 2386 5278 occultus
2414 5234 2496 5280 est
2525 5223 2698 5292 alteri,
2735 5241 2904 5297 neque
2932 5227 2984 5281 in
3017 5225 3242 5283 aliorum
3289 5229 3538 5291 notitiam

1944 5327 2044 5384 per
2067 5313 2230 5372 verba
2257 5315 2341 5371 vel
2380 5332 2729 5389 qumcumque
2766 5320 2868 5374 alia
2916 5318 3064 5390 signa
3091 5322 3366 5391 procedits,
3419 5339 3541 5386 cum

2010 5451 2029 5520 ξ
2052 5451 2192 5512 mliti,
2209 5452 2816 5520 exemptus.__s_tel_ius_tlss._,

2009 5514 2031 5589 ξ
2215 5514 2442 5589 tam»
2460 5514 2550 5589 νίιξέ
2791 5515 2842 5566 ιη
2863 5514 3166 5589 quemn.
3193 5528 3289 5589 εις.

1943 5575 2044 5690 W;
2063 5575 2200 5639 adid,
2218 5577 2268 5628 in
2291 5575 2385 5629 hac
2405 5575 2571 5630 morte.
2596 5585 2652 5628 At
2695 5585 2824 5641 Mss,
2868 5575 2918 5632 in
2962 5579 3056 5632 hac
3075 5575 3272 5634 mortali
3299 5597 3318 5635 :
3346 5585 3542 5653 supple,

2007 5676 2190 5772 1"editi,
2215 5711 2406 5772 sanctus
2441 5703 2698 5772 apostolus.
2738 5704 2830 5756 Sed
2869 5714 2974 5772 Mss.
2999 5709 3160 5772 aptius
3193 5709 3253 5759 ad
3283 5723 3393 5761 rem
3431 5725 3540 5764 cum

1945 5765 2162 5826 emphasi
2182 5765 2585 5838 confirmandam,
2599 5772 2759 5818 tantus
2775 5765 3044 5844 apostolus:
3129 5789 3133 5794 ν
3369 5787 3372 5794 ·

1999 5830 2030 5898 ξ
2054 5836 2102 5876 ιη
2115 5830 2278 5888 editis,
2292 5826 2372 5877 ubi
2395 5829 2490 5880 tale
2512 5842 2696 5882 cnmen
2717 5844 3022 5886 conantum
3038 5838 3128 5886 est.
3145 5834 3315 5898 Abest,
3335 5832 3524 5887 αὐηαι

1943 5897 2100 5940 aMSS.
