4046 6332
852 252 911 270 κ.

490 445 565 503 sit
587 452 769 499 coram
801 438 896 498 illo
921 438 1008 495 cui
1038 435 1249 503 dicitur,
1290 432 1513 490 Gemitus
1551 444 1690 484 meus
1717 436 1820 480 ate
1855 440 1956 479 non
1981 428 2057 477 est

492 536 815 595 absconditus
853 532 1024 604 (Psal.
1068 544 1276 596 xxxvu,
1309 527 1443 597 10):
1489 531 1635 579 recte
1674 520 2069 578 constituuntur

492 633 563 689 sb
593 630 660 687 iis
701 628 794 701 qui
829 623 1084 687 Ecclesiis
1114 626 1130 657 ⁸
1172 616 1409 694 praesunt
1433 626 1675 688 tempora
1713 611 2072 685 paenitentiae,

493 731 555 780 ut
591 720 684 778 ﬂat
706 719 837 779 satis
862 718 1023 775 etiam
1052 714 1326 778 Ecclesiae,
1354 712 1411 767 in
1436 725 1542 789 qua
1564 708 1910 765 remittuntur
1955 702 2072 773 ipsa

494 822 744 886 peccata;
797 817 948 867 extra
978 822 1099 864 eam
1144 804 1341 876 quippe
1380 817 1489 859 non
1532 800 1897 857 remittuntur.
1954 794 2075 865 Ipsa

494 920 726 977 namque
780 903 994 975 proprie
1032 898 1286 971 Spiritum
1340 904 1583 953 sanctum
1632 893 1823 966 pignus
1872 888 2078 958 accepit

498 1000 565 1073 (II
583 999 699 1056 Cor.
716 1015 755 1066 ι,
772 996 889 1069 22),
904 997 1019 1052 sine
1036 1009 1141 1067 quo
1150 1008 1259 1050 non
1272 990 1612 1048 remittuntur
1629 986 1737 1044 ulla
1754 992 1988 1057 peccata,
2003 985 2077 1035 ita

495 1103 553 1149 ut
580 1091 772 1163 quibus
797 1089 1154 1154 remittuntur,
1184 1090 1581 1156 consequantur
1606 1081 1767 1136 vitam
1796 1086 2073 1133 sternam.

564 1182 792 1242 CAPUT
812 1180 999 1238 LXVI.
1036 1208 1110 1222 -—
1140 1176 1390 1234 Remissio
1415 1183 1735 1247 peccatorum
1775 1170 1834 1240 ﬁt
1873 1175 2079 1239 propter

495 1280 723 1348 futurum
738 1272 1012 1346 judicium.
1061 1269 1224 1342 Magis
1250 1267 1393 1324 enim
1430 1271 1645 1338 propter
1684 1262 1913 1318 futurum
1936 1257 2078 1330 judi-

495 1367 638 1424 cium
679 1365 740 1421 lit
787 1363 1033 1422 remissio
1080 1368 1440 1433 peccatorum.
1497 1357 1554 1412 In
1598 1354 1699 1410 hac
1740 1360 1918 1408 autem
1968 1348 2077 1404 vita

494 1473 663 1530 usque
707 1458 841 1514 adeo
874 1456 1014 1512 valet
1052 1453 1193 1526 quod
1236 1451 1495 1522 scriptum
1539 1455 1643 1514 est,
1691 1444 1854 1500 Grave
1888 1443 2076 1514 jugum

494 1566 646 1623 super
671 1550 806 1620 ﬁlios
833 1547 1015 1612 Adam,
1046 1563 1079 1600 a
1106 1545 1187 1600 die
1212 1544 1372 1600 exitus
1397 1541 1460 1596 de
1487 1548 1660 1595 ventre
1690 1536 1867 1591 matris
1895 1548 2069 1589 eorum

496 1658 653 1713 usque
676 1641 731 1696 in
756 1639 889 1696 diem
918 1638 1189 1710 sepulturas
1211 1636 1264 1691 in
1287 1642 1497 1690 matrem
1520 1630 1744 1687 omnium
1772 1626 1959 1700 (Eccli.
1985 1641 2074 1705 ξι,

498 1733 595 1806 l);
641 1743 699 1789 ut
739 1733 897 1789 etiam
924 1730 1180 1801 parvulos
1207 1728 1478 1784 videamus
1518 1732 1639 1797 post
1675 1724 1944 1779 lavacrum
1986 1736 2077 1775 re-

494 1823 851 1896 generationis
868 1823 1198 1879 diversorum
1218 1819 1480 1875 malorum
1501 1815 1792 1871 afﬂictione
1815 1812 2072 1870 cruciari:

495 1924 554 1973 ut
582 1916 953 1987 intelligamus,
982 1921 1151 1970 totum
1177 1909 1319 1982 quod
1343 1908 1665 1966 salutaribus
1689 1906 1861 1976 agitur
1887 1902 2077 1960 Sacra-

494 2009 711 2076 mentis,
752 2006 920 2080 magis
948 2006 1016 2063 ad
1042 2020 1193 2077 spem
1218 2011 1563 2059 venturorum
1596 2000 1883 2063 bonorum,
1916 2008 2076 2067 quam

492 2103 562 2159 ad
585 2102 937 2160 retentionem
956 2099 1041 2156 vel
1060 2096 1399 2167 adeptionem
1420 2092 1763 2165 praesentium
1782 2088 2070 2160 pertinere.

494 2195 657 2251 Multa
696 2192 859 2250 etiam
885 2192 971 2248 hic
989 2190 1237 2246 videntur
1276 2186 1479 2258 ignosci
1522 2193 1577 2240 et
1618 2181 1776 2238 nullis
1799 2178 2076 2251 suppliciis

493 2287 790 2353 vindicari;
815 2284 911 2341 sed
930 2298 1115 2341 eorum
1138 2296 1309 2352 ptume
1335 2283 1676 2335 reservantur
1695 2274 1749 2329 in
1777 2281 2073 2343 posterum.

492 2380 676 2452 Neque
713 2379 857 2436 enim
880 2375 1209 2451 frustraille
1238 2372 1452 2445 proprie
1490 2370 1684 2426 dicitur
1721 2366 1836 2422 dies
1859 2363 2070 2435 judicii,

494 2472 705 2545 quando
724 2479 977 2529 venturus
995 2477 1079 2526 est
1092 2467 1253 2539 judex
1271 2465 1514 2521 vivorum
1536 2472 1696 2533 atque
1716 2465 2069 2517 mortuorum.

493 2565 643 2621 Sicut
664 2578 696 2620 e
719 2561 986 2620 contrario
1017 2559 1353 2615 vindicantur
1389 2556 1478 2612 hic
1503 2556 1699 2641 aliqua,
1730 2560 1784 2610 et
1812 2559 1990 2608 tamen
2020 2548 2069 2606 si

492 2656 856 2723 remittuntur,
886 2651 1131 2725 profecto
1151 2650 1205 2706 in
1226 2648 1405 2704 futuro
1424 2646 1621 2704 saeculo
1645 2660 1752 2703 non
1778 2643 2069 2700 nocebunt.

490 2748 777 2818 Pr0pterea
818 2744 887 2801 de
925 2742 1238 2815 quibusdam
1281 2739 1665 2810 temporalibus
1708 2738 1903 2808 prunis,
1950 2750 2073 2806 qua:

491 2842 546 2896 in
574 2840 671 2894 hac
695 2838 802 2893 vita
846 2836 1184 2909 peccantibus
1214 2835 1535 2905 irroganlur,
1563 2834 1643 2890 eis
1681 2845 1905 2903 quorum
1941 2844 2070 2901 pec-

491 2938 610 2986 cata
630 2929 895 2996 delentur,
918 2942 986 2984 ne
1004 2934 1344 2984 reserventur
1364 2926 1417 2981 in
1439 2925 1623 2992 finem,
1646 2923 1719 2978 ait
1738 2922 2065 2994 Apostolus:

490 3021 554 3078 Si
578 3020 709 3076 enim
748 3036 839 3075 nos
873 3020 1008 3091 ipsos
1037 3019 1402 3093 judicaremus,
1430 3035 1463 3072 a
1484 3015 1705 3071 Domino
1732 3031 1834 3069 non
1864 3013 2074 3086 judica-

489 3131 656 3169 remur
678 3130 698 3170 :
725 3130 839 3171 cum
873 3111 1169 3184 judiéamur
1215 3121 1385 3165 autem
1412 3126 1445 3164 a
1481 3109 1700 3164 Domino
1744 3107 2065 3177 corripimur,

490 3222 552 3261 ne
579 3222 694 3261 cum
723 3204 817 3260 hoc
844 3204 1032 3259 mundo
1054 3203 1349 3259 damnentur
1372 3201 1418 3274 (I
1437 3200 1555 3258 Cor.
1588 3196 1939 3268 x1,31et52).
1968 3256 1975 3259 _

558 3295 787 3353 CAPUT
830 3295 1036 3352 LXVII.
1081 3324 1154 3337 —
1194 3296 1283 3351 18.
1329 3293 1649 3363 Refelluntur
1692 3293 1778 3364 qui
1830 3292 2072 3363 putabant

487 3389 662 3462 ﬁdeles
732 3406 925 3457 omnes,
968 3386 1329 3461 quantumlibet
1383 3386 1619 3442 scelerate
1658 3385 1917 3450 vixissent,
1960 3385 2070 3440 sal-

486 3483 679 3539 candos
706 3498 795 3553 per
821 3482 1008 3555 ignem.
1026 3478 1328 3537 Creduntur
1354 3485 1529 3533 autem
1559 3492 1589 3531 a
1617 3475 1929 3546 quibusdam
1949 3476 1971 3506 ³
1994 3474 2069 3547 (a)

487 3575 648 3631 etiam
688 3573 726 3628 ii
766 3574 858 3643 qui
896 3586 1091 3628 nomen
1128 3569 1323 3627 Christi
1352 3584 1457 3624 non
1499 3569 1825 3639 relinquunt,
1864 3576 1919 3623 et
1953 3568 2070 3637 ejus

487 3667 700 3723 lavacro
724 3666 779 3721 in
804 3664 1041 3722 Ecclesia
1066 3664 1420 3734 baptizantur,
1452 3677 1551 3719 nec
1577 3664 1644 3717 ab
1673 3677 1737 3718 ea
1767 3663 1874 3718 ullo
1923 3661 2071 3719 schi-

487 3768 659 3816 smate
704 3757 791 3815 vel
831 3757 1022 3815 haeresi
1047 3756 1425 3827 praecidantur,
1469 3756 1523 3810 in
1563 3755 1909 3826 quantislibet
1951 3770 2071 3813 sce-

487 3853 687 3910 leribus
742 3852 940 3919 vivant,
995 3865 1114 3922 qua:
1165 3864 1267 3905 nec
1314 3848 1519 3904 diluant
1572 3849 1904 3919 pmnitendo,
1965 3865 2065 3907 nec

488 3943 845 4017 eleemosynis
871 3941 1152 4007 redimant,
1175 3940 1268 3997 sed
1294 3941 1349 3996 in
1376 3940 1457 3996 eis
1480 3954 1649 4010 usque
1676 3939 1743 3994 ad
1769 3939 1923 4010 hujus
1947 3940 2070 3998 vita:

488 4038 731 4095 ultimum
755 4036 895 4093 diem
918 4034 1340 4107 pertinacissime
1365 4042 1729 4105 perseverent,
1753 4034 1884 4090 salvi
1906 4033 2067 4090 futuri

487 4145 584 4201 per
610 4130 819 4200 ignem;
846 4128 970 4184 licet
996 4142 1094 4200 pro
1117 4126 1481 4198 magnitudine
1507 4126 1804 4182 facinorum
1832 4125 2066 4198 ﬂagitio-

488 4235 712 4293 rumque
749 4220 1013 4285 diuturno,
1065 4233 1171 4274 non
1215 4228 1389 4274 tamen
1433 4226 1637 4274 aeterno
1663 4219 1785 4290 igne
1815 4220 1988 4290 puniri
2015 4219 2060 4276 ⁸.

487 4316 594 4375 Sed
617 4316 705 4387 qui
725 4315 827 4371 hoc
849 4312 1095 4379 credunt,
1122 4321 1175 4369 et
1201 4321 1377 4367 tamen
1398 4313 1644 4368 catholici
1667 4320 1810 4377 sunt,
1835 4311 2069 4369 humana

486 4409 715 4482 quadam
742 4409 1106 4469 benevolentia
1135 4407 1264 4464 mihi
1294 4407 1402 4462 falli
1441 4407 1687 4463 videntur
1713 4426 1726 4462 :
1757 4422 1879 4463 nam
1926 4407 2070 4464 Scri-

490 4513 644 4576 ptura
673 4503 850 4560 divina
874 4502 1018 4558 aliud
1046 4501 1284 4558 consulta
1310 4500 1614 4573 respondet.
1649 4499 1867 4556 Librum
1885 4508 2067 4556 autem

486 4595 555 4651 de
579 4594 1015 4666 hac.,qu:estione
1060 4592 1374 4663 conscripsi,
1422 4591 1575 4663 cujus
1623 4590 1807 4647 titulus
1847 4600 1950 4671 est,
1999 4591 2067 4649 de

486 4686 617 4743 Fide
641 4694 696 4743 et
723 4686 981 4758 Operibus
1006 4703 1020 4747 ;
1051 4685 1143 4741 ubi
1170 4684 1460 4741 secundum
1497 4683 1802 4756 Scripturas
1832 4694 2063 4755 sanctas,

484 4789 744 4854 quantum
796 4780 906 4837 Deo
955 4777 1240 4849 adjuvante
1295 4779 1462 4849 potui,
1512 4778 1894 4845 demonstravi,
1945 4793 2064 4834 eam

486 4872 647 4928 fidem
687 4870 863 4927 salvos
896 4869 1090 4935 facere,
1134 4883 1293 4940 quam
1321 4868 1452 4923 satis
1499 4868 1774 4924 evidenter
1802 4869 2065 4939 expressit

485 4963 681 5020 Paulus
709 4963 999 5035 apostolus,
1029 4963 1213 5020 dicens
1241 4981 1254 5018 :
1283 4961 1351 5015 In
1375 4960 1575 5018 Christo
1599 4964 1731 5017 enim
1760 4963 1886 5018 Iesu
1909 4981 2067 5035 neque

485 5056 796 5111 circumcisio
820 5055 1093 5127 quidquam
1111 5053 1260 5121 calet,
1291 5070 1449 5125 neque
1470 5056 1799 5125 prwputium,
1820 5055 1910 5111 sed
1937 5056 2065 5126 ﬁdes

549 5171 567 5202 ι
593 5170 663 5218 sic
682 5175 791 5219 Mss.
812 5167 930 5218 Editi
948 5180 1087 5229 vero,
1111 5164 1353 5229 Ecclesiae.

552 5231 724 5294 fuse,
742 5229 1005 5294 egrediuntur
1028 5242 1059 5278 a
1074 5227 1384 5294 quibusdam,
1409 5229 1604 5291 omisso,
1625 5236 1797 5281 autem.

521 5291 569 5359 .3
590 5289 810 5340 Nonnulli
846 5289 1334 5355 codices,'punituri.
1382 5297 1521 5341 Forte
1565 5289 1935 5355 reponendum,
1979 5306 2067 5359 pu-

521 5349 569 5398 ut
585 5363 602 5398 :
624 5349 723 5398 vel.
746 5350 992 5398 arguendi.

480 5352 569 5414 niti
584 5363 605 5414 ;Δ
624 5352 723 5410 vel,
746 5352 957 5414 pwuend'
955 5352 992 5405 i.

546 5411 619 5472 (a)
642 5411 842 5481 istorum
864 5415 1059 5481 nomini,
1082 5412 1828 5481 quosqaliquotiesureprehendit
1848 5419 2069 5481 Augusti-

482 5472 921 5546 [3052.099ng
940 5472 1152 5546 ιιι)νρρε
1171 5476 1283 5546 Fide
1296 5472 1608 5546 étOperibus,
1629 5478 1719 5528 sed
1742 5479 1889 5546 etiam
1909 5472 1992 5530 lib.
2006 5481 2059 5531 2|

481 5534 548 5605 de
563 5534 765 5582 Civitate
780 5536 884 5595 Dei,
916 5549 1021 5605 cap.
1044 5540 1122 5598 l7,
1158 5545 1210 5605 et
1242 5534 1833 5605 sequentibusjpepercit
1848 5554 2064 5605 semper.

482 5602 596 5667 rrec
619 5606 736 5667 vero
757 5607 873 5667 cum
889 5602 1143 5667 scriberet,
1168 5602 1435 5667 intendisse
1459 5602 1509 5650 in
1524 5664 1531 5667 _
1546 5604 1886 5667 Hieronymum
1907 5602 2065 5655 credi-

483 5662 1153 5737 ΞιέυηὶίζἮῇἓυζιὲθξίοὲιὶ
1167 5664 1440 5737 cavendi“
1462 5664 1629 5737 milia:
1650 5662 1938 5737 “Flore”!
1959 5680 2067 5737 Pe!-

483 5726 588 5791 _tem
610 5720 906 5791 largioris,
922 5732 1032 5791 pag.
1062 5723 1173 5791 117.
1202 5720 1319 5777 "vide
1352 5720 1498 5791 supra
1525 5720 1905 5780 Admonitionem
1924 5720 1977 5780 in
2007 5727 2065 5780 li-

481 5779 627 5833 brum
645 5778 713 5829 de
727 5779 839 5832 ride
862 5778 1182 5846 et'operibus.

982 302 1443 386 ENCHIRIDION,
1482 310 1638 372 srva
1674 306 1765 368 DE
1801 304 1987 376 FIDE,
2027 300 2157 363 ser:
2183 300 2277 362 nr
2313 300 2732 379 cusanus,
2761 306 2821 366 s.
2860 306 3235 371 AUGUSTINI

3460 281 3746 381 tm

2181 436 2295 490 quia
2326 437 2414 493 per
2450 422 2767 480 dilectionem
2803 436 3040 498 operatur
3067 429 3264 502 (Colat.
3294 446 3349 500 ν,
3374 431 3452 505 6).
3495 433 3556 493 Si
3580 445 3760 497 autem

2180 514 2319 569 male
2342 524 2397 572 et
2438 532 2541 572 non
2566 517 2707 576 bene
2733 531 3001 591 operatur,
3031 527 3217 595 procul
3242 526 3423 595 dubio,
3464 533 3760 591 secundum

2180 607 2476 677 apostolum
2520 608 2794 678 Iacobum,
2850 623 3050 670 mortua
3095 625 3168 671 est
3207 617 3262 673 in
3310 620 3599 692 semetipsa.
3649 624 3754 691 Qui

2181 714 2365 756 rursus
2388 701 2499 757 ait:
2529 702 2589 758 Si
2617 704 2771 772 ﬁdem
2789 705 2926 762 dicat
2952 724 3007 762 se
3028 709 3141 781 quis
3171 709 3372 779 habere,
3402 728 3557 784 opera
3591 725 3761 773 autem

2181 806 2283 845 non
2309 791 2509 862 habeat,
2541 797 2783 865 numquid
2804 800 2989 867 poterit
3028 801 3157 870 ﬁdes
3178 802 3377 860 saluere
3402 820 3517 860 eum
3555 806 3793 879 (Jacobi;

2179 898 2239 950 ιι,
2265 885 2353 953 17,
2385 884 2517 958 ll)?
2565 888 2735 946 Porro
2758 900 2936 948 autem
2962 894 3009 949 si
3038 894 3200 950 homo
3228 896 3519 955 sceleratus
3544 910 3765 974 propter

2181 976 2342 1033 ﬁdem
2362 979 2530 1035 solam
2558 997 2652 1051 per
2675 982 2848 1054 ignem
2874 987 3183 1054 salvabitur,
3206 997 3261 1045 et
3286 990 3365 1047 sic
3383 1002 3466 1048 est
3488 995 3761 1064 accipien-

2180 1067 2308 1123 dum
2347 1070 2488 1140 quod
2531 1073 2604 1128 ait
2631 1073 2817 1132 beatus
2845 1075 3060 1147 Paulus,
3091 1078 3217 1151 Ipse
3253 1090 3424 1137 autem
3446 1084 3617 1139 salvus
3644 1087 3761 1155 erit,

2180 1159 2253 1214 sic
2278 1168 2443 1216 tamen
2471 1165 2616 1231 quasi
2641 1182 2731 1236 per
2756 1166 2957 1237 ignem;
3004 1172 3205 1240 poterit
3242 1186 3370 1243 ergo
3399 1174 3608 1232 salvere
3645 1177 3767 1234 sine

2180 1253 2431 1323 operibus
2466 1255 2618 1324 ﬁdes,
2648 1266 2703 1314 et
2730 1258 2920 1315 falsum
2948 1262 3054 1317 erit
3089 1263 3230 1334 quod
3260 1264 3393 1321 dixit
3421 1267 3537 1339 ejus
3560 1283 3765 1340 conpo-

2179 1344 2351 1400 stolus
2377 1345 2606 1403 Iacobus
2636 1367 2650 1404 :
2679 1349 2873 1407 falsum
2910 1352 3012 1409 erit
3051 1362 3108 1410 et
3134 1354 3264 1411 illud
3291 1358 3434 1428 quod
3477 1359 3617 1416 idem
3651 1362 3768 1432 ipse

2179 1436 2373 1494 Paulus
2423 1440 2576 1510 dixit,
2634 1442 2831 1513 Nolite,
2880 1447 3071 1518 inquit,
3127 1466 3337 1518 errare;
3399 1470 3557 1524 neque
3602 1455 3769 1525 forni-

2178 1538 2390 1598 catores,
2418 1549 2575 1604 neque
2610 1535 2761 1591 idolis
2800 1539 3084 1607 servientes,
3123 1558 3281 1613 neque
3326 1544 3566 1613 adulteri,
3595 1562 3756 1618 neque

2178 1625 2375 1693 molles,
2421 1643 2579 1699 neque
2610 1632 2952 1687 masculorum
2988 1635 3352 1703 concubitores,
3397 1655 3557 1709 neque
3596 1644 3760 1711 fures,

2178 1734 2334 1788 neque
2357 1721 2517 1786 avari,
2562 1738 2718 1787 neque
2751 1724 2953 1794 ebriosi,
2982 1743 3142 1799 neque
3179 1730 3431 1797 maledici,
3475 1750 3635 1804 neque
3671 1752 3767 1789 ra-

2179 1826 2325 1880 paces
2352 1829 2562 1883 regnum
2595 1813 2696 1869 Dei
2721 1816 3043 1885 possidebunt
3087 1819 3133 1890 (I
3176 1819 3295 1877 Cor.
3337 1839 3412 1892 γι,
3458 1824 3513 1891 9,
3541 1826 3654 1898 10).
3700 1827 3762 1884 Si

2178 1905 2319 1960 enim
2349 1907 2508 1962 etiam
2538 1907 2590 1962 in
2634 1908 2750 1964 istis
2772 1922 3175 1980 perseverantes
3201 1915 3534 1987 criminibus,
3579 1929 3767 1978 tamen

2179 2007 2396 2068 propter
2424 1999 2583 2054 ﬁdem
2611 1998 2808 2058 Christi
2837 2002 2973 2057 salvi
3012 2014 3187 2074 erunt,
3213 2008 3485 2077 quomodo
3512 2011 3565 2065 in
3595 2026 3765 2084 regno

2179 2090 2275 2146 Dei
2299 2105 2403 2146 non
2434 2096 2626 2148 erunt?

2248 2182 2475 2239 CAPUT
2513 2183 2742 2241 LXVIII.
2762 2215 2836 2228 —-
2860 2186 3028 2243 Locus
3048 2187 3279 2260 Apostoli
3310 2192 3375 2247 de
3401 2193 3652 2251 solvendis
3672 2214 3767 2267 per

2177 2274 2344 2345 ignem
2378 2284 2435 2329 ut
2470 2275 2845 2348 intelligendus.
2877 2277 3024 2350 Ignis
3051 2281 3258 2351 quidam
3290 2280 3345 2338 in
3379 2284 3475 2339 hac
3511 2287 3609 2341 vita
3628 2329 3643 2356 ,
3672 2304 3766 2358 per

2175 2382 2324 2438 quem
2356 2367 2616 2423 salvantur
2653 2370 2963 2440 aediﬁcantes
3004 2372 3164 2444 ligna.
3195 2372 3301 2431 Sed
3325 2377 3449 2446 quia
3487 2378 3600 2433 haec
3626 2393 3763 2448 apo-

2175 2456 2362 2515 stolica
2391 2458 2824 2517 manifestissima
2854 2470 2909 2517 et
2935 2464 3271 2533 apertissima
3301 2467 3603 2523 testimonia
3628 2468 3761 2524 falsa

2176 2564 2297 2606 esse
2332 2564 2440 2605 non
2464 2559 2723 2621 possunt;
2751 2553 2881 2609 illud
2906 2555 3052 2626 quod
3090 2556 3321 2614 obscure
3346 2557 3548 2615 dictum
3581 2569 3663 2616 cst
3690 2561 3762 2618 de

2176 2642 2240 2699 iis
2264 2644 2353 2715 qui
2388 2644 2815 2714 superaedificant
2843 2662 3007 2719 super
3040 2649 3475 2725 fundamentum,
3506 2653 3649 2724 quod
3676 2662 3763 2711 est

2174 2736 2453 2806 Christus,
2496 2754 2602 2794 non
2628 2754 2838 2806 aurum,
2867 2750 3176 2813 argentum,
3224 2744 3426 2815 lapides
3470 2746 3760 2816 pretiosos,

2175 2829 2271 2886 sed
2303 2831 2442 2902 ligna
2467 2873 2482 2899 ,
2514 2830 2693 2887 fenum
2714 2873 2731 2901 ,
2760 2833 3007 2903 stipulam
3039 2832 3130 2908 (de
3156 2834 3239 2890 bis
3272 2836 3413 2892 enim
3444 2836 3644 2893 dictum
3675 2848 3763 2895 est

2174 2923 2318 2994 quod
2360 2938 2455 2994 per
2502 2924 2680 2996 ignem
2723 2926 2858 2981 salvi
2898 2934 3089 2996 erunt,
3133 2930 3385 2999 quoniam
3426 2929 3760 2989 fundamenti

2174 3016 2367 3071 merito
2390 3031 2496 3072 non
2526 3017 2835 3091 peribunt),
2866 3021 2943 3077 sic
2971 3020 3375 3094 intelligendum
3418 3033 3535 3093 est,
3581 3035 3637 3082 ut
3673 3025 3761 3083 his

2173 3108 2467 3165 manifestis
2510 3125 2617 3166 non
2680 3112 2979 3169 inveniatur
3023 3129 3144 3172 esse
3198 3118 3542 3173 contrarium.
3592 3118 3761 3191 Ligna

2173 3201 2370 3273 quippe
2409 3210 2466 3257 et
2505 3201 2687 3259 fenum
2727 3212 2782 3260 et
2818 3205 3009 3277 stipula
3040 3222 3148 3262 non
3187 3208 3416 3265 absurde
3438 3210 3605 3282 accipi
3630 3226 3760 3282 pos-

2173 3302 2301 3350 sunt
2323 3309 2499 3350 rerum
2526 3295 2857 3352 saecularium
2872 3338 2887 3362 ,
2915 3299 3157 3369 quamvis
3183 3299 3327 3357 licite
3346 3315 3715 3358 concessurum
3738 3343 3757 3369 ,

2174 3385 2308 3441 tales
2336 3386 2654 3457 cupiditates
2682 3429 2698 3455 ,
2739 3396 2798 3443 ut
2842 3390 3012 3445 amitti
3042 3388 3159 3447 sine
3205 3392 3369 3448 animi
3418 3392 3602 3449 dolore
3648 3408 3760 3451 non

2173 3478 2399 3548 possint.
2451 3477 2581 3534 Cum
2611 3488 2789 3536 autem
2819 3480 2920 3536 iste
2953 3481 3109 3537 dolor
3149 3483 3287 3552 urit,
3320 3484 3367 3541 si
3414 3483 3657 3542 Christus
3701 3485 3758 3541 in

2173 3571 2335 3626 corde
2357 3570 2687 3627 fundamenti
2712 3572 2871 3629 habet
2897 3573 3070 3630 locum
3086 3574 3107 3641 ,’
3130 3575 3184 3630 id
3210 3584 3293 3631 est
3308 3617 3324 3645 ,
3357 3586 3415 3631 ut
3438 3578 3488 3633 ei
3511 3577 3643 3633 nihil
3663 3592 3763 3633 an-

2173 3670 2475 3733 teponatur,
2498 3671 2553 3719 et
2581 3664 2729 3719 malit
2747 3663 2907 3720 homo
2934 3666 3025 3737 qui
3046 3665 3136 3721 tali
3160 3666 3344 3722 dolore
3368 3669 3561 3735 uritur,
3596 3670 3762 3728 rebus

2173 3769 2304 3826 quas
2338 3756 2411 3811 ita
2435 3755 2608 3828 diligit
2635 3757 2802 3827 magis
2821 3770 3004 3812 carere
3032 3770 3192 3827 quam
3206 3757 3437 3825 Christo;
3463 3774 3560 3829 per
3578 3761 3763 3831 ignem

2174 3845 2234 3901 ﬁt
2261 3846 2458 3903 salvus.
2492 3848 2549 3903 Si
2573 3856 2750 3903 autem
2774 3863 2861 3904 res
2899 3847 3197 3917 bujusmodi
3226 3849 3544 3921 temporales
3568 3865 3631 3907 ac
3657 3868 3764 3908 sae-

2172 3940 2381 3996 culares
2426 3952 2662 4012 tempore
2719 3941 3025 3998 tentationis
3069 3941 3319 3998 maluerit
3368 3950 3554 3999 tenere
3594 3959 3762 4014 quam

2172 4030 2472 4098 Christum,
2503 4045 2626 4087 eum
2653 4031 2709 4086 in
2739 4029 3087 4088 fundamento
3115 4046 3224 4087 non
3250 4030 3467 4099 habuit;
3492 4033 3616 4105 quia
3641 4033 3762 4091 lucc

2172 4122 2351 4193 priore
2381 4121 2496 4177 loco
2516 4122 2731 4193 habuit,
2763 4137 2886 4179 cum
2923 4122 2977 4177 in
3006 4122 3230 4179 azdilicio
3257 4124 3405 4195 prius
3430 4139 3537 4180 non
3564 4125 3634 4181 sit
3652 4125 3757 4180 ali-

2170 4214 2299 4285 quid
2336 4213 2699 4269 fundamento.
2723 4214 2864 4285 Ignis
2884 4214 3026 4270 enim
3049 4257 3064 4281 ,
3092 4214 3160 4271 de
3185 4230 3293 4287 quo
3330 4229 3397 4272 eo
3420 4215 3541 4272 loco
3564 4225 3647 4272 est
3672 4217 3759 4272 lo-

2171 4314 2323 4361 cutus
2351 4305 2673 4376 Apostolus,
2704 4306 2827 4360 talis
2854 4306 3014 4363 debet
3054 4307 3316 4378 intelligi,
3360 4314 3419 4364 ut
3463 4309 3620 4364 ambo
3659 4322 3763 4379 per

2171 4414 2293 4454 eum
2324 4406 2627 4466 transeant;
2672 4398 2727 4454 id
2751 4407 2867 4469 est,
2895 4408 2950 4455 et
2976 4400 3065 4471 qui
3087 4400 3307 4471 aediﬁcat
3332 4418 3483 4473 super
3511 4402 3604 4456 hoc
3631 4405 3760 4473 fun-

2172 4491 2487 4560 damentum,
2518 4508 2701 4547 aurum
2718 4533 2734 4559 ,
2760 4502 3020 4565 argentum
3037 4534 3051 4560 ,
3078 4494 3275 4562 lapides
3303 4494 3563 4564 pretiosos,
3586 4503 3640 4551 et
3664 4496 3761 4566 qui

2140 4568 2389 4654 aediﬁcat
2408 4583 2566 4654 ligna,
2596 4585 2769 4655 fenum
2788 4592 2835 4637 et
2857 4584 3116 4654 stipulam.
3143 4583 3278 4639 Cum
3298 4584 3439 4639 enim
3461 4584 3564 4640 hoc
3590 4584 3760 4640 dixis-

2170 4683 2282 4742 set,
2309 4673 2587 4745 adjunxit:
2619 4674 3023 4747 Uniuscujusque
3046 4693 3171 4746 opus
3190 4674 3339 4747 quale
3356 4677 3450 4745 sit,
3473 4677 3606 4749 ignis
3635 4693 3758 4748 pro-

2173 4768 2324 4823 babit.
2349 4768 2411 4825 Si
2435 4772 2580 4842 cujus
2600 4786 2726 4840 opus
2756 4769 3111 4840 permanserit,
3134 4771 3268 4841 quod
3294 4770 3714 4840 superwdiﬁcauit
3733 4813 3755 4844 ,

2170 4862 2447 4917 mercedem
2470 4845 2700 4933 accipiet.
2733 4862 2796 4917 Si
2820 4864 2965 4934 cujus
2982 4879 3109 4933 opus
3133 4872 3301 4917 autem
3326 4872 3556 4918 exustum
3579 4864 3755 4934 fuerit,

2172 4954 2413 5008 damnum
2438 4955 2659 5024 patietur
2701 4969 2721 5007 :
2763 4954 2872 5023 ipse
2916 4963 3079 5007 autem
3108 4954 3273 5009 salvus
3318 4955 3412 5008 erit
3433 4995 3448 5021 ,
3479 4955 3553 5009 sic
3590 4963 3757 5010 tamen

2171 5047 2317 5115 quasi
2355 5062 2441 5115 per
2468 5046 2635 5114 ignem
2666 5041 2774 5116 (Id.
2807 5059 2864 5098 ιη
2887 5085 2902 5109 ,
2932 5043 3137 5115 11-15).
3168 5044 3282 5101 Non
3311 5060 3438 5116 ergo
3476 5046 3633 5101 unius
3660 5062 3757 5101 eo-

2170 5153 2311 5205 rum,
2334 5137 2429 5193 sed
2456 5137 2731 5206 utriusque
2749 5151 2883 5205 opus
2912 5137 3046 5208 ignis
3077 5138 3338 5209 probabit.
3369 5138 3462 5194 Est
3480 5137 3706 5217 quidam
3735 5131 3763 5171 ι’

2171 5230 2308 5301 ignis
2346 5229 2568 5283 tentatio
2598 5227 2986 5294 tribulationis,
3029 5229 3099 5285 de
3135 5245 3241 5301 quo
3278 5239 3462 5300 aperte
3504 5231 3607 5287 alio
3635 5231 3757 5287 loco

2173 5322 2425 5392 scriptum
2452 5328 2534 5374 est
2565 5337 2578 5373 :
2619 5317 2753 5373 Vasa
2794 5320 2939 5390 ﬁguli
2976 5320 3152 5391 probat
3193 5325 3416 5393 [οι-παπ,
3448 5331 3497 5377 et
3528 5322 3757 5380 hornines

2166 5414 2332 5483 justas
2360 5412 2566 5466 tentatio
2594 5411 2929 5467 tribulationis
2955 5411 3143 5482 (Eccli.
3168 5428 3343 5478 xxvn,
3377 5413 3455 5484 6).
3484 5413 3590 5469 Iste
3610 5410 3780 5486 ignis'

2172 5505 2227 5559 in
2248 5504 2347 5558 hac
2372 5503 2584 5557 interim
2613 5504 2716 5559 vita
2736 5503 2860 5559 facit
2885 5504 3023 5573 quod
3052 5505 3338 5576 Apostolus
3362 5505 3516 5575 dixit,
3543 5505 3592 5562 si
3607 5502 3755 5561 acci-

2172 5596 2262 5652 dat
2286 5598 2306 5627 ²
2333 5593 2540 5650 duobus
2570 5593 2812 5652 fidelibus
2832 5638 2846 5664 ,
2875 5596 2967 5651 uni
2995 5596 3199 5653 scilicet
3226 5597 3478 5669 cogitanti
3512 5612 3632 5671 quas
3659 5594 3755 5653 Dei

2235 5731 2253 5762 ί
2278 5730 2351 5778 Sic
2378 5736 2486 5779 Mss.
2509 5729 2631 5780 Editi
2652 5742 2787 5793 vero,
2810 5729 3020 5793 quidem.

2235 5795 2257 5826 ι
2277 5767 3186 5858 ἰῖνῗθῗίἶιῖἷῖαὶὶϊᾶαἷ.”λῖῧ’ἓὸάιοεε,
3210 5792 3418 5849 accidat.
