4046 6332
1322 286 1382 297 <οιυ
1410 297 1461 302 _,_,
1480 299 1491 305 .

282 342 372 403 265
1708 361 1910 419 LIBER
1948 363 2149 426 UNUS.

278 470 414 525 sunt,
436 462 715 532 quomodo
738 464 944 535 placeat
966 465 1079 522 Deo
1099 508 1113 527 .
1146 464 1246 522 hoc
1269 477 1371 530 est,
1395 468 1676 527 aedificanti
1706 489 1867 543 super

275 554 542 611 Christum
571 556 993 623 fundamentum,
1030 603 1047 629 ,
1077 575 1265 616 aurum
1316 576 1627 633 argentum,
1662 565 1864 636 lapides
1925 572 1931 576 '

274 655 557 718 pretiosos;
586 650 744 705 alteri
770 660 947 706 autem
973 652 1225 721 cogitanti
1250 668 1311 707 ea
1342 669 1460 722 qua:
1489 662 1612 709 sunt
1638 670 1821 710 munm
1844 698 1860 722 ,

272 739 540 808 quomodo
566 741 777 810 placeat
808 742 959 796 uxori
992 740 1036 815 (l
1061 741 1180 797 Cor.
1206 759 1275 798 vn
1298 786 1311 809 ,
1343 744 1448 811 32,
1479 745 1570 815 53)
1591 788 1606 813 ,
1653 746 1708 802 id
1746 758 1864 815 est,

270 828 555 885 edificanti
600 846 765 903 super
793 831 934 888 idem
981 832 1383 890 fundamentum
1422 837 1562 907 ligna
1588 878 1604 904 ,
1641 837 1820 895 fenum
1844 880 1861 909 ,

270 921 516 990 stipulam
548 941 562 976 :
592 923 735 979 illius
760 925 903 979 enim
930 939 1063 994 opus
1092 942 1197 981 non
1224 929 1489 995 exuritur,
1517 931 1638 1000 quia
1666 946 1770 986 non
1799 946 1862 987 ea

269 1010 452 1065 dilexit
479 1028 712 1081 quonm
743 1015 1035 1071 amissione
1073 1018 1371 1085 crucietur;
1403 1014 1644 1076 exuritur
1682 1030 1861 1078 autem

269 1101 459 1170 hujus,
493 1102 747 1172 quoniam
787 1105 903 1161 sine
928 1106 1114 1162 dolore
1158 1122 1262 1163 non
1303 1118 1567 1179 pereunt,
1596 1127 1715 1181 quae
1739 1126 1861 1168 cum

268 1207 452 1247 amore
499 1207 749 1263 possessa
794 1204 935 1249 sunt.
964 1196 1068 1252 Sed
1098 1198 1345 1267 quoniam
1390 1200 1642 1255 alterutra
1678 1203 1862 1258 condi-

267 1285 411 1339 tione
438 1286 714 1354 proposita
735 1328 749 1351 ,
781 1288 862 1341 eis
887 1290 1061 1358 potius
1086 1305 1271 1347 carere
1301 1292 1481 1349 mallet
1508 1309 1664 1364 quam
1704 1295 1858 1351 Chri-

265 1383 381 1440 sto,
431 1389 537 1431 nec
583 1375 778 1432 timore
820 1379 1104 1434 amittendi
1150 1381 1272 1435 talia
1323 1381 1526 1438 deserit
1551 1382 1856 1453 Christum,

266 1468 507 1536 quamvis
535 1467 715 1523 doleat
735 1484 857 1525 cum
886 1472 1101 1536 amittit,
1128 1473 1298 1528 salvus
1321 1483 1395 1529 est
1415 1475 1660 1545 quidem,
1689 1479 1762 1532 sic
1782 1487 1860 1533 ta-

266 1575 379 1612 men
419 1560 567 1627 quasi
609 1578 700 1631 per
740 1563 908 1633 ignem
935 1579 955 1619 :
979 1565 1102 1635 quia
1142 1565 1249 1621 urit
1287 1583 1409 1623 eum
1458 1586 1637 1625 rerum
1666 1572 1855 1641 dolor,

266 1664 396 1719 quas
427 1650 725 1719 dilexerat,
757 1654 1113 1721 amissarum;
1140 1657 1235 1713 sed
1264 1674 1369 1714 non
1399 1660 1658 1717 subvertit
1685 1679 1859 1735 neque

264 1743 532 1798 consumit
566 1741 900 1801 fundamenti
926 1747 1215 1805 stabilitate
1255 1759 1414 1822 atque
1457 1752 1859 1825 incorruptione

262 1835 548 1890 munitum.

329 1924 564 1981 CAPUT
601 1925 789 1982 LXIX.
812 1958 887 1971 —
909 1927 1059 2000 Ignis
1094 1932 1247 1985 etiam
1286 1934 1611 2004 purgaton'us
1648 1936 1855 2005 quidam

261 2025 374 2087 post
398 2016 532 2072 hanc
551 2019 727 2073 vitam.
758 2019 889 2075 Tale
930 2019 1131 2091 aliquid
1160 2022 1322 2078 etiam
1362 2034 1483 2093 post
1522 2027 1658 2081 hanc
1694 2027 1855 2082 vitam

260 2107 414 2173 ﬁeri,
443 2108 754 2165 incredibile
778 2126 884 2165 non
907 2119 989 2166 est
1010 2153 1026 2179 ,
1052 2120 1108 2167 et
1130 2121 1307 2168 utrum
1333 2114 1404 2168 ita
1430 2114 1533 2182 sit,
1561 2115 1730 2185 quaeri
1756 2131 1852 2187 po-

258 2207 370 2254 test
396 2216 413 2253 :
441 2210 497 2255 et
519 2208 605 2255 aut
630 2201 876 2267 inveniri,
906 2212 997 2258 aut
1017 2204 1186 2261 latere
1204 2246 1219 2272 ,
1243 2206 1528 2262 nonnullos
1554 2206 1738 2263 ﬁdeles
1759 2224 1858 2279 per

258 2293 442 2362 ignem
470 2293 756 2363 quemdam
777 2296 1163 2366 purgatorium,
1186 2304 1387 2368 quanto
1413 2298 1583 2368 magis
1611 2299 1855 2355 minusve

257 2381 399 2437 bona
420 2385 692 2453 pereuntia
715 2385 1037 2453 dilexerunt,
1063 2395 1210 2442 tanto
1235 2388 1436 2444 tardius
1454 2390 1715 2461 citiusque
1740 2392 1849 2447 sal-

258 2474 410 2539 vari;
442 2490 548 2529 non
582 2484 760 2530 tamen
792 2476 923 2532 tales
954 2478 1019 2531 de
1058 2478 1251 2548 quibus
1291 2478 1491 2535 dictum
1539 2490 1621 2537 est
1644 2523 1660 2549 ,
1709 2482 1850 2553 quod

258 2583 472 2637 regnum
495 2566 594 2621 Dei
617 2585 719 2622 non
755 2567 1077 2638 possidebunt
1094 2610 1112 2636 ,
1144 2570 1247 2625 nisi
1272 2572 1653 2628 convenienter
1680 2575 1854 2645 ι)ωηί-

258 2657 493 2712 tentibns
535 2659 726 2714 eadem
776 2660 999 2714 crimina
1047 2660 1407 2718 remittantur.
1462 2663 1854 2721 Convenienter

256 2755 433 2802 autem
461 2747 610 2815 dixi,
641 2757 702 2804 ut
726 2749 939 2805 steriles
968 2750 1018 2804 in
1047 2750 1405 2824 eleemosynis
1432 2768 1539 2809 non
1565 2755 1703 2823 sint,
1730 2757 1850 2827 qui-

257 2836 356 2891 bus
391 2846 602 2893 tantum
644 2840 828 2894 tribuit
855 2840 1130 2911 Scriptura
1169 2841 1347 2897 divina
1371 2883 1389 2910 ,
1430 2853 1493 2898 ut
1520 2859 1702 2900 earum
1733 2854 1852 2902 tan-

257 2930 536 2986 tummodo
556 2931 787 2987 fructum
824 2947 885 2988 se
909 2932 1292 3003 imputaturum
1320 2936 1638 3005 pramuntiet
1665 2937 1850 2995 Delat-

257 3035 360 3075 nns
381 3020 590 3077 dextris
608 3062 625 3088 ,
657 3030 715 3078 et
751 3038 937 3078 earum
965 3024 1337 3080 tantummodo
1362 3027 1697 3084 sterilitatem
1727 3028 1852 3086 sini-

256 3111 402 3177 stris;
424 3112 640 3182 quando
668 3112 753 3168 his
780 3113 1018 3170 dicturus
1045 3122 1149 3183 est,
1189 3114 1385 3183 Venite,
1408 3116 1653 3173 benedicti
1677 3118 1851 3175 Patris

257 3202 374 3269 mei,
401 3204 645 3274 percipite
666 3221 877 3277 regnum
898 3221 918 3261 .°
944 3206 1045 3263 illis
1068 3214 1246 3265 autem
1268 3250 1285 3277 ,
1317 3206 1400 3265 Ite
1421 3210 1474 3265 in
1511 3210 1679 3282 ignem
1703 3221 1851 3267 teter-

257 3308 379 3346 num
403 3295 424 3326 ³
457 3293 671 3363 (Matth.
702 3312 830 3361 xxv,
854 3298 956 3362 54.
983 3297 1099 3369 bl).

323 3383 555 3441 CAPUT
592 3385 758 3441 LXX.
783 3416 853 3431 ~—
881 3388 971 3445 19.
1014 3390 1241 3446 Crimina
1271 3390 1599 3464 eleemosynis
1623 3408 1725 3448 non
1762 3411 1846 3450 re-

255 3471 413 3540 dimi,
444 3478 544 3532 nisi
570 3478 675 3531 vita
700 3487 940 3534 mutetur.
969 3480 1108 3537 Sane
1135 3482 1430 3538 cavendum
1471 3492 1554 3538 est
1593 3499 1662 3540 ne
1698 3484 1847 3556 quis-

256 3582 412 3636 quam
436 3569 710 3625 existimet
730 3570 940 3627 infanda
968 3573 1054 3627 illa
1075 3574 1321 3637 crimina,
1346 3575 1520 3645 qualia
1547 3578 1639 3648 qui
1659 3586 1838 3647 agunt,

257 3675 481 3730 regnum
513 3662 605 3716 Dei
632 3678 738 3717 non
778 3664 1161 3733 possidebunt,
1189 3666 1427 3736 quotidie
1457 3669 1806 3738 perpetranda
1825 3710 1842 3738 ,

255 3760 307 3805 et
330 3752 693 3825 eleemosynis
718 3756 956 3825 quotidie
979 3757 1310 3814 redimenda.
1354 3759 1410 3814 In
1437 3761 1626 3817 melius
1649 3763 1846 3833 quippe

253 3851 337 3897 est
354 3844 461 3898 vita
485 3846 758 3911 mutanda,
778 3855 834 3902 et
860 3863 956 3917 per
979 3850 1351 3923 eleemosynas
1374 3852 1442 3908 de
1461 3854 1694 3923 peccatis
1710 3871 1846 3926 pnn-

254 3936 427 3991 teritis
455 3948 538 3993 est
563 3939 934 4010 propitiandos
972 3942 1146 4010 Deus;
1187 3959 1293 3999 non
1331 3944 1400 4000 ad
1440 3944 1544 4001 hoc
1581 3948 1843 4005 emendus

252 4027 481 4096 quodam
511 4030 707 4098 modo,
747 4040 805 4085 ut
838 4047 900 4087 ea
926 4046 1142 4105 semper
1168 4034 1326 4092 liceat
1359 4036 1573 4107 impune
1597 4041 1843 4096 commit-

250 4127 384 4173 tere.
414 4117 625 4174 Nemini
640 4122 796 4175 enim
820 4122 958 4176 dedit
993 4125 1331 4181 laxamentum
1371 4128 1610 4197 peccandi
1650 4128 1840 4199 (Eccli.

249 4223 342 4276 xv,
367 4208 462 4281 2|)
489 4228 504 4261 :
525 4212 770 4281 quamvis
791 4213 1098 4271 miserando
1122 4216 1295 4273 deleat
1312 4217 1423 4289 jam
1440 4218 1576 4275 facta
1601 4230 1837 4291 peccata,

247 4300 294 4354 si
312 4317 422 4357 non
446 4303 741 4359 satisfactio
769 4319 1004 4375 congrua
1034 4307 1350 4380 negligatur.

313 4392 549 4449 CAPUT
586 4394 780 4450 LXXI.
815 4394 1060 4453 Oratione
1096 4397 1365 4455 Dominica
1412 4402 1612 4472 expiari
1652 4404 1839 4459 leviora

248 4493 474 4551 peccata.
523 4484 600 4541 De
646 4486 968 4556 quotidianis
1007 4496 1188 4544 autem
1232 4490 1483 4548 brevibus
1529 4493 1839 4566 levibusque

247 4576 501 4645 peccatis,
523 4577 641 4632 sine
660 4578 854 4648 quibus
880 4577 993 4634 haec
1014 4580 1121 4635 vita
1149 4596 1256 4637 non
1281 4582 1510 4649 ducitur,
1533 4586 1836 4655 quotidiana

246 4664 485 4721 ﬁdelium
539 4668 711 4722 oratio
762 4669 1042 4725 satisfacit.
1093 4669 1293 4726 Eorum
1333 4684 1416 4728 est
1451 4674 1592 4729 enim
1622 4674 1835 4741 dicere,

246 4755 406 4812 Pater
425 4768 597 4813 noster
621 4760 709 4829 qui
726 4776 776 4814 es
797 4760 849 4815 in
870 4760 1009 4815 catis
1030 4799 1046 4828 ,
1070 4762 1159 4832 qui
1182 4762 1293 4830 jam
1322 4763 1462 4818 Patri
1494 4764 1586 4819 tali
1613 4780 1836 4835 regene-

247 4848 339 4901 rati
368 4857 584 4903 suntex
613 4864 749 4919 aqua
777 4859 829 4904 et
856 4850 1058 4920 Spiritu
1085 4851 1105 4884 ³
1130 4852 1311 4923 (Joan.
1337 4869 1413 4922 nt,
1436 4854 1515 4925 5).
1546 4856 1694 4912 Delet
1716 4871 1835 4911 om-

245 4937 371 4990 nino
400 4936 517 4992 haec
542 4940 716 4993 oratio
758 4940 978 4995 minima
1003 4952 1058 4997 et
1082 4944 1387 5013 quotidiana
1414 4956 1650 5015 peccata.
1685 4947 1838 5003 Delct

244 5036 294 5082 et
338 5029 433 5085 illa
462 5044 495 5084 a
530 5030 726 5100 quibus
752 5031 862 5086 vita
902 5032 1136 5089 fidelium
1175 5036 1335 5090 etiam
1362 5037 1620 5094 scelerate
1644 5050 1789 5110 gesta
1814 5084 1831 5109 ,

244 5121 334 5176 sed
359 5122 676 5192 pcnnitendo
697 5123 749 5178 in
770 5124 965 5180 melius
990 5135 1188 5181 mutata
1217 5126 1440 5183 discedit
1467 5145 1482 5183 :
1508 5128 1553 5184 si
1581 5132 1833 5200 quemad-

242 5216 460 5271 modum
487 5216 754 5271 veraciter
782 5216 1007 5286 dicitur,
1035 5217 1244 5275 Dimitte
1265 5222 1406 5275 nobis
1434 5221 1599 5277 debita
1625 5233 1795 5278 nostra
1814 5265 1828 5290 ,

241 5308 495 5376 quoniam
539 5324 648 5362 non
677 5308 871 5363 desunt
898 5325 1017 5379 quae
1044 5309 1415 5378 dimittantur;
1455 5313 1527 5368 ita
1570 5315 1831 5371 veraciter

301 5425 321 5496 ξ
356 5422 558 5496 Quidam
579 5430 875 5496 Mss.,‘super
1079 5424 1459 5496 {wtggmtentum

300 5487 322 5515 ²
337 5492 491 5549 _Lov.,
517 5483 752 5547 percipite
778 5483 979 5549 regnum
1000 5483 1090 5537 Dei
1107 5496 1124 5547 ;
1259 5496 1436 5548 eadem,
1456 5495 1537 5547 Ite,
1561 5486 1825 5549 maledicti,

238 5556 285 5593 tu
328 5544 495 5609 ignem
518 5544 782 5597 interitum.
830 5544 1009 5609 Voces,
1054 5544 1180 5609 Dei,
1221 5556 1303 5609 et,
1348 5544 1619 5610 maledicti,
1656 5544 1831 5602 absunt

238 5619 264 5653 ³
288 5614 579 5748 11{EE-uitibus
604 5676 653 5719 et
688 5668 832 5748 simili
998 5669 1137 5731 infra,
1157 5684 1263 5748 cap.
1287 5673 1377 5748 7§,
1406 5674 1781 5748 atldnju,_smtrto
1810 5688 1828 5725 :

239 5742 349 5790 qua:
369 5744 461 5799 vox
486 5739 647 5799 a_
673 5733 818 5780 abest
840 5740 889 5781 et
911 5743 1130 5799 agnem
1162 5733 1301 5784 textu
1326 5738 1564 5799 Evangelii
1603 5738 1827 5799 Joannis,

238 5802 343 5853 Cap.
369 5792 417 5855 ‘5,
438 5794 488 5855 ἃ.
512 5795 561 5855 5,
589 5795 637 5841 in
659 5806 810 5856 quem
830 5792 1125 5856 respiciebat
1146 5792 1453 5859 Augustinus.

560 5876 791 5938 SANCT.
823 5878 1101 5939 Ληουεῖ.
1138 5879 1246 5939 Vl.

1770 5948 1801 5957 ,δ
1846 5953 1867 5955 A,

3456 388 3561 446 266

1974 476 2212 543 dicatur,
2264 480 2409 535 Sicut
2454 493 2499 537 et
2547 502 2637 541 nos
2680 489 2978 545 dimittimus
3022 493 3330 554 debitoribus
3371 505 3559 558 nostris

1970 586 2182 658 (Matth.
2210 606 2284 658 Vl,
2319 591 2374 660 9,
2408 594 2497 668 12)
2529 614 2542 651 :
2568 597 2619 652 id
2649 610 2749 666 est,
2779 600 2824 655 si
2856 602 2874 634 ί
2895 601 2988 656 Ilat
3012 604 3153 674 quod
3177 605 3400 677 dicitur;
3427 612 3554 682 quia

1969 690 2024 736 et
2052 683 2163 753 ipsa
2187 684 2524 761 eleemosyna
2553 701 2664 759 est,
2704 696 2913 752 veniam
2940 701 3141 770 petenti
3177 700 3377 759 homini
3400 706 3557 778 igno-

1969 785 2138 829 scere.

2040 864 2267 925 CAPUT
2304 870 2513 928 LXXII.
2553 905 2625 916 —
2664 876 3112 952 Elcemosynarum
3148 901 3334 955 genera
3372 889 3554 943 multa.

1968 956 2045 1011 Ac
2074 973 2169 1027 per
2213 960 2314 1017 hoc
2355 964 2422 1018 ad
2468 968 2647 1021 omnia
2692 986 2810 1038 qua:
2844 971 2955 1026 utili
2988 974 3349 1031 misericordia
3382 978 3553 1045 fiunt,

1967 1050 2105 1105 valet
2134 1053 2274 1121 quod
2318 1054 2574 1113 Dominus
2602 1060 2710 1125 ait,
2752 1061 2885 1116 Date
2916 1064 3280 1138 eleemosynam
3302 1110 3317 1134 ,
3350 1078 3400 1125 et
3440 1086 3561 1126 ecca

1967 1142 2139 1196 omnia
2181 1145 2371 1200 munda
2410 1158 2525 1202 sunt
2567 1151 2703 1206 vobis
2751 1151 2903 1224 (Luc.
2948 1172 3036 1223 xt,
3078 1159 3190 1231 ll).
3220 1158 3335 1216 Non
3379 1163 3551 1218 solum

1965 1245 2092 1303 ergo
2120 1235 2141 1266 ¹
2164 1237 2250 1305 qui
2281 1238 2370 1294 dat
2389 1243 2644 1297 esurienti
2670 1245 2847 1300 cibum
2866 1287 2881 1311 ,
2918 1246 3117 1305 sitienti
3158 1260 3338 1322 potum
3359 1295 3375 1318 ,
3406 1255 3554 1312 nudo

1964 1324 2340 1383 vestimentum
2363 1372 2375 1394 ,
2409 1334 2765 1403 peregrinanti
2811 1336 3096 1408 hospitium
3117 1382 3133 1407 ,
3164 1341 3380 1413 fugienti
3428 1345 3553 1401 lati-

1961 1411 2146 1471 bulum
2166 1457 2182 1484 ,
2222 1430 2421 1489 :egroto
2449 1424 2530 1477 vel
2571 1424 2776 1479 incluso
2802 1428 3152 1485 visitationem
3172 1474 3186 1495 ,
3227 1411 3437 1504 captivo
3467 1451 3552 1490 re-

1961 1504 2320 1577 demptionem
2347 1552 2359 1574 ,
2412 1511 2572 1567 debili
2615 1516 3040 1583 subvectionem,
3082 1535 3227 1577 cazco
3268 1523 3551 1580 deductio-

1963 1610 2112 1659 ncm,
2153 1598 2291 1654 tristi
2316 1604 2767 1674 consolationem,
2800 1623 2906 1665 non
2954 1625 3087 1667 sano
3124 1614 3418 1684 medelam,
3463 1633 3552 1674 er-

1961 1687 2099 1742 ranti
2129 1689 2303 1759 viam,
2334 1692 2651 1752 deliberanti
2678 1700 2989 1770 consilium,
3022 1711 3075 1758 et
3112 1706 3253 1775 quod
3294 1709 3485 1779 cuique
3525 1708 3550 1743 ⁸

1961 1780 2321 1835 necessarium
2347 1791 2431 1838 est
2471 1785 2726 1858 indigenti
2750 1805 2764 1855 ;
2813 1805 3001 1846 verum
3030 1794 3191 1849 etiam
3219 1797 3309 1867 qui
3338 1797 3429 1853 dat
3452 1815 3548 1855 ve-

1959 1866 2101 1922 niam
2124 1871 2385 1941 peccanti,
2404 1875 2799 1950 eleemosynam
2819 1880 2937 1948 dat;
2962 1892 3017 1938 et
3044 1884 3133 1953 qui
3152 1866 3403 1942 emendat
3426 1904 3548 1946 ver-

1959 1955 2089 2015 bere
2113 1959 2167 2014 in
2189 1977 2346 2032 quem
2376 1973 2611 2034 potestas
2630 1969 2806 2035 datur,
2831 1972 2917 2027 vel
2943 1984 3157 2030 coercet
3181 1976 3356 2048 aliqua
3382 1978 3549 2035 disci-

1960 2048 2103 2118 plina
2120 2092 2135 2117 ,
2164 2060 2218 2107 et
2244 2063 2419 2111 tamen
2449 2068 2726 2128 peccatum
2752 2060 2868 2131 ejus
2890 2104 2906 2126 ,
2936 2078 3041 2135 quo
3061 2065 3129 2120 ab
3158 2065 3252 2122 illo
3280 2067 3436 2125 laesus
3456 2080 3549 2127 aut

1958 2137 2191 2196 offensus
2216 2150 2317 2211 est,
2351 2144 2568 2202 dimittit
2592 2163 2657 2204 ex
2687 2151 2872 2219 corde,
2900 2154 2983 2209 vel
3008 2164 3125 2211 orat
3151 2166 3208 2212 ut
3232 2157 3280 2213 ei
3304 2158 3547 2215 dimitta-

1960 2241 2074 2301 tur,
2105 2250 2209 2291 non
2240 2238 2413 2294 solum
2440 2241 2490 2294 in
2518 2257 2583 2297 eo
2607 2244 2747 2313 quod
2772 2245 2992 2302 dimittit
3017 2257 3176 2319 atque
3203 2260 3343 2318 orat,
3363 2266 3550 2309 verum

1958 2325 2118 2382 etiam
2147 2329 2197 2382 in
2228 2343 2293 2385 co
2312 2332 2453 2401 quod
2474 2335 2714 2404 corripit,
2734 2343 2789 2391 ct
2806 2337 2982 2409 aliqua
3009 2340 3371 2398 emendatoria
3388 2358 3549 2413 poena

1956 2416 2170 2489 plectit,
2201 2422 2598 2496 eleemosynam
2641 2426 2764 2494 dat;
2808 2430 2931 2500 quia
2961 2432 3378 2491 misericordiam
3408 2451 3549 2507 prte-

1956 2517 2079 2565 stat.
2110 2512 2266 2568 Multa
2298 2517 2441 2571 enim
2473 2518 2609 2573 bona
2636 2530 2958 2590 praestantur
2987 2523 3186 2593 invitis,
3213 2528 3426 2599 quando
3452 2544 3548 2587 eo-

1954 2619 2073 2659 rum
2101 2608 2400 2665 consulitur
2426 2611 2670 2678 utilitati,
2700 2627 2806 2668 non
2832 2615 3089 2671 voluntati
3119 2634 3135 2673 :
3164 2620 3287 2689 quia
3314 2619 3414 2693 ipsi
3442 2622 3546 2677 sibi

1955 2694 2292 2753 inveniuntur
2318 2714 2437 2757 esse
2455 2701 2678 2770 inimici,
2719 2704 2876 2761 amici
2898 2722 3026 2762 vero
3054 2723 3237 2764 eorum
3267 2712 3443 2781 potius
3465 2712 3545 2769 illi

1953 2799 2086 2855 quos
2132 2787 2374 2845 inimicos
2401 2799 2619 2860 putant;
2650 2801 2705 2848 et
2746 2795 2975 2851 reddunt
3010 2799 3241 2855 errando
3283 2802 3418 2855 mala
3447 2818 3546 2873 pro

1954 2876 2130 2946 bonis,
2160 2893 2279 2935 cum
2305 2882 2530 2939 reddere
2559 2885 2696 2940 mala
2722 2886 3042 2944 cbristianus
3071 2906 3177 2947 non
3215 2891 3409 2951 debeat
3437 2911 3540 2952 nec

1953 2986 2051 3041 pro
2075 2974 2247 3030 malis.
2278 2975 2438 3032 Multa
2467 2978 2643 3049 itaque
2666 2995 2858 3050 genera
2885 2992 3011 3037 sunt
3040 2984 3497 3059 eleemosynarum
3521 3031 3542 3057 ,

1952 3078 2071 3133 quae
2096 3078 2219 3131 cum
2260 3064 2518 3137 facimus,
2547 3069 2860 3141 adjuvamur
2886 3080 2939 3127 ut
2983 3072 3318 3133 dimittantur
3359 3089 3542 3138 nosua

1952 3165 2189 3225 peccata.

2022 3249 2248 3308 CAPUT
2287 3252 2520 3309 LXXIII.
2557 3285 2630 3297 —
2667 3255 3017 3329 Eleemosyna:
3042 3275 3201 3331 genus
3227 3262 3536 3331 maximum,

1950 3355 2158 3410 parcere
2180 3340 2417 3396 inimicis.
2435 3342 2541 3399 Sed
2566 3359 2629 3399 ea
2658 3343 2788 3400 nihil
2819 3355 2903 3401 est
2930 3346 3131 3416 majus,
3154 3363 3256 3420 qua
3285 3365 3349 3406 ex
3378 3353 3541 3408 corde

1948 3429 2283 3497 dimittimus,
2302 3433 2442 3504 quod
2470 3435 2521 3489 in
2550 3452 2647 3491 nos
2674 3436 2898 3507 quisque
2918 3440 3174 3508 peccavit.
3198 3440 3370 3498 Minus
3394 3448 3538 3499 enim

1949 3539 2200 3594 magnum
2226 3532 2309 3579 est
2327 3540 2452 3597 erga
2470 3540 2593 3581 eum
2619 3542 2740 3583 esse
2765 3527 3104 3596 benevolum,
3128 3532 3240 3587 sive
3262 3534 3422 3589 etiam
3443 3535 3537 3591 be-

1950 3615 2308 3688 neﬁcum,qui
2339 3618 2431 3672 tibi
2462 3618 2583 3673 mali
2611 3620 2739 3674 nihil
2765 3618 2953 3676 fecerit
2978 3638 2994 3677 :
3023 3622 3153 3678 illud
3178 3624 3344 3679 multo
3370 3640 3534 3695 gran-

1947 3708 2065 3765 dius
2087 3717 2141 3765 et
2168 3708 2706 3780 magniﬁcentissima
2730 3711 2983 3768 bonitatis
3008 3721 3121 3780 est,
3143 3723 3202 3769 ut
3229 3722 3373 3770 tuum
3398 3731 3535 3787 quo-

1946 3816 2049 3872 que
2077 3801 2346 3857 inimicum
2374 3801 2582 3873 diligas,
2608 3810 2665 3858 et
2683 3801 2731 3857 ei
2761 3802 2850 3873 qui
2880 3803 2972 3858 tibi
3002 3803 3202 3860 malum
3230 3806 3378 3874 vult,
3407 3817 3461 3862 ct
3488 3808 3536 3864 si

1949 3901 2125 3963 potest
2140 3893 2281 3959 facit,
2298 3900 2351 3948 tu
2369 3894 2565 3949 bonum
2591 3907 2805 3964 semper
2823 3894 2976 3959 velis,
2990 3892 3259 3965 faciasque
3274 3912 3394 3951 cum
3414 3914 3535 3967 pos-

1945 3987 2019 4039 sls
2039 3983 2079 4050 δ,
2104 3984 2324 4040 audiens
2342 3983 2608 4040 dicentem
2634 3984 2820 4052 Deum,
2844 3983 3052 4056 Diligite
3073 3985 3298 4042 inimicos
3322 4000 3531 4057 uestros,

1944 4074 2067 4130 bene
2085 4076 2235 4140 facite
2248 4076 2319 4131 eis
2337 4077 2431 4141 qui
2444 4091 2529 4130 vos
2549 4075 2786 4140 oderunt,
2801 4084 2848 4130 et
2863 4084 3004 4130 orate
3019 4092 3112 4146 pro
3129 4077 3297 4149 eisqui
3310 4094 3396 4133 cos
3411 4096 3526 4149 per-

1944 4180 2219 4237 sequuntur
2256 4168 2466 4239 (Matth.
2496 4183 2560 4234 v,
2602 4166 2716 4238 μ).
2759 4165 2866 4224 Sed
2897 4169 3144 4239 quoniam
3177 4168 3531 4239 perfectorum

1943 4271 2068 4317 sunt
2087 4262 2189 4317 ista
2217 4261 2447 4315 liliorum
2470 4260 2596 4328 Dei,
2623 4274 2731 4330 quo
2757 4259 2972 4329 quidem
3003 4275 3062 4315 se
3082 4260 3240 4317 debet
3263 4264 3438 4318 omnis
3465 4265 3531 4318 li-

1942 4352 2080 4407 delis
2104 4351 2393 4409 extendere
2415 4391 2431 4415 ,
2458 4358 2514 4407 et
2541 4349 2830 4405 humanum
2869 4351 3103 4405 animum
3131 4350 3199 4406 ad
3232 4352 3371 4407 hunc
3396 4354 3530 4411 all‘e-

1942 4453 2116 4510 ctum,
2149 4442 2351 4497 orando
2394 4443 2557 4497 Deum
2579 4482 2594 4509 ,
2621 4455 2911 4512 secumque
2939 4442 3144 4512 agendo
3171 4442 3529 4517 luctandoque

1944 4535 2266 4606 perducere:
2293 4545 2466 4588 tamen
2487 4534 2609 4605 quia
2627 4533 2728 4589 hoc
2754 4542 2858 4588 tam
2877 4549 3123 4605 magnum
3145 4535 3343 4592 bonum
3369 4546 3527 4596 tantae

1941 4624 2293 4681 multitudinis
2338 4639 2443 4680 non
2488 4631 2608 4689 est,
2656 4632 2907 4696 quantam
2937 4625 3206 4681 credimus
3247 4628 3525 4696 exaudiri,

1940 4734 2060 4774 eum
2091 4720 2142 4772 in
2180 4718 2420 4773 oratione
2445 4716 2641 4774 dicitur
2663 4759 2678 4783 ,
2714 4716 2923 4773 Dimitte
2949 4719 3092 4774 nobis
3117 4720 3283 4775 debita
3311 4732 3485 4779 nostra
3505 4764 3525 4792 ,

1940 4812 2066 4866 sicut
2094 4819 2142 4866 et
2167 4827 2257 4866 nos
2276 4809 2572 4864 dimittimus
2594 4808 2897 4864 debitoribus
2922 4811 3125 4876 nostris;
3153 4813 3336 4882 procul
3360 4813 3523 4869 dubio

1939 4901 2101 4957 verba
2126 4901 2431 4973 sponsionis
2463 4900 2619 4970 hujus
2650 4900 2966 4971 implentur,
3008 4902 3054 4958 si
3081 4902 3244 4958 homo
3263 4901 3355 4974 qui
3378 4917 3520 4958 non-

1939 4993 2067 5048 dum
2096 4991 2170 5048 Ita
2198 4990 2459 5062 profecit,
2484 4999 2542 5046 ut
2572 4990 2681 5061 jam
2710 4991 2732 5024 '
2758 4992 2943 5063 diligat
2989 4994 3298 5058 inimicum,
3339 4999 3521 5049 tamen

1939 5082 2152 5154 quando
2178 5089 2391 5154 rogatur
2417 5083 2485 5138 ab
2513 5081 2726 5143 homine
2754 5083 2843 5153 qui
2871 5083 3107 5153 peccavit
3130 5084 3184 5137 in
3212 5096 3358 5150 eum,
3387 5090 3444 5138 ut
3469 5086 3521 5140 ei

2004 5240 2019 5272 ί
2057 5239 2221 5298 Abest,
2240 5235 2301 5297 si,
2325 5249 2353 5287 a
2374 5245 2481 5289 Mss.
2507 5245 2561 5289 et
2579 5239 2642 5287 ab
2663 5247 2761 5288 Am.
2788 5245 2860 5288 Er.
2886 5245 3001 5288 nan.

1998 5304 2020 5335 ³
2053 5308 2122 5350 tta
2138 5307 2243 5350 Mss.
2271 5307 2325 5350 At
2346 5299 2481 5360 editi,
2504 5312 2598 5349 non
2619 5300 2773 5350 solum
2793 5305 2968 5350 autem.

2000 5362 2227 5437 ’.ΡΨβὲ
2242 5369 2369 5437 “iis?
2930 5428 3281 5437 μηωωμη
3405 5424 3436 5437 ..

1982 5424 2238 5497 .‘Plsriqus
2253 5430 2380 5497 δίδον
2393 5424 2520 5497 ηυρά
2714 5427 2917 5497 “9599‘?
2926 5428 3306 5497 Ριῗοεὶίῗίιυυοιυτν

1936 5482 2174 5558 μεερηιεηξ
2194 5494 2379 5558 me:
2401 5482 2499 5558 vel.
2524 5482 2724 5558 ἀτιςιξεηε
3233 5482 3353 5558 quae,
3368 5492 3517 5558 quam

1936 5548 2081 5615 lectio
2106 5553 2182 5615 est
2200 5555 2301 5594 Am.
2324 5551 2398 5593 Er.
2416 5552 2528 5593 Dan.
2543 5556 2736 5615 necnon
2756 5544 2788 5591 3
2808 5550 2961 5603 Sent.,
2977 5544 3187 5615 dist._50,
3203 5544 3423 5615 ca‘pt‘njc
3444 5563 3521 5600 εο-

1936 5610 2015 5678 let:
2041 5616 2094 5659 Al.
2115 5614 2222 5657 Iov.
2246 5614 2299 5657 et
2318 5616 2425 5655 Arn.
2450 5612 2559 5678 post
2580 5607 2747 5676 verba,
2772 5617 2881 5654 cum
2899 5607 3066 5678 possis,
3091 5607 3196 5659 bzee
3215 5607 3471 5678 subjiciunt
3498 5625 3511 5659 :

1938 5671 2072 5721 Illius
2092 5681 2271 5738 memor
2295 5663 2523 5729 exempli,
2658 5665 2707 5716 in
2730 5679 2883 5738 cruce.
2894 5663 3213 5738 pendenspro
3226 5663 3325 5721 suis
3344 5678 3517 5722 exorat

1938 5682 2072 5721 tum;
2092 5682 2271 5720 memor
2295 5682 2523 5729 exempti,
2556 5682 2638 5729 qui
2658 5682 2707 5716 ιη
2730 5682 2872 5736 cruce
2894 5682 3106 5732 pendens
3122 5682 3213 5782 pro
3226 5683 3325 5721 suis
3344 5684 3391 5721 ea

1934 5727 2331 5799 persecutoribus,
2350 5739 2550 5798 suosque
2563 5726 2807 5799 admonuit
2831 5727 2993 5782 dicens
3018 5745 3029 5781 :
3058 5731 3120 5788 ω
3137 5731 3266 5798 igitc.
3296 5740 3391 5783 etc.

2004 5795 2019 5825 ί
2056 5799 2157 5841 Duo
2178 5804 2206 5841 e
2225 5798 2462 5841 Vaticanis
2480 5795 2610 5841 Mss.
2630 5795 2680 5841 ut
2693 5801 2853 5841 etiam.

2094 5806 2157 5842 uo
2178 5804 2206 5842 e
2226 5804 2462 5841 vaucams
2480 5804 2610 5852 uss,
2630 5804 2680 5841 ut
2693 5804 2853 5841 etiam.

2745 5877 2783 5949 ί
2784 5877 2915 5939 Neu
2924 5880 3005 5950 IZ,’
