4046 6332
493 344 595 399 2C7

470 460 762 529 (dimittat,
793 456 1008 513 dimittit
1051 473 1113 512 ex
1141 457 1301 514 corde
1340 475 1353 511 :
1385 456 1507 527 quia
1535 456 1694 510 etiam
1728 455 1827 510 sibi
1871 453 2076 525 roganti

494 552 676 622 utique
702 550 810 606 vult
834 548 1051 614 dimitti,
1080 565 1199 605 cum
1220 558 1336 604 ornt
1361 558 1415 604 et
1435 548 1593 612 dicit,
1635 546 1781 602 Sicut
1809 558 1855 602 et
1887 563 1980 601 nos
2006 546 2078 599 di-

492 644 736 698 mittimus
763 640 1065 697 debitoribus
1093 640 1313 705 nostris;
1340 640 1391 694 id
1412 647 1531 706 est;
1561 638 1649 694 Sic
1668 637 1879 694 dimitte
1898 637 2074 693 debita

496 743 677 790 nostra
722 732 1031 804 rogantibus
1051 732 1201 787 nobis
1219 772 1236 798 ,
1262 730 1400 785 sicut
1435 738 1489 785 et
1517 743 1616 785 nos
1638 728 1957 785 dimittimus
1986 742 2077 782 ro-

494 826 741 898 gantibus
758 824 1090 881 debitoribus
1115 823 1334 878 nostris.

562 914 791 973 CAPUT
830 913 1062 970 LXXIV.
1086 943 1159 955 —
1182 912 1399 968 Peccata
1435 929 1537 968 non
1565 912 1833 968 dimittenti
1862 928 1961 967 non
1991 911 2076 967 di-

496 1010 759 1062 mittuntur
781 1023 813 1060 a
839 1005 967 1061 Dea.
985 1005 1103 1061 Jam
1127 1020 1252 1060 vero
1272 1005 1528 1075 quicum,
1557 1005 1610 1059 in
1633 1020 1789 1075 quem
1816 1004 2074 1075 peccavit,

495 1100 766 1156 hominem
791 1106 961 1168 rogat,
985 1096 1029 1152 si
1061 1106 1277 1166 peccato
1305 1112 1402 1152 suo
1431 1104 1672 1153 movetur
1690 1104 1746 1152 ut
1770 1104 1939 1167 roget,
1969 1112 2074 1151 non

494 1203 575 1247 est
613 1191 788 1247 adhuc
821 1188 1158 1260 deputandus
1187 1189 1464 1256 inimicus,
1512 1200 1569 1244 ut
1606 1204 1729 1244 eum
1759 1189 1979 1261 diligere
2008 1190 2078 1245 sit

492 1284 705 1341 diﬂicile
725 1325 739 1349 ,
768 1282 906 1338 sicut
938 1281 1154 1338 dil‘llcile
1186 1292 1301 1337 erat
1338 1281 1550 1352 quando
1583 1281 1883 1337 inimicitias
1918 1296 2075 1336 exer-

492 1377 662 1430 cebat.
693 1373 944 1444 Quisquis
984 1380 1161 1428 autem
1205 1373 1411 1443 roganti
1455 1382 1509 1428 et
1550 1374 1748 1443 peccati
1788 1372 1869 1428 sui
1902 1372 2073 1443 poeni-

492 1467 621 1522 tenti
652 1482 757 1521 non
785 1481 851 1521 ex
875 1464 1037 1520 corde
1074 1465 1330 1530 dimittit,
1377 1464 1523 1519 nullo
1564 1464 1724 1519 modo
1752 1464 2016 1520 existimet
2042 1480 2072 1519 a

492 1557 716 1612 Domino
743 1571 839 1611 sua
860 1565 1075 1627 peccata
1105 1556 1325 1619 dimitti;
1359 1556 1606 1625 quoniam
1644 1556 1857 1611 mentiri
1877 1557 2074 1612 veritas

490 1666 597 1706 non
644 1657 838 1721 potest.
887 1648 1058 1716 Quem
1097 1663 1225 1703 vero
1256 1648 1416 1703 lateat
1459 1648 1727 1720 Evangelii
1774 1649 2072 1705 auditorem

489 1744 603 1799 sive
633 1743 886 1798 lectorem
910 1782 926 1808 ,
963 1741 1085 1812 quis
1107 1740 1338 1804 dixerit,
1374 1738 1484 1810 Ego
1514 1757 1627 1796 sum
1668 1740 1849 1796 veritas
1892 1739 2068 1813 (Joan.

482 1851 598 1901 xiv,
623 1833 677 1904 6)
697 1833 720 1888 i
744 1832 844 1902 Qui
868 1846 990 1886 cum
1015 1830 1285 1886 docuisset
1308 1831 1622 1897 orationem,
1654 1830 1788 1885 hanc
1812 1832 1863 1885 in
1886 1846 1948 1885 ea
1973 1847 2071 1901 po-

486 1927 643 1981 sitam
671 1924 987 1980 sententiam
1008 1923 1355 1979 vehementer
1376 1922 1808 1988 commendavit,
1840 1922 2023 1978 dicens
2054 1940 2069 1978 :

486 2017 546 2072 Si
575 2017 706 2070 enim
726 2014 1016 2070 dimiseritis
1033 2014 1317 2069 hominibus
1333 2024 1539 2084 peccata
1563 2030 1758 2078 eorum,
1789 2013 2003 2067 dimittet
2023 2023 2070 2066 et

468 2109 619 2164 vobis
644 2106 800 2162 Pater
820 2116 980 2162 vester
1010 2106 1225 2162 caelestis
1254 2114 1459 2177 peccata
1482 2114 1663 2160 vestra.
1696 2105 1759 2160 Si
1781 2114 1949 2158 autem
1969 2120 2068 2158 non

484 2200 768 2255 dimiseritis
794 2198 1078 2253 hominibus
1095 2239 1111 2264 ,
1135 2214 1224 2252 nec
1250 2195 1406 2251 Pater
1425 2206 1585 2252 vester
1613 2197 1826 2250 dimittet
1864 2207 2070 2267 peccata

484 2301 646 2346 vestra
668 2289 884 2361 (Matth.
906 2304 983 2357 vt,
1006 2289 1095 2357 M,
1128 2286 1240 2361 15).
1262 2288 1339 2342 Ad
1367 2297 1473 2343 tam
1500 2303 1749 2358 magnum
1777 2288 2066 2343 tonitruum

483 2384 573 2453 qui
604 2397 709 2437 non
734 2380 1136 2452 expergiscitur,
1169 2394 1273 2432 non
1305 2379 1520 2445 dormit,
1554 2378 1650 2434 sed
1675 2386 1915 2434 mortuus
1936 2389 2018 2435 est
2050 2396 2065 2436 :

480 2484 534 2528 et
566 2482 740 2527 tamen
770 2480 960 2542 potens
991 2480 1071 2526 est
1097 2470 1185 2525 ille
1214 2471 1374 2524 etiam
1409 2478 1650 2525 mortuos
1674 2471 1956 2527 suscitare.

550 2562 773 2619 CAPUT
811 2560 1020 2617 LXXV.
1047 2591 1118 2601 —
1137 2560 1225 2617 20.
1260 2560 1593 2631 Eleemosyna
1612 2561 1878 2617 sceleratos
1913 2573 1961 2616 et
1980 2563 2064 2618 in-

479 2653 651 2723 ﬁdeles
690 2668 789 2706 non
815 2650 1060 2715 mundat,
1101 2651 1198 2705 nisi
1224 2659 1496 2704 mutentur.
1526 2649 1667 2706 Sane
1709 2651 1797 2721 qui
1825 2651 2063 2709 scelera-

478 2744 681 2798 tissime
726 2744 941 2808 vivunt,
994 2757 1093 2797 nec
1120 2749 1311 2796 curant
1361 2740 1519 2797 talem
1566 2741 1726 2795 vitam
1783 2756 2065 2813 moresque

476 2835 779 2905 corrigere,
808 2843 863 2888 et
891 2833 1027 2888 inter
1057 2832 1167 2903 ipsa
1215 2831 1446 2886 facinora
1480 2838 1535 2888 et
1573 2830 1767 2903 ﬂagitia
1799 2847 1892 2886 sua
1920 2833 2064 2888 elee-

477 2939 728 2997 mosynas
756 2922 1095 2995 frequentare
1123 2938 1226 2977 non
1269 2932 1511 2990 cessant,
1562 2923 1759 2978 frustra
1798 2923 1919 2979 ideo
1958 2924 2061 2980 sibi

474 3016 851 3080 blandiuntur,
897 3015 1149 3086 quoniam
1182 3014 1436 3070 Dominus
1476 3015 1583 3083 ait,
1619 3015 1751 3070 Date
1791 3017 2062 3088 eleemosy-

474 3124 621 3173 nam,
643 3117 690 3162 et
711 3121 824 3161 ecce
847 3106 1017 3161 omnia
1037 3106 1225 3160 munda
1246 3115 1365 3160 sunt
1395 3107 1550 3161 vobis.
1585 3105 1699 3161 Hoc
1726 3107 1867 3161 enim
1899 3123 2059 3178 quam

474 3200 579 3253 late
603 3205 809 3269 pateat,
834 3213 942 3253 non
967 3196 1289 3268 intelligunt.
1310 3197 1418 3254 Sed
1445 3208 1501 3253 ut
1527 3199 1858 3269 intelligant,
1888 3210 2060 3255 atten-

469 3288 598 3343 dant
626 3290 819 3358 quibus
845 3287 1060 3343 dixerit.
1085 3288 1289 3359 Nempe
1312 3289 1365 3343 in
1397 3289 1687 3361 Evangelio
1708 3292 1784 3345 sic
1803 3292 2057 3363 scriptum

470 3389 554 3434 cst
582 3398 596 3434 :
625 3377 751 3435 Cum
789 3378 1096 3450 loqueretur,
1137 3380 1328 3450 rogavit
1366 3380 1509 3434 illum
1531 3381 1736 3451 quidam
1766 3381 2059 3438 Pliarisa’us

469 3483 521 3523 ut
552 3469 816 3541 pranderet
846 3469 989 3541 apud
1022 3485 1106 3534 se;
1130 3479 1178 3525 et
1208 3470 1461 3542 ingressus
1489 3473 1731 3525 recubuit.
1763 3471 2059 3527 P/tariswus

466 3575 632 3618 autent
659 3564 803 3630 coepit
829 3564 965 3618 intra
984 3578 1038 3618 se
1062 3571 1299 3635 reputans
1327 3563 1513 3629 dicere,
1537 3580 1692 3633 quare
1718 3581 1815 3619 non
1834 3565 2060 3635 baptiza-

469 3670 548 3710 tus
591 3666 714 3710 esset
758 3666 875 3709 ante
915 3654 1206 3726 prandium.
1256 3654 1323 3707 Et
1361 3655 1432 3708 ait
1477 3654 1725 3710 Dominus
1764 3657 1832 3709 ad
1867 3658 2053 3713 illum:

470 3746 622 3801 Nunc
647 3762 731 3801 vos
751 3787 765 3811 ,
789 3744 1044 3799 Pharisazi
1063 3787 1077 3810 ,
1104 3745 1241 3815 quod
1266 3744 1454 3816 deforis
1483 3755 1554 3799 est
1584 3745 1756 3801 colicis
1791 3756 1839 3801 et
1865 3749 2053 3815 catini,

460 3837 745 3903 mundatis;
761 3837 897 3909 quod
925 3846 1094 3891 autem
1115 3838 1251 3890 intus
1278 3846 1351 3892 est
1371 3847 1617 3904 vestrum,
1645 3838 1851 3909 plenum
1874 3850 1947 3895 est
1974 3858 2058 3895 ra-

468 3929 587 3998 pina
610 3936 656 3981 ct
676 3927 953 3997 iniquitate.
979 3925 1161 3992 Stulti,
1187 3943 1352 3981 nonne
1370 3928 1456 3997 qui
1479 3931 1596 3999 fecit
1625 3927 1679 3983 id
1705 3930 1842 4000 quod
1867 3932 2056 4002 deforis

465 4028 539 4073 est
559 4061 574 4084 ,
608 4018 756 4073 etiam
785 4018 838 4071 id
864 4019 998 4090 quod
1024 4018 1160 4073 intus
1198 4028 1269 4072 est
1296 4019 1412 4091 fecit
1450 4020 1509 4074 ‘?
1544 4018 1898 4077 Verumtamen
1921 4024 2057 4094 quod

465 4122 717 4181 superest,
748 4111 865 4166 date
888 4112 1253 4182 eieemosynam
1272 4155 1287 4179 ,
1319 4122 1365 4167 et
1391 4129 1502 4167 ecce
1528 4116 1696 4169 omnia
1722 4116 1913 4172 munda
1937 4130 2053 4173 sunt

465 4203 600 4258 robis
626 4203 775 4277 (Luc.
811 4220 897 4269 xi,
925 4205 1082 4260 37-.“
1120 4204 1159 4276 ).
1188 4204 1333 4261 Itane
1356 4205 1456 4261 hoc
1488 4208 1805 4265 intellecturi
1830 4226 2047 4279 sumus,

466 4303 521 4347 ut
557 4293 840 4349 Pharisznis
880 4308 984 4349 non
1031 4294 1349 4349 habentibus
1392 4295 1547 4350 (idem
1575 4296 1807 4367 Christi,
1841 4302 2049 4356 etiamsi

458 4401 568 4443 non
596 4387 648 4441 in
666 4402 787 4443 eum
802 4386 1128 4442 crediderint
1148 4429 1161 4449 ,
1192 4403 1292 4444 nec
1318 4390 1488 4444 renati
1510 4389 1703 4446 fuerint
1732 4408 1798 4448 ex
1832 4409 1967 4465 aqua
1996 4405 2051 4450 et

463 4475 699 4547 Spiritu,
734 4476 930 4531 munda
971 4477 1078 4532 sint
1103 4477 1315 4541 omnia,
1349 4488 1549 4533 tantum
1594 4481 1641 4536 si
1682 4483 2051 4556 eleemosynas

461 4567 745 4636 dederint,
776 4568 913 4624 sicut
950 4568 1035 4624 isti
1060 4583 1151 4623 cas
1176 4568 1378 4626 dandas
1405 4571 1634 4641 putant?
1661 4589 1780 4629 cum
1810 4576 1917 4630 sint
1945 4577 2046 4631 im-

462 4658 643 4714 mundi
670 4674 858 4714 omnes
886 4675 1019 4729 quos
1053 4676 1158 4714 non
1191 4660 1410 4716 mundat
1435 4663 1564 4717 tides
1592 4663 1825 4732 Christi,
1858 4667 1925 4722 de
1945 4685 2046 4739 qua

458 4752 716 4821 scriptum
745 4760 855 4817 est,
884 4752 1139 4808 Mundam
1159 4755 1261 4824 ﬁde
1284 4755 1440 4810 corda
1460 4774 1633 4812 eorum
1662 4757 1797 4832 (Act.
1819 4776 1919 4825 xv,
1952 4761 2045 4835 9);

458 4852 511 4897 et
538 4843 680 4898 dicat
709 4844 1012 4913 Aposmlus,
1039 4843 1324 4900 lnnnundis
1354 4855 1522 4901 autem
1544 4856 1588 4902 et
1609 4849 1896 4918 inﬁdelibus
1918 4853 2046 4906 nihil

458 4948 530 4993 est
556 4936 832 5003 mundum,
860 4939 949 4992 sed
978 4937 1174 5008 polluta
1198 4948 1315 4992 sunt
1356 4955 1529 4994 coruus
1570 4953 1617 4996 et
1662 4958 1800 5011 mens
1843 4954 1888 4997 et
1932 4961 2047 4997 con-

457 5032 664 5087 scientia
697 5030 827 5103 (Tit.
868 5047 918 5100 I,
953 5031 1063 5103 15).
1101 5030 1378 5101 Quomodo
1402 5048 1539 5104 ergo.
1560 5035 1843 5090 Pbarismis
1870 5037 2045 5092 omnia

461 5122 655 5177 munda
677 5130 891 5190 essent,
920 5122 963 5177 si
986 5121 1356 5193 eleemosynas
1372 5164 1388 5191 ,
1411 5124 1599 5181 darent
1630 5135 1686 5182 et
1734 5126 1919 5181 ﬁdeles
1939 5143 2044 5183 non

457 5213 678 5266 essent?
707 5212 813 5267 Aut
848 5211 1119 5283 quomodo
1158 5212 1342 5269 ﬁdeles
1369 5223 1582 5279 essent,
1624 5216 1667 5270 si
1694 5216 1748 5270 in
1775 5216 2043 5273 Christum

456 5304 677 5359 credere
722 5313 879 5374 atque
922 5305 981 5359 in
1029 5304 1146 5375 ejus
1182 5305 1391 5361 renasci
1419 5306 1585 5376 gratia
1613 5307 1948 5367 noluissent?
1977 5310 2047 5366 Et

455 5402 636 5449 tamen
656 5408 842 5450 verum
870 5406 954 5453 est
974 5396 1116 5467 quod
1143 5396 1456 5465 audierunt,
1485 5395 1615 5453 Date
1639 5398 2007 5473 elemosynam
2025 5446 2040 5470 ,

459 5496 503 5540 rt
529 5502 640 5539 ecce
665 5487 832 5541 omnia
858 5489 1047 5543 munda
1072 5500 1188 5545 sunt
1212 5488 1368 5545 vobis.

520 5602 537 5674 ξ
574 5602 655 5652 llic
676 5602 801 5674 apud
809 5608 924 5674 μιν.
952 5601 1199 5674 additum:
1416 5613 1469 5661 ut
1498 5606 1644 5660 etiam
1675 5609 1730 5661 id
1759 5612 1887 5674 quod
1917 5614 2042 5665 intus

456 5666 527 5739 est
549 5660 779 5739 itumitum
907 5676 933 5739 :7
949 5666 1079 5739 quod
1100 5669 1163 5718 ab
1188 5668 1333 5721 editis
1353 5676 1550 5739 Am._Er.
1577 5679 1692 5722 nan.
1712 5660 2040 5739 graia-agdn;

450 5735 526 5836 ἴδοι
547 5727 810 5786 mitioribus
852 5727 979 5775 Mss.’
1003 5727 1161 5790 abest,
1192 5744 1382 5783 necnon
1425 5737 1486 5785 ab
1517 5727 2038 5798 Evangelio'Lucce'ci-

527 5804 573 5835 υ.

993 338 1444 406 ENCHIRIDION,
1486 338 1639 395 SIVE
1673 338 1762 393 DE
1812 335 2004 399 FIDE,
2048 332 2176 388 SI‘E
2217 334 2303 388 ΕΤ
2343 334 2755 406 CHARITATE,
2795 338 2851 395 S.
2894 340 3260 398 AUGUSTiNl

3659 351 3770 410 108

2259 453 2484 511 CAPUT
2513 454 2743 512 LXXVI.
2767 489 2836 498 —
2862 456 3035 513 Prima
3063 461 3377 534 eleemosyna
3395 505 3410 531 ,
3448 466 3635 523 animo:
3662 487 3770 526 sure

2184 545 2405 600 misereri
2428 555 2474 600 et
2499 558 2629 602 recte
2652 549 2829 604 vivere.
2869 550 2969 618 Qui
3008 552 3151 607 enim
3176 553 3192 585 ¹
3224 554 3336 610 vult
3371 557 3619 616 ordinate
3639 562 3771 620 dare

2184 635 2581 708 oleemosyuam
2600 679 2614 704 ,
2645 655 2675 693 a
2701 655 2762 695 se
2790 641 2906 711 ipso
2944 641 3103 699 debet
3130 644 3363 715 incipere
3382 687 3399 715 ,
3428 655 3485 705 et
3507 665 3625 707 eam
3667 634 3770 711 sibi

2184 727 2411 796 primum
2448 727 2598 784 dare.
2628 730 2723 785 Est
2746 731 2890 786 enim
2926 734 3266 806 eleemosyna
3292 750 3427 807 Opus
3460 739 3769 798 misericor-

2182 817 2317 886 dize;
2362 821 2744 892 verissimeque
2772 822 2974 879 dictum
3017 834 3133 891 est,
3181 826 3421 884 Miserere
3457 832 3645 888 animte
3671 844 3772 891 tace

2183 909 2390 981 placens
2418 912 2525 967 Deo
2554 911 2747 981 (Eccli.
2775 931 2879 970 xxx
2902 956 2919 983 ,
2962 915 3077 989 24).
3128 918 3353 990 Propter
3384 921 3485 977 hoc
3527 927 3768 981 renasci-

2181 1017 2321 1069 mur,
2344 1011 2403 1058 ut
2428 1004 2538 1060 Deo
2563 1005 2885 1086 placeamus,
2904 1008 2992 1063 cui
3016 1010 3210 1065 merito
3230 1010 3477 1083 diSplicet
3505 1016 3646 1086 quod
3674 1031 3771 1072 na-

2181 1094 2382 1151 scendo
2396 1082 2774 1152 contraximus.
2794 1098 2917 1153 llaac
2940 1110 3023 1155 est
3038 1101 3207 1170 prima
3229 1082 3589 1177 clamosyna,
3609 1122 3769 1177 quam

2180 1182 2337 1238 nobis
2356 1183 2600 1240 dedimus
2621 1227 2635 1249 ,
2662 1188 2913 1256 quoniam
2937 1203 3036 1245 nos
3073 1189 3220 1260 ipsos
3249 1194 3476 1250 miseros
3495 1197 3515 1227 ²
3545 1211 3641 1266 per
3670 1200 3772 1252 mi-
3810 1268 3813 1271 δ

2179 1275 2410 1329 serantis
2430 1273 2524 1329 Dei
2555 1274 2974 1332 misericordiam
3013 1280 3425 1350 requisivimus,
3445 1284 3647 1354 justum
3681 1286 3772 1358 ju-
3809 1285 3818 1354 ἴ

2179 1364 2377 1421 dicium
2405 1366 2523 1437 ejus
2559 1369 2896 1435 conﬁtentes,
2928 1386 3033 1441 quo
3057 1373 3237 1428 miseri
3263 1374 3438 1431 eﬂ'ecti
3463 1391 3668 1447 sumus,
3695 1380 3767 1437 de

2177 1470 2285 1526 quo
2322 1457 2455 1512 dicit
2480 1458 2765 1529 Apostolus
2783 1501 2799 1525 ,
2827 1459 3089 1515 Iudicium
3117 1464 3318 1533 quidem
3345 1482 3409 1520 ea:
3432 1482 3533 1521 uno
3561 1468 3616 1523 in
3640 1486 3770 1524 con-

2178 1544 2547 1601 demnationem
2576 1563 2597 1602 :
2621 1556 2676 1604 et
2711 1565 2914 1621 magnae
2951 1551 3195 1608 charitati
3240 1554 3356 1624 ejus
3382 1557 3580 1626 gratias
3606 1572 3771 1628 agen-

2181 1643 2293 1701 tes,
2324 1635 2392 1692 de
2413 1652 2518 1707 qua
2547 1637 2686 1693 idem
2712 1638 2825 1709 ipse
2856 1640 2981 1696 dicit
3005 1642 3190 1711 gratiae
3230 1644 3577 1713 praedicator,
3611 1647 3768 1703 Com-

2178 1726 2382 1782 mendat
2408 1739 2576 1784 autem
2600 1746 2746 1784 suam
2765 1731 3084 1787 dilectionem
3110 1733 3247 1789 Deus
3273 1737 3324 1789 in
3347 1738 3508 1804 nobis,
3526 1742 3771 1810 quoniam

2175 1834 2291 1872 cum
2316 1819 2483 1874 adhuc
2508 1832 2790 1891 peccatores
2815 1840 3052 1891 essemus,
3081 1825 3311 1882 Christus
3339 1845 3431 1899 pro
3459 1831 3601 1885 nobis
3624 1849 3771 1887 mor-

2174 1917 2293 1963 tuus
2333 1920 2405 1963 est
2436 1909 2611 1983 (Rom.
2656 1928 2688 1965 v
2707 1952 2722 1978 ,
2753 1913 2819 1969 l6
2838 1954 2853 1979 ,
2884 1914 2916 1968 8
2935 1953 2951 1979 ,
2980 1913 3072 1984 9);
3106 1926 3162 1971 ut
3200 1928 3253 1971 et
3278 1932 3376 1973 nos
3406 1920 3665 1976 veraciter
3693 1922 3768 1978 de

2177 2006 2359 2052 nostra
2400 1998 2615 2055 miseria
2635 2000 2936 2069 judicantes
2956 2044 2971 2069 ,
2999 2013 3053 2058 et
3073 2005 3241 2060 Deum
3271 2008 3531 2065 cbaritate
3552 2009 3572 2042 ³
3602 2027 3769 2081 quam

2174 2086 2391 2142 donavit
2423 2090 2537 2160 ipse
2563 2090 2846 2162 diligentes
2864 2135 2880 2161 ,
2914 2095 2999 2164 pie
3026 2106 3276 2167 recteque
3303 2101 3568 2158 vivamus.
3610 2102 3767 2171 Quod

2169 2175 2429 2246 judicium
2450 2188 2504 2234 et
2529 2179 2842 2237 charitatem
2866 2184 2960 2239 Dei
2984 2200 3105 2240 cum
3129 2187 3383 2245 Phariszei
3405 2193 3761 2264 praeterirent,

2174 2265 2513 2325 decimabant
2556 2280 2732 2328 tamen
2763 2285 2981 2346 propter
3017 2278 3388 2352 eleemosynas
3428 2298 3564 2354 quas
3604 2287 3767 2344 facie.

2173 2360 2299 2417 bant
2323 2363 2481 2419 etiam
2502 2381 2727 2436 quaeque
2754 2369 3106 2425 minutissima
3131 2373 3393 2431 fructuum
3420 2391 3636 2434 suorum
3664 2398 3677 2434 :
3704 2391 3762 2438 et

2172 2451 2293 2507 ideo
2317 2468 2423 2509 non
2442 2454 2641 2510 dabant
2660 2456 3029 2531 eleemosynas
3058 2476 3085 2513 a
3116 2476 3174 2516 se
3198 2462 3532 2534 incipientes,
3549 2483 3761 2525 secum-

2170 2559 2274 2615 que
2295 2546 2441 2615 prius
2463 2549 2882 2605 misericordiam
2910 2550 3166 2610 facientes
3188 2553 3229 2608 ‘.
3257 2556 3480 2627 Propter
3499 2575 3657 2630 quem
3678 2561 3761 2617 di-

2167 2635 2413 2695 lectionis
2442 2640 2684 2696 ordinem
2711 2642 2915 2698 dictum
2937 2655 3018 2700 est
3037 2687 3053 2713 ,
3083 2645 3277 2720 Diliges
3301 2653 3589 2721 proximum
3617 2665 3761 2711 tuum

2169 2737 2407 2803 tanquam
2432 2741 2481 2785 te
2504 2732 2672 2802 ipsum
2694 2734 2840 2807 (Luc.
2870 2753 2903 2791 x
2926 2779 2940 2803 ,
2969 2735 3082 2810 27).
3112 2740 3241 2795 Cum
3271 2758 3399 2813 ergo
3429 2746 3760 2816 iucrepasset
3836 2790 3839 2793 -

2167 2834 2262 2876 eos
2288 2822 2428 2891 quod
2468 2822 2763 2881 forinsecus
2787 2842 2846 2882 se
2873 2828 3119 2885 lavabant
3138 2870 3154 2897 ,
3185 2832 3327 2889 intus
3352 2846 3531 2893 autem
3569 2841 3757 2909 rapina

2165 2918 2221 2965 et
2246 2911 2522 2982 iniquitate
2550 2915 2690 2985 pleni
2718 2926 2904 2984 erant,
2932 2920 3231 2978 admonens
3256 2926 3481 2994 quadam
3516 2929 3758 2985 eleemo-

2165 3016 2297 3074 syna
2320 3002 2377 3071 ⁸,
2409 3020 2567 3074 quam
2606 3007 2708 3061 sibi
2739 3008 2899 3065 homo
2926 3011 3084 3067 debet
3131 3015 3375 3084 primitus
3404 3018 3565 3086 dare,
3612 3022 3756 3077 inte-

2166 3095 2307 3151 riora
2332 3096 2577 3153 mandari
2606 3113 2623 3153 :
2663 3097 3047 3172 Verumtamen,
3093 3104 3264 3176 inquit
3283 3149 3298 3175 ,
3330 3110 3465 3177 quod
3487 3123 3714 3182 superest
3735 3155 3753 3181 ,

2165 3188 2285 3244 date
2327 3190 2693 3262 eleemosynam
2711 3230 2730 3258 ,
2760 3202 2806 3248 et
2850 3210 2961 3250 ecce
3003 3198 3176 3251 omnia
3204 3199 3393 3254 munda
3433 3212 3547 3255 sunt
3593 3202 3751 3261 vobis.

2164 3286 2368 3343 Deinde
2397 3295 2453 3343 ut
2489 3288 2798 3345 ostenderet
2823 3290 2948 3360 quid
2974 3292 3373 3363 admonuisset,
3413 3304 3469 3351 et
3493 3297 3618 3367 quid
3648 3298 3754 3367 ipsi

2164 3377 2342 3435 facere
2379 3394 2485 3434 non
2513 3389 2799 3447 curarent,
2832 3397 2899 3438 ne
2923 3382 3071 3439 illum
3102 3393 3351 3453 putarent
3391 3380 3576 3443 eordm
3601 3389 3749 3445 elce-

2165 3484 2417 3540 mosynas
2456 3470 2704 3540 ignorare
2734 3488 2750 3525 :
2783 3470 2891 3527 Sed
2918 3489 2993 3528 me
3031 3473 3204 3542 vobis,
3233 3476 3402 3546 inquit
3428 3475 3708 3534 Pharisteis
3734 3497 3750 3533 :

2164 3566 2413 3630 tanquam
2441 3561 2679 3629 diceret,
2729 3563 2843 3636 Ego
2881 3565 3093 3635 quidem
3132 3571 3436 3625 commonui
3482 3586 3576 3626 vos
3605 3572 3751 3628 elec-

2162 3666 2440 3724 mosynam
2468 3653 2697 3709 dandam
2717 3695 2732 3722 ,
2779 3671 2875 3726 per
2897 3673 3053 3727 quam
3081 3659 3234 3715 vobis
3276 3663 3473 3717 munda
3503 3665 3611 3718 sint
3635 3680 3756 3719 om-

2160 3743 2284 3809 nia;
2318 3742 2424 3799 Sed
2467 3760 2543 3799 rte
2569 3745 2706 3800 vobis
2729 3746 2817 3818 qui
2861 3746 3119 3802 decimatis
3145 3760 3365 3803 mentam
3407 3760 3454 3803 et
3495 3762 3663 3806 rutam
3705 3762 3758 3809 et

2161 3849 2309 3888 omne
2336 3834 2489 3901 olus;
2521 3834 2615 3890 has
2654 3837 2794 3891 enim
2824 3836 2947 3891 novi
2990 3837 3359 3910 eleemosynas
3387 3848 3629 3909 vestras,
3682 3859 3755 3899 ne

2158 3924 2227 3980 de
2254 3925 2359 3981 illis
2386 3942 2472 3981 me
2498 3942 2639 3982 nunc
2660 3942 2754 3983 vos
2774 3927 3113 3986 admonuisse
3134 3931 3464 3987 arbitremini
3493 3949 3510 3986 :
3539 3943 3585 3988 et
3606 3950 3749 4004 pra:-

2157 4016 2318 4071 teritis
2332 4016 2588 4087 judicium
2610 4026 2657 4072 et
2676 4018 2970 4074 charitatem
2995 4020 3120 4087 Dei;
3139 4037 3243 4091 qua
3264 4022 3604 4095 elcemosyna
3625 4038 3755 4095 pos-

2157 4108 2287 4165 setis
2316 4110 2385 4165 ab
2412 4110 2559 4165 omni
2588 4109 2991 4183 inquinamento
3020 4114 3255 4169 interiori
3286 4115 3551 4182 mundari,
3571 4124 3628 4171 ut
3655 4130 3752 4171 vo-

2157 4200 2241 4257 bis
2262 4202 2457 4257 munda
2475 4211 2658 4259 essent
2677 4213 2732 4260 et
2755 4219 2978 4275 corpora
3000 4221 3117 4276 quae
3137 4206 3323 4261 lavatis
3343 4226 3355 4261 :
3379 4209 3480 4264 hoc
3501 4218 3583 4264 est
3605 4209 3752 4263 enim

2156 4292 2360 4358 omnia,
2391 4301 2447 4349 et
2484 4293 2737 4349 interiora
2782 4296 2986 4351 scilicet
3014 4305 3067 4351 et
3105 4298 3407 4363 exteriora;
3453 4300 3588 4354 sicut
3616 4299 3749 4354 alibi

2156 4383 2368 4453 legitur,
2392 4382 2637 4438 Mundate
2649 4400 2764 4453 qum
2784 4385 2919 4438 intus
2934 4394 3068 4451 sunt,
3088 4396 3132 4440 et
3153 4403 3266 4458 quw
3281 4389 3406 4458 foris
3421 4398 3540 4443 sunt
3561 4390 3754 4443 munda

2153 4483 2302 4529 erunt
2320 4474 2534 4547 (Matth.
2552 4490 2700 4542 χχιιι,
2718 4472 2831 4546 26).
2851 4474 2955 4531 Sed
2976 4492 3043 4531 ne
3063 4477 3194 4532 istas
3220 4478 3612 4551 eleemosyuas,
3629 4497 3755 4551 quas

2156 4564 2290 4621 ﬁunt
2308 4564 2374 4620 de
2394 4564 2651 4619 fructibus
2672 4574 2847 4631 terrae,
2874 4567 3146 4636 respuisse
3167 4568 3473 4625 videretur:
3499 4570 3646 4637 Hac,
3668 4573 3755 4626 in-
3807 4642 3811 4646 ἢ

2154 4658 2287 4727 quit,
2307 4656 2523 4727 oportuit
2539 4660 2726 4727 facere,
2744 4656 2797 4711 id
2818 4667 2920 4724 est,
2936 4657 3193 4727 judicium
3211 4668 3264 4714 et
3284 4657 3601 4715 charitatem
3627 4661 3748 4725 Dei;

2153 4755 2199 4801 et
2223 4746 2315 4800 illa
2342 4762 2442 4800 non
2468 4746 2697 4801 omittere
2720 4746 2874 4817 (Luc.
2906 4764 2984 4816 xl,
3016 4749 3128 4820 42),
3159 4748 3210 4805 id
3238 4758 3340 4817 est,
3370 4749 3746 4822 eleemosynas

2154 4837 2419 4894 fructuum
2442 4847 2797 4894 terrenorum.

2221 4928 2447 4986 CAPUT
2477 4930 2737 4985 LXXVII.
2758 4962 2828 4973 —-
2849 4930 3103 5001 Iniquitas
3127 4934 3431 4999 deserenda,
3465 4944 3517 4988 ut
3548 4938 3746 5004 prosint

2151 5020 2496 5091 eleemosynte.
2525 5020 2641 5075 Non
2668 5034 2797 5091 ergo
2824 5037 2884 5076 se
2909 5020 3112 5087 fallant,
3136 5024 3225 5093 qui
3254 5039 3348 5093 per
3372 5025 3749 5097 eleemosynas

2150 5112 2413 5181 quaslibet
2443 5112 2767 5180 largissimas
2793 5112 3057 5168 fructuum
3084 5128 3305 5170 suorum
3329 5115 3413 5171 vel
3443 5115 3753 5187 cujuscum-

2150 5218 2257 5272 que
2287 5202 2545 5273 pecunia»,
2573 5203 2938 5271 impunitatem
2964 5219 3023 5260 se
3046 5220 3228 5261 emere
3253 5206 3560 5263 existimant
3590 5209 3643 5264 in
3668 5210 3747 5264 fa-

2214 5315 2229 5379 ξ
2265 5314 2340 5363 sic
2358 5320 2467 5364 Mss.
2491 5313 2610 5364 Editi
2634 5328 2772 5379 vero,
2797 5316 2880 5379 qni
2896 5322 3072 5379 autem.

2212 5376 2233 5440 ξ
2265 5382 2386 5440 Tres
2405 5383 2532 5432 Mss.,
2551 5388 2635 5440 nos
2648 5375 2785 5440 ipsos
2806 5375 2977 5429 merito
2998 5379 3213 5431 miseros.

2213 5438 2234 5503 ξ
2266 5437 2403 5497 Editi,
2427 5445 2473 5487 et
2499 5436 2587 5486 Del
2610 5436 2908 5503 charitatem.
2934 5442 3234 5503 t‘astigantur
3252 5456 3314 5493 ex
3341 5449 3448 5493 Mss.

2209 5497 2232 5530 δ
2266 5506 2365 5547 Am.
2390 5505 2465 5547 Er.
2492 5506 2601 5565 Lov.
2627 5508 2753 5563 post,
2776 5501 3022 5565 facientes,
3046 5497 3243 5564 addunt,
3268 5504 3390 5556 sicut
3419 5502 3501 5556 isti
3522 5518 3604 5555 eas
3627 5506 3752 5556 dan-

2147 5557 2242 5670 ldq;
2260 5565 2444 5624 putant.
2466 5557 2756 5613 Verha‘suut
2771 5557 2834 5613 ex
2858 5557 3111 5627 superiore
3134 5557 3291 5628 capite
3316 5566 3441 5615 male
3465 5567 3558 5617 huc
3583 5574 3747 5618 trans-

2165 5635 2192 5670 a
2250 5656 2262 5669 .

2165 5635 2262 5670 ata.

2209 5685 2231 5751 β
2255 5691 2355 5751 A_m.
2372 5688 2445 5732 Er.
2463 5691 2571 5751 Lov.
2587 5691 2639 5735 ct
2656 5687 3060 5751 A_rn.,admonens
3081 5687 3342 5751 quamdam
3354 5686 3705 5751 eleemosynrtiit
3726 5701 3747 5739 :

2146 5758 2197 5853 ιῖι
2223 5745 2341 5855 mira
2508 5748 2627 5855 (inire
2642 5786 2654 5803 ,
2683 5745 2944 5811 habebant,
2966 5753 3011 5800 et
3030 5745 3260 5801 anteriora
3286 5750 3543 5801 mundare.
3557 5745 3748 5800 'Etuen-

2146 5820 2235 5853 ian
2261 5820 2317 5855 ur
2401 5820 2427 5855 c
2451 5821 2512 5857 ex
2579 5823 2645 5857 ss.

2144 5817 2317 5855 dantur
2351 5817 2427 5857 hic
2451 5821 2512 5857 CX
2543 5817 2645 5858 \ISS.
