4046 6332
208 442 225 477 π
273 478 516 530 cinerum
554 466 886 525 immanitate
925 479 988 521 ac
1013 462 1329 535 ﬂagitiorum
1371 460 1603 532 nequitia
1648 474 1858 531 perma-

165 616 169 620 .
275 563 438 622 nendi
462 580 478 618 :
511 576 618 617 non
642 559 817 615 solum
844 557 987 611 enim
1014 556 1128 610 haec
1152 553 1371 621 faciunt,
1398 552 1493 607 sed
1520 553 1588 606 ita
1613 550 1857 622 diligunt,

276 664 333 711 ut
358 653 415 709 in
439 652 522 708 eis
558 664 779 720 semper
802 654 1018 719 optent,
1060 654 1264 700 tantum
1297 644 1342 698 si
1370 643 1576 715 possint
1606 643 1821 711 impune
1845 682 1860 706 ,

277 744 498 803 versari.
523 742 626 811 Qui
640 750 810 797 autem
827 740 993 810 diligit
1009 738 1343 807 iniquitatem,
1362 734 1470 791 odit
1483 735 1707 789 animam
1721 750 1865 788 suam

278 838 447 913 (Psal.
482 853 552 905 ι,
579 836 675 907 6);
705 843 762 890 et
786 833 876 904 qui
916 831 1032 887 odit
1071 831 1302 885 animam
1333 843 1483 884 suam
1502 867 1520 895 ,
1567 840 1672 882 non
1702 833 1784 881 est
1811 826 1863 880 in

277 944 397 988 an
421 927 769 992 misericors,
797 922 893 979 sed
916 921 1151 978 crudelis
1182 936 1197 974 :
1228 918 1498 990 diligendo
1524 932 1642 973 eam
1671 916 1867 987 quippe

277 1018 573 1078 secundum
588 1016 865 1081 mulum,
882 1013 998 1091 odit
1014 1027 1136 1069 eam
1155 1009 1445 1068 secundum
1462 1010 1650 1064 Deum.
1667 1007 1723 1064 Si
1739 1022 1869 1077 ergo

275 1110 439 1166 vellet
452 1108 507 1164 ei
522 1107 651 1163 dare
663 1106 1083 1175 eleemosynam,
1098 1117 1195 1173 per
1208 1116 1369 1172 quam
1386 1101 1463 1157 illi
1476 1108 1659 1158 essent
1672 1097 1867 1154 munda

278 1201 454 1256 omnia
474 1239 491 1265 ,
520 1198 727 1254 odisset
750 1211 872 1253 eam
896 1195 1189 1252 secundum
1215 1193 1468 1248 saeculum
1488 1234 1504 1259 ,
1532 1200 1588 1246 et
1627 1190 1870 1261 diligeret

279 1290 573 1347 secundum
596 1289 787 1344 Deum.
811 1284 981 1342 Nemo
999 1296 1177 1340 autem
1200 1283 1292 1339 dat
1314 1282 1713 1353 eleemosynam
1736 1294 1870 1351 qua-

280 1380 520 1439 lemlibet
539 1421 555 1445 ,
577 1379 684 1434 nisi
717 1378 856 1433 unde
876 1377 969 1432 det
990 1376 1059 1431 ab
1085 1377 1176 1431 illo
1204 1375 1431 1447 accipiat
1454 1374 1545 1445 qui
1573 1388 1680 1429 non
1707 1379 1863 1442 eget:

281 1474 400 1529 ideo
424 1472 629 1527 dictum
656 1479 760 1537 est,
787 1468 1140 1524 Misericordia
1164 1468 1275 1537 ejus
1300 1467 1565 1537 praeveniet
1587 1480 1666 1520 me
1693 1462 1863 1536 (Psal.

281 1579 401 1621 mn
421 1605 438 1629 ,
462 1562 579 1635 11).
873 1566 879 1572 ’

346 1654 581 1711 CAPUT
610 1651 892 1709 LXXVIII.
913 1681 988 1694 —
1004 1651 1095 1705 21.
1120 1648 1335 1705 Peccata
1352 1649 1583 1720 quadam
1605 1655 1741 1714 sunt,
1760 1662 1872 1718 quia

282 1752 503 1803 humano
535 1745 738 1817 judicio
767 1761 867 1798 non
893 1758 1000 1798 esse
1040 1752 1356 1813 putarentur.
1400 1740 1530 1809 Quae
1558 1740 1666 1795 sint
1694 1748 1869 1794 autem

283 1841 451 1907 levia,
476 1854 600 1909 qua:
636 1837 816 1908 gravia
844 1844 1059 1906 peccata
1079 1876 1094 1900 ,
1138 1849 1245 1890 non
1274 1834 1508 1888 humano
1530 1874 1544 1897 ,
1572 1832 1665 1888 sed
1691 1832 1872 1887 divino

282 1941 406 1988 sunt
430 1930 705 2002 pensanda
727 1926 1207 1999 judicio.Videmus
1233 1926 1374 1981 enim
1388 1925 1628 1995 quaedam
1656 1924 1724 1979 ab
1743 1923 1873 1995 ipsis

284 2037 499 2094 quoque
536 2019 812 2090 Apostolis
856 2016 1182 2090 ignoscendo
1212 2014 1374 2072 luisse
1409 2015 1875 2086 concessazquale

284 2112 417 2168 illud
436 2118 520 2166 est
537 2109 681 2182 quod
700 2108 1022 2165 venerabilis
1043 2109 1060 2140 ί
1084 2107 1284 2164 Paulus
1306 2104 1622 2177 conjugibus
1644 2104 1738 2172 ait,
1761 2103 1877 2160 No-

283 2204 377 2258 lite
413 2200 656 2272 fraudare
680 2200 928 2267 inuicem,
958 2199 1056 2254 nisi
1094 2215 1156 2254 ea:
1182 2214 1429 2253 consensu
1467 2199 1536 2251 ad
1560 2206 1790 2267 tempus,
1820 2206 1876 2251 ut

284 2293 475 2348 uectis
495 2290 753 2356 orationi;
793 2298 843 2345 et
866 2290 1049 2344 iterum
1076 2289 1145 2342 ad
1171 2288 1394 2359 idipsum
1429 2297 1585 2343 estote
1604 2289 1625 2319 ²
1644 2328 1661 2355 ,
1689 2302 1752 2342 ne
1788 2302 1876 2342 vos

286 2391 441 2438 tentet
459 2390 665 2437 satanas
684 2390 892 2454 propter
908 2380 1325 2434 incontinentiam
1342 2388 1559 2434 vestram
1581 2392 1601 2432 :
1618 2376 1760 2448 quod
1780 2391 1879 2448 pu-

288 2475 391 2530 tari
421 2483 605 2545 posset
628 2486 735 2527 non
772 2486 895 2528 esse
924 2478 1199 2542 peccatum
1218 2510 1234 2536 ,
1275 2468 1489 2524 misceri
1514 2468 1721 2525 scilicet
1744 2483 1878 2523 cou-

285 2564 395 2636 jugi
425 2579 535 2619 non
563 2562 791 2619 ﬁliorum
820 2559 1276 2633 procreandorum
1303 2574 1485 2626 causa,
1511 2559 1654 2631 quod
1679 2558 1877 2615 bonum

287 2666 373 2712 est
397 2657 636 2728 nuptiale
654 2697 673 2723 ,
704 2655 799 2711 sed
825 2652 1055 2710 carnalis
1087 2653 1250 2709 etiam
1276 2653 1600 2723 voluptatis;
1630 2661 1689 2707 ut
1716 2650 1881 2708 forni-

287 2748 550 2814 eationis,
578 2747 694 2802 sive
717 2745 1000 2812 adulterii,
1028 2745 1143 2801 sive
1176 2744 1490 2815 cujusquam
1528 2743 1753 2800 alterius
1780 2744 1881 2799 im-

290 2838 569 2896 munditite
593 2836 929 2894 mortiferum
955 2836 1154 2891 malum
1175 2877 1191 2903 ,
1238 2835 1383 2907 quod
1410 2844 1566 2907 turpe
1602 2844 1683 2893 est
1718 2837 1880 2893 etiam

290 2930 470 2987 dicere
488 2968 507 2997 ,
531 2944 641 3000 quo
670 2936 846 2999 potest
876 2936 1111 2984 tentante
1135 2935 1320 2984 satana
1340 2927 1507 2985 libido
1531 2928 1839 2999 pertrahere
1860 2968 1879 2999 ,

294 3020 740 3077 incontinentium
757 3018 957 3076 devitet
980 3018 1283 3075 inﬁrmitas.
1307 3019 1498 3075 Posset
1510 3035 1659 3091 ergo,
1677 3030 1734 3076 ut
1748 3020 1882 3089 dixi,

295 3110 398 3168 hoc
433 3111 613 3183 putari
637 3125 744 3167 non
772 3125 894 3168 esse
917 3119 1194 3182 peccatum
1213 3153 1229 3179 ,
1254 3110 1360 3166 nisi
1400 3110 1694 3168 addidisset
1725 3130 1738 3166 :
1771 3111 1884 3167 Hoc

295 3214 461 3259 autem
487 3204 603 3258 dico
625 3204 904 3257 secundum
928 3204 1121 3257 veniam
1141 3242 1159 3270 ,
1184 3218 1288 3257 non
1309 3203 1584 3257 secundum
1618 3203 1885 3274 imperium

296 3293 342 3363 (l
367 3293 487 3348 Cor.
516 3308 615 3359 vn,
642 3295 697 3359 5,
728 3293 808 3364 6).
838 3292 968 3360 Quis
1000 3302 1181 3349 autem
1201 3292 1312 3363 jam
1338 3307 1459 3349 esse
1484 3302 1759 3363 peccatum
1786 3308 1883 3349 ne-

292 3395 417 3457 get,
442 3402 568 3443 cum
608 3385 724 3442 dari
750 3387 958 3442 veniam
984 3385 1298 3442 facientibus
1331 3386 1622 3455 apostolica
1651 3386 1879 3441 auctori-

297 3485 406 3533 tate
422 3519 439 3545 ,
472 3475 705 3534 fateatur
725 3475 787 3529 ’Ἰ
813 3476 941 3531 Tale
964 3475 1213 3547 quiddam
1238 3484 1357 3542 est,
1402 3475 1492 3530 ubi
1518 3474 1647 3530 dicit
1676 3492 1693 3529 :
1722 3475 1888 3530 Audet

292 3570 559 3639 quisquam
581 3576 801 3623 oestrum
821 3568 1059 3622 adversus
1082 3568 1298 3621 alterum
1321 3567 1577 3638 negotium
1597 3566 1787 3622 habens
1796 3568 1889 3638 ju-

294 3661 458 3715 dicari
481 3660 625 3731 apud
638 3660 855 3730 iniquos,
876 3668 920 3713 et
945 3675 1047 3713 non
1070 3658 1211 3729 apud
1226 3658 1457 3713 sanctos?
1474 3658 1540 3713 Et
1554 3658 1713 3729 paulo
1733 3669 1884 3729 post:

292 3753 584 3809 Secutaria
623 3753 780 3823 igitur
812 3751 1014 3821 judicia
1039 3751 1084 3805 si
1109 3750 1382 3805 habueritis
1401 3792 1418 3818 ,
1460 3751 1666 3820 inquit,
1694 3766 1779 3805 eos
1802 3752 1890 3825 qui

290 3845 695 3915 contemptibiles
720 3855 837 3897 sunt
862 3842 917 3896 in
942 3840 1173 3897 Ecclesia
1190 3882 1209 3909 ,
1235 3840 1328 3897 hos
1352 3841 1594 3895 collocate
1612 3840 1655 3893 ‘.
1680 3839 1763 3894 Ad
1805 3857 1891 3896 re-

289 3936 571 3992 uerentiam
590 3934 729 3989 vobis
756 3934 870 3987 dico
892 3948 910 3986 :
931 3932 1003 3986 sic
1028 3946 1130 3985 non
1155 3940 1231 3986 est
1255 3931 1385 3986 inter
1408 3946 1496 3985 vos
1521 3931 1787 4003 quisquam
1808 3947 1895 3985 sa-

288 4030 443 4101 piens
467 4028 556 4099 qui
578 4026 741 4097 possit
765 4025 898 4079 inter
919 4028 1131 4095 fratrem
1152 4039 1300 4079 suum
1314 4020 1553 4093 judicare
1568 4022 1596 4076 i
1622 4022 1712 4076 sed
1736 4024 1894 4093 frater

289 4135 415 4174 cum
434 4122 595 4189 fratre
608 4116 897 4188 judicatur,
925 4123 972 4167 et
994 4113 1090 4166 hoc
1113 4111 1253 4183 apud
1276 4112 1548 4182 infideles!
1571 4111 1703 4167 Nam
1729 4121 1785 4168 et
1806 4112 1893 4167 hic

288 4217 485 4279 posset
510 4206 684 4277 putari
698 4204 960 4276 judicium
987 4203 1184 4259 habere
1210 4201 1469 4258 adversus
1493 4203 1719 4258 alterum
1738 4242 1755 4268 ,
1786 4216 1894 4258 non

288 4316 424 4357 use
456 4308 739 4371 peccatum
760 4339 775 4363 ,
804 4296 901 4353 sed
940 4293 1306 4351 tantummodo
1332 4293 1386 4349 id
1423 4303 1570 4350 extra
1602 4294 1895 4351 Ecclesiam

288 4395 438 4451 velle
471 4392 705 4464 judicari
726 4431 741 4457 ,
772 4390 877 4446 nisi
916 4398 1128 4445 secutus
1156 4388 1470 4459 adjungeret
1500 4404 1515 4441 :
1542 4385 1667 4442 lam
1693 4388 1897 4457 quidem

286 4488 509 4542 omnino
522 4484 761 4538 delictum
784 4491 879 4549 est,
896 4482 1014 4552 quia
1029 4480 1229 4553 judicia
1243 4479 1435 4535 habetis
1448 4479 1699 4534 vobiscum
1717 4476 1761 4551 (Ι
1776 4478 1893 4534 Cor.

286 4595 347 4637 vt
365 4620 386 4648 ,
422 4578 576 4647 1-7).
602 4577 670 4633 Et
691 4591 765 4631 ne
787 4575 1066 4645 quisquam
1096 4572 1201 4628 hoc
1223 4573 1295 4628 ita
1327 4579 1612 4629 excusaret
1629 4611 1644 4638 ,
1672 4581 1730 4626 ut
1750 4570 1898 4626 dice-

349 4758 372 4790 ³
414 4762 550 4820 vos.
571 4748 873 4820 mutabilis.
890 4748 1221 4820 deminutio
1243 4753 1484 4820 μυιειωβ
1505 4747 1741 4820 “limis

348 4819 372 4850 ³
411 4807 546 4881 εἰᾱίιεὶ
559 4850 578 4881 _,
593 4813 670 4881 ad
692 4807 868 4881 ipsum
877 4807 1189 4881 revertimini.
1230 4816 1287 4881 At
1318 4807 1560 4881 plerique.
1580 4807 1903 4881 aemeliores

279 4886 428 4945 Bs.
452 4876 527 4945 ρα
550 4868 765 4945 iam
787 4871 913 4945 (vel.
936 4868 1530 4945 ράβρεεηηληεριρεειξιξηο
1546 4868 1805 4945 laesissem
1821 4883 1903 4945 ss-

278 4942 371 5004 qni
394 4932 541 4989 soles
565 4932 859 4998 Augustinus
873 4936 923 4982 in
940 4932 1146 4996 Epistola
1166 4932 1278 4991 262,
1299 4933 1350 4981 in
1371 4938 1603 4980 Sermone
1733 4964 1749 4990 ,
1773 4945 1823 4979 n.
1846 4933 1895 4991 5,

279 5004 331 5054 in
358 5000 459 5050 lib.
495 5000 535 5050 5
570 5002 1037 5066 mntra__Fanstum‘,
1060 5006 1171 5066 mp.
1191 4993 1256 5066 9.;
1281 4992 1555 5066 eademque
1577 4990 1734 5064 lectio
1776 4994 1900 5066 apud

278 5066 585 5125 erigentem
595 5057 809 5107 adhibita
830 5057 922 5125 fuit
939 5053 1205 5125 inbecillis
1226 5056 1277 5103 in
1297 5053 1774 5125 numerosyigesima
1799 5053 1901 5125 ter-

280 5126 349 5175 na
364 5113 401 5172 ῖ
416 5122 589 5187 suasi
611 5116 1066 5187 ρνοειιηενοιιιειιας.
1090 5114 1478 5187 tamentam.
1740 5115 1901 5187 mane

278 5175 532 5249 ejusdém
570 5175 862 5249 sententiae,
882 5177 1007 5239 loco,
1029 5175 1448 5239 incontinentiam;
1472 5175 1689 5227 nonnulli
1708 5176 1903 5227 codices

274 5240 946 5306 téruneﬁzmnperqu-
1169 5299 1196 5306 .,
1296 5300 1353 5306 -.
1423 5304 1429 5306 _
1618 5300 1629 5306 .
1769 5297 1800 5306 ..
1861 5277 1896 5306 .~

343 5311 369 5341 ³
406 5297 679 5365 tn'edius;
701 5302 964 5373 apostolica
1278 5300 1601 5373 _fateatur:_At
1617 5300 1668 5373 l_n
1687 5297 1902 5373 melioris

274 5361 1904 5429 mussmwswawmeraaeamunidestabw

275 5422 417 5496 stola
454 5422 589 5480 dari
607 5422 803 5496 veniam
817 5424 1126 5496 ,_seeundum
1156 5422 1441 5496 lllt'tdyaulo
1462 5430 1578 5474 ante
1608 5422 1901 5484 dictttm,'ab

274 5632 379 5669 nec
423 5623 615 5665 textus
648 5609 843 5674 graecus
866 5609 1112 5674 'Apostoli.
1149 5616 1349 5674 Rursum
1379 5609 1901 5674 infraconsentlentes

339 5692 461 5729 tea)
483 5670 696 5725 veterés
711 5673 908 5723 codices
921 5670 1189 5735 sequimur
1202 5706 1229 5735 ,_
1243 5670 1426 5721 relictis
1450 5670 1594 5735 editis
1609 5705 1624 5729 ,
1647 5670 1731 5732 qui
1768 5670 1901 5735 fere-

339 5694 461 5729 (θα)
483 5694 696 5725 veterea
711 5694 908 5723 misces
938 5694 1189 5735 nequuuur
1244 5694 1426 5721 ":1le
1450 5694 1594 5719 υυιυδ
1609 5705 1624 5729 ,
1647 5694 1731 5732 qui
1770 5694 1901 5718 lurc-

272 5694 429 5797 Em,
456 5737 592 5804 inter
611 5736 819 5804 fratrem
830 5742 883 5804 _c_t
906 5735 1106 5798 fratrem
1113 5706 1361 5796 judicare,
1385 5731 1470 5785 sed
1492 5733 1644 5793 frater
1665 5744 1775 5781 cum
1796 5730 1901 5793 fra-

274 5810 354 5854 tre
369 5795 593 5866 judicio
612 5795 876 5847 'cattendit.

1704 347 1902 404 LIBER
1942 346 2136 405 UNUS.

3446 350 3554 412 270

1970 467 2054 514 ret
2072 458 2274 529 justum
2312 471 2372 512 se
2402 456 2599 513 habere
2639 457 2945 528 negotium,
2992 458 3088 516 sed
3132 460 3459 532 iniquitatem
3490 479 3551 521 se

1969 550 2110 619 pati,
2141 564 2298 620 quam
2346 549 2504 604 vellet
2531 563 2560 603 a
2590 562 2650 604 se
2687 549 2927 620 iudicum
2952 551 3214 608 sententia
3246 557 3548 620 removeri;

1965 642 2219 696 continuo
2245 639 2436 695 talibus
2458 640 2865 712 cogitationibus
2894 642 2979 697 vel
3006 643 3438 701 excusationibus
3460 661 3555 703 oc-

1966 733 2162 798 currit,
2196 742 2354 803 atque
2396 732 2470 786 ait
2498 747 2514 785 :
2551 730 2722 797 Quare
2746 748 2847 787 non
2888 734 3051 805 magis
3075 734 3391 803 iniquitatem
3416 741 3554 809 pati-

1967 823 2127 877 mini?
2153 838 2310 893 quare
2334 838 2434 876 non
2459 823 2625 893 potius
2648 823 2996 893 fraudamini?
3017 823 3081 882 Ut
3110 825 3177 880 ad
3208 825 3335 881 illud
3361 827 3553 883 redea-

1973 922 2089 978 tur,
2120 913 2261 983 quod
2288 913 2542 968 Dominus
2570 913 2677 979 ait,
2711 908 2773 969 Si
2796 914 2909 985 quis
2933 914 3143 969 voluerit
3166 916 3387 971 tunicam
3415 926 3555 980 tuam

1972 1006 2145 1060 tollere
2162 1045 2177 1070 ,
2207 1014 2256 1059 et
2274 1004 2474 1076 judicio
2500 1013 2662 1061 tecum
2686 1006 2985 1062 contendere
3003 1048 3018 1074 ,
3051 1007 3246 1062 dimitte
3269 1008 3348 1062 illi
3364 1018 3416 1063 et
3438 1012 3558 1080 pal-

1972 1095 2097 1150 lium
2120 1094 2333 1169 (Matth.
2362 1111 2428 1159 ν.
2460 1095 2587 1167 40);
2612 1106 2667 1153 et
2694 1097 2801 1153 alio
2828 1099 2979 1167 loco,
3008 1097 3108 1165 Qui
3133 1100 3430 1168 abstulerit,
3471 1103 3557 1158 in-

1970 1188 2118 1259 quit,
2149 1196 2268 1253 tua,
2313 1188 2421 1243 noli
2443 1198 2665 1260 repetere
2695 1188 2843 1262 (Luc.
2873 1206 2960 1257 vt,
3001 1192 3115 1262 30).
3148 1192 3427 1250 Prohibuit
3456 1195 3560 1250 ita-

1971 1292 2077 1348 que
2105 1292 2231 1333 suos
2268 1278 2337 1334 de
2375 1279 2721 1336 saecularibus
2750 1281 2911 1337 rebus
2938 1297 3057 1338 cum
3088 1284 3206 1338 aliis
3248 1284 3556 1342 hominibus

1971 1366 2171 1425 habere
2185 1368 2441 1439 judicium
2470 1387 2486 1426 :
2510 1385 2576 1426 ex
2596 1386 2697 1441 qua
2720 1372 2961 1428 doctrina
2985 1375 3271 1443 Apostolus
3290 1376 3419 1432 dicit
3438 1392 3562 1434 esse

1970 1459 2244 1515 delictum.
2271 1460 2471 1517 Tamen
2494 1476 2618 1519 cum
2639 1463 2766 1518 sinit
2788 1464 2841 1518 in
2865 1465 3101 1521 Ecclesia
3131 1467 3256 1522 talia
3279 1468 3476 1538 judicia
3501 1469 3563 1522 ﬁ-

1972 1552 2074 1606 niri
2104 1551 2246 1607 inter
2270 1552 2461 1609 fratres
2486 1552 2740 1610 fratribus
2767 1554 3129 1626 iudicantibus
3146 1599 3161 1625 ,
3188 1567 3340 1614 extra
3367 1560 3559 1615 Eccle-

1973 1643 2108 1696 siam
2129 1657 2257 1698 vero
2284 1643 2595 1701 terribiliter
2613 1653 2787 1711 vetat;
2811 1646 3150 1703 manifestum
3179 1658 3261 1704 est
3284 1650 3444 1705 etiam
3472 1650 3561 1706 hic

1973 1734 2100 1806 quid
2138 1735 2430 1791 secundum
2458 1737 2668 1792 veniam
2705 1738 3030 1795 concedatur
3058 1738 3303 1796 infirmis.
3336 1742 3564 1812 Propter

1977 1827 2092 1883 haec
2119 1836 2279 1898 atque
2305 1828 2609 1899 hujusmodi
2656 1842 2907 1900 peccata,
2939 1842 2994 1887 et
3019 1832 3121 1887 alia
3142 1875 3156 1899 ,
3199 1833 3325 1889 licet
3351 1835 3414 1889 iis
3454 1837 3560 1889 mi-

1976 1930 2107 1971 nora
2128 1956 2144 1982 ,
2172 1932 2290 1987 quae
2332 1916 2466 1973 ﬁunt
2489 1920 2777 1975 verborum
2806 1930 2862 1977 et
2901 1923 3282 1993 cogitationum
3305 1924 3561 1980 ollensio-

1977 2006 2154 2072 nibus,
2186 2008 2429 2077 apostolo
2455 2007 2654 2065 Jacobo
2681 2010 2972 2068 conﬁtente
2993 2027 3057 2069 ac
3084 2013 3317 2081 dicente,
3340 2014 3408 2069 In
3429 2018 3564 2071 mul-

1978 2099 2041 2153 tis
2077 2099 2211 2153 enim
2234 2098 2541 2167 offendimus
2581 2119 2754 2158 omnes
2782 2101 2985 2175 (Jacobi
3013 2122 3069 2163 tu
3089 2148 3107 2177 ,
3134 2107 3227 2181 2);
3268 2118 3479 2179 oportet
3508 2118 3568 2166 ut

1976 2188 2213 2259 quotidie
2236 2190 2530 2262 crebroque
2553 2207 2770 2249 oremus
2793 2196 3099 2268 Dominum,
3120 2210 3278 2272 atque
3301 2201 3563 2269 dicamus,

1978 2280 2190 2336 Dimitte
2230 2281 2371 2338 nobis
2398 2284 2563 2339 debila
2588 2297 2801 2354 nostra;
2826 2302 2929 2345 nec
2954 2290 3007 2343 in
3036 2305 3103 2346 eo
3144 2293 3286 2363 quod
3328 2295 3571 2367 sequitur

1979 2372 2303 2429 mentiamur
2320 2414 2335 2440 ,
2365 2375 2494 2429 sicut
2526 2384 2575 2430 et
2603 2393 2696 2431 nos
2719 2377 3018 2435 dimittimus
3041 2380 3349 2441 debitoribus
3385 2388 3572 2444 nostris

1981 2462 2193 2536 (Matth.
2227 2481 2273 2519 vt
2295 2506 2309 2528 ,
2339 2464 2452 2537 12).

2050 2554 2276 2613 CAPUT
2307 2557 2545 2613 LXXIX.
2579 2589 2652 2601 —
2685 2559 2816 2629 Quas
2843 2560 2969 2618 levia
2994 2564 3242 2634 videntur,
3263 2585 3372 2625 esse
3411 2572 3573 2626 inter-

1982 2644 2106 2701 dum
2149 2649 2466 2717 gravissima.
2498 2650 2634 2706 Sunt
2662 2660 2838 2709 autem
2882 2656 3125 2725 quaedam
3154 2674 3273 2730 qua:
3303 2660 3575 2720 levissima

1983 2748 2329 2810 putarentur,
2375 2742 2473 2797 nisi
2505 2744 2558 2798 in
2587 2742 2877 2816 Scripturis
2916 2747 3417 2808 demonstrarentur
3452 2755 3576 2824 opi-

1984 2829 2145 2885 nione
2167 2832 2432 2901 graviora.
2464 2832 2595 2901 Quis
2633 2834 2776 2890 enim
2803 2836 3070 2894 dicentem
3112 2837 3260 2896 fratri
3290 2857 3427 2912 suo,
3458 2844 3574 2898 Fa-

1986 2929 2089 2987 tue,
2120 2935 2269 2978 reum
2297 2922 2557 2993 gehennae
2585 2912 2816 2995 putaret,
2844 2927 2947 2983 nisi
2974 2928 3183 2985 Veritas
3208 2931 3448 2990 diceret?
3475 2933 3576 2991 Cui

1987 3019 2165 3068 tamen
2194 3013 2400 3069 vulneri
2442 3014 2674 3085 subjecit
2700 3018 2956 3073 continuo
2985 3020 3301 3077 medicinam
3322 3066 3338 3091 ,
3367 3040 3577 3096 prtere-

1988 3112 2135 3174 ptum
2156 3102 2407 3161 fraterna).
2423 3108 2871 3164 reconciliationis
2892 3110 3189 3184 adjungens
3207 3131 3220 3167 :
3240 3130 3361 3169 mox
3380 3117 3579 3189 quippe

1987 3194 2095 3260 ait,
2125 3194 2185 3251 Si
2227 3212 2346 3268 ergo
2376 3195 2530 3263 offers
2550 3197 2568 3230 ⁸
2599 3214 2781 3253 munus
2818 3208 2961 3254 tuum
2984 3203 3053 3255 ad
3089 3204 3284 3273 altare,
3310 3215 3359 3261 et
3382 3207 3453 3262 ibi
3493 3225 3579 3263 re-

1988 3285 2227 3341 cordatus
2269 3288 2427 3359 fueris
2446 3328 2461 3354 ,
2494 3289 2613 3357 quia
2641 3289 2801 3358 frater
2828 3301 2947 3345 tuus
2974 3292 3123 3349 habet
3160 3296 3355 3367 aliquid
3393 3298 3581 3354 aduer-

1988 3394 2100 3432 sum
2112 3387 2179 3446 te,
2193 3387 2297 3436 etc.
2321 3379 2528 3452 (Matth.
2557 3397 2610 3450 ν,
2623 3381 2714 3449 22,
2733 3382 2850 3457 25).
2867 3384 2971 3440 Aut
2982 3388 3100 3457 quis
3112 3389 3401 3447 :estimaret
3419 3407 3581 3465 quam

1991 3485 2240 3541 magnum
2283 3481 2558 3541 peccatum
2588 3473 2690 3541 sit,
2721 3474 2838 3530 dies
2864 3475 3152 3533 observare
3192 3489 3247 3534 et
3276 3495 3491 3538 menses
3519 3496 3576 3540 ct

1992 3577 2163 3620 annos
2188 3572 2245 3621 et
2285 3573 2528 3637 tempora
2546 3606 2564 3635 ,
2594 3567 2732 3623 sicut
2770 3568 3058 3625 observant
3081 3572 3170 3643 qui
3199 3576 3364 3630 certis
3388 3576 3580 3631 diebus

1994 3655 2107 3712 sive
2133 3656 2406 3712 mensibus
2430 3657 2544 3714 sive
2567 3659 2721 3715 annis
2742 3659 2928 3715 volunt
2950 3661 3032 3717 vel
3064 3662 3252 3718 nolunt
3277 3666 3475 3737 aliquid
3498 3668 3582 3723 in-

1993 3748 2210 3817 cboare,
2232 3764 2297 3805 eo
2322 3749 2467 3820 quod
2494 3752 2787 3807 secundum
2815 3766 2983 3809 vanas
3007 3753 3277 3811 doctrinas
3306 3758 3582 3817 hominum

1995 3839 2163 3895 fausta
2181 3840 2264 3897 vel
2287 3840 2512 3896 infausta
2543 3842 2852 3899 existiment
2875 3852 3137 3915 tempora;
3158 3847 3259 3903 nisi
3281 3848 3439 3921 liujus
3455 3854 3582 3907 mali

1997 3934 2419 4005 magnitudinem
2461 3950 2527 3990 ex
2558 3935 2751 3991 timore
2789 3937 3033 4007 Apostoli
3079 3952 3461 4009 pensaremus,
3494 3946 3584 4014 qui

1998 4024 2193 4081 talibus
2216 4027 2291 4080 ait
2308 4066 2323 4091 ,
2358 4024 2532 4080 Timeo
2559 4041 2647 4081 vos
2665 4067 2680 4091 ,
2706 4042 2771 4081 ne
2791 4030 2922 4101 forte
2942 4027 3053 4083 sine
3071 4044 3227 4086 causa
3251 4030 3584 4089 laboraverim

1995 4117 2051 4173 in
2074 4119 2213 4173 vobis
2240 4116 2434 4188 (Colat.
2466 4134 2554 4187 tv,
2587 4119 2721 4190 li)?

2070 4210 2298 4268 CAPUT
2326 4211 2540 4267 LXXX.
2564 4241 2635 4253 -—
2655 4210 2873 4267 Peccata
2900 4214 3153 4271 horrenda
3170 4260 3186 4285 ,
3216 4233 3314 4273 usu
3354 4218 3588 4275 videntur

2001 4304 2150 4358 levia.
2179 4303 2293 4358 lluc
2322 4303 2527 4358 accedit
2545 4305 2566 4336 ¹
2594 4303 2736 4374 quod
2764 4314 2978 4374 peccata
2998 4348 3014 4373 ,
3044 4310 3287 4378 quamvis
3313 4324 3503 4381 magna
3531 4321 3588 4367 et

2002 4393 2290 4460 horrenda,
2320 4408 2442 4448 cum
2471 4393 2525 4449 in
2552 4394 2991 4451 consuetudinem
3019 4399 3282 4465 venerint,
3309 4408 3399 4455 aut
3426 4416 3587 4471 parva

2001 4493 2094 4541 aut
2136 4483 2276 4539 nulla
2302 4498 2428 4540 esse
2462 4483 2787 4552 creduntur;
2819 4500 2989 4557 usque
3012 4487 3148 4543 adeo
3179 4499 3234 4545 ut
3279 4506 3383 4546 non
3412 4494 3587 4549 solum

2004 4592 2110 4631 non
2155 4576 2504 4643 occultanda,
2535 4591 2721 4632 verum
2764 4578 2924 4634 etiam
2954 4581 3291 4649 prtedicanda
3329 4600 3393 4640 ac
3430 4586 3590 4641 ditia-

2005 4666 2197 4721 manda
2220 4666 2532 4731 videantur,
2565 4666 2811 4737 quando,
2851 4669 2989 4725 sicut
3015 4674 3270 4743 scriptum
3297 4682 3381 4729 est
3400 4716 3415 4740 ,
3445 4675 3589 4730 Lau-

2005 4758 2159 4812 datur
2201 4765 2434 4828 peccator
2456 4758 2510 4811 in
2537 4757 2803 4814 desideriis
2826 4762 3009 4816 animat
3046 4778 3189 4832 suas,
3219 4775 3268 4820 et
3307 4766 3394 4836 qui
3415 4766 3591 4835 iniqua

2006 4852 2131 4920 gerit
2158 4848 2467 4904 benedicitur
2490 4847 2664 4920 (Psal.
2695 4865 2772 4917 ix,
2796 4849 2911 4923 24).
2941 4852 3089 4910 Talis
3114 4854 3166 4909 in
3199 4854 3391 4910 divinis
3416 4856 3593 4911 Libris

2009 4940 2258 5009 iniquitas
2274 4940 2477 4994 clamor
2491 4946 2732 4996 vocatur.
2758 4938 2908 4997 Sicut
2924 4942 3090 4999 habes
3114 4944 3254 5014 apud
3273 4944 3458 4999 Isaiam
3478 4962 3596 5013 pro-

2010 5035 2221 5100 plu-tam
2251 5028 2321 5085 de
2348 5030 2502 5085 vinea
2543 5030 2683 5086 mala
2711 5045 2728 5083 :
2761 5030 3063 5104 Exspectavi
3079 5073 3095 5101 ,
3136 5033 3339 5103 inquit,
3369 5043 3425 5087 ut
3451 5036 3595 5107 face-

2006 5130 2081 5175 ret
2096 5120 2370 5191 judicium,
2393 5119 2509 5191 fecit
2532 5128 2699 5175 autem
2716 5121 3029 5192 iniquitatem
3051 5122 3103 5190 ³,
3129 5132 3175 5176 et
3200 5138 3300 5175 non
3317 5124 3593 5193 justitiam,

2006 5210 2096 5265 sed
2118 5210 2390 5265 clamorem
2415 5209 2569 5281 (lsai.
2588 5225 2643 5278 v,
2661 5208 2739 5284 7).
2764 5210 2912 5267 Unde
2933 5219 3094 5267 estet
3118 5210 3251 5267 illud
3274 5213 3329 5267 in
3354 5214 3551 5272 Genesi
3575 5236 3592 5274 :

2010 5299 2214 5356 Clamor
2237 5299 2578 5357 Sodomorum
2598 5310 2646 5356 et
2666 5299 3112 5357 Gomorrharorum
3133 5303 3502 5375 multiplicatus
3520 5319 3597 5365 est

2009 5392 2161 5465 (Gen.
2190 5404 2349 5460 xvtu,
2394 5392 2511 5466 20).
2539 5392 2673 5461 Quia
2716 5406 2824 5446 non
2847 5390 3019 5446 solum
3042 5391 3157 5463 jam
3182 5395 3329 5465 apud
3348 5412 3444 5454 eos
3487 5415 3593 5453 non

2010 5485 2366 5556 puniebantur
2393 5485 2483 5541 illa
2513 5484 2709 5555 ﬂagitia
2728 5523 2744 5549 ,
2776 5497 2959 5538 verum
2991 5485 3153 5541 etiam
3182 5488 3395 5559 publice
3433 5491 3596 5547 veluti

2008 5578 2125 5650 lege
2145 5577 2634 5648 frequentabantur.
2654 5574 2745 5630 Sic
2762 5574 2961 5631 nostris
2981 5580 3312 5653 temporibus
3331 5584 3401 5638 ita
3425 5583 3594 5641 multa

2076 5673 2094 5737 ξ
2128 5674 2177 5718 In
2199 5675 2329 5729 uss,
2364 5666 2555 5737 offeres.
2592 5670 2876 5737 meast,
2907 5667 3215 5737 prospheres.

2075 5733 2096 5762 ’
2129 5738 2235 5779 Lov.
2262 5725 2324 5778 et’
2350 5725 2459 5777 Ain.
2484 5726 2596 5776 hinc
2618 5725 2797 5778 accidit
2816 5739 2835 5777 :
2856 5725 3185 5784 minus'bene.

2079 5794 2099 5824 ³
2135 5801 2335 5843 Veteres
2352 5799 2455 5842 Mss.
2475 5790 2589 5852 duo,
2610 5786 2721 5852 fecit
2743 5794 2900 5841 autem
2916 5790 3124 5855 facinus.
