4046 6332
423 354 439 441 ’γ
476 372 568 426 21:

438 514 439 517 η
472 483 609 538 mala
631 522 648 549 ,
679 482 779 537 etsi
810 496 914 537 non
946 482 1066 537 talia
1088 522 1103 547 ,
1132 482 1187 537 in
1210 490 1446 551 apertam
1473 478 1913 536 consuetudinem
1944 477 2050 549 iam

470 581 769 638 venerunt,
802 581 860 627 ut
886 586 982 643 pro
1011 572 1095 627 bis
1124 587 1230 629 non
1260 571 1432 627 solum
1463 569 1930 625 exeommunicare
1952 568 2053 623 ali-

467 680 629 737 quem
672 664 867 721 laicum
900 678 1006 719 non
1049 664 1378 730 audeamus,
1407 661 1503 718 sed
1534 676 1634 718 nec
1675 661 1933 718 clericum
1960 659 2054 714 dc-

467 754 713 828 gradare.
730 754 885 811 Unde
905 769 1027 810 cum
1049 768 1373 825 exponerem
1388 763 1513 807 ante
1528 752 1724 824 aliquot
1753 764 1921 806 annos
1936 750 2055 820 Epi-

467 846 660 902 stolam
688 844 755 899 ad
781 844 1020 911 Galatas,
1052 845 1106 899 in
1134 858 1201 899 eo
1226 844 1343 913 ipso
1378 843 1497 899 loco
1525 842 1613 897 ubi
1638 843 1715 896 ait
1738 840 2049 913 Apostolus,

470 936 643 994 Timeo
665 952 751 992 vos
775 952 838 990 ne
862 933 994 1005 forte
1018 934 1129 990 sine
1150 950 1305 988 causa
1332 934 1663 987 laboraverim
1692 933 1744 986 in
1767 932 1905 986 vobis
1917 946 1939 996 ;
1959 946 2053 986 ex-

466 1030 699 1087 clamare
737 1027 1046 1097 compulsus
1073 1041 1193 1082 sum
1224 1042 1240 1080 :
1277 1043 1298 1079 t
1332 1025 1421 1080 Va:
1464 1025 1693 1095 peccatis
1735 1023 2010 1078 hominum
2034 1064 2048 1089 ,

465 1135 584 1190 qua:
609 1117 723 1174 sola
758 1118 1005 1173 inusitata
1030 1115 1459 1171 exhorrescimus
1491 1131 1504 1168 :
1539 1115 1730 1169 usitata
1762 1128 1889 1169 vero
1909 1154 1922 1177 ,
1958 1129 2054 1182 pro

464 1210 659 1280 quibus
686 1207 965 1265 abluendis
993 1206 1117 1262 Filii
1143 1207 1239 1263 Dei
1269 1205 1484 1278 sanguis
1509 1204 1709 1260 effusus
1735 1213 1837 1272 est,
1865 1219 2052 1275 quam-

467 1301 550 1355 vis
581 1309 689 1353 tam
729 1312 921 1369 magna
946 1297 1089 1364 sint,
1116 1305 1173 1352 ut
1196 1297 1418 1352 omnino
1441 1295 1618 1351 claudi
1659 1303 1846 1349 contra
1877 1308 1937 1350 se
1970 1293 2053 1348 fa-

464 1392 608 1446 ciant
650 1405 873 1462 regnum
920 1390 1019 1447 Dei
1041 1390 1095 1458 ¹,
1126 1404 1272 1460 smpe
1299 1387 1529 1445 videndo
1558 1388 1737 1444 omnia
1782 1388 2009 1443 tolerare
2032 1428 2047 1454 ,

467 1498 610 1554 saepe
638 1482 914 1539 tolerando
935 1482 1188 1538 nonnulla
1214 1481 1375 1538 etiam
1403 1481 1583 1537 facere
1609 1481 1873 1552 cogimur!
1893 1488 2053 1549 atque

466 1575 691 1640 utinam,
724 1588 756 1630 ο
785 1573 1029 1640 Domine,
1049 1587 1156 1639 non
1185 1573 1365 1627 omnia
1397 1587 1517 1641 quae
1542 1586 1648 1626 non
1679 1571 2010 1640 potuerimus
2030 1572 2051 1602 ¹

466 1665 753 1736 prohibere
772 1705 786 1731 ,
831 1664 1086 1720 faciamus
1109 1682 1127 1715 ι
1152 1662 1370 1733 (Expos.
1390 1661 1559 1731 Epist.
1580 1662 1646 1716 ad
1669 1660 1837 1717 Galat.
1859 1677 1909 1715 η.
1934 1660 2048 1730 55)!

466 1756 575 1813 Sed
605 1756 787 1812 videro
816 1765 993 1811 utrum
1028 1770 1116 1810 me
1139 1752 1522 1809 immoderatus
1541 1751 1696 1809 dolor
1724 1752 1933 1807 incaute
1954 1750 2052 1805 ali-

464 1848 593 1920 quid
622 1846 939 1917 compulerit
966 1844 1168 1901 dicere.

532 1937 761 1995 CAPUT
776 1931 1086 1991 LXXXI.—
1096 1934 1187 1991 22.
1208 1933 1411 1990 Peccati
1428 1949 1597 1989 causa:
1615 1934 1749 1998 date,
1769 1934 2053 2004 ignorantia

463 2040 510 2085 st
543 2029 836 2100 inﬁrmitas,
879 2044 1008 2099 quas
1050 2043 1195 2083 nemo
1242 2027 1393 2082 vincit
1430 2026 1529 2081 nisi
1556 2026 1795 2080 divinitus
1821 2025 2049 2097 adjutus.

456 2121 579 2176 .lloc
619 2134 761 2175 nunc
789 2120 987 2186 dicam,
1014 2117 1159 2189 quod
1183 2116 1401 2188 quidem
1446 2125 1503 2171 et
1530 2116 1584 2170 in
1613 2115 1734 2170 aliis
1762 2114 2051 2185 cpusculo-

464 2227 584 2267 rum
609 2225 849 2266 meorum
880 2210 1013 2265 locis
1036 2223 1181 2278 scepe
1209 2208 1320 2278 jam
1351 2207 1484 2263 dixi.
1526 2207 1744 2262 Duabus
1779 2222 1846 2260 ex
1876 2206 2053 2261 causis

450 2316 780 2372 peccamus;
826 2308 919 2355 aut
952 2300 1191 2356 nondum
1216 2298 1447 2356 videndo
1493 2298 1620 2368 quid
1649 2297 1824 2352 facere
1853 2296 2052 2353 debea-

465 2409 605 2460 mus,
652 2400 748 2448 aut
792 2407 900 2447 non
929 2389 1176 2447 faciendo
1202 2390 1344 2462 quod
1371 2389 1570 2445 debere
1610 2389 1730 2443 ﬁeri
1767 2388 1877 2459 jam
1907 2388 2052 2444 vidc-

465 2500 583 2541 mus
633 2498 647 2538 :
694 2499 921 2555 quorum
943 2483 1166 2538 duorum
1195 2481 1324 2536 illud
1371 2481 1685 2552 ignorantiae
1727 2480 1921 2534 malum
1945 2489 2047 2547 est,

452 2578 567 2631 hoc
590 2575 943 2631 inﬁrmitatis.
994 2574 1190 2630 Contra
1230 2588 1349 2644 quae
1396 2572 1612 2644 quidem
1666 2587 1900 2643 pugnare
1953 2586 2052 2627 nos

463 2668 713 2725 convenit
743 2686 755 2722 :
804 2666 901 2724 sed
930 2666 1170 2739 profecto
1199 2666 1483 2734 vincimur,
1530 2667 1633 2721 nisi
1671 2666 1924 2721 divinitus
1951 2665 2049 2720 ad-

444 2759 727 2830 .juvemur,
760 2768 816 2814 ut
842 2772 949 2813 non
972 2757 1145 2815 solum
1165 2757 1444 2814 videamus
1468 2756 1596 2829 quid
1624 2756 1923 2812 laciendum
1955 2755 2045 2823 sit,

462 2849 561 2905 sed
604 2849 765 2905 etiam
821 2847 1115 2905 accedente
1159 2846 1429 2927 sanitate’
1484 2846 1773 2902 delectatio
1829 2847 2050 2917 justitizc

452 2944 639 2998 vincat
666 2945 718 2997 in
750 2941 905 2997 nobis
940 2956 1123 2995 earum
1150 2955 1329 2995 rerum
1355 2939 1763 3005 delectationes,
1801 2954 1933 3009 quas
1965 2938 2050 2994 vel

456 3035 663 3092 habere
688 3032 972 3103 cupiendo,
1001 3032 1088 3089 vel
1109 3032 1356 3087 amittere
1384 3030 1697 3097 metuendo,
1723 3030 1955 3085 scientes
1975 3029 2053 3084 vi-

461 3127 756 3196 dentesque
804 3140 1127 3197 peccamus;
1167 3124 1278 3194 jam
1335 3140 1442 3178 non
1493 3124 1667 3179 solum
1719 3132 2049 3194 peccatores,

461 3219 606 3291 quod
645 3233 860 3274 eramus
896 3218 1057 3274 etiam
1084 3230 1222 3271 cum
1264 3230 1359 3286 per
1393 3216 1747 3286 ignorantiam
1791 3215 2050 3285 peccaba-

464 3326 605 3377 mus,
632 3324 819 3365 verum
850 3309 1008 3364 etiam
1049 3306 1182 3378 legis
1209 3306 1664 3377 praevaricatores,
1692 3320 1815 3360 cum
1855 3305 1907 3360 id
1944 3319 2048 3359 non

462 3403 686 3458 facimus
735 3400 876 3473 quod
925 3398 1223 3455 faciendum
1251 3438 1267 3467 ,
1312 3398 1397 3453 vel
1475 3398 1696 3454 facimus
1749 3398 1892 3469 quod
1944 3413 2049 3452 non

463 3496 759 3551 faciendum
786 3508 904 3549 esse
926 3492 1037 3564 jam
1059 3491 1276 3547 scimus.
1299 3490 1637 3561 QuaprOpter
1671 3505 1776 3545 non
1803 3490 1972 3546 solum
2000 3490 2047 3545 si

446 3587 801 3657 .peccnvimus
836 3594 893 3639 ut
927 3585 1189 3655 ignoscat,
1216 3591 1436 3653 propter
1475 3582 1615 3652 quod
1657 3582 1907 3649 dicimus,
1948 3580 2048 3636 Di-

462 3678 601 3731 mitte
628 3677 769 3731 nobis
794 3676 959 3729 debita
988 3682 1181 3739 nostra,
1207 3673 1339 3727 sicut
1366 3681 1415 3729 et
1441 3687 1535 3726 nos
1573 3671 1876 3727 dimittimus
1908 3671 2048 3726 debi-

464 3769 653 3822 toribus
683 3766 900 3831 nostris;
941 3779 1126 3819 verum
1156 3763 1316 3817 etiam
1358 3777 1428 3818 ne
1457 3777 1741 3832 peccemus
1781 3773 1839 3818 ut
1878 3773 2046 3835 regat,

452 3869 680 3935 propter
704 3858 845 3931 quod
874 3857 1127 3921 dicimus,
1168 3854 1250 3910 Ne
1279 3871 1370 3910 nos
1397 3856 1592 3929 inferas
1628 3857 1681 3910 in
1724 3858 2049 3912 tentationem

469 3954 680 4026 (Matth.
716 3970 787 4022 VI,
818 3948 902 4018 12,
929 3947 1063 4022 13);
1094 3946 1187 4006 ille
1214 3946 1482 4021 rogandus
1511 3957 1612 4017 es’t,
1632 3948 1728 4008 eui
1769 3948 1961 4008 dicitur
1993 3950 2047 4012 in

466 4046 698 4112 Psalmo,
731 4044 976 4099 Dominus
1002 4041 1305 4097 illuminatio
1340 4058 1453 4096 mea
1496 4053 1543 4095 et
1571 4042 1710 4098 salus
1734 4060 1845 4098 utea
1874 4043 2045 4117 (Psal.

467 4157 610 4208 xxvi,
647 4139 737 4213 I);
766 4147 823 4195 ut
850 4137 1168 4194 illuminatio
1202 4135 1451 4192 detrahat
1488 4135 1875 4208 ignorantiam,
1905 4140 2048 4197 salus

467 4234 850 4289 inﬁrmitatem.

537 4322 760 4380 CAPUT
799 4319 1057 4376 LXXXII.
1096 4348 1168 4361 -—
1215 4319 1519 4375 Paenitentia
1548 4318 1643 4375 Dei
1681 4321 1887 4375 donum.
1915 4321 2047 4377 Nam

466 4428 523 4475 et
545 4419 656 4489 ipsa
674 4414 1018 4487 poenitentia,
1041 4414 1253 4484 quando
1276 4412 1434 4484 digna
1456 4427 1616 4470 causa
1645 4422 1729 4470 est
1752 4414 2046 4470 secundum

468 4524 671 4566 morem
710 4507 963 4563 Ecclesia:
990 4520 1088 4561 cur
1130 4512 1336 4575 agatur,
1383 4506 1695 4577 plerumque
1742 4507 2050 4563 inlirmitate

469 4619 575 4659 non
605 4600 807 4672 agitur;
844 4599 966 4670 quia
992 4607 1048 4655 et
1070 4597 1243 4669 pudor
1256 4598 1428 4653 timor
1447 4608 1527 4653 est
1557 4600 1894 4670 diSplieendi,
1920 4601 2047 4655 dum

468 4699 588 4769 plus
614 4694 845 4750 delectat
873 4692 1144 4747 hominum
1166 4689 1511 4757 existimatio,
1538 4706 1693 4759 quam
1718 4692 1927 4761 justitia
1946 4708 2048 4761 qua

466 4805 527 4847 se
552 4786 776 4859 quisque
804 4779 1046 4837 humiliat
1067 4781 1395 4850 paenitendo.
1425 4780 1577 4836 Unde
1602 4798 1707 4836 non
1736 4783 1908 4837 solum
1929 4798 2050 4839 cum

467 4883 644 4954 agitur
672 4876 1003 4949 ptenitcntia,
1050 4889 1232 4929 verum
1261 4874 1420 4929 etiam
1449 4882 1507 4929 ut
1529 4884 1735 4945 agatur,
1765 4876 1860 4932 Dei
1887 4878 2050 4935 mise—

469 4974 698 5032 ricordia
722 4969 1021 5027 necessaria
1064 4976 1169 5022 est.
1198 4966 1447 5037 Alioquin
1473 4982 1578 5021 non
1601 4967 1804 5023 diceret
1824 4970 2053 5040 Aposto-

442 5062 552 5123 Ylus
571 5065 638 5120 de
663 5060 979 5134 quibusdam
1006 5075 1021 5114 :
1045 5056 1129 5111 Ne
1153 5060 1283 5130 forte
1307 5056 1389 5113 det
1414 5057 1518 5111 illis
1547 5056 1683 5113 Deus
1710 5062 2051 5129 paenitentiam

468 5156 676 5227 (IITim.
693 5170 751 5222 ιι,
766 5150 959 5223 25).Et
973 5158 1030 5205 ut
1043 5147 1232 5205 Petrus
1246 5161 1427 5202 amare
1441 5144 1613 5214 ﬁeret,
1630 5151 1884 5218 prmmisit
1897 5167 2053 5208 evan-

532 5312 550 5342 ί
588 5306 730 5358 Paulo
744 5304 836 5356 alia
853 5304 999 5367 lectio
1022 5310 1100 5355 est
1112 5300 1660 5367 Expositionisl-‘pistolae
1678 5303 1738 5353 ad
1756 5303 1958 5367 galatas,
1971 5311 2051 5357 ubi

466 5372 696 5435 habetur,
717 5382 768 5435 ρ.
786 5368 876 5417 55:
896 5366 1073 5417 usitata
1099 5361 1212 5435 vero
1244 5378 1330 5429 pro
1353 5361 1524 5435 quibus
1554 5361 1812 5435 abluendis
1830 5361 2054 5435 Filiinei

468 5430 665 5496 sanguis
681 5426 865 5501 eam
886 5436 975 5501 ist,
998 5426 1254 5501 quandibet
1276 5440 1450 5501 magna
1470 5427 1592 5487 sint,
1616 5435 1661 5478 et
1683 5426 1872 5481 omnino
1889 5432 2052 5483 claudi

472 5492 637 5545 conira
657 5492 715 5544 se
730 5492 907 5554 faciant
926 5502 1132 5554 regnum
1155 5492 1261 5554 Dei.
1325 5495 1380 5536 Μ.

540 5558 561 5587 ί
595 5548 749 5613 aditi,
783 5548 1066 5616 poterirnits.
1106 5548 1289 5616 melius
1316 5559 1445 5610 Mss,
1492 5552 1801 5614 potuerimus.
1825 5562 1938 5604 Nam
1982 5558 2051 5606 sic

470 5617 716 5679 Expositio
731 5612 879 5679 citata
893 5612 1114 5679 Epismlze
1132 5612 1192 5663 ad

540 5673 561 5712 ξ
593 5686 723 5727 unus
745 5690 774 5726 e
790 5673 1075 5725 Colhcrtinis
1095 5677 1455 5725 vetustissimus
1476 5673 1651 5735 codex,
1673 5677 1928 5729 accedente
1944 5693 2053 5729 επα-

474 5742 649 5792 vitate:
672 5752 768 5804 non
792 5740 977 5800 inepte.
1000 5738 1159 5804 Aptius
1177 5743 1340 5804 tamen
1366 5746 1470 5785 Mss.
1496 5740 1661 5804 ezeteri
1683 5747 1734 5804 et
1758 5740 1891 5800 editi,
1917 5755 2054 5792 arce-

475 5807 615 5854 dente
631 5799 832 5854 sanitate
858 5795 992 5861 {qua
1009 5795 1188 5848 scilicet
1208 5797 1414 5861 pellatur
1439 5798 1615 5851 malum
1638 5795 1937 5855 inﬁrmitatis.

971 365 1432 434 ENCIIIRIDION,
1472 361 1626 422 SIVE
1668 362 1755 417 DE
1794 360 1974 430 FIDE,
2016 359 2147 418 SPE
2188 360 2274 416 ΕΤ
2312 360 2726 429 CIIARITATE,
2769 361 2826 420 S.
2869 361 3240 420 AUGUSTINI

3638 367 3747 426 272

2163 475 2440 546 gelista,et
2457 476 2531 530 ait
2554 495 2567 530 :
2593 477 2831 548 Resth
2855 494 2969 532 eum
2996 478 3239 533 Dominus
3283 479 3435 549 (Luc.
3470 497 3598 546 xxtt,
3625 483 3743 554 61).

2230 566 2455 623 CAPUT
2493 567 2774 623 LXXXIII.
2816 568 3091 624 Peccatum
3118 572 3172 625 in
3207 571 3461 642 Spiritum
3490 587 3743 633 sanctum.

2160 658 2261 726 Qui
2290 673 2416 714 vero
2460 659 2514 714 in
2558 660 2797 715 Ecclesia
2850 662 3047 716 remitti
3094 672 3312 732 peccata
3358 678 3464 718 non
3493 666 3743 736 credens,

2158 751 2450 806 contemnit
2497 758 2698 805 tantam
2741 752 2911 807 divini
2960 754 3199 810 muneris
3238 756 3560 826 largitatem,
3605 768 3660 813 et
3692 761 3744 813 in

2159 838 2261 894 hac
2283 840 2639 895 obstinatione
2664 841 2857 896 mentis
2874 841 3019 898 diem
3048 842 3249 899 claudit
3272 855 3595 912 extremum,
3619 862 3747 904 reus

2158 938 2240 983 est
2267 929 2359 984 illo
2389 930 2742 986 irremissibili
2782 942 3000 1001 peccato
3027 934 3081 988 in
3109 934 3365 1004 Spiritum
3395 946 3659 1001 sanctum,
3689 938 3743 993 in

2158 1035 2266 1089 quo
2292 1018 2534 1076 Christus
2569 1032 2784 1091 peccata
2811 1023 3050 1079 dimittit.
3092 1025 3168 1080 De
3186 1040 3290 1096 qua
3314 1030 3612 1098 quaestione
3638 1029 3747 1084 dif-

2161 1109 2287 1164 ﬁcili
2311 1110 2364 1163 in
2393 1111 2623 1180 quodam
2665 1125 2880 1183 propter
2904 1113 3007 1169 hoc
3026 1116 3200 1170 solum
3226 1118 3530 1188 conscripto
3565 1120 3746 1175 libello

2158 1202 2611 1268 enueleatissime,
2633 1214 2889 1273 quantum
2918 1207 3089 1275 potui,
3121 1207 3387 1277 disputavi
3413 1208 3513 1281 (a).

2229 1292 2454 1349 CAPUT
2492 1292 2779 1348 LXXXIV.
2815 1324 2884 1334 —
2912 1296 3003 1349 25.
3037 1295 3114 1350 De
3149 1298 3317 1351 carnis
3358 1304 3741 1355 resurrectione.

2157 1381 2274 1438 Jam
2304 1399 2430 1439 vero
2454 1383 2522 1439 de
2550 1386 2941 1442 resurrectione
2974 1388 3175 1450 carnis,
3216 1404 3324 1444 non
3366 1390 3504 1446 sicut
3527 1391 3742 1461 quidam

2159 1475 2486 1542 revixerunt,
2533 1476 2831 1548 iterumque
2859 1488 2983 1532 sunt
3007 1481 3224 1547 mortui,
3255 1479 3349 1535 sed
3387 1481 3441 1535 in
3485 1491 3740 1537 :eternam

2156 1568 2341 1635 vitam,
2386 1568 2525 1623 sicut
2555 1567 2755 1625 Christi
2791 1569 2957 1640 ipsius
3008 1586 3134 1627 caro
3180 1574 3493 1637 resurrexit,
3550 1589 3740 1644 quem-

2156 1657 2443 1714 admodum
2491 1660 2689 1729 possim
2739 1658 2975 1715 breviter
3025 1661 3334 1731 di5putare,
3385 1671 3439 1717 et
3492 1665 3743 1720 omnibus

2156 1750 2537 1820 qumstionibus
2573 1766 2694 1821 qua:
2724 1750 2793 1807 de
2832 1751 2934 1807 hac
2961 1767 3020 1807 re
3061 1754 3261 1808 moveri
3289 1754 3546 1820 assolent,
3579 1756 3743 1810 satis-

2159 1843 2332 1899 facere
2375 1858 2481 1899 non
2521 1845 2751 1899 invenio.
2792 1843 3242 1901 Resurrecturam
3305 1854 3481 1901 tamen
3519 1862 3738 1903 carnem

2156 1936 2393 1991 omnium
2417 1935 2736 2005 quicumque
2760 1933 2871 1989 nati
2896 1944 3021 1991 sunt
3042 1933 3314 1991 hominum
3330 1945 3488 2006 atque
3513 1950 3741 1991 nascen-

2158 2034 2261 2092 tur,
2288 2035 2342 2081 et
2368 2025 2564 2081 mortui
2592 2034 2717 2080 sunt
2738 2033 2901 2097 atque
2928 2026 3243 2096 morientur,
3273 2027 3419 2083 nullo
3451 2026 3613 2083 modo
3632 2027 3739 2083 du-

2150 2118 2328 2173 bitare
2354 2116 2514 2172 debet
2539 2116 2887 2174 christianus.

2225 2206 2451 2265 CAPUT
2488 2206 2751 2263 LXXXV.
2786 2207 3037 2264 —Fettts
3081 2209 3293 2264 abortioi
3342 2226 3410 2265 an
3458 2219 3735 2280 resurgent.

2157 2301 2308 2358 Unde
2336 2302 2508 2371 primo
2536 2301 2773 2357 occurrit
2796 2301 2862 2357 de
2878 2302 3134 2357 abortivis
3160 2302 3354 2358 fetibus
3377 2302 3624 2372 quxestio,
3646 2302 3736 2371 qui

2151 2392 2262 2461 jam
2287 2392 2502 2463 quidem
2531 2393 2640 2447 nati
2671 2401 2798 2448 sunt
2818 2393 2871 2447 in
2900 2393 3067 2448 uteris
3094 2402 3344 2461 matrum,
3378 2392 3472 2447 sed
3502 2391 3733 2447 nondum

2156 2484 2226 2539 ita
2259 2493 2314 2539 ut
2329 2484 2439 2554 jam
2467 2493 2686 2555 possent
2712 2486 2940 2541 renasci.
2971 2484 3027 2542 Si
3051 2486 3193 2541 enim
3215 2496 3611 2541 resnrrcctnros
3641 2499 3737 2540 eos

2154 2576 2484 2642 dixerimus;
2525 2576 2595 2632 de
2620 2577 2683 2633 iis
2710 2577 2801 2647 qui
2834 2577 2944 2647 jam
2984 2576 3195 2631 formati
3219 2586 3367 2642 sunt,
3392 2576 3607 2631 tolerari
3634 2590 3734 2645 po-

2158 2677 2263 2725 test
2287 2678 2573 2738 utcumque
2597 2668 2740 2738 quod
2765 2669 2958 2725 dicitur
2989 2686 3003 2723 :
3036 2667 3294 2723 informes
3325 2682 3452 2723 vero
3480 2666 3701 2722 abortus
3718 2667 3735 2697 ¹

2156 2761 2277 2831 quis
2328 2774 2435 2815 non
2473 2760 2766 2831 proclivius
2796 2761 2969 2830 perire
3013 2760 3316 2825 arbitretur,
3355 2760 3491 2813 sicut
3533 2757 3739 2814 semina

2155 2868 2275 2923 quae
2310 2861 2566 2923 concepta
2599 2868 2705 2907 non
2746 2851 2978 2907 fuerint?
3018 2851 3127 2907 Sed
3156 2852 3278 2923 quis
3304 2866 3499 2921 negare
3521 2850 3735 2917 audeat,

2155 2942 2257 2998 etsi
2300 2941 2570 2998 afﬁrmare
2616 2958 2722 2997 non
2752 2942 2965 3009 audeat,
3015 2941 3066 2996 id
3102 2951 3337 2997 acturam
3386 2940 3735 2999 resurrectio-

2156 3048 2297 3100 nem,
2328 3042 2387 3087 ut
2427 3031 2644 3103 quiquid
2683 3033 2868 3087 format
2905 3031 3077 3088 defuit
3116 3032 3436 3101 impleatur?
3465 3035 3637 3102 Atque
3665 3032 3737 3085 ita

2144 3139 2262 3180 'uon
2283 3123 2425 3181 desit
2481 3123 2771 3193 perfectio,
2820 3139 2940 3193 qua:
2996 3138 3275 3179 accessura
3324 3132 3447 3178 erat
3474 3132 3735 3191 tempore,

2152 3214 2599 3286 quemadmodum
2627 3230 2732 3270 non
2761 3223 2919 3270 erunt
2944 3215 3069 3269 vitia
3099 3231 3217 3285 quae
3240 3222 3577 3269 accesserant
3603 3221 3738 3267 tem-

2156 3323 2286 3379 pore
2320 3326 2333 3363 :
2362 3316 2420 3363 ut
2452 3323 2625 3378 neque
2652 3307 2704 3362 in
2731 3323 2797 3364 eo
2818 3308 2961 3378 quod
2997 3316 3177 3378 aptum
3215 3316 3271 3363 et
3285 3321 3580 3377 congruum
3616 3305 3737 3361 dies

2154 3400 2363 3454 allaturi
2392 3398 2622 3466 fuerant,
2652 3408 2839 3454 natura
2869 3399 3179 3465 fraudetur;
3208 3414 3380 3469 neque
3418 3399 3473 3453 in
3499 3413 3565 3454 eo
3591 3397 3738 3468 quod

2155 3491 2438 3546 adversum
2464 3500 2625 3562 atque
2667 3493 2992 3546 contrarium
3032 3491 3149 3545 dies
3195 3491 3518 3557 attulerant,
3547 3497 3738 3545 natura

2146 3593 2434 3655 turpetur;
2461 3583 2557 3640 sed
2581 3584 2870 3654 integretur
2889 3582 3029 3653 quod
3048 3581 3281 3636 nondum
3311 3590 3428 3636 erat
3445 3583 3735 3653 integrum,

2154 3677 2292 3732 sicut
2319 3676 2698 3732 instaurabitur
2723 3674 2866 3745 quod
2889 3674 3060 3727 fuerat
3088 3673 3327 3727 vitiatum
3350 3672 3452 3743 (ὁ).

2225 3768 2450 3826 CAPUT
2488 3765 2773 3823 LXXXVI.
2823 3795 2894 3806 —
2941 3764 3098 3819 Fetus
3141 3765 3195 3818 in
3250 3772 3390 3818 utero
3413 3764 3618 3835 quando
3657 3767 3738 3819 vi—

2156 3877 2268 3915 vere
2295 3860 2523 3930 incipiat.
2551 3860 2626 3912 Ac
2649 3872 2742 3927 per
2763 3855 2865 3912 hoc
2892 3854 3352 3924 scrupulosissime
3390 3853 3608 3925 quidem
3656 3854 3744 3909 in-

2158 3964 2236 4013 ter
2265 3951 2603 4012 doctissimos
2628 3952 2796 4024 queri
2818 3968 2879 4007 ac
2899 3947 3157 4022 disputari
3182 3955 3371 4022 potest,
3396 3944 3538 4015 quod
3559 3954 3739 4000 utrum

2155 4049 2223 4104 ab
2247 4048 2461 4102 homine
2501 4045 2730 4100 inveniri
2787 4046 2953 4115 possit
3002 4045 3208 4115 ignoro,
3254 4040 3471 4114 quando
3518 4038 3742 4114 incipiat

2144 4141 2318 4195 homo
2341 4139 2393 4193 in
2409 4148 2563 4194 utero
2584 4139 2792 4203 vivere;
2822 4148 2996 4192 utrum
3023 4138 3095 4192 sit
3117 4137 3361 4207 quaedam
3387 4138 3492 4191 vita
3518 4147 3573 4193 et
3598 4139 3618 4169 ²
3639 4152 3740 4193 oc-

2162 4232 2337 4298 culta,
2364 4246 2483 4301 qua:
2532 4229 2768 4285 nondum
2794 4230 3024 4285 motibus
3052 4229 3278 4284 viventis
3310 4227 3738 4299 appareat.Nam

2144 4334 2349 4393 negare
2368 4321 2564 4376 vixisse
2598 4320 2899 4391 puerperia,
2935 4335 3054 4390 qua:
3082 4328 3363 4390 propterea
3397 4319 3737 4374 membratim

2153 4421 2474 4469 exsecantur
2499 4421 2553 4467 et
2588 4411 2883 4482 ejiciuntun
2910 4426 2975 4467 ex
3022 4412 3190 4465 uteris
3230 4412 3636 4482 prmgnantium,
3669 4427 3741 4467 ne

2146 4514 2352 4561 matres
2397 4518 2611 4573 quoque
2647 4503 2690 4557 si
2728 4510 2935 4557 mortua
2974 4502 3045 4556 ibi
3080 4502 3450 4572 relinquantur
3471 4501 3737 4567 occidant,

2156 4595 2478 4667 impudentia
2536 4593 2698 4648 nimia
2749 4592 2979 4648 videtur.
3040 4593 3118 4647 Ex
3159 4608 3268 4663 quo
3325 4604 3502 4647 autem
3549 4591 3734 4662 incipit

2158 4689 2317 4743 homo
2354 4685 2552 4751 vivere,
2592 4700 2657 4740 cx
2686 4684 2778 4739 illo
2806 4685 2984 4754 utique
3032 4683 3137 4755 jam
3183 4683 3317 4738 mori
3364 4690 3559 4753 potest.
3600 4681 3741 4737 Mor-

2158 4789 2278 4834 tuus
2308 4792 2459 4846 vero,
2488 4777 2808 4847 ubicumque
2836 4777 2910 4831 illi
2937 4791 3082 4830 mors
3112 4776 3282 4845 potuit
3321 4774 3567 4839 evenire,
3598 4788 3737 4843 quo-

2157 4871 2319 4928 modo
2358 4870 2427 4926 ad
2452 4869 2899 4925 resurrectionem
2931 4882 3036 4922 non
3079 4867 3346 4936 pertineat
3381 4875 3737 4932 mortuorum,

2150 4963 2392 5033 reperire
2423 4975 2525 5014 non
2554 4973 2792 5028 possum.

2228 5051 2453 5108 CAPUT
2498 5047 2805 5104 LXXXVII.
2858 5077 2928 5087 —
2980 5046 3258 5101 lllonstrosi
3309 5049 3441 5119 {etus
3487 5047 3742 5114 quomodo

2157 5140 2505 5199 resurrecturi.
2527 5140 2712 5209 Neque
2739 5138 2881 5193 enim
2909 5147 2964 5193 et
3010 5147 3250 5192 monstra
3290 5153 3409 5208 qua:
3448 5146 3744 5193 nascuntur

2158 5243 2212 5289 et
2243 5233 2454 5298 vivunt,
2502 5228 2795 5301 quamlibet
2844 5228 2951 5283 cito
2989 5229 3319 5293 moriantur,
3363 5237 3455 5285 aut
3495 5243 3742 5284 resurre-

2150 5335 2307 5381 ctura
2336 5323 2690 5393 nqabuntur,
2743 5330 2835 5375 aut
2882 5321 2953 5375 ita
3003 5321 3023 5353 ³
3056 5332 3426 5377 resurrectura
3470 5319 3741 5377 credenda

2220 5438 2237 5469 ι
2271 5442 2451 5484 Decem
2468 5441 2594 5493 Mss,
2617 5431 2869 5483 abortivos.

2219 5500 2239 5529 ²
2276 5506 2373 5545 Am.
2399 5504 2474 5544 Er.
2492 5501 2611 5545 Dan.
2637 5504 2749 5544 Arn.
2777 5503 2829 5544 et
2853 5496 2989 5557 pauci
3014 5503 3116 5545 Mss.
3144 5498 3376 5554 omitunt,
3401 5501 3465 5545 ct.

2220 5561 2240 5592 ³
2272 5561 2355 5609 Hic
2392 5565 2493 5607 Am.
2533 5563 2607 5607 Er.
2644 5564 2696 5607 et
2712 5564 2827 5606 Dan.
2860 5558 3066 5618 addunt,
3095 5557 3289 5617 vitiata,
3327 5570 3437 5621 qua:
3471 5568 3565 5607 vox
3602 5557 3755 5606 abest.

2153 5635 2184 5671 a
2206 5629 2312 5671 MSS.
3211 5653 3214 5656 .

2218 5684 2289 5746 (a)
2314 5690 2409 5732 Non
2432 5682 2544 5746 alio,
2569 5680 2827 5746 credimus,
2852 5678 3037 5746 libello,
3056 5681 3147 5731 nisi
3163 5688 3394 5731 sermone
3411 5693 3539 5731 nunc
3560 5680 3612 5729 7I
3625 5715 3640 5741 ,
3659 5692 3751 5743 qui,

2156 5741 2352 5796 olimde
2376 5745 2542 5794 Verbis
2564 5744 2745 5792 Domini
2760 5741 2850 5791 fuit
2868 5743 2943 5790 ll.
3677 5741 3689 5743 -
3742 5741 3747 5753 ε

2219 5810 2290 5871 (ο)
2316 5807 2414 5855 \‘id.
2444 5808 2524 5856 lib.
2552 5805 2611 5855 22
2629 5805 2694 5855 de
2716 5806 2913 5855 civitate
2947 5806 3050 5866 Dei,
3083 5817 3219 5869 capp.
3248 5803 3321 5868 12,
3352 5804 3425 5854 15.
