4046 6332
292 345 391 402 273

245 450 251 462 ’
290 472 431 528 sunt,
476 473 541 516 ac
568 471 679 515 non
718 456 909 531 potius
934 459 1184 531 _c0rre_cla
1231 448 1619 531 emendataquc
1659 454 1869 531 natura.

289 524 441 593 Absit
464 534 607 588 enim
635 538 697 585 ut
721 524 876 583 illum
897 525 1267 587 bimembrem,
1288 524 1381 591 qui
1415 533 1586 588 nuper
1611 526 1767 571 natus
1792 524 1875 570 est

289 629 343 682 in
371 624 614 689 Oriente,
640 620 708 676 de
728 633 835 690 quo
877 625 931 673 et
976 615 1167 671 fratres
1216 610 1514 668 ﬁdelissimi
1557 606 1701 678 quod
1745 620 1869 661 eum

290 714 519 772 viderint
551 711 877 777 retulerunt,
904 718 960 764 ct
987 718 1186 763 saneue
1223 704 1495 761 memoriae
1517 702 1873 771 Hieronymus

290 808 575 879 presbyter
620 804 881 876 scriptum
920 801 1134 872 reliquit
1165 798 1241 872 (a)
1285 815 1299 852 :
1342 796 1502 861 absit,
1536 797 1774 865 inquam,
1817 799 1875 846 ut

291 915 453 955 unum
491 897 768 953 hominem
789 894 1076 965 duplicem,
1099 908 1164 947 ac
1202 906 1308 946 non
1335 890 1511 961 potius
1534 888 1693 952 duos,
1726 884 1874 957 quod

290 990 525 1044 futurum
553 985 749 1051 fuerat,
781 985 827 1040 si
848 983 1049 1055 gemini
1084 989 1451 1047 nascerentur,
1475 988 1875 1034 resurrecturos

291 1083 682 1138 existimemus.
713 1080 789 1135 Ita
836 1086 1028 1134 caetera
1078 1091 1197 1147 quae
1236 1072 1432 1144 singuli
1466 1072 1660 1143 quique
1694 1078 1876 1140 partus

290 1173 376 1229 vel
415 1172 647 1244 amplius
670 1170 757 1225 vel
800 1170 977 1225 minus
1002 1166 1206 1235 aliquid
1240 1163 1507 1229 habendo,
1538 1162 1625 1217 vel
1647 1160 1874 1232 quadam

290 1266 453 1324 nimia
488 1263 829 1321 deformitate
851 1270 1091 1317 monstra
1111 1258 1380 1322 dicuntur,
1405 1254 1470 1310 ad
1502 1254 1746 1308 humante
1776 1266 1875 1306 na-

289 1371 423 1415 tura:
453 1358 676 1429 figuram
699 1352 1097 1410 resurrectione
1118 1349 1545 1410 revocabuntur;
1571 1346 1641 1401 ita
1680 1354 1741 1399 ut
1766 1344 1877 1399 sin-

288 1451 424 1521 gula:
444 1450 643 1504 animae
662 1445 869 1517 singula
891 1458 986 1500 sua
1006 1456 1234 1512 corpora
1254 1440 1551 1507 obtineant,
1588 1438 1746 1493 nullis
1780 1450 1875 1491 co-

292 1540 620 1596 hterentibus
659 1538 821 1594 etiam
858 1549 1208 1607 quzccumque
1247 1533 1570 1589 cohrerentia
1612 1540 1732 1586 nata
1761 1529 1877 1586 fue-

290 1639 446 1697 rant;
471 1630 571 1685 sed
591 1642 840 1684 seorsum
864 1626 967 1682 sibi
989 1625 1211 1696 singulis
1232 1638 1329 1680 sua
1355 1623 1592 1680 membra
1620 1621 1879 1692 gestanti-

290 1723 406 1787 bus,
436 1720 634 1791 quibus
660 1719 877 1775 humani
906 1719 1149 1788 corporis
1175 1716 1475 1787 completur
1502 1715 1796 1786 integritas.

356 1811 589 1869 CAPUT
626 1808 958 1866 LXXXVIII.
989 1839 1063 1852 —
1083 1807 1402 1863 Instauratio
1439 1807 1606 1862 carnis
1635 1822 1879 1878 quocum-

291 1920 385 1970 que
408 1902 566 1957 modo
591 1903 815 1975 perierit.
844 1901 963 1957 Non
999 1910 1179 1956 autem
1207 1901 1345 1971 perit
1389 1900 1499 1955 Deo
1530 1909 1738 1955 terrena
1767 1913 1879 1953 ma~

294 1995 455 2050 teries
482 1992 552 2048 de
572 2007 676 2063 qua
710 1991 1019 2047 mortalium
1046 1999 1260 2047 creatur
1279 2005 1406 2046 caro
1439 2008 1453 2045 :
1485 1990 1581 2046 sed
1604 1991 1659 2045 in
1694 2005 1881 2060 quem-

294 2083 430 2139 libet
482 2082 759 2153 pulverem
804 2082 1106 2138 cineremve
1167 2082 1444 2149 solvatur,
1505 2082 1560 2135 in
1613 2081 1878 2152 quoslibet

293 2174 497 2229 halitus
537 2187 803 2243 aurasque
827 2171 1089 2243 dilfugiat,
1120 2172 1173 2227 in
1213 2186 1604 2241 quamcumque
1650 2171 1878 2226 aliorum

294 2278 581 2335 corporum
618 2263 973 2319 substantiam
1000 2263 1086 2318 vel
1110 2263 1162 2317 in
1194 2263 1305 2333 ipsa
1334 2263 1599 2319 elementa
1620 2272 1875 2329 vertatur,

293 2356 349 2412 in
374 2369 832 2425 quorumcumque
861 2354 1171 2409 animalium
1212 2354 1375 2409 etiam
1400 2353 1676 2408 hominum
1702 2354 1880 2409 cibum

295 2447 450 2503 cedat
479 2460 806 2516 carnemque
839 2453 1095 2512 mutetur,
1132 2444 1204 2499 illi
1235 2445 1430 2500 animae
1456 2445 1703 2500 humanae
1745 2460 1884 2516 pun-

296 2547 384 2595 cto
429 2537 690 2608 temporis
738 2534 940 2602 redit‘,
988 2551 1108 2607 quae
1132 2535 1277 2590 illam
1303 2535 1569 2605 primitus,
1625 2544 1684 2591 ut
1723 2536 1884 2593 homo

298 2631 472 2697 fieret,
504 2630 727 2693 viveret,
757 2637 1044 2698 cresceret,
1075 2629 1348 2685 animavit.

363 2723 597 2780 CAPUT
634 2723 923 2781 LXXXIX.
956 2754 1027 2765 ——
1051 2724 1330 2796 Super/luo
1371 2726 1625 2797 quomodo
1655 2726 1886 2782 redibunt

298 2822 364 2875 ad
389 2838 598 2893 corpus.
646 2822 763 2895 Ipsa
792 2825 975 2896 itaque
1003 2835 1213 2880 terrena
1259 2825 1531 2893 materies,
1561 2839 1681 2894 qua:
1708 2823 1885 2879 disce-

301 2913 456 2969 dente
484 2915 663 2969 anima
695 2916 754 2970 tit
776 2915 1025 2984 cadaver,
1056 2931 1164 2971 non
1196 2916 1268 2971 ita
1298 2916 1696 2972 resurrectione
1733 2930 1887 2985 repa-

301 3007 520 3073 rabitur,
550 3016 615 3062 ut
642 3022 706 3063 ea
733 3024 853 3079 quae
879 3008 1183 3064 dilabuntur
1216 3017 1270 3065 et
1308 3009 1359 3063 in
1387 3011 1521 3065 alias
1551 3020 1712 3081 atque
1751 3009 1889 3065 alias

301 3097 522 3153 aliarum
547 3112 732 3153 rerum
757 3100 963 3170 species
993 3101 1295 3170 formasque
1318 3109 1620 3166 vertuntur,
1639 3100 1885 3171 quamvis

302 3190 368 3245 ad
391 3205 589 3260 corpus
610 3190 835 3247 redeant
859 3190 1001 3246 unde
1024 3190 1228 3261 dilapsa
1259 3200 1403 3256 sunt,
1437 3191 1503 3245 ad
1526 3190 1743 3247 easdem
1762 3206 1888 3262 quo-

302 3297 405 3352 que
427 3284 675 3355 corporis
704 3290 884 3353 partes
925 3283 1013 3338 ubi
1059 3282 1296 3349 fuerunt,
1342 3283 1519 3339 redire
1545 3297 1766 3339 necesse
1797 3284 1885 3339 sit.

304 3373 551 3444 Alioquin
576 3375 623 3428 si
651 3374 861 3443 capillis
886 3374 1023 3429 redit
1038 3375 1179 3446 quod
1207 3382 1315 3429 tam
1344 3374 1529 3430 crebra
1560 3382 1778 3429 tonsura
1795 3374 1890 3431 de-

304 3468 484 3531 traxit,
510 3467 555 3523 si
584 3466 850 3537 unguibus
873 3467 1017 3538 quod
1044 3468 1203 3523 toties
1227 3467 1459 3538 dempsit
1481 3468 1756 3533 exsectio;
1790 3468 1891 3523 im-

307 3558 583 3613 moderata
612 3567 668 3613 et
698 3556 953 3615 indecens
990 3559 1368 3629 cogitantibus,
1399 3567 1454 3614 et
1492 3558 1617 3615 ideo
1649 3572 1894 3614 resurre-

308 3650 537 3704 ctionem
574 3648 754 3702 carnis
791 3662 898 3703 non
923 3648 1267 3705 credentibus
1301 3650 1536 3705 occurrit
1567 3649 1886 3705 informitas.

306 3738 410 3795 Sed
433 3738 886 3811 quemadmodum
913 3740 960 3795 si
994 3749 1170 3796 statua
1198 3740 1485 3812 cujuslibet
1509 3740 1754 3797 solubilis
1781 3756 1894 3799 me~

308 3830 417 3885 talli
439 3840 534 3886 aut
574 3834 699 3901 igne
722 3830 1063 3902 liquesceret,
1096 3839 1188 3887 aut
1214 3839 1589 3887 contereretur
1631 3833 1684 3888 in
1707 3833 1893 3903 pulve-

307 3938 441 3989 rem,
471 3932 563 3978 aut
590 3922 1010 3980 confunderetur
1039 3924 1092 3978 in
1124 3937 1377 3991 massam,
1408 3932 1463 3979 et
1487 3938 1614 3979 eam
1634 3925 1793 3981 vellet
1816 3940 1894 3980 ar-

312 4016 434 4072 tifex
480 4031 671 4072 rursus
717 4031 783 4072 ex
834 4016 980 4071 illius
1005 4016 1242 4072 materiae
1270 4016 1567 4087 quantitate
1612 4030 1891 4085 reparare;

309 4108 440 4163 nihil
470 4107 762 4164 interesset
797 4106 864 4162 ad
904 4107 1019 4177 ejus
1046 4107 1402 4177 integritatem
1424 4148 1438 4173 ,
1471 4123 1591 4179 qua:
1637 4107 1895 4178 partimin

308 4200 549 4256 materia:
575 4199 661 4255 cui
685 4198 933 4255 membro
970 4199 1526 4265 statumlredderetur,
1555 4199 1682 4255 dum
1715 4210 1894 4256 tamen

307 4298 475 4346 totum
504 4305 572 4347 ex
614 4304 725 4361 quo
752 4288 1249 4357 constitutafuerat,
1287 4292 1529 4347 restituta
1556 4301 1851 4348 resumeret
1878 4309 1893 4347 :

303 4382 379 4437 ita
411 4383 553 4437 Deus
577 4380 898 4438 mirabiliter
917 4390 1077 4452 atque
1099 4382 1435 4438 ineﬁabiliter
1460 4383 1669 4449 artifex,
1695 4383 1763 4439 de
1786 4393 1897 4440 toto

302 4489 415 4544 quo
440 4489 569 4530 caro
616 4481 803 4530 nostra
845 4474 1177 4539 constiterat,
1212 4489 1331 4530 eam
1357 4475 1586 4531 mirabili
1631 4486 1685 4532 et
1711 4477 1896 4533 ineffa-

303 4566 399 4620 bili
424 4566 707 4622 celeritate
736 4565 1019 4631 restituet;
1051 4580 1151 4621 nec
1187 4565 1387 4636 aliquid
1415 4567 1664 4622 attinebit
1690 4568 1754 4623 ad
1782 4568 1897 4639 ejus

300 4654 840 4727 redintegrationetu,
859 4664 1037 4713 utrum
1067 4657 1241 4728 capilli
1267 4657 1334 4713 ad
1361 4659 1583 4729 capillos
1607 4660 1899 4718 redeantet

303 4762 515 4818 ungues
544 4748 613 4802 ad
656 4762 882 4817 ungues,
914 4763 982 4803 an
1012 4748 1265 4821 quidquid
1306 4764 1489 4806 eorum
1528 4751 1760 4821 perierat
1783 4768 1895 4808 mu-

301 4850 450 4897 tetur
494 4843 548 4896 in
578 4856 820 4906 carnem,
852 4849 908 4896 et
950 4841 1003 4896 in
1033 4854 1210 4911 partes
1251 4842 1385 4899 alias
1411 4845 1654 4913 corporis
1681 4860 1900 4902 revoce-

299 4944 417 4996 tur,
442 4941 669 4989 curante
704 4932 927 4989 artificis
973 4933 1303 5005 providentia
1357 4951 1426 4992 ne
1467 4936 1595 5007 quid
1647 4936 1900 4998 indecens

297 5027 401 5080 fiat
431 5025 532 5095 (a).

369 5116 611 5172 CAPUT
650 5115 762 5172 XC.
783 5147 856 5160 —-
888 5116 956 5171 In
982 5125 1177 5176 statura
1223 5128 1270 5174 et
1300 5120 1456 5193 eﬂigie
1503 5122 1729 5193 corporis
1772 5124 1902 5180 nihil

294 5210 397 5262 erit
424 5209 746 5263 indecorum.
776 5207 887 5264 Nec
922 5207 1055 5269 illud
1080 5218 1163 5266 cst
1199 5224 1552 5282 consequens,
1588 5224 1644 5268 ut
1677 5213 1797 5271 ideo
1821 5215 1903 5270 di-

363 5368 384 5397 ¹
411 5370 549 5424 hom,
573 5362 756 5415 reddit.

360 5428 445 5488 (a)
468 5426 821 5497 Hieronymus,
844 5428 906 5497 in_
918 5424 1121 5497 Epistula
1144 5426 1203 5497 ad
1227 5429 1461 5482 vitalem:
1491 5439 1649 5497 «lium
1685 5435 1797 5497 quia
1820 5448 1904 5487 no.—

302 5508 325 5534 ι
350 5498 483 5561 sua,
506 5488 682 5550 inquit,
708 5495 855 5561 aetate
877 5488 1060 5550 duplex
1077 5491 1242 5553 Lyddte
1261 5501 1401 5542 natus
1427 5501 1504 5561 est
1520 5494 1679 5561 homo,
1700 5488 1904 5561 duorum

300 5572 325 5598 ι
348 5557 593 5622 capitum,
610 5558 818 5622 quatuor
831 5561 1084 5622 manuum,
1101 5565 1197 5602 uno
1212 5562 1384 5603 ventre
1404 5564 1455 5622 et
1476 5557 1662 5607 duobus
1681 5560 1903 5622 pedibus,

299 5633 323 5659 ε
349 5624 539 5661 omnes
571 5612 798 5661 homines
828 5613 895 5661 ita
927 5615 1058 5663 nasci
1090 5626 1297 5665 necesse
1325 5618 1437 5667 est?
1460 5635 1480 5661 υ
1523 5612 1708 5670 Cotil'er.
1735 5618 1819 5669 lib.
1848 5612 1906 5671 16

292 5677 363 5723 de
389 5676 603 5722 civitate
626 5677 731 5733 Dei,
756 5686 861 5733 cap.
887 5674 933 5723 8.

362 5696 363 5705 ι
389 5689 603 5722 ιιινιιειο
627 5689 731 5733 uel,
756 5689 812 5723 ca
850 5710 861 5721 .
887 5689 933 5723 δ.

362 5736 448 5797 (b)
487 5737 584 5783 vid.
612 5734 695 5785 lib.
724 5735 786 5784 Ἡ
806 5689 868 5786 (Ie
890 5737 1090 5787 Civitatc
1114 5740 1214 5799 Dei,
1244 5753 1346 5801 cap.
1382 5741 1443 5788 l9,

2464 238 2610 261 ον’-

1706 326 1907 384 LIBER
1948 324 2145 383 UNUS.
3460 327 3565 383 27b

1980 455 2131 496 versa
2176 440 2245 494 sit
2293 448 2496 495 statura
2537 439 2966 496 reviviscentium
3027 441 3381 512 singulorum,
3435 443 3559 513 quia

1982 530 2150 586 fuerat
2176 530 2384 586 diversa
2415 531 2725 597 viventium,
2757 541 2848 586 aut
2876 531 3039 587 macri
3067 546 3187 588 cum
3231 533 3416 589 eadem
3444 549 3561 589 ma-

1980 624 2082 687 cie,
2122 631 2213 676 aut
2242 622 2465 692 pingues
2491 637 2611 676 cum
2652 621 2840 677 eadem
2872 621 3187 693 pinguedine
3224 624 3562 678 reviviscant.

1980 713 2083 769 Sed
2113 714 2155 768 si
2184 714 2287 770 hoc
2305 722 2389 769 est
2414 714 2467 769 in
2492 714 2716 769 consilio
2736 714 3031 779 Creatoris,
3073 723 3131 769 ut
3168 715 3221 767 in
3267 712 3442 783 effigie
3466 730 3561 769 sua

1981 804 2235 876 cujusque
2258 804 2556 877 proprietas
2585 814 2639 860 et
2665 805 3025 861 discernibilis
3055 805 3347 860 similitudo
3372 819 3559 860 serve-

1983 906 2088 962 tur,
2117 896 2167 951 in
2195 897 2403 952 caeteris
2438 907 2615 952 autem
2647 897 2886 968 corporis
2915 897 3105 953 bonis‘
3129 898 3348 968 aequalia
3371 908 3563 954 cuncta

1984 986 2302 1043 reddantur.
2332 988 2401 1042 ita
2434 988 2825 1043 modificabitur
2851 988 2940 1042 illa
2969 988 3022 1043 in
3048 1003 3367 1059 unoquoque
3395 997 3566 1044 mate-

1984 1079 2111 1142 ries,
2147 1086 2204 1134 ut
2247 1095 2346 1135 nec
2371 1080 2571 1151 aliquid
2599 1095 2667 1135 ex
2700 1096 2762 1136 ea
2798 1089 3001 1151 pereat,
3030 1091 3080 1136 et
3110 1081 3250 1152 quod
3278 1081 3434 1137 alicui
3473 1081 3567 1137 de-

1986 1171 2140 1225 fuerit
2169 1171 2259 1226 ille
2302 1171 2566 1242 suppleat,
2612 1172 2701 1242 qui
2731 1172 2891 1227 etiam
2920 1172 2988 1227 de
3027 1171 3194 1227 nihilo
3228 1172 3398 1241 potuit
3424 1172 3565 1242 quod

1983 1259 2151 1315 voluit
2178 1262 2410 1329 operari.
2436 1261 2492 1317 Si
2524 1270 2700 1317 autem
2729 1261 2782 1317 in
2819 1262 3134 1331 corporibus
3174 1263 3563 1334 resurgentium

1983 1352 2312 1408 rationabilis
2340 1353 2671 1423 intequalitas
2696 1353 2818 1421 erit,
2849 1355 2988 1408 sicut
3026 1362 3108 1408 est
3147 1367 3338 1408 vocum
3373 1353 3566 1423 quibus

1982 1452 2170 1499 cantus
2202 1443 2485 1513 impletur;
2516 1443 2618 1498 hoc
2657 1444 2747 1499 flet
2766 1443 2958 1514 cuique
2986 1443 3054 1499 de
3080 1443 3304 1499 materie
3328 1442 3569 1513 corporis

1983 1536 2086 1600 sui,
2116 1534 2259 1606 quod
2283 1544 2337 1590 et
2364 1534 2633 1591 hominem
2673 1533 2902 1591 reddat'
2940 1535 3195 1605 angelicis
3229 1534 3477 1601 ctetibus,
3514 1542 3571 1589 et

1982 1625 2115 1680 nihil
2155 1626 2536 1682 inconveniens
2583 1642 2769 1682 eorum
2810 1627 3020 1698 ingerat
3048 1626 3313 1682 sensibus.
3345 1625 3570 1681 lndeco-

1984 1730 2102 1771 rum
2146 1719 2343 1788 quippe
2382 1716 2579 1787 aliquid
2611 1717 2685 1773 ibi
2714 1733 2820 1773 non
2856 1718 2990 1784 erit;
3022 1716 3115 1773 sed
3140 1718 3393 1788 quidquid
3424 1718 3568 1772 futu-

1986 1823 2102 1863 rum
2133 1818 2235 1877 est,
2264 1808 2368 1865 hoc
2395 1808 2635 1875 decebit;
2668 1809 2789 1880 quia
2837 1823 2935 1865 nec
2979 1808 3212 1865 futurum
3241 1817 3342 1877 est,
3371 1809 3415 1865 si
3462 1825 3568 1864 non

1984 1898 2211 1955 decebit.
2656 1916 2663 1921 ·

2054 1989 2283 2047 CAPUT
2319 1990 2454 2047 XCI.
2481 2021 2552 2035 --
2580 1991 2862 2065 Resurgent
2887 1992 3084 2063 piorum
3135 2006 3347 2061 corpora
3375 2005 3474 2060 quo
3501 1991 3569 2043 ad

1984 2083 2314 2137 substantiam
2347 2084 2535 2151 carnis,
2565 2083 2654 2137 sed
2678 2084 2786 2138 sine
2813 2084 2951 2137 omni
2978 2083 3117 2137 vitio.
3147 2082 3445 2152 Resurgent
3473 2079 3573 2150 igi—

1987 2182 2073 2227 tur
2100 2181 2407 2228 sanctorum
2438 2188 2662 2244 corpora
2698 2174 2814 2229 sine
2857 2174 2967 2229 ullo
2991 2174 3150 2238 vitio,
3187 2172 3304 2228 sine
3337 2171 3443 2226 ulla
3472 2171 3573 2226 de-

1988 2265 2277 2331 formitate,
2323 2266 2461 2321 sicut
2512 2267 2629 2321 sine
2664 2267 2770 2322 ulla
2819 2266 3180 2337 corruptione,
3212 2280 3398 2328 onere,
3427 2264 3573 2319 diffl-

1986 2356 2221 2412 cultate:
2273 2357 2325 2412 in
2378 2357 2572 2427 quibus
2624 2365 2768 2412 tanta
2799 2356 3079 2420 facilitas',
3130 2364 3325 2428 quanta
3355 2355 3577 2411 felicitas

1986 2449 2108 2504 erit.
2139 2449 2363 2519 Pr0pter
2393 2449 2533 2519 quod
2565 2458 2619 2504 et
2642 2448 2934 2521 spiritualia
2962 2447 3102 2503 dicta
3131 2457 3274 2514 sunt,
3308 2462 3426 2502 cum
3452 2460 3576 2518 pro-

1987 2540 2070 2595 cul
2099 2539 2262 2596 dubio
2289 2555 2513 2613 corpora
2543 2542 2647 2597 sint
2679 2541 2875 2609 futura,
2906 2556 3011 2597 non
3039 2541 3274 2611 spiritus.
3309 2539 3412 2597 Sed
3440 2541 3579 2595 sicut

1990 2649 2133 2690 nunc
2175 2649 2372 2706 corpus
2419 2635 2650 2689 animale
2699 2635 2912 2698 dicitur,
2942 2634 3085 2706 quod
3132 2644 3309 2690 tamen
3359 2648 3574 2704 corpus,

1992 2743 2095 2782 non
2127 2726 2301 2781 anima
2330 2736 2447 2792 est;
2492 2727 2562 2781 ita
2592 2734 2718 2781 tunc
2747 2726 3026 2798 spirituale
3069 2741 3263 2797 corpus
3302 2726 3424 2793 erit,
3451 2740 3578 2780 cor-

1993 2832 2091 2887 pus
2123 2825 2324 2885 tamen,
2360 2831 2463 2871 non
2507 2817 2725 2886 spiritus
2754 2818 2876 2873 erit.
2905 2817 3134 2872 Proinde
3158 2823 3412 2887 quantum
3452 2816 3578 2870 atti-

1993 2916 2085 2963 net
2124 2908 2192 2963 ad
2239 2907 2659 2977 corruptionem,
2711 2923 2831 2979 quce
2876 2923 3016 2963 nunc
3057 2917 3307 2979 aggravat
3348 2907 3583 2962 animam

1996 3000 2151 3069 (δαν.
2179 3013 2254 3064 ix,
2289 2996 2401 3070 15),
2434 3006 2488 3053 et
2516 2997 2582 3053 ad
2612 2999 2758 3065 vitia,
2791 2999 2983 3069 quibus
3008 3014 3135 3053 caro
3169 2998 3426 3053 adversus
3466 3002 3579 3068 Spl-

1995 3092 2153 3147 ritum
2197 3091 2527 3161 concupiscit
2572 3089 2769 3161 (Gatat.
2794 3107 2847 3158 ν,
2873 3091 2980 3164 i7),
3022 3101 3146 3146 tunc
3177 3108 3279 3146 non
3304 3086 3585 3157 eritcaro,

1994 3180 2090 3236 sed
2119 3195 2343 3251 corpus;
2373 3181 2496 3250 quia
2547 3190 2602 3236 et
2645 3180 2887 3237 coelestia
2942 3196 3167 3252 corpora
3210 3182 3577 3252 perhibentur.

1996 3273 2224 3343 Propter
2262 3272 2404 3342 quod
2457 3272 2657 3328 dictum
2705 3283 2808 3341 est,
2855 3272 2987 3328 Caro
3036 3285 3081 3328 et
3122 3276 3331 3346 sanguis
3370 3291 3583 3346 regnum

1998 3361 2093 3416 Dei
2134 3378 2235 3416 non
2264 3361 2588 3432 possidebunt
2619 3377 2637 3415 :
2667 3372 2722 3417 et
2751 3373 3002 3432 tanquam
3032 3379 3313 3434 exponens
3342 3366 3468 3435 quid
3498 3366 3585 3422 di-

1997 3453 2154 3521 xerit,
2183 3470 2339 3524 neque
2365 3455 2643 3525 corruptio,
2673 3455 2862 3525 inquit,
2893 3455 3324 3526 incorruptionem
3354 3456 3589 3527 possides

1997 3550 2066 3604 bit
2095 3549 2140 3622 (I
2167 3549 2287 3604 Cor.
2320 3564 2412 3615 xv,
2439 3545 2551 3620 50).
2588 3547 2740 3617 Quod
2770 3549 2915 3617 prius
2945 3547 3096 3615 dixit,
3128 3565 3246 3602 caro
3270 3558 3315 3602 et
3339 3549 3585 3620 sanguis;

1999 3641 2102 3697 hoc
2129 3640 2394 3711 posterius
2413 3639 2565 3706 dixit,
2595 3640 2852 3710 corruptio
2878 3655 2898 3695 :
2926 3648 2982 3696 et
3008 3640 3149 3712 quod
3176 3640 3344 3711 prius,
3371 3656 3587 3710 regnum

2000 3732 2095 3787 Dei
2124 3748 2141 3787 :
2166 3731 2270 3787 hoc
2298 3731 2584 3801 posterius,
2613 3731 3060 3803 incorruptionem.
3110 3730 3375 3799 Quantum
3406 3739 3582 3786 autem

1998 3824 2192 3880 attinet
2232 3823 2298 3878 ad
2324 3822 2695 3890 substantiam,
2729 3823 2889 3877 etiam
2917 3831 3042 3877 tunc
3061 3837 3187 3877 caro
3215 3822 3334 3877 erit.
3359 3821 3589 3892 Propter

2000 3913 2142 3986 quod
2166 3923 2220 3970 et
2249 3923 2369 3984 post
2398 3913 2848 3969 resurrectionem
2877 3928 3070 3983 corpus
3098 3911 3315 3980 Christi,
3346 3928 3474 3968 caro
3497 3930 3586 3984 ap-

2001 4005 2198 4077 pellata
2237 4012 2321 4061 est
2359 4003 2509 4077 (Luc.
2556 4019 2700 4072 xxiv,
2749 4002 2861 4076 '59).
2889 4003 2993 4059 Sed
3023 4004 3145 4059 ideo
3175 4004 3247 4059 ait
3275 4004 3585 4075 Apostolus,

2003 4096 2295 4153 Semmatur
2328 4111 2514 4166 corpus
2551 4096 2802 4161 animale,
2831 4104 3055 4167 resurget
3092 4111 3276 4167 corpus
3325 4096 3593 4168 spirituale

2006 4186 2048 4258 (Ι
2082 4189 2200 4242 Cor.
2231 4200 2321 4253 xv,
2345 4184 2434 4256 Η)
2476 4201 2489 4239 :
2522 4186 2773 4255 quoniam
2808 4194 2951 4240 tanta
2988 4185 3091 4241 erit
3133 4194 3260 4241 tunc
3301 4186 3586 4242 concordia

2002 4281 2182 4334 carnis
2209 4285 2263 4333 et
2288 4277 2529 4347 spiritus,
2552 4276 2853 4331 vivificante
2878 4276 3067 4348 spiritu
3098 4277 3215 4332 sine
3243 4278 3589 4334 sustentaculi

2004 4367 2229 4439 alicujus
2271 4367 2560 4438 indigentia
2590 4367 2855 4422 subditam
2883 4382 3121 4433 carnem,
3166 4376 3223 4422 ut
3263 4368 3395 4423 nihil
3438 4369 3592 4424 nobis

1954 4490 1971 4497 η
2005 4470 2265 4533 repugnet
2293 4476 2360 4516 ex
2386 4460 2577 4526 nobis;
2609 4460 2703 4516 sed
2732 4459 2870 4517 sicut
2894 4459 3026 4517 foris
3054 4463 3345 4530 nemiuem,
3396 4462 3467 4518 ita
3492 4477 3591 4519 nec

2007 4555 2149 4607 intus
2178 4565 2277 4606 nos
2305 4551 2450 4621 ipsos
2478 4550 2744 4621 patiamur
2768 4550 3036 4608 inimicos.

2075 4642 2303 4700 CAPUT
2332 4642 2490 4699 XCII.
2510 4641 2815 4715 -Corpora
2843 4645 3200 4701 damnatorum
3223 4646 3397 4719 qualia
3424 4663 3593 4702 resur-

2006 4748 2140 4809 gent.
2169 4735 2501 4807 Quicumque
2524 4750 2652 4793 vero
2679 4737 2748 4792 ab
2785 4738 2873 4792 illa
2905 4740 3219 4809 perditionis
3246 4754 3439 4807 massa,
3473 4755 3591 4810 quae

2008 4831 2146 4887 facta
2176 4841 2258 4888 est
2292 4845 2388 4901 per
2417 4830 2687 4887 hominem
2720 4831 2980 4901 primum,
3024 4848 3130 4904 non
3166 4834 3459 4891 liberantur
3496 4847 3594 4903 per

2010 4940 2169 4979 unum
2200 4923 2549 4983 Mediaturem
2579 4924 2675 4980 Dei
2709 4934 2763 4981 et
2804 4924 3076 4981 hominum
3100 4968 3116 4994 ,
3152 4935 3431 4998 resurgent
3471 4928 3595 4997 qui-

2008 5015 2130 5071 dem
2171 5016 2329 5071 etiam
2361 5016 2457 5085 ipsi
2497 5017 2856 5087 unusquisque
2883 5033 3003 5073 cum
3033 5032 3129 5073 sua
3172 5032 3334 5072 carne
3356 5058 3373 5085 ,
3413 5018 3509 5075 sed
3537 5028 3598 5075 ut

2008 5123 2129 5164 cum
2169 5108 2382 5163 diabolo
2415 5116 2470 5162 et.
2507 5109 2623 5179 ejus
2662 5110 2863 5179 angelis
2891 5109 3196 5180 puniantur.
3239 5108 3425 5166 Utrum
3466 5127 3597 5177 sane

2011 5199 2111 5269 ipsi
2152 5214 2273 5255 cum
2316 5200 2457 5255 vitiis
2498 5209 2552 5255 et
2586 5200 3007 5257 deformitatibus
3045 5216 3263 5256 suorum
3307 5218 3595 5276 corporum

2010 5299 2326 5361 resurgant,
2377 5306 2725 5362 quaecumque
2780 5291 2832 5345 in
2877 5292 2957 5347 eis
3005 5291 3193 5349 vitiosa
3242 5303 3297 5351 et
3335 5296 3595 5359 deformia

2011 5382 2255 5441 membra
2270 5391 2564 5453 gestarent,
2597 5384 2647 5439 in
2678 5382 2998 5453 requirendo
3026 5384 3273 5444 laborare
3302 5390 3429 5461 quid
3459 5407 3598 5464 opus

2076 5563 2089 5593 ¹
2129 5568 2192 5611 Ex
2222 5564 2452 5615 Vaticanis
2474 5570 2579 5613 Mss.
2606 5575 2730 5611 unus
2746 5562 2913 5621 habet,
2938 5566 3182 5621 corporeis
3198 5567 3444 5621 membris.

2077 5626 2095 5654 ²
2131 5624 2260 5694 Apud
2302 5633 2400 5694 Ain.
2436 5631 2508 5671 Er.
2550 5632 2644 5694 nan
2671 5632 2732 5694 et
2753 5631 2885 5684 t.uv.,
2912 5624 3087 5694 reddat
3123 5632 3378 5694 wquatem.
3424 5633 3590 5693 Abest,

2014 5685 2260 5745 (tv/ualent,
2289 5700 2317 5734 a
2340 5693 2443 5735 Mss.
2473 5694 2525 5734 et
2545 5686 2835 5734 .‘thcditiunu
2863 5690 3067 5740 Amaldi.

2084 5749 2101 5779 ³
2137 5757 2235 5795 Alt].
2261 5753 2331 5795 Er.
2362 5755 2410 5796 et
2444 5755 2545 5797 tres
2565 5754 2651 5796 λιες
2678 5784 2689 5807 ,
2704 5747 2908 5810 facilitas
2935 5754 3232 5818 resurgrndt’.
3257 5756 3406 5805 Minus
3427 5764 3592 5807 recte'
