4046 6332
267 361 364 416 277

268 470 500 542 colligere
523 468 660 538 ﬁlios
700 476 812 522 tuos
840 463 970 520 sicut
1010 461 1206 537 gallina
1227 460 1395 535 pullos
1415 476 1554 526 suos,
1599 469 1645 514 et
1676 459 1844 514 nolui-

269 563 330 620 sti
365 558 597 632 (Matth.
639 559 798 626 uni,
828 554 936 629 57)
966 557 979 611 ε
1014 566 1262 626 tanquam
1290 554 1383 609 Dei
1412 552 1662 608 voluntas
1690 565 1852 620 supe-

269 664 380 712 rata
407 655 478 709 sit
512 652 789 708 hominum
811 650 1082 705 voluntate
1103 691 1119 714 ,
1148 656 1203 704 et
1222 645 1601 703 infirmissimis
1624 643 1857 700 nolendo

270 744 687 818 impedientibus
706 756 813 798 non
835 740 1068 812 potuerit
1092 738 1272 795 facere
1296 736 1696 809 potentissimus
1716 734 1861 807 quod

272 839 511 895 volebat.
550 836 620 892 Et
637 835 731 891 ubi
770 844 855 890 est
879 832 968 889 illa
997 831 1381 902 omnipotentis
1402 871 1418 897 ,
1448 845 1550 901 qua
1586 829 1640 883 in
1668 829 1791 883 caelo
1814 835 1863 882 et

272 932 321 985 in
343 940 479 984 terra
515 927 687 983 omnia
711 940 1036 995 quiscumque
1054 923 1235 988 uoluit,
1264 922 1406 993 fecit;
1435 922 1482 975 si
1522 920 1773 989 colligere
1802 917 1864 971 II-

272 1022 371 1077 Iios
415 1019 717 1077 Jerusalem
754 1017 958 1083 voluit,
1003 1022 1060 1072 et
1098 1029 1205 1070 non
1237 1013 1407 1069 fecit?
1434 1013 1517 1067 An
1555 1011 1732 1081 potius
1777 1009 1863 1063 illa

275 1110 488 1182 quidem
520 1109 659 1166 filios
684 1122 812 1164 suos
840 1108 907 1163 ab
934 1107 1050 1178 ipso
1074 1105 1253 1177 colligi
1275 1103 1444 1159 noluit
1468 1143 1484 1171 ,
1513 1102 1608 1157 sed
1638 1117 1698 1156 ea
1727 1117 1863 1170 quo-

275 1216 376 1272 que
400 1201 620 1255 nolente
649 1198 783 1254 ﬁlios
813 1200 930 1268 ejus
957 1196 1173 1267 collegit
1197 1197 1311 1265 ipse
1338 1209 1472 1265 quos
1503 1193 1713 1249 voluit?
1741 1191 1865 1262 quia

275 1294 327 1347 in
346 1292 474 1346 ctelo
502 1300 551 1345 et
576 1291 630 1344 in
651 1299 785 1344 terra
804 1331 818 1355 ,
850 1303 954 1343 non
984 1286 1230 1358 quiedam
1256 1285 1497 1341 voluitet
1524 1283 1675 1350 iecit,
1716 1298 1864 1351 qua:-

277 1381 399 1438 dam
427 1395 557 1437 vero
583 1379 750 1436 voluit
776 1388 832 1436 et
865 1393 971 1435 non
1005 1377 1131 1434 fecit
1161 1393 1176 1445 ;
1213 1375 1309 1432 sed
1342 1375 1512 1430 omnia
1546 1387 1869 1444 quaecumque

279 1471 454 1534 coluit,
482 1471 624 1540 fecit.

347 1562 577 1619 CAPUT
606 1561 833 1617 XCVIII.
854 1589 926 1603 -—
962 1560 1055 1618 ΞΒ.
1096 1560 1231 1616 Deus
1259 1560 1348 1616 etsi
1391 1565 1550 1631 potest
1589 1566 1872 1613 conuertere

280 1671 402 1726 quos
417 1654 653 1719 uoluerit,
681 1662 969 1718 nontamen
990 1653 1162 1723 inique
1179 1653 1326 1724 facit,
1363 1667 1479 1707 am
1505 1650 1636 1707 alios
1663 1664 1871 1704 conuer-

282 1746 358 1813 tit,
401 1747 536 1801 alios
570 1762 671 1800 non
696 1746 956 1801 convertit.
992 1744 1256 1817 Originale
1290 1744 1548 1800 vinculum
1581 1743 1869 1798 damnatio-

287 1841 382 1895 nis.
425 1840 561 1908 Quis
583 1854 749 1910 porro
775 1848 885 1895 tam
930 1840 1093 1910 impie
1138 1838 1393 1908 desipiat,
1442 1847 1501 1893 ut
1526 1836 1669 1892 dicat
1708 1837 1872 1891 Deum

287 1933 454 1987 malas
478 1932 757 1988 hominum
783 1932 1087 1990 voluntates
1111 1946 1246 2003 quas
1272 1931 1521 1997 voluerit,
1542 1928 1755 2000 quando
1780 1942 1874 1983 vo-

292 2023 450 2078 luerit
467 2064 484 2089 ,
508 2022 597 2076 ubi
628 2023 876 2090 voluerit,
906 2023 959 2077 in
981 2024 1178 2078 bonum
1209 2037 1316 2077 non
1338 2035 1498 2092 posse
1520 2019 1874 2077 convertere?

286 2113 393 2169 Sed
423 2129 544 2168 cuni
573 2113 716 2179 facit,
749 2129 845 2184 per
881 2113 1299 2170 misericordiam
1335 2113 1462 2168 facit
1494 2132 1506 2167 :
1538 2128 1661 2168 cum
1689 2120 1871 2167 autem

287 2220 400 2261 non
424 2206 571 2273 iacit,
598 2223 695 2278 per
709 2206 967 2278 judicium
996 2223 1102 2262 non
1131 2206 1276 2262 facit.
1305 2207 1570 2275 Quoniam
1597 2209 1746 2280 cujus
1769 2206 1876 2262 vult

287 2298 580 2365 miseretur,
631 2307 678 2352 et
724 2315 873 2370 quem
914 2300 1017 2353 uult
1063 2297 1297 2353 obdurat.
1339 2297 1489 2366 Quod
1533 2307 1590 2353 ut
1629 2298 1875 2354 dicere“

288 2388 613 2459 Apostolus,
654 2392 878 2461 gratiam
924 2391 1334 2448 commendabat
1378 2390 1489 2447 :ad
1527 2391 1680 2462 cujus
1726 2405 1877 2447 eom-

291 2481 690 2538 mcndationem
718 2482 786 2539 de
810 2483 916 2539 illis
944 2483 998 2538 in
1029 2483 1287 2540 Rebecca:
1312 2494 1465 2541 utero
1493 2484 1724 2556 geminis
1760 2483 1876 2540 fue-

289 2581 371 2627 rat
390 2572 506 2643 jam
551 2574 783 2639 locutus,
813 2573 1009 2645 quibus
1048 2575 1283 2631 nondum
1329 2576 1506 2641 natis,
1541 2591 1641 2632 nec
1682 2575 1880 2647 aliquid

289 2669 572 2738 agentibus
600 2669 724 2724 boni
758 2684 854 2725 seu
886 2670 1041 2735 mali,
1072 2682 1127 2725 ut
1149 2671 1426 2727 secundum
1451 2673 1739 2729 electionem
1762 2689 1883 2745 pro-

289 2761 511 2829 positum
534 2759 633 2815 Dei
663 2771 920 2829 maneret,
944 2779 1046 2817 non
1074 2780 1137 2818 ea:
1173 2763 1408 2835 aperibus
1425 2807 1440 2833 ,
1463 2766 1554 2821 sed
1579 2782 1643 2820 ea:
1678 2775 1885 2821 vocante

293 2851 482 2907 dictum
506 2862 582 2908 est
602 2854 670 2920 ei,
698 2854 831 2920 Quia
852 2857 1018 2927 major
1050 2856 1225 2911 serviet
1249 2856 1453 2911 minori.
1488 2857 1716 2928 Propter
1740 2858 1882 2928 quod

293 2945 535 3001 adhibuit
564 2946 795 3003 alterum
824 2947 1196 3019 propheticum
1222 2948 1608 3016 testimonium,
1636 2949 1727 3006 ubi
1749 2951 1884 3006 seri.

296 3046 440 3106 ptum
469 3047 557 3092 est
575 3077 591 3103 ,
621 3036 783 3093 Iacob
811 3039 990 3107 dilexi,
1033 3038 1172 3095 Esau
1204 3048 1370 3094 autem
1396 3040 1513 3094 odio
1541 3040 1715 3095 habui.
1745 3039 1883 3096 Sen-

297 3127 431 3184 tiens
455 3137 640 3184 autem
683 3129 1131 3201 quemadmodum
1162 3138 1344 3199 posset
1367 3129 1469 3187 hoc
1501 3131 1645 3203 quod
1685 3130 1882 3186 dictum

296 3229 378 3276 est
427 3235 749 3291 permovere
793 3236 887 3278 eos
932 3223 1021 3293 qui
1062 3231 1343 3293 penetrare
1390 3222 1733 3294 intelligendo
1777 3238 1883 3278 non

300 3324 520 3383 possunt
550 3315 691 3369 hanc
714 3314 1047 3371 altitudinem
1078 3314 1286 3385 gratia},
1317 3313 1454 3381 Quid
1477 3330 1596 3385 ergo
1617 3314 1840 3368 dicemus
1860 3315 1887 3369 ἵ

299 3406 371 3460 ait
399 3423 413 3471 ;
453 3405 704 3478 numquid
741 3407 980 3477 iniquitas
1011 3407 1149 3476 apud
1178 3405 1341 3460 Deum
1381 3406 1407 3460 7
1435 3405 1596 3460 Absit.
1643 3405 1884 3476 Iniquum

298 3499 437 3555 enim
460 3499 675 3554 videtur
702 3538 717 3564 ,
748 3508 807 3553 ut
830 3500 945 3553 sine
970 3497 1092 3554 ullis
1118 3500 1378 3554 bonorum
1404 3497 1730 3553 malorumve
1759 3513 1886 3567 ορθ-

300 3605 412 3644 rum
439 3589 666 3655 meritis,
697 3604 860 3644 unum
892 3589 1029 3643 Deus
1056 3589 1258 3658 diligat,
1290 3587 1464 3644 oderit
1489 3586 1740 3642 alterum.
1771 3588 1885 3657 Qua

302 3679 353 3734 in
388 3696 446 3735 re
474 3681 519 3734 si
556 3678 736 3734 futura
773 3693 934 3749 opera
958 3680 1043 3734 vel
1069 3678 1207 3734 bona
1235 3678 1390 3749 hujus
1410 3678 1493 3734 vel
1539 3680 1677 3734 mala
1707 3679 1885 3747 illius,

299 3785 417 3840 qute
443 3771 587 3825 Deus
616 3771 799 3840 utique
829 3769 1140 3839 pra-sciebat
1159 3810 1173 3835 ,
1207 3770 1367 3825 vellet
1401 3770 1662 3841 intelligi,
1690 3786 1890 3841 nequa-

299 3876 457 3930 quam
484 3862 691 3915 diceret
714 3903 727 3924 ,
757 3878 858 3915 non
885 3877 950 3915 ea:
968 3861 1205 3928 operibus
1236 3876 1255 3915 :
1279 3861 1372 3916 sed
1394 3862 1625 3927 diceret,
1649 3877 1712 3917 ex
1743 3860 1887 3916 futu-

298 3954 377 4010 ris
416 3954 668 4024 operibus
705 3969 721 4018 ;
770 3968 941 4023 eoque
987 3953 1148 4008 modo
1180 3953 1333 4008 istam
1369 3954 1599 4009 solveret
1633 3954 1887 4024 qumstioo

298 4061 422 4101 nem
455 4063 472 4111 ;
514 4046 622 4100 imo
646 4044 849 4100 nullam
874 4086 891 4111 ,
940 4059 1100 4115 quam
1130 4044 1264 4099 solvi
1298 4059 1430 4113 opus
1459 4053 1631 4111 esset,
1690 4044 1891 4100 iaceret

295 4137 675 4206 quaestionem.
711 4134 865 4190 Nunc
895 4150 1022 4190 vero
1048 4149 1168 4189 cum
1196 4134 1595 4204 respondisset,
1625 4134 1796 4202 Absit,
1835 4135 1888 4192 id

296 4235 383 4282 est
403 4268 420 4295 ,
469 4226 612 4282 absit
640 4237 700 4280 ut
738 4226 809 4281 sit
838 4225 1086 4297 iniquitas
1114 4225 1253 4295 apud
1282 4225 1445 4280 Deum
1474 4242 1488 4291 ;
1521 4240 1646 4281 mox
1672 4233 1733 4281 ut
1756 4240 1887 4297 pro-

295 4319 451 4374 baret
493 4319 637 4374 nulla
677 4318 780 4373 hoc
815 4318 1092 4388 iniquitate
1132 4317 1226 4371 Dei
1275 4316 1425 4384 ﬂeri,
1476 4317 1687 4386 inquit:
1717 4315 1888 4388 Moysi

296 4413 435 4467 enim
457 4413 583 4466 dicit
608 4453 623 4476 ,
662 4410 934 4466 miserebor
969 4409 1116 4481 cujus
1143 4409 1375 4463 misertus
1395 4425 1503 4476 ero,
1532 4418 1579 4463 et
1601 4409 1888 4463 misericor-

294 4505 435 4558 diam
459 4501 714 4575 prmtabo
737 4504 819 4556 cui
839 4502 1124 4556 misericors
1153 4503 1316 4573 fuero.
1342 4500 1472 4567 Quis
1512 4501 1653 4556 enim
1684 4501 1786 4556 nisi
1812 4501 1885 4555 in-

296 4596 505 4664 sipiens
535 4594 709 4649 Deum
741 4593 978 4663 iniquum
1008 4600 1195 4661 putet,
1242 4592 1356 4647 sive
1385 4591 1646 4661 judicium
1680 4592 1892 4661 ptenale

295 4687 512 4757 ingerat
539 4686 705 4756 digno
728 4725 745 4753 ,
772 4685 885 4741 sive
922 4682 1342 4740 misericordiam
1374 4691 1589 4753 praestet
1628 4682 1846 4754 indigno
1869 4681 1897 4737 ἵ

297 4779 544 4849 Denique
586 4777 787 4844 infert,
827 4783 882 4832 et
905 4776 1069 4842 dicit,
1102 4774 1266 4847 Igitur
1299 4791 1401 4828 non
1442 4774 1651 4828 uolentis
1675 4815 1689 4838 ,
1736 4790 1893 4845 neque

295 4868 582 4934 currentis,
611 4867 700 4921 sed
727 4866 1001 4922 miserentis
1031 4875 1102 4920 est
1129 4864 1244 4920 Dei.
1277 4863 1450 4919 Ambo
1489 4864 1666 4934 itaque
1695 4865 1891 4935 gemini

296 4971 490 5016 natura
507 4959 601 5014 lilii
622 4959 717 5014 ira:
737 4958 1091 5014 nascebantur
1105 4955 1322 5027 (Ephes.
1336 4971 1394 5021 n,
1412 4956 1492 5027 5),
1511 4955 1670 5009 nullis
1680 4955 1894 5025 quidem

294 5054 559 5122 operibus
585 5052 847 5122 prepriis,
876 5050 973 5106 sed
1014 5050 1339 5120 originaliter
1370 5065 1437 5105 ex
1472 5049 1643 5104 Adam
1678 5049 1891 5104 vinculo

294 5145 669 5200 damnationis
696 5144 957 5199 obstricti.
990 5143 1097 5199 Sed
1128 5142 1216 5212 qui
1239 5141 1412 5209 dixit,
1444 5141 1720 5197 Miserebor
1748 5143 1895 5213 cujus

295 5240 541 5291 misertus
564 5253 652 5290 ero
671 5238 691 5268 ²
711 5277 727 5301 ,
757 5235 923 5291 lacoh
969 5234 1152 5290 dilexit
1181 5249 1278 5305 per
1313 5233 1729 5289 misericordiam
1769 5249 1893 5303 gra-

299 5330 495 5381 tuitam
523 5368 538 5387 ,
588 5325 728 5381 Esau
773 5335 949 5381 autem
975 5325 1100 5380 odio
1124 5325 1308 5379 habuit
1338 5341 1431 5394 per
1453 5324 1711 5393 judicium
1741 5324 1893 5379 debi-

297 5429 437 5472 tum.
490 5417 646 5486 Quod
689 5432 811 5472 cum
850 5417 1136 5473 deberetur
1162 5415 1447 5479 ambobus,
1480 5414 1531 5469 in
1562 5415 1731 5469 altero
1761 5414 1895 5469 alter

358 5602 374 5632 ι
415 5601 559 5659 editi,
588 5600 715 5664 quod
743 5611 854 5664 erant
890 5598 1171 5664 diceretLM
1201 5604 1329 5664 uss,
1355 5597 1483 5664 quod
1507 5596 1785 5664 ut_gliceret.
1808 5602 1896 5645 Eo-

290 5665 409 5709 dum
426 5656 581 5711 sensu
601 5656 745 5719 infra,
770 5663 820 5711 in
842 5663 1002 5723 capite
1020 5661 1129 5723 103,
1153 5658 1348 5721 legitur,
1363 5656 1423 5723 _’ut
1439 5657 1527 5723 hoc
1546 5656 1740 5723 diceret.

358 5730 377 5753 ²
397 5725 523 5793 γᾼὶιὶ
542 5733 665 5793 jxist,
681 5718 1019 5793 inise‘rtus'ero,
1042 5718 1286 5793 agiduut'xt
1306 5718 1687 5793 misericordiam
1702 5723 1900 5793 profata-

300 5785 324 5833 ὑ
372 5783 467 5836 cui
488 5782 760 5837 misericors
783 5786 941 5848 (itero,
957 5784 1084 5847 quod
1100 5784 1189 5833 hoc
1206 5782 1309 5831 loco
1334 5796 1429 5833 non
1453 5783 1695 5842 reperitur
1720 5784 1768 5831 in
1792 5789 1892 5830 uss.

1668 343 1872 403 LIBER
1913 343 2108 402 U-NL'S.

3398 387 3407 393 -
3441 354 3545 413 273

1964 458 2176 526 agnovit
2213 474 2319 515 non
2364 461 2432 518 de
2475 461 2585 518 suis
2639 462 2956 521 distantibus
3013 466 3219 525 meritis
3256 467 3358 525 sibi
3422 483 3544 527 esse

1963 551 2293 621 gloriandum
2313 595 2328 620 ,
2358 555 2500 625 quod
2528 556 2579 611 in
2614 556 2801 612 eadem
2836 571 2996 614 causa
3038 558 3179 615 idem
3224 560 3540 633 supplicium

1964 661 2071 701 non
2111 646 2376 715 incurrit;
2408 650 2501 706 sed
2542 649 2611 708 de
2647 651 2843 708 divina:
2874 653 3057 724 gratias
3084 652 3324 724 largitate
3365 671 3381 710 :
3419 656 3541 726 quia

1966 753 2067 792 non
2093 739 2300 794 uolentis
2318 730 2481 812 neque
2498 744 2766 809 currentis,
2789 744 2882 800 sed
2899 743 3180 799 miserentis
3216 753 3290 799 est
3317 744 3428 799 Dei.
3451 746 3543 799 AI-

1967 830 2176 886 tissimo
2202 832 2397 904 quippe
2437 849 2502 891 ac
2540 835 2894 892 saluberrimo
2922 846 3256 895 sacramento
3295 837 3543 893 universa

1967 921 2152 990 iacies,
2189 931 2368 995 atque,
2410 934 2467 981 ut
2496 927 2567 981 ita
2594 927 2841 996 dixerim,
2870 930 3046 985 vultus
3073 939 3376 987 sanctarum
3403 929 3552 987 Scri-

1970 1025 2266 1085 pturarum,
2298 1016 2436 1073 bene
2472 1019 2741 1076 intuentes
2771 1020 2822 1076 id
2842 1021 3130 1079 admonere
3165 1023 3461 1091 invenitur,
3492 1032 3551 1079 ut

1969 1107 2059 1177 qui
2080 1108 2360 1179 gloriatur,
2382 1111 2436 1166 in
2466 1109 2686 1169 Domino
2714 1114 2955 1185 glorietur
2984 1117 3001 1180 (
3026 1116 3042 1168 ι
3070 1114 3185 1171 Cor.
3216 1131 3253 1182 ι,
3283 1117 3342 1173 ⁸51
3365 1115 3407 1189 ).

2041 1201 2266 1260 CAPUT
2289 1203 2473 1260 XCIX.
2489 1236 2561 1246 —
2577 1204 2646 1262 Ut
2673 1223 2858 1279 magna
2877 1208 3094 1263 bonitate
3113 1210 3374 1263 miseretur
3394 1207 3552 1275 Deus,

1972 1294 2044 1349 ita
2068 1296 2209 1351 nulla
2232 1297 2495 1367 iniquitate
2521 1298 2753 1354 obdurat.
2786 1300 3075 1371 Apostatica
3102 1301 3272 1356 radix.
3300 1299 3433 1358 Cum
3454 1318 3555 1355 an-

1973 1394 2078 1442 tem
2104 1387 2195 1443 Dei
2217 1388 2633 1445 misericordiam
2658 1391 3085 1447 commendasset
3111 1393 3161 1447 in
3204 1406 3270 1448 eo
3290 1391 3431 1463 quod
3460 1391 3555 1453 ait,

1972 1475 2139 1548 Igitur
2162 1495 2263 1534 non
2303 1480 2533 1545 celeratis,
2565 1498 2721 1552 neque
2738 1483 3011 1551 currentis,
3058 1483 3148 1539 sed
3177 1481 3455 1537 miserentis
3484 1489 3557 1535 est

1974 1569 2071 1624 Dei
2100 1586 2119 1635 ;
2145 1569 2339 1627 deinde
2362 1579 2421 1627 ut
2444 1572 2603 1628 etiam
2638 1572 2898 1644 judicium
2947 1572 3346 1629 commendaret
3387 1570 3557 1645 (quo-

1975 1662 2117 1716 niam
2150 1663 2201 1717 in
2229 1677 2338 1733 quo
2366 1679 2472 1719 non
2516 1664 2575 1719 Iit
2600 1665 2994 1734 misericordia,
3040 1680 3144 1721 non
3175 1666 3425 1736 iniquitas
3461 1663 3519 1719 Iit
3546 1705 3562 1731 ,

1975 1754 2070 1809 sed
2087 1754 2345 1824 judicium
2378 1774 2393 1822 ;
2419 1772 2524 1811 non
2555 1768 2636 1813 est
2659 1759 2856 1829 quippe
2886 1757 3138 1828 iniquitas
3162 1757 3301 1829 apud
3331 1758 3496 1812 Deum
3516 1757 3557 1827 ).

1976 1846 2230 1901 continuo
2267 1845 2540 1916 subjunxit
2564 1889 2579 1914 ,
2609 1856 2769 1918 atque
2804 1850 2916 1902 ait:
2950 1847 3086 1903 Dicit
3123 1848 3257 1902 enim
3291 1846 3563 1918 Scriptura

1980 1935 2243 1991 Pharaoni
2262 1979 2278 2005 ,
2316 1937 2449 2005 Quia
2469 1939 2539 1993 ad
2566 1939 2660 1993 hoc
2687 1948 2734 1994 te
2761 1939 2975 1994 excitavi
2990 1979 3007 2007 ,
3051 1946 3105 1993 ut
3137 1936 3399 1994 ostendam
3428 1938 3481 1992 in
3518 1946 3565 1990 te

1979 2028 2298 2097 potentiam‘
2331 2044 2492 2082 meam
2514 2070 2529 2097 ,
2559 2037 2608 2083 et
2644 2037 2699 2083 ut
2725 2029 3054 2084 annuntietur
3089 2045 3271 2084 nomen
3306 2044 3473 2084 meum
3511 2027 3566 2080 in

1979 2122 2210 2178 universa
2230 2130 2383 2177 terra.
2408 2120 2612 2189 Quibus
2636 2120 2792 2176 dictis
2815 2121 2880 2176 ad
2910 2130 3194 2191 utrumque
3212 2119 3560 2185 concludens,

1981 2213 2031 2267 id
2072 2221 2187 2281 est,
2229 2221 2285 2269 et
2319 2212 2387 2268 ad
2417 2213 2835 2268 misericordiam
2871 2222 2923 2268 et
2951 2212 3018 2268 ad
3056 2213 3313 2283 judicium
3343 2229 3356 2265 :
3388 2210 3526 2283 Ergo
3547 2253 3562 2275 ,

1982 2304 2172 2376 inquit,
2203 2305 2352 2372 cuius
2375 2305 2481 2359 uult
2510 2305 2794 2371 miseretur,
2822 2313 2869 2358 et
2902 2320 3047 2375 quem
3083 2303 3188 2357 vult
3214 2302 3444 2357 obdurat.
3474 2300 3569 2354 Mi-

1982 2405 2191 2453 seretur
2205 2396 2410 2451 scilicet
2446 2409 2638 2467 magna
2668 2396 2924 2459 bonitate,
2951 2394 3176 2450 obdurat
3203 2394 3344 2448 nulla
3375 2393 3567 2464 iniqui-

1984 2498 2092 2546 tate
2131 2507 2147 2557 ;
2176 2497 2235 2545 ut
2275 2503 2375 2545 nec
2398 2488 2650 2545 liberatus
2674 2487 2741 2544 de
2778 2488 2889 2542 suis
2913 2486 3117 2543 meritis
3152 2485 3441 2557 glorietur,
3472 2500 3570 2539 nec

1983 2582 2267 2638 damnatus
2289 2581 2393 2637 nisi
2416 2581 2484 2637 de
2503 2582 2617 2636 suis
2642 2580 2847 2635 meritis
2870 2586 3248 2649 conqueratur.
3275 2577 3398 2633 Sola
3423 2570 3569 2632 enim

1986 2675 2153 2745 gratia
2192 2673 2501 2745 redemptos
2532 2673 2787 2729 discernit
2810 2687 2840 2727 a
2876 2671 3126 2742 perditis,
3163 2684 3297 2741 quos
3326 2670 3377 2725 in
3408 2684 3568 2724 unam

1987 2765 2300 2836 perditionis
2318 2773 2664 2822 eoncreverat
2682 2779 2912 2820 massam
2930 2765 2997 2821 ab
3016 2764 3220 2834 origine
3237 2761 3392 2818 ducta
3410 2775 3571 2815 causa

1976 2857 2305 2913 communis.
2343 2855 2457 2913 Iloc
2498 2867 2675 2912 autem
2706 2858 2794 2927 qui
2821 2872 2886 2911 eo
2917 2856 3078 2911 modo
3105 2855 3282 2919 audit,
3309 2861 3367 2910 nt
3393 2852 3569 2917 dicat,

1991 2950 2128 3019 Quid
2164 2950 2333 3005 adhuc
2368 2952 2728 3021 conqueritur?
2772 2968 2888 3005 nam
2919 2950 3167 3005 uoluntati
3198 2951 3308 3017 ejus
3335 2947 3447 3019 quis
3479 2962 3575 3000 re—

1987 3041 2118 3096 sistit
2148 3040 2176 3095 !
2206 3048 2455 3112 tanquam
2500 3051 2779 3111 propterea
2828 3042 3001 3096 malus
3043 3055 3149 3095 non
3180 3041 3418 3096 videatur
3452 3055 3574 3096 esse

1988 3132 2285 3203 culpandus
2307 3176 2323 3202 ,
2353 3133 2474 3204 quia
2514 3133 2653 3189 Deus
2699 3135 2847 3205 cujus
2880 3136 2985 3188 vult
3030 3134 3322 3199 miseretur,
3356 3140 3399 3186 et
3428 3149 3573 3202 quem

1989 3225 2096 3278 vult
2142 3223 2405 3278 obdurat:
2428 3223 2569 3279 absit
2611 3232 2669 3278 ut
2708 3223 2902 3294 pudeat
2940 3236 3038 3277 nos
3081 3222 3182 3277 hoc
3212 3221 3573 3290 respondere,

1989 3315 2132 3387 quod
2177 3315 2518 3386 respondisse
2555 3315 2797 3371 videmus
2821 3314 3134 3385 Apostolum
3168 3330 3183 3370 :
3218 3313 3265 3369 0
3289 3316 3439 3368 homo
3461 3354 3475 3378 ,
3520 3322 3575 3367 tu

1989 3410 2103 3481 quis
2130 3425 2184 3464 es
2203 3450 2217 3473 ,
2249 3409 2335 3479 qui
2362 3408 2667 3478 respondeas
2709 3407 2816 3462 Deo
2846 3407 2874 3461 2
2914 3405 3183 3476 Numquid
3209 3406 3332 3459 dicit
3357 3406 3571 3475 ﬁgmen-

1993 3510 2100 3554 tum
2126 3500 2171 3553 ei
2196 3498 2285 3570 qui
2313 3515 2365 3554 se
2393 3499 2540 3568 ﬁnxit
2563 3541 2577 3563 ,
2607 3497 2780 3565 Quare
2822 3515 2901 3552 me
2924 3497 3085 3570 fecisti
3107 3498 3181 3552 sic
3208 3497 3234 3550 ?
3262 3496 3441 3549 Annon
3482 3498 3576 3547 ha-

1991 3590 2070 3647 bet
2090 3600 2379 3662 potestatem
2401 3588 2588 3660 ﬁgulus
2608 3589 2705 3643 luti
2742 3604 2805 3643 ea:
2824 3590 2997 3643 eadem
3016 3603 3183 3641 massa
3209 3591 3394 3659 facere,
3432 3584 3578 3639 aliud

1993 3682 2195 3752 quidem
2243 3697 2335 3735 vas
2377 3682 2431 3734 in
2473 3680 2713 3735 honorem
2733 3721 2749 3747 ,
2794 3678 2938 3734 aliud
2973 3694 3087 3734 vero
3124 3680 3179 3732 in
3221 3676 3576 3732 contumeliam

1993 3776 2013 3843 (
2038 3772 2186 3827 Rom.
2215 3787 2290 3838 is,
2325 3770 2488 3826 Il-2l
2517 3772 2534 3839 )
2564 3770 2591 3825 ἲ
2617 3771 2730 3827 Hoc
2757 3771 2875 3826 loco
2899 3769 3040 3825 enim
3066 3768 3280 3839 quidam
3300 3768 3445 3823 stulti
3474 3782 3576 3837 puo

1993 3876 2109 3922 tant
2150 3865 2464 3936 Apostoium
2505 3864 2557 3918 in
2593 3863 2943 3935 responsione
2981 3861 3243 3917 deiecisse
3264 3902 3278 3925 ,
3309 3869 3366 3915 ct
3398 3860 3575 3930 inepia

1994 3956 2281 4013 reddenda:
2329 3955 2549 4011 rationis
2592 3954 2915 4025 repressisse
2955 3952 3361 4008 contradictoris
3411 3951 3577 4004 auda-

1993 4050 2153 4105 ciam.
2194 4047 2302 4105 Sed
2341 4062 2591 4119 magnum
2633 4046 2794 4101 habet
2817 4044 3025 4115 pondus
3062 4042 3205 4115 quod
3233 4042 3429 4099 dictum
3455 4051 3535 4096 est
3562 4083 3577 4106 ,

1995 4140 2044 4198 ο
2064 4142 2233 4209 homo,
2257 4150 2310 4196 tu
2330 4142 2442 4212 quis
2467 4157 2519 4196 es
2542 4141 2567 4196 7
2591 4139 2657 4195 Et
2681 4140 2734 4195 in
2756 4139 2950 4194 talibus
2972 4136 3354 4209 quaestionibus
3378 4135 3443 4191 ad
3470 4148 3581 4188 suze

1994 4232 2305 4303 capacitatis
2342 4230 2825 4287 considerationem
2860 4236 3075 4283 revocat
3113 4226 3387 4281 hominem
3413 4225 3578 4279 verbo

1996 4323 2211 4394 quidem
2241 4323 2394 4379 brevi
2420 4323 2443 4355 ³
2462 4363 2476 4388 ,
2506 4321 2601 4379 sed
2627 4337 2686 4377 re
2711 4322 2822 4392 ipsa
2849 4336 3038 4391 magna
3059 4328 3140 4375 est
3167 4318 3395 4374 redditio
3420 4318 3583 4372 ratio-

1997 4416 2101 4471 nis.
2132 4415 2187 4471 Si
2215 4415 2358 4469 enim
2404 4413 2520 4468 lucc
2560 4427 2666 4468 non
2697 4415 2868 4483 capit,
2893 4413 3013 4483 quis
3033 4420 3115 4467 est
3145 4412 3233 4482 qui
3261 4410 3581 4480 reSpnndeat

1997 4509 2151 4564 Deo?
2175 4508 2231 4563 Si
2255 4514 2430 4562 autem
2456 4507 2616 4576 capit,
2644 4506 2813 4577 magis
2837 4522 2940 4559 non
2968 4502 3170 4560 invenit
3196 4502 3323 4575 quid
3354 4517 3547 4573 rCSpmt
3567 4534 3580 4542 ς

1997 4598 2140 4653 deat.
2164 4597 2321 4652 Videt
2339 4596 2502 4661 enim,
2527 4596 2571 4651 si
2590 4596 2750 4667 capit,
2777 4596 3081 4650 universum
3101 4609 3269 4665 genus
3292 4594 3581 4649 humanum

2000 4695 2107 4743 tam
2136 4688 2279 4759 justo
2305 4687 2507 4758 judicio
2550 4686 2731 4742 divino
2756 4687 2811 4742 in
2838 4687 3127 4757 apostatica
3172 4685 3349 4741 radice
3364 4684 3583 4740 damna-

2002 4792 2137 4849 tum,
2150 4791 2207 4835 ut
2227 4780 2431 4835 etiamsi
2450 4779 2626 4835 nullus
2643 4778 2763 4835 inde
2779 4779 3111 4843 liberaretur,
3132 4794 3291 4833 nemo
3310 4786 3451 4832 recte
3469 4791 3581 4845 pos-

2001 4883 2083 4930 set
2133 4873 2225 4929 Dei
2248 4873 2548 4943 vituperare
2573 4870 2878 4942 justitiam;
2924 4881 2977 4925 et
3017 4870 3106 4941 qui
3138 4870 3460 4930 liberantur,
3504 4866 3582 4919 sic

2001 4966 2301 5038 oportuisse
2324 4964 2559 5031 liberari,
2582 4972 2639 5018 ut
2662 4977 2729 5019 ex
2746 4962 2984 5034 pluribus
3016 4978 3121 5017 non
3153 4959 3405 5021 liberatis,
3425 4965 3585 5025 atque

2002 5059 2055 5113 in
2076 5055 2724 5125 damnationejustissima
2749 5053 3040 5120 derelictis,
3064 5049 3437 5107 ostenderetur
3456 5046 3607 5116 quid,

2004 5149 2285 5204 meruisset
2318 5148 2561 5201 universa
2592 5144 2923 5215 conspersio,
2943 5151 2995 5199 et
3023 5155 3127 5212 quo
3155 5140 3310 5194 etiam
3329 5136 3459 5197 istos
3483 5136 3581 5191 de-

2005 5243 2171 5297 bitum
2196 5240 2453 5311 judicium
2480 5238 2576 5295 Dei
2596 5237 2851 5304 duceret,
2878 5234 2982 5289 nisi
3016 5233 3093 5288 eis
3116 5229 3345 5285 indebita
3375 5228 3584 5283 miseri-

2005 5335 2186 5391 Curdia
2212 5332 2521 5388 subveniret
2547 5348 2561 5385 :
2587 5337 2650 5386 ut
2672 5328 2963 5385 volentium
2990 5323 3059 5379 de
3093 5323 3204 5377 suis
3234 5321 3437 5376 meritis
3467 5321 3579 5391 glo-

2007 5427 2152 5491 riari,
2176 5441 2323 5480 mune
2349 5441 2404 5478 os
2432 5423 2719 5478 obstruatur
2742 5416 2866 5492 (Id.
2906 5430 2987 5485 nl,
3014 5411 3117 5487 I9)
3145 5430 3160 5483 ;
3190 5422 3245 5470 et
3283 5413 3369 5483 qui
3396 5412 3587 5485 gloria-

2008 5531 2106 5583 tur,
2133 5519 2186 5572 in
2207 5516 2425 5571 Domino
2453 5515 2715 5585 glorietur.

2073 5657 2087 5687 ι
2128 5652 2462 5716 Anqnqcussq
2485 5645 2856 5716 fortitudinem-ﬂ
3270 5711 3281 5716 Α
3327 5702 3339 5716 .
3368 5715 3373 5716 ,

2071 5719 2090 5749 ²
2123 5702 2335 5765 Νόιιῖιυιιῑ
2354 5702 2460 5759 uss:
2485 5702 2497 5757 Ξ
2527 5716 2579 5758 ει
2610 5705 2729 5758 utin
2753 5705 3004 5758 talibus...
3040 5711 3282 5758 revocaret
3319 5702 3580 5757 hominem,

2011 5780 2145 5830 verba
2170 5776 2361 5840 quidem
2386 5772 2557 5831 brct't's,
2591 5770 2676 5824 sed
2703 5784 2772 5831 rc,
2798 5778 2893 5821 etc.
