4046 6332
314 5695 350 5737 1’

464 306 568 360 279

427 594 433 627 ³
455 613 612 666 opera
633 596 869 666 Domini,
891 603 1141 674 exquisita
1164 606 1216 659 in
1236 623 1408 662 omnes
1435 610 1716 666 voluntates
1736 614 1844 683 ejus
1868 613 2041 684 (Psal.

449 705 520 745 cx
549 732 564 755 ,
595 690 655 761 2)
689 709 701 745 :
729 701 783 747 et
815 704 919 747 tam
948 696 1218 765 sapienter
1245 701 1504 769 exquisita
1529 744 1545 769 ,
1579 712 1633 758 ut
1657 718 1777 759 cum
1807 708 2043 775 angelica

449 791 504 835 et
534 782 764 838 humana
793 795 1033 840 creatura
1063 799 1370 858 peccasset,
1401 792 1452 846 id
1481 804 1593 861 est,
1616 812 1723 851 non
1750 798 1890 868 quod
1918 800 2007 855 ille
2027 842 2041 867 ,

450 874 546 928 sed
575 876 716 945 quod
741 878 906 933 voluit
927 879 1040 949 ipsa
1059 878 1311 948 fecisset,
1334 883 1494 939 etiam
1517 902 1611 955 per
1631 887 1870 945 eamdem
1893 904 2042 946 crea-

453 969 589 1020 turze
615 966 941 1025 voluntatem
962 1010 976 1034 ,
1009 985 1111 1040 qua
1156 970 1352 1027 factum
1384 983 1465 1029 est
1503 977 1645 1046 quod
1688 978 1911 1035 Creator
1941 998 2040 1036 no-

451 1058 581 1123 luit,
614 1059 861 1130 impleret
890 1062 1003 1131 ipse
1030 1062 1172 1132 quod
1202 1065 1402 1132 voluit;
1435 1068 1569 1124 bene
1601 1079 1757 1127 utens
1786 1080 1840 1127 et
1858 1073 2034 1139 malis,

455 1160 707 1218 tanquam
729 1167 933 1209 summe
955 1154 1152 1221 bonus,
1180 1156 1246 1211 ad
1273 1172 1456 1212 eorum
1487 1159 1882 1218 damnationem
1906 1182 2041 1235 quos

447 1240 593 1309 juste
625 1243 1020 1312 praedestinavit
1045 1246 1110 1301 ad
1142 1262 1351 1316 pennam
1374 1292 1389 1317 ,
1422 1261 1475 1306 et
1503 1252 1569 1306 ad
1599 1268 1783 1309 eorum
1812 1258 2039 1315 salutem

450 1348 588 1402 quos
633 1334 860 1406 benigne
916 1338 1312 1408 praedestinavit
1356 1342 1421 1397 ad
1476 1345 1723 1414 gratiam.
1772 1349 2036 1419 Quantum

450 1424 593 1478 enim
633 1425 701 1481 ad
741 1428 887 1497 ipsos
932 1430 1158 1499 attinet,
1187 1433 1327 1501 quod
1368 1433 1511 1490 Deus
1554 1437 1722 1493 noluit
1752 1437 2036 1498 fecerunt:

449 1525 707 1586 quantum
740 1534 869 1576 vero
887 1521 953 1575 ad
983 1524 1421 1593 omnipotentiam
1462 1527 1593 1594 Dei,
1621 1530 1768 1585 nullo
1797 1534 1955 1587 modo
1986 1535 2037 1590 id

451 1606 667 1665 efficere
692 1611 993 1668 valuerunt.
1023 1615 1133 1670 Hoc
1169 1617 1365 1688 quippe
1395 1618 1513 1687 ipso
1549 1622 1693 1690 quod
1721 1633 1906 1680 contra
1940 1642 2031 1681 vo-

450 1697 713 1756 luntatem
750 1701 994 1759 fecerunt
1030 1706 1179 1776 ejus,
1211 1708 1279 1763 de
1318 1710 1447 1778 ipsis
1480 1710 1622 1767 facta
1662 1725 1745 1770 est
1787 1717 2035 1773 voluntas

450 1789 587 1857 ejus.
611 1790 896 1863 Propterea
923 1812 1151 1869 namque
1181 1815 1367 1871 magna
1398 1818 1552 1871 opera
1590 1804 1832 1873 Domini,
1861 1811 2035 1878 exqui-

447 1881 547 1933 sita
562 1882 615 1934 in
633 1899 804 1939 omnes
822 1888 1100 1943 voluntates
1123 1890 1267 1960 ejus;
1285 1899 1342 1945 ut
1363 1893 1499 1948 miro
1528 1902 1581 1949 et
1605 1894 1855 1950 ineffabili
1876 1899 2035 1955 modo

447 1988 556 2026 non
589 1974 681 2029 liat
722 1987 916 2047 pra-ter
953 1980 1068 2050 ejus
1093 1983 1421 2039 voluntatem
1442 2026 1457 2051 ,
1488 1987 1628 2056 quod
1656 1990 1817 2044 etiam
1846 2001 2032 2047 contra

448 2062 569 2131 ejus
585 2064 642 2118 lit
656 2066 1004 2124 voluntatem.
1025 2056 1284 2139 Qnia’non
1303 2072 1473 2140 ﬁeret,
1494 2077 1537 2130 si
1557 2092 1661 2132 non
1677 2079 1878 2136 sineret
1900 2099 1915 2136 :
1935 2099 2034 2140 nec

447 2155 631 2225 utique
649 2158 841 2215 nolens
861 2161 1012 2229 sinit,
1027 2164 1121 2218 sed
1141 2166 1357 2232 volens;
1378 2183 1476 2222 nec
1502 2168 1701 2225 sineret
1725 2172 1895 2228 bonus
1917 2174 2032 2231 fieri

447 2247 611 2315 male,
640 2250 740 2305 nisi
767 2254 1106 2323 omnipotens
1126 2264 1180 2311 et
1204 2256 1272 2312 de
1301 2258 1440 2314 malo
1467 2258 1638 2316 facere
1662 2274 1842 2332 posset
1868 2264 2027 2322 bene.

519 2340 745 2397 CAPUT
785 2341 869 2398 Cl.
894 2375 968 2385 —
1014 2346 1255 2403 Voluntas
1296 2350 1395 2405 Dei
1431 2352 1562 2407 bona
1595 2371 1685 2425 per
1709 2356 1867 2412 bonas
1889 2374 2033 2431 teque

446 2441 494 2484 et
540 2432 704 2487 malos
745 2433 1027 2493 voluntates
1069 2439 1330 2495 hominum
1374 2460 1573 2515 semper
1614 2447 1874 2518 impletur.
1914 2453 2030 2506 Ali-

445 2524 659 2591 quando
675 2536 851 2582 autem
876 2530 1009 2584 bona
1032 2531 1306 2589 voluntate
1329 2534 1490 2592 homo
1516 2538 1626 2593 vult
1645 2540 1862 2610 aliquid,
1887 2544 2027 2612 quod

442 2612 586 2671 Deus
615 2631 725 2672 non
746 2618 887 2684 vult,
914 2621 1072 2676 etiam
1106 2622 1220 2693 ipse
1244 2624 1382 2680 bona
1424 2628 1592 2684 multo
1630 2632 1858 2700 amplius
1885 2636 2027 2688 mul-

442 2713 602 2775 toque
625 2708 825 2764 certius
842 2711 1111 2768 voluntate
1134 2732 1146 2769 :
1172 2730 1295 2770 nam
1320 2717 1461 2773 illius
1480 2718 1620 2775 mala
1641 2722 1888 2779 voluntas
1907 2740 2028 2781 esse

441 2809 713 2865 nunquam
749 2810 940 2869 potest.
970 2803 1243 2875 Tanquam
1273 2809 1317 2862 si
1348 2809 1521 2865 bonus
1546 2811 1685 2867 ﬁlius
1703 2822 1908 2882 patrem
1937 2833 2028 2872 ve-

441 2883 507 2940 lit
544 2888 755 2954 vivere,
787 2907 949 2962 quem
978 2894 1117 2951 Deus
1147 2898 1282 2952 bona
1314 2902 1587 2958 voluntate
1631 2905 1743 2959 vult
1767 2907 1922 2962 mori.
1957 2909 2023 2963 Et

439 2990 625 3032 rursus
656 2978 769 3034 fieri
799 2989 973 3051 potest
1000 2994 1056 3039 ut
1083 2985 1186 3042 hoc
1212 2988 1341 3043 velit
1366 2989 1529 3045 homo
1556 2993 1827 3051 voluntate
1858 2999 2020 3066 mala,

442 3068 586 3139 quod
613 3071 753 3126 Deus
787 3074 896 3128 vult
923 3074 1060 3131 bona
1087 3095 1099 3130 :
1128 3078 1272 3134 velut
1290 3080 1336 3135 si
1366 3083 1538 3137 malus
1566 3082 1704 3140 filius
1731 3087 1857 3141 velit
1883 3090 2019 3144 mori

441 3170 670 3229 patrem,
694 3166 821 3220 velit
837 3167 940 3222 hoc
954 3169 1119 3224 etiam
1133 3172 1289 3227 Deus.
1307 3172 1508 3246 Nempe
1526 3176 1615 3232 ille
1630 3179 1741 3233 vult
1755 3180 1897 3250 quod
1916 3198 1977 3235 nt:
1989 3198 2021 3236 ιι

436 3255 549 3308 vult
578 3256 717 3311 Deus
735 3299 755 3325 ,
783 3258 885 3314 iste
913 3277 1040 3317 vero
1070 3262 1120 3317 id
1143 3264 1253 3319 vult
1273 3266 1412 3335 quod
1443 3268 1558 3323 vult
1582 3277 1635 3323 ct
1664 3270 1909 3328 Deus:et
1940 3283 2021 3328 ta-

336 3376 339 3383 ς
436 3361 560 3404 men
590 3348 745 3405 bona:
767 3351 858 3407 Dei
881 3353 1133 3409 voluntati
1162 3356 1330 3426 pietas
1357 3358 1500 3415 illius
1530 3364 1707 3431 potius
1724 3376 1983 3421 consonat
2002 3406 2018 3434 ,

435 3441 679 3509 quamvis
720 3442 865 3498 aliud
907 3445 1169 3514 volentis,
1201 3464 1360 3518 quam
1406 3448 1565 3520 hujus
1607 3453 1745 3509 idem
1793 3455 2020 3513 volentis

431 3531 697 3603 impietas.
737 3535 964 3593 Tantum
1005 3540 1229 3596 interest
1269 3542 1394 3612 quid
1438 3542 1577 3599 velle
1622 3545 1859 3613 homini,
1890 3550 2016 3619 quid

433 3624 546 3681 Deo
568 3638 861 3698 congruat,
883 3640 938 3685 et
972 3632 1037 3686 ad
1066 3648 1222 3703 quem
1253 3632 1417 3689 ﬁnem
1437 3649 1590 3689 suam
1620 3638 1843 3707 quisque
1871 3639 2017 3695 refc-

433 3727 520 3772 rat
538 3720 860 3777 voluntatem
882 3765 895 3788 ,
922 3732 1090 3778 utaut
1114 3725 1367 3794 piobetur
1392 3736 1483 3782 aut
1509 3727 1857 3798 improbetur.
1881 3730 2015 3788 Nam

431 3809 573 3865 Deus
610 3812 867 3881 quasdam
908 3813 1210 3871 voluntates
1239 3832 1363 3873 suas
1381 3858 1399 3885 ,
1429 3818 1610 3890 utique
1639 3821 1806 3877 bonas
1831 3823 2017 3894 implet

430 3914 528 3969 per
556 3903 817 3959 malorum
844 3904 1117 3961 hominum
1156 3908 1455 3965 voluntates
1496 3911 1663 3966 malas
1695 3931 1707 3966 :
1742 3914 1876 3970 sicut
1919 3930 2017 3986 per

429 3989 647 4046 Judzeos
691 3994 983 4051 malevolos
1024 3996 1164 4052 bona
1207 4000 1478 4056 voluntate
1517 4001 1691 4057 Patris
1720 4019 1816 4073 pro
1859 4006 2014 4064 nobis

430 4080 674 4137 Christus
697 4084 906 4141 occisus
932 4096 1042 4153 est;
1066 4089 1206 4158 quod
1235 4097 1438 4144 tantum
1466 4091 1661 4147 bonum
1693 4093 1887 4150 factum
1907 4106 2010 4165 est,

428 4180 490 4226 ut
516 4174 787 4241 apostolus
815 4176 1004 4232 Petrus
1038 4178 1252 4248 quando
1289 4179 1342 4233 id
1367 4180 1484 4235 ﬁeri
1525 4182 1769 4249 nolebat,
1798 4194 2012 4247 satanas

427 4263 498 4319 ab
524 4264 641 4335 ipso
663 4266 751 4335 qui
768 4268 939 4323 occidi
961 4279 1178 4324 venerat
1203 4270 1472 4327 diceretur
1501 4272 1715 4344 (Matth.
1748 4293 1864 4343 xvr,
1886 4278 2004 4353 25).

427 4353 596 4421 Quam
627 4356 780 4411 bonae
804 4360 1129 4428 apparebant
1158 4362 1457 4418 voluntates
1493 4365 1703 4435 piorum
1736 4368 1968 4427 fidelium
1991 4415 2006 4441 ,

426 4448 515 4517 qui
555 4447 807 4505 nolebant
844 4451 1142 4522 apostolum
1174 4453 1394 4509 Paulum
1425 4454 1723 4513 Jerusalem
1750 4476 2004 4533 pergere,

423 4551 493 4591 ne
535 4536 607 4591 ibi
635 4546 907 4607 pateretur
942 4542 1120 4608 mala,
1144 4558 1265 4612 quze
1310 4546 1526 4615 Agabus
1567 4548 1822 4619 propheta
1866 4569 2005 4623 pra:-

422 4626 630 4682 dixerat
659 4627 797 4699 (Act.
823 4646 917 4685 xu
938 4672 953 4698 ,
988 4630 1211 4705 10.12)?
1238 4642 1292 4688 et
1336 4644 1510 4691 tamen
1541 4638 1683 4694 Deus
1709 4640 1822 4696 haac
1857 4642 2004 4698 illum

424 4718 531 4787 pati
558 4719 773 4774 volebat
815 4736 912 4790 pro
940 4725 1304 4781 annuntianda
1334 4725 1441 4781 fide
1481 4730 1710 4795 Christi,
1748 4747 2005 4790 exercens

421 4818 715 4882 martyrem
749 4812 964 4870 Christi.
1006 4816 1192 4887 Neque
1220 4818 1378 4873 istam
1410 4821 1423 4851 ¹
1451 4820 1642 4876 bonam
1675 4823 2001 4882 voluntatem

419 4916 569 4958 suam
599 4904 837 4974 implevit
873 4920 969 4976 per
1004 4905 1426 4966 Christianorum
1471 4913 1773 4970 voluntates
1802 4916 1997 4986 bonas,

418 4995 516 5050 sed
544 5010 641 5066 per
675 4996 980 5053 Judzeorum
1008 5001 1174 5055 malas
1197 5018 1212 5054 :
1232 5010 1287 5056 et
1310 5002 1376 5058 ad
1406 5020 1526 5059 eum
1560 5008 1734 5075 potius
1761 5008 1999 5078 pertine-

421 5087 549 5141 bant
584 5088 675 5156 qui
713 5088 968 5145 nolebant
991 5090 1133 5160 quod
1165 5092 1409 5161 volebat,
1441 5108 1597 5165 quam
1625 5097 1698 5151 illi
1740 5113 1838 5167 per
1864 5114 1997 5169 quos

418 5177 656 5234 volentes
684 5178 881 5237 factum
906 5191 989 5237 est
1013 5181 1155 5253 quod
1185 5184 1422 5251 volebat;
1449 5186 1573 5255 quia
1611 5188 1836 5259 idipsum
1875 5192 1995 5262 qui-

416 5268 572 5334 dem,
599 5269 695 5324 sed
721 5271 834 5341 ipse
857 5287 954 5344 per
985 5288 1079 5330 eos
1120 5273 1256 5330 bona
1275 5315 1292 5340 ,
1320 5275 1396 5331 illi
1423 5286 1600 5333 autem
1627 5281 1762 5336 mala
1804 5283 1993 5339 volun-

418 5367 524 5413 tate
548 5357 805 5417 fecerunt.

485 5447 714 5506 CAPUT
756 5451 862 5509 Cll.
902 5484 974 5495 -
1024 5452 1272 5511 Voluntas
1321 5456 1419 5512 Dei
1462 5458 1653 5513 invicta
1699 5478 1915 5533 semper,
1943 5475 1991 5520 et

416 5557 670 5610 nunquam
714 5544 881 5611 mala,
941 5546 1044 5599 sive
1091 5547 1404 5616 misereatur,
1449 5549 1551 5604 sive
1611 5553 1841 5607 obduret.
1882 5553 1988 5610 Sed

414 5632 758 5701 quarumlibet
785 5635 891 5690 sint
915 5634 1219 5695 voluntates
1246 5640 1331 5695 vel
1358 5641 1673 5713 angelorum
1698 5645 1783 5702 vel
1810 5645 1981 5703 homi-

483 5748 497 5780 ¹
526 5750 597 5798 sic
619 5756 722 5801 Mss.
752 5758 803 5803 At
823 5758 928 5804 ιον.
951 5756 1006 5804 et
1028 5758 1159 5816 Am,
1181 5764 1332 5818 neque
1352 5756 1477 5808 enim
1491 5756 1595 5811 ists.

1032 308 1487 381 ENCIIIIKIDION,
1532 314 1687 371 SlVE
1730 316 1817 372 DE
1857 316 2021 371 FIDE.

2129 316 2201 372 PE
2239 318 2657 400 CllAlllTATE,
2698 334 2754 392 S.
2797 339 3167 405 AUGUSTINI

414 396 429 482 l
527 415 755 474 CAPUT
770 420 833 475 c.
863 450 935 460 —
960 420 1049 476 εδ.
1079 421 1231 479 Nihil
1256 426 1367 495 ﬁeri
1392 437 1574 497 ρνιειεν
1593 429 1900 486 voluntatem
1927 431 2041 497 Dei,

422 508 430 576 ί
456 510 609 562 etiam
635 509 760 562 dum
784 511 843 578 fit
864 522 1041 567 contra
1066 515 1176 585 ejus
1196 518 1520 574 voluntatem.
1558 521 1681 578 llaec
1705 532 1834 579 sunt
1860 541 2047 593 magna

2151 636 2363 694 semper
2386 628 2578 687 invicta
2606 645 2724 692 est:
2748 655 2867 710 quas
2892 648 3029 702 mala
3060 664 3181 707 esse
3218 670 3485 727 nunquam
3517 672 3725 732 potest;

2151 715 2272 783 quia
2299 720 2462 821 etiam
2486 724 2502 754 ⁸
2524 740 2644 780 cum
2666 732 2802 787 mala
2832 734 3034 808 irrogat
3052 781 3067 805 ,
3091 741 3233 811 justa
3261 715 3376 816 esti,
3410 760 3463 805 et
3489 715 3729 821 profecto

2149 822 2270 874 qme
2290 808 2433 879 justa
2474 824 2556 870 est
2574 819 2618 884 ²,
2647 822 2783 877 mala
2824 840 2932 882 non
2977 840 3081 887 est.
3122 834 3264 892 Deus
3292 839 3452 909 igitur
3477 846 3727 918 omnipo~

2152 906 2269 953 tcns
2310 901 2424 957 sive
2450 919 2548 974 per
2589 909 3006 975 misericordiam
3046 924 3198 995 cujus
3236 930 3349 985 vult
3386 901 3723 1006 misereatur,

2147 988 2271 1097 sive.
2289 1008 2387 1097 per
2397 995 2655 1066 judicium
2681 1020 2837 1075 quem
2863 1012 2977 1067 vult
3000 1014 3223 1074 obduret
3242 1060 3259 1087 ,
3291 1037 3391 1078 nec
3418 1025 3596 1097 inique
3622 1031 3723 1085 alio

2147 1082 2272 1149 quid
2303 1083 2457 1155 facit,
2489 1106 2587 1146 nec
2619 1094 2716 1150 nisi
2748 1098 2935 1157 volens
2960 1082 3254 1179 quidquam
3274 1111 3431 1183 facit,
3464 1082 3525 1172 et.
3548 1082 3726 1177 omnia

2146 1185 2493 1248 quaecumque
2519 1184 2659 1253 vult,
2690 1186 2836 1245 facit.

2216 1264 2442 1367 CAPUT
2469 1270 2699 1328 Clll.—
2720 1278 2812 1333 27.
2852 1281 3126 1342 Excutitur
3152 1292 3341 1348 dictum
3382 1296 3614 1367 Apostoli
3655 1308 3726 1360 ad

2144 1351 2462 1414 Timotheum
2480 1404 2495 1430 ,
2533 1382 2553 1416 ‹
2586 1366 2686 1435 Qui
2713 1373 2825 1427 vult
2845 1388 3031 1434 omnes
3054 1378 3301 1441 homines
3322 1351 3499 1447 salvos
3523 1392 3661 1452 ﬁeri.
3696 1415 3721 1452 ι

2143 1446 2221 1501 Ac
2241 1462 2341 1557 per
2366 1452 2467 1508 hoc
2482 1469 2600 1511 cum
2622 1461 2864 1521 audimus
2881 1477 2935 1523 et
2960 1470 3015 1525 in
3029 1476 3197 1530 sacris
3214 1476 3431 1540 Litteris
3458 1484 3683 1557 legimus
3703 1532 3721 1557 ,

2140 1541 2283 1608 quod
2309 1545 2435 1600 velit
2461 1562 2650 1607 omnes
2673 1552 2917 1614 homines
2940 1563 3120 1622 salvos
3148 1567 3263 1624 fieri
3284 1612 3298 1635 ,
3327 1541 3572 1644 quamvis
3596 1541 3723 1636 cer:

2141 1640 2252 1687 tum
2278 1635 2348 1690 sit
2388 1640 2540 1696 nobis
2580 1660 2687 1701 non
2728 1664 2914 1707 omnes
2951 1655 3194 1716 homines
3222 1635 3398 1722 salvos
3424 1669 3577 1740 ﬁeri,
3611 1688 3724 1732 non

2142 1730 2317 1780 tamen
2342 1728 2463 1784 ideo
2486 1732 2745 1793 debemus
2769 1744 3306 1813 omnipotentissimze
3332 1756 3423 1812 Dei
3454 1728 3725 1822 voluntati

2139 1814 2336 1923 aliquid
2368 1819 2667 1919 derogare;
2698 1830 2792 1885 sed
2832 1831 2902 1886 ita
2936 1836 3233 1910 intelligere
3277 1848 3418 1914 quod

2138 1913 2250 1970 est,
2279 1906 2379 1973 Qui
2403 1926 2575 1967 omnes
2603 1915 2828 1974 homines
2861 1926 2969 1978 vult
2993 1906 3158 1983 salvos
3187 1906 3327 2001 ﬁeri,
3357 1906 3726 2009 tanquam

2137 2006 2351 2052 ceretur
2376 2002 2581 2059 nullum
2604 2005 2875 2067 hominem
2897 2016 3010 2072 ﬁeri
3035 2020 3239 2077 salvum
3256 2065 3271 2091 ,
3295 2027 3396 2082 nisi
3418 2002 3577 2099 quem
3601 2032 3723 2092 ﬁeri

2136 2082 2253 2153 ipse
2294 2088 2559 2147 voluerit:
2587 2111 2692 2151 non
2735 2103 2877 2169 quod
2926 2108 3102 2163 nullus
3154 2113 3225 2167 sit
3257 2082 3579 2191 hominum,
3612 2123 3722 2183 nisi

2135 2191 2295 2246 quem
2324 2181 2528 2239 salvum
2575 2187 2692 2244 ﬁeri
2736 2194 2891 2262 velit;
2922 2197 3016 2254 sed
3060 2204 3204 2272 quod
3243 2207 3419 2266 nullus
3456 2181 3584 2282 ﬁat,
3616 2181 3722 2275 nisi

2135 2283 2292 2338 quem
2322 2275 2489 2343 velit;
2517 2288 2572 2334 et
2614 2281 2736 2338 ideo
2773 2286 2843 2340 sit
2880 2292 3147 2360 rogandus
3187 2305 3246 2351 ut
3289 2301 3447 2369 velit,
3474 2275 3596 2375 quia
3623 2324 3719 2366 ne-

2134 2375 2286 2419 cesse
2309 2374 2391 2420 est
2411 2367 2524 2423 ﬁeri
2546 2371 2592 2425 si
2622 2374 2866 2432 voluerit.
2896 2380 2971 2435 De
2996 2382 3209 2441 orando
3226 2367 3566 2460 quippe-Deo
3591 2412 3717 2468 age-

2133 2454 2224 2508 bat
2241 2457 2528 2526 Apostolus
2550 2503 2567 2529 ,
2597 2474 2657 2519 ut
2677 2466 2778 2523 hoc
2803 2469 3024 2528 diceret.
3052 2475 3142 2533 Sic
3168 2454 3709 2560 enim—intelligimus,

2134 2549 2348 2617 etquod
2379 2550 2438 2606 in
2469 2553 2759 2627 Evangelio
2787 2563 3041 2633 scriptum
3067 2578 3181 2636 est,
3209 2572 3310 2640 Qui
3331 2549 3582 2634 illuminat
3600 2549 3714 2637 om;

2132 2654 2246 2691 nem
2274 2640 2524 2698 hominem
2553 2645 2730 2717 (Joan.
2757 2667 2805 2720 ι,
2827 2652 2882 2725 9)
2906 2670 2920 2709 :
2946 2672 3050 2712 non
3080 2662 3203 2730 quia
3225 2665 3398 2721 nullus
3423 2676 3506 2723 est
3542 2670 3715 2729 homi-

2132 2746 2259 2787 num
2285 2735 2377 2804 qui
2403 2752 2511 2793 non
2531 2739 2882 2814 illuminetur,
2905 2749 2998 2804 sed
3025 2753 3147 2823 quia
3172 2756 3273 2811 nisi
3304 2760 3370 2815 ab
3396 2761 3513 2832 ipso
3537 2766 3713 2823 nullus

2131 2824 2479 2886 illuminatur.
2507 2832 2615 2887 Aut
2641 2845 2789 2894 certe
2817 2839 2894 2895 sic
2922 2839 3123 2899 dictum
3149 2855 3258 2913 est,
3295 2850 3396 2917 Qui
3417 2824 3590 2911 omnes
3614 2858 3711 2912 ho-

2129 2917 2287 2973 mines
2309 2920 2414 2975 vult
2438 2923 2603 2979 salvos
2626 2927 2771 2995 ﬁeri;
2788 2946 2896 2987 non
2910 2936 3051 3004 quod
3073 2940 3248 2995 nullus
3274 2941 3545 3001 hominum
3568 2958 3712 3006 esset

2130 3025 2291 3079 quem
2334 3014 2537 3070 salvum
2570 3018 2685 3073 ﬁeri
2727 3022 2925 3093 nollet,
2951 3028 3043 3096 qui
3072 3029 3295 3088 virtutes
3332 3035 3708 3097 miraculorum

2130 3102 2304 3159 facere
2324 3106 2496 3163 noluit
2519 3111 2660 3179 apud
2680 3128 2774 3170 eos
2792 3130 2927 3186 quos
2949 3118 3075 3175 dicit
3100 3132 3314 3181 acturos
3343 3127 3503 3187 fuisse
3528 3134 3707 3202 pleni-

2127 3193 2345 3249 tentiam
2372 3198 2416 3250 si
2445 3197 2659 3257 fecisset
2682 3221 2695 3256 :
2719 3205 2812 3261 sed
2840 3218 2897 3262 ut
2921 3226 3092 3267 omnes
3112 3213 3340 3272 homines
3357 3234 3513 3277 omne
3528 3193 3705 3293 genus

2126 3280 2415 3340 humanum
2439 3285 2461 3318 ³
2491 3288 2845 3364 intelligamus
2873 3312 2970 3368 per
2995 3315 3355 3377 quascumque
3379 3280 3705 3373 diﬂerEntias

2124 3372 2494 3445 distributum,
2520 3396 2706 3451 reges,
2737 3386 2973 3455 privatos
2995 3433 3011 3458 ,
3039 3372 3288 3463 nobiles,-
3310 3398 3590 3471 ignobiles,

2126 3465 2334 3536 blimes,
2364 3468 2621 3540 humiles,
2651 3475 2868 3546 doctos,
2896 3480 3171 3555 indoctos,
3203 3465 3395 3559 integri
3432 3465 3701 3563 corporis,

2121 3556 2359 3623 debiles,
2411 3562 2751 3634 ingeniosos,
2811 3571 3167 3643 tardicordes,
3216 3556 3429 3651 fatuos,
3474 3556 3701 3656 divites,

2123 3662 2411 3719 pauperes,
2466 3655 2791 3727 mediocres,
2850 3677 3067 3733 mares,
3116 3665 3377 3737 feminas,
3432 3671 3701 3742 infantes,

2123 3753 2349 3808 pueros,
2380 3743 2777 3815 adolescentes,
2817 3750 3076 3821 juvenes,
3107 3757 3378 3827 seniores,
3420 3774 3609 3830 senes;
3646 3765 3706 3823 in

2121 3832 2312 3904 linguis
2358 3838 2640 3906 omnibus,
2687 3841 2743 3896 in
2785 3846 3025 3901 moribus
3066 3849 3348 3917 omnibus,
3395 3852 3450 3909 in
3493 3856 3702 3915 artibus

2118 3926 2366 3982 omnibus
2387 3970 2402 3997 ,
2435 3930 2488 3984 in
2518 3931 2936 4001 professionibus
2976 3940 3252 4008 omnibus,
3282 3945 3335 3998 in
3366 3945 3700 4006 voluntatum

2118 4026 2171 4072 ct
2196 4022 2645 4081 conscientiarum
2674 4028 2931 4085 varietate
2956 4032 3330 4093 innumerabili
3355 4041 3696 4113 constitutos,

2117 4117 2170 4163 et
2196 4109 2241 4165 si
2264 4112 2390 4181 quid
2416 4115 2559 4170 aliud
2583 4116 3003 4177 differentiarum
3025 4133 3106 4180 est
3129 4125 3184 4181 in
3213 4127 3538 4187 hominibus.
3559 4109 3699 4200 Quid

2117 4208 2199 4254 est
2221 4201 2364 4256 enim
2387 4218 2571 4259 eorum
2594 4207 2734 4263 unde
2760 4224 2864 4265 non
2895 4212 3034 4268 Deus
3058 4229 3156 4283 per
3184 4215 3524 4288 Unigenitum
3540 4237 3698 4280 suum

2118 4292 2397 4348 Dominum
2425 4307 2664 4353 nostrum
2691 4315 2789 4369 per
2815 4317 3002 4359 omnes
3029 4315 3214 4375 gentes
3241 4309 3422 4366 salvos
3451 4312 3565 4367 fieri
3590 4312 3695 4370 ho-

2117 4382 2285 4441 mines
2314 4388 2476 4454 velit,
2508 4399 2562 4443 et
2597 4390 2720 4445 ideo
2756 4391 2914 4447 faciat
2938 4393 2982 4460 ‘,
3012 4398 3136 4465 quia
3185 4403 3528 4471 omnipotens
3554 4405 3696 4463 velle

2115 4475 2344 4530 inaniter
2380 4493 2485 4533 non
2516 4488 2691 4547 potest
2726 4483 3101 4556 quodcumque
3129 4490 3390 4546 voluerit?
3418 4493 3700 4566 Praesepe-

2114 4574 2196 4620 rat
2222 4567 2365 4622 enim
2391 4570 2678 4640 Apostolus
2704 4581 2761 4627 ut
2775 4585 3029 4632 oraretur
3055 4596 3147 4651 pro
3187 4583 3451 4638 omnibus“
3471 4585 3696 4641 homini-

2113 4658 2202 4712 bus
2227 4701 2242 4724 ,
2298 4669 2353 4716 et
2378 4663 2679 4732 specialiter
2702 4665 2978 4724 addiderat
3002 4686 3093 4740 pro
3129 4672 3328 4743 regibus
3361 4683 3406 4729 et
3440 4676 3503 4729 iis
3527 4678 3616 4747 qui
3640 4679 3697 4732 in

2109 4752 2418 4809 sublimitate
2448 4766 2593 4823 sunt,
2621 4760 2709 4829 qui
2742 4760 2917 4830 putari
2945 4772 3224 4831 poterant,
3253 4764 3389 4820 fastu
3417 4776 3470 4822 et
3506 4783 3697 4838 super-

2109 4844 2193 4898 bia
2224 4848 2468 4902 sreculari
2497 4863 2527 4902 a
2564 4849 2686 4904 ﬁdei
2716 4852 3021 4907 christiana:
3050 4853 3347 4911 humilitate
3376 4857 3692 4915 abhorrere.

2110 4937 2339 4995 Proinde
2367 4940 2581 5007 dicens,
2617 4941 2731 4996 Hoc
2768 4944 2899 4997 enim
2938 4944 3123 4999 bonum
3142 4956 3216 5001 est
3244 4963 3413 5001 coram
3441 4949 3697 5006 salvatore

2109 5037 2277 5084 nostra
2303 5028 2409 5085 Deo
2429 5072 2444 5097 ,
2487 5031 2539 5085 id
2567 5039 2650 5086 est
2668 5073 2683 5097 ,
2712 5040 2771 5087 ut
2798 5034 2956 5088 etiam
2988 5050 3085 5104 pro
3110 5036 3304 5092 talibus
3330 5047 3544 5105 oretur;
3578 5049 3692 5095 sta-

2109 5124 2200 5177 tim
2245 5132 2306 5178 ut
2342 5124 2766 5194 desperationem
2820 5126 3060 5195 tolleret,
3089 5128 3326 5197 addidit,
3371 5130 3473 5197 Qui
3515 5148 3691 5188 omnes

2106 5213 2331 5269 homines
2354 5216 2458 5268 vult
2498 5216 2662 5270 salvos
2688 5216 2800 5285 ﬁeri
2817 5258 2831 5279 ,
2858 5225 2903 5271 et
2930 5217 2981 5271 in
3010 5220 3317 5289 agnitionem
3344 5221 3567 5276 veritatis
3593 5237 3685 5276 ve-

2167 5331 2183 5361 ι
2217 5328 2415 5389 Quidam
2437 5328 2564 5394 libri,
2601 5341 2711 5394 quin
2739 5329 2901 5394 etiam.

2164 5394 2185 5467 ξ
2217 5398 2352 5467 ἔρνη
2372 5389 2636 5467 «nam
2775 5392 2862 5467 Atii
2883 5391 3095 5467 θρωπε,
3118 5392 3370 5467 misse
3388 5398 3476 5467 et-

2164 5453 2435 5525 ftvonnulli
2475 5453 2590 5525 uss:
2613 5455 2877 5525 omittunt,_
2900 5453 3197 5525 hummtum;
3233 5453 3296 5506 'et
3335 5457 3529 5520 quidam
3575 5470 3691 5507 cum

2102 5514 2317 5578 editione
2340 5517 2519 5575 Danaai,
2545 5516 2652 5578 ejus
2676 5514 2781 5566 loco
2803 5517 3001 5578 habent,
3020 5514 3279 5567 hominum.

2161 5576 2182 5650 ξ
2216 5583 2395 5650 ltnus_e
2419 5576 2654 5650 Vaticanis
2826 5576 2927 5642 βαι·
3105 5637 3116 5649 ,
3217 5638 3246 5650 ..
3352 5648 3382 5650 _.
3449 5640 3459 5649 -

2157 5639 2180 5671 ⁸
2213 5645 2313 5688 Am.
2347 5644 2422 5686 Er.
2468 5644 2584 5690 Dan.
2640 5646 2692 5689 et
2738 5638 2886 5703 nov},
2938 5650 3026 5700 pro
3072 5638 3285 5703 singulis.
3352 5640 3522 5703 verius
3577 5648 3685 5703 Mss.

2095 5713 2271 5763 magno
2310 5713 2577 5767 consensu,
2601 5716 2689 5770 pro
2721 5701 2948 5754 omnibus.
3094 5699 3223 5753 enim
3259 5699 3535 5764 Apostolus,
3582 5702 3689 5755 loco

2094 5771 2254 5815 allato.
