4046 6332
262 326 348 384 ,8,
1673 309 1876 365 LIBER
1916 309 2114 369 UNUS.

218 426 223 459 ξ
260 448 362 500 nire
385 440 428 513 (I
461 440 593 503 Tim.
624 456 686 508 ιι,
712 438 850 511 1-4),
882 437 995 495 Hoc
1016 436 1209 508 quippe
1239 434 1378 490 Deus
1408 434 1605 488 bonum
1631 430 1838 502 judica-

259 538 361 603 vit,
384 544 438 589 ut
460 533 793 590 orationibus
820 530 1097 585 humilium
1125 528 1433 598 dignaretur
1458 524 1679 579 salutem
1706 537 1842 593 prmo

256 641 396 688 stare
419 627 734 684 sublimium
756 642 769 678 :
790 623 931 694 quod
950 623 1132 693 utique
1150 621 1259 691 jam
1277 618 1517 673 videmus
1541 615 1838 685 impletum.

257 722 360 777 Isto
384 718 675 775 locutionis
698 715 860 772 modo
890 723 946 770 et
969 712 1225 770 Dominus
1252 720 1333 767 est
1362 724 1493 765 usus
1522 709 1574 762 in
1598 707 1838 776 Evange—

256 814 325 869 lio
342 854 360 879 ,
388 811 480 866 ubi
518 811 594 865 ait
620 807 908 865 Pharismis
932 847 947 874 ,
980 804 1253 859 Decimatis
1277 812 1497 856 mentum
1518 842 1534 866 ,
1566 807 1613 853 et
1636 806 1804 852 rutam
1821 837 1838 864 ,

256 915 303 961 et
328 920 476 958 omne
505 903 619 956 olus
647 898 798 972 (Luc.
839 914 927 965 χι,
967 896 1081 968 42).
1113 895 1294 965 Neque
1321 893 1465 949 enim
1495 888 1750 946 Pharisaei
1788 894 1843 943 et

256 1008 605 1069 quaecumque
628 992 803 1047 aliena
830 998 885 1045 et
920 988 1157 1043 omnium
1185 1001 1281 1056 per
1307 999 1495 1039 omnes
1518 992 1688 1037 terras
1708 979 1841 1035 alie-

257 1091 566 1160 nigenarum
596 1085 777 1140 omnia
820 1082 962 1137 olera
1006 1078 1361 1134 decimabant.
1388 1074 1536 1131 Sicut
1580 1086 1707 1143 ergo
1752 1069 1841 1125 hic

256 1198 401 1238 omne
423 1182 539 1235 olus
558 1220 576 1247 ,
603 1193 765 1234 omne
793 1175 996 1231 olerum
1018 1187 1219 1243 genus;
1244 1170 1313 1224 ita
1344 1176 1398 1224 et
1416 1167 1527 1223 illic
1554 1180 1723 1220 omnes
1746 1163 1842 1217 ho-

256 1275 413 1328 mines
433 1312 449 1339 ,
480 1286 644 1328 omne
668 1268 944 1324 hominum
976 1279 1144 1336 genus
1184 1262 1481 1331 intelligere
1518 1271 1839 1328 possumus:

257 1376 307 1423 et
328 1378 671 1437 quocumque
695 1362 802 1416 alio
827 1358 985 1414 modo
1013 1355 1236 1426 intelligi
1265 1360 1478 1424 potest,
1506 1350 1633 1405 dum
1664 1360 1841 1404 tamen

258 1456 475 1512 credere
523 1468 633 1509 non
679 1465 935 1521 cogamur
975 1444 1173 1517 aliquid
1216 1443 1634 1513 omnipotentem
1676 1438 1841 1493 Deum

258 1546 489 1603 voluisse
510 1544 626 1600 fieri
646 1587 662 1611 ,
692 1542 995 1611 factumque
1020 1554 1127 1594 non
1151 1551 1298 1603 esse;
1330 1535 1419 1605 qui
1446 1534 1561 1588 sine
1587 1531 1707 1586 ullis
1731 1545 1844 1584 am-

260 1638 603 1710 biguitatibus
619 1676 638 1703 ,
666 1634 713 1689 si
741 1635 794 1687 in
819 1632 941 1687 caelo
965 1640 1012 1685 et
1036 1630 1091 1701 in
1121 1637 1276 1693 terra,
1309 1627 1445 1681 sicut
1468 1640 1591 1680 eum
1612 1620 1840 1677 veritas‘

259 1737 455 1798 cantat,
493 1727 667 1783 omnia
716 1737 1042 1796 quiscumque
1088 1719 1279 1786 voluit,
1304 1718 1457 1787 fecit,
1485 1716 1657 1786 (Psal.
1688 1728 1841 1779 cxnt,

260 1822 367 1895 ll),
398 1819 646 1891 profecto
669 1817 846 1872 facere
872 1814 1044 1868 uoluit
1068 1811 1438 1883 quodcumque
1460 1823 1567 1863 non
1592 1807 1735 1861 fecit.

321 1910 554 1968 CAPUT
594 1909 729 1965 CIV.
769 1938 842 1948 —
865 1906 955 1961 28.
992 1904 1121 1970 Quae
1150 1902 1300 1975 fuerit
1342 1901 1573 1955 voluntas
1601 1897 1695 1951 Dei
1725 1912 1846 1967 erga

256 2003 542 2066 Mantum,
588 2016 736 2071 quem
787 2005 1110 2069 peccaturum
1161 1993 1475 2065 praesciebat.
1514 1991 1847 2059 Quapropter

254 2097 414 2153 etiam
436 2096 670 2166 primum
694 2092 966 2147 hominem
994 2089 1135 2144 Deus
1156 2087 1211 2141 in
1237 2101 1299 2142 ea
1320 2085 1491 2139 salute
1510 2083 1563 2137 in
1589 2095 1691 2151 qua
1712 2095 1845 2135 con-

254 2188 401 2243 ditus
449 2193 592 2252 erat,
637 2182 910 2240 custodire
952 2181 1237 2247 voluisset,
1272 2190 1502 2247 eumque
1547 2181 1847 2245 opportuno

255 2290 499 2351 tempore
536 2288 658 2350 post
684 2278 895 2347 genitos
922 2274 1060 2329 filios
1086 2274 1202 2328 sine
1229 2268 1633 2341 interpositione
1661 2266 1849 2321 mortis

255 2371 321 2424 ad
350 2371 575 2426 meliora
602 2368 897 2439 perducere
916 2407 932 2433 ,
966 2364 1054 2419 ubi
1079 2364 1191 2435 jam
1232 2378 1340 2417 non
1368 2361 1544 2416 solum
1571 2364 1847 2428 peccatum

257 2477 358 2517 non
384 2464 406 2494 ’
433 2461 805 2523 committere,
835 2456 928 2511 sed
960 2470 1061 2510 nec
1080 2455 1407 2508 voluntatem
1438 2459 1623 2522 posset
1647 2449 1848 2503 habere

258 2552 551 2624 peccandi,
596 2551 641 2605 si
687 2549 754 2603 ad
804 2544 1228 2618 permanendum
1271 2544 1387 2599 sine
1432 2549 1680 2612 peccato,
1710 2539 1851 2594 sicut

258 2644 424 2698 lactus
469 2651 626 2706 erat,
659 2648 967 2711 perpetuam
1011 2638 1337 2691 voluntatem
1380 2634 1683 2689 habiturum
1730 2644 1849 2685 esse

259 2734 582 2802 pmscisset.
615 2732 748 2800 Quia
775 2746 903 2785 vero
939 2744 1062 2784 eum
1090 2728 1228 2782 male
1254 2739 1474 2782 usurum
1504 2722 1673 2778 libero
1702 2719 1846 2776 arbi-

261 2828 387 2891 trio,
416 2827 526 2880 hoc
570 2834 654 2879 cst
694 2833 1038 2894 peccaturum
1081 2836 1201 2876 esse
1252 2816 1601 2890 prtesciehat,
1632 2815 1698 2870 ad
1748 2814 1850 2869 hoc

262 2918 433 2986 potius
461 2916 786 2987 praeparavit
810 2915 1138 2968 voluntatem
1171 2926 1350 2976 suam,
1380 2920 1438 2965 ut
1462 2910 1598 2965 bene
1626 2908 1741 2979 ipse
1767 2906 1848 2962 fa-

260 3018 400 3063 ceret
426 3010 592 3063 etiam
616 3006 685 3062 de
714 3007 855 3061 male
884 3004 1141 3070 faciente,
1172 3018 1235 3057 ac
1280 3003 1358 3057 sic
1398 2999 1631 3056 hominis
1657 3000 1849 3053 volun-

262 3108 363 3154 tate
388 3100 532 3155 mala
562 3113 670 3154 non
702 3105 1073 3163 evacuaretur,
1104 3094 1199 3151 sed
1223 3094 1569 3149 nihilominus
1599 3091 1851 3162 implere-

266 3200 345 3245 tur
367 3189 753 3260 omnipotentis
780 3188 940 3245 bona.

328 3283 557 3339 CAPUT
599 3281 711 3338 CV.
743 3310 817 3323 --
850 3280 1095 3335 Voluntas
1120 3278 1338 3334 hominis
1361 3278 1429 3332 ad
1457 3277 1640 3331 bonum
1668 3283 1715 3330 et
1741 3291 1851 3329 ma-

266 3374 361 3428 lum
383 3376 535 3429 aliter
562 3374 721 3429 libera
747 3374 802 3427 in
828 3373 990 3444 primo
1032 3380 1166 3427 statu
1188 3413 1205 3440 ,
1236 3371 1383 3425 aliter
1427 3372 1483 3424 in
1523 3369 1721 3424 ultimo.
1761 3365 1852 3422 Sic

266 3468 397 3521 enim
426 3467 711 3539 oportebat
735 3466 883 3537 prius
911 3464 1178 3519 hominem
1206 3462 1320 3518 ﬁeri
1340 3503 1356 3530 ,
1385 3469 1445 3516 ut
1472 3469 1527 3515 et
1553 3459 1691 3514 bene
1715 3457 1850 3513 velle

266 3569 466 3628 posset,
494 3568 551 3614 et
575 3558 750 3623 male;
791 3571 891 3611 nec
917 3556 1101 3627 gratis,
1133 3555 1179 3609 si
1208 3554 1375 3619 bene;
1405 3567 1505 3607 nec
1531 3552 1776 3622 impune,
1803 3548 1849 3605 si

267 3650 397 3705 male
423 3670 436 3704 :
467 3657 654 3721 postea
678 3663 808 3705 vero
837 3648 913 3703 sic
942 3648 1066 3713 erit,
1096 3655 1155 3701 ut
1180 3645 1318 3700 male
1345 3644 1483 3699 velle
1512 3658 1617 3697 non
1648 3643 1846 3712 possit;

266 3757 357 3797 nec
380 3742 498 3797 ideo
523 3742 696 3797 libero
722 3740 927 3797 carebit
949 3738 1192 3794 arbitrio.
1215 3737 1382 3791 Multo
1409 3736 1605 3806 quippe
1628 3733 1847 3789 liberius

264 3837 359 3890 erit
384 3837 667 3892 arbitrium
688 3877 702 3901 ,
725 3834 870 3907 quod
896 3834 1118 3889 omnino
1143 3848 1250 3888 non
1279 3831 1474 3902 poterit
1502 3829 1704 3885 servire
1724 3843 1849 3898 pec-

260 3936 395 3981 cato.
423 3925 611 3997 Neque
634 3926 779 3981 enim
818 3923 1080 3994 culpanda
1120 3933 1202 3977 est
1230 3923 1507 3988 voluntas,
1535 3931 1627 3976 aut
1654 3921 1847 3975 volun-

259 4025 339 4070 tas
366 4031 471 4071 non
512 4024 630 4082 est,
657 4025 750 4070 aut
784 4015 951 4069 libera
995 4013 1219 4067 dicenda
1264 4027 1369 4067 non
1414 4020 1528 4076 est,
1561 4025 1664 4081 qua
1706 4010 1846 4065 beati

258 4122 375 4161 esse
399 4107 480 4161 sic
504 4106 756 4160 volumus
775 4147 791 4170 ,
823 4114 879 4157 ut
904 4118 1023 4159 esse
1049 4103 1229 4158 miseri
1261 4118 1366 4157 non
1395 4102 1568 4155 solum
1592 4100 1843 4165 nolimus,

258 4198 351 4253 sed
392 4212 729 4267 nequaquam
770 4210 991 4266 prorsus
1016 4194 1154 4248 velle
1195 4193 1480 4262 possimus.
1529 4191 1678 4247 Sicut
1718 4205 1848 4260 ergo

257 4291 430 4343 anima
456 4276 641 4344 nostra
667 4289 827 4344 etiam
851 4302 991 4342 nunc
1017 4287 1161 4341 nolle
1187 4284 1578 4350 infelicitatem,
1607 4285 1678 4338 ita
1704 4284 1846 4340 nolle

256 4381 591 4450 iniquitatem
636 4394 853 4450 semper
896 4378 1141 4433 habitura
1185 4386 1286 4432 est.
1320 4376 1426 4432 Sed
1458 4376 1591 4432 ordo
1619 4385 1845 4446 prmtcr-

257 4474 549 4529 mittendus
595 4489 701 4528 non
751 4472 882 4539 fuit,
912 4472 964 4526 in
1010 4486 1116 4541 quo
1170 4471 1309 4525 Deus
1354 4470 1519 4524 voluit
1563 4468 1847 4524 ostendere

257 4581 413 4635 quam
456 4566 657 4619 bonum
709 4564 779 4617 sit
819 4562 1013 4616 animal
1058 4561 1318 4616 rationale
1360 4560 1501 4631 quod
1548 4561 1708 4615 etiam
1740 4574 1846 4614 non

257 4670 482 4726 peccare
532 4654 699 4726 possit
727 4654 769 4719 ³,
800 4653 1047 4723 quamvis
1092 4652 1163 4706 sit
1210 4652 1400 4707 melius
1440 4651 1580 4722 quod
1627 4666 1847 4721 peccare

258 4763 360 4801 non
385 4747 556 4816 possit
586 4762 599 4797 :
628 4745 768 4799 sicut
789 4745 962 4799 minor
982 4744 1080 4798 fuit
1108 4743 1480 4799 immortalitas
1500 4784 1515 4807 ,
1547 4742 1642 4797 sed
1671 4751 1845 4798 tamen

258 4838 353 4893 fuit
373 4881 388 4905 ,
419 4840 472 4893 in
517 4853 621 4907 qua
665 4846 846 4907 posset
874 4837 1032 4891 etiam
1062 4852 1171 4891 non
1197 4836 1367 4903 mori,
1397 4836 1643 4907 quamvis
1679 4836 1849 4908 major

257 4932 429 4985 futura
458 4931 532 4985 sit
556 4931 609 4984 in
640 4945 741 4999 qua
765 4944 869 4984 non
898 4928 1067 4999 possit
1093 4928 1249 4984 mori.

323 5023 555 5080 CAPUT
593 5022 727 5077 CVI.
745 5053 814 5061 —
840 5021 1025 5077 Libero
1067 5023 1278 5077 arbitrio
1299 5022 1466 5093 gratia
1491 5023 1770 5075 necessaria
1794 5023 1848 5077 in

259 5120 423 5185 primo
443 5126 492 5172 et
514 5116 733 5172 secundo
775 5124 933 5170 statu.
984 5114 1132 5170 Illam
1153 5115 1230 5188 (a)
1254 5124 1439 5171 natura
1471 5114 1700 5171 humana
1723 5128 1847 5185 per-

316 5270 336 5301 ¹
373 5270 447 5317 sic
468 5275 575 5318 Mss.
600 5266 717 5317 Editi
737 5278 877 5325 vero,
894 5266 1017 5317 sicut
1038 5271 1085 5316 et
1106 5264 1297 5318 veritas.

316 5333 339 5362 ³
379 5332 541 5387 Abest,
566 5341 679 5386 non,
702 5329 765 5377 ab
788 5329 1009 5379 clunibus
1033 5342 1183 5391 prope
1206 5337 1312 5380 Mss.

316 5394 341 5423 ³
376 5399 477 5462 am.
502 5397 575 5439 Fr.
600 5395 948 5462 Dan.‘etqt.ov.,
976 5390 1104 5462 quod
1124 5390 1267 5462 etiam
1289 5393 1753 5462 peccarepossitset
1766 5398 1844 5462 jn-

254 5453 343 5509 fra.
372 5454 421 5501 in
452 5464 550 5524 qua
580 5458 737 5524 posset
764 5452 912 5524 etiam
932 5452 1056 5524 mori
1078 5463 1097 5502 :
1131 5455 1304 5524 omissa
1330 5452 1543 5524 negante
1580 5452 1842 5521 partimla;

252 5528 402 5582 quam
424 5511 635 5582 utroque
653 5511 762 5582 loco
783 5514 833 5563 in
866 5513 1115 5577 plerisque
1141 5522 1245 5564 Mss.
1270 5511 1559 5582 reperimus,
1580 5511 1770 5573 necnon
1793 5511 1842 5573 in

259 5574 476 5626 editione
498 5574 704 5625 Arualdi.

318 5640 395 5697 (a)
426 5644 617 5687 Frustra
630 5643 800 5687 monet
820 5639 1100 5689 tambcrtus
1118 5646 1316 5689 Danmus
1336 5650 1391 5691 ut
1418 5642 1554 5694 Illam
1575 5643 1843 5698 referamus

254 5701 313 5747 ad
336 5699 917 5766 voluntatcm__h_mnlnis,
955 5701 1017 5749 de
1049 5717 1141 5763 qua
1180 5706 1413 5766 superiori
1453 5707 1630 5766 czqiite.
1677 5712 1840 5759 vei-iur

256 5769 388 5813 rem
430 5761 675 5813 Lombardi
710 5764 1047 5816 interpretatio
1069 5761 1155 5815 Istc
1177 5761 1332 5815 locum
1355 5761 1545 5821 citantis
1577 5771 1625 5819 iu
1641 5768 1671 5818 ‘2
1687 5777 1837 5836 δορις

3425 337 3533 396 Ξεῖ

1951 432 2083 489 didit
2104 450 2200 504 per
2218 436 2443 495 liberum
2475 441 2751 499 arbitrium
2779 461 2794 510 ;
2826 445 2963 502 hanc
2984 456 3066 504 est
3111 457 3391 520 acceptura
3426 467 3525 522 per

1948 527 2194 596 gratiam,
2219 544 2376 599 quam
2399 530 2591 601 fuerat,
2623 534 2669 589 si
2697 550 2800 591 non
2823 548 3403 610 peccasset,acceptura
3433 558 3529 613 per

1947 618 2196 673 meritum
2229 638 2242 674 :
2290 624 2531 691 quamvis
2559 626 2675 681 sine
2699 627 2864 697 gratia
2900 642 2999 684 nec
3018 637 3144 686 tunc
3168 631 3331 687 ullum
3361 635 3532 688 meri-

1948 716 2062 763 tum
2086 725 2205 766 esse
2246 714 2521 782 potuisset.
2544 715 2675 783 Quia
2706 718 2806 773 etsi
2837 728 3111 789 peccatum
3137 721 3189 775 in
3220 722 3335 777 solo
3358 722 3530 779 libero

1947 801 2168 857 arbitrio
2193 813 2307 859 erat
2326 807 2689 877 constitutum,
2723 818 3022 867 nontamen
3047 812 3267 882 iustitia:
3289 813 3528 869 retinen-

1948 891 2032 946 die
2076 894 2373 951 sufficiebat
2398 897 2623 953 liberum
2664 900 2960 967 arbitrium,
2990 901 3092 957 nisi
3114 902 3526 973 participatione

1950 984 2299 1045 immutabilis
2346 989 2472 1045 boni
2518 991 2754 1048 divinum
2804 993 3124 1063 adjutorium
3173 996 3529 1066 prmberetur.

1949 1076 2097 1134 Sicut
2115 1080 2256 1135 enim
2281 1082 2418 1137 mori
2462 1092 2543 1139 est
2571 1083 2623 1138 in
2652 1083 2883 1141 hominis
2928 1095 3191 1158 potestate
3234 1102 3357 1142 cum
3379 1088 3530 1153 velit,

1951 1185 2107 1226 nemo
2135 1181 2217 1227 est
2236 1173 2377 1228 enim
2400 1176 2488 1244 qui
2515 1190 2620 1229 non
2637 1176 2889 1246 seipsum,
2919 1186 2978 1234 ut
3001 1178 3132 1234 nihil
3157 1180 3298 1233 aliud
3328 1180 3528 1247 dicam,

1949 1263 2031 1317 vel
2058 1279 2163 1319 non
2180 1265 2445 1322 vescendo
2487 1268 2655 1337 possit
2682 1268 2964 1335 occidere;
3007 1271 3073 1326 ad
3098 1272 3259 1326 vitam
3294 1287 3423 1327 vero
3450 1281 3530 1326 te-

1951 1357 2178 1413 nendam
2202 1358 2445 1414 voluntas
2490 1374 2595 1414 non
2629 1361 2759 1417 satis
2786 1369 2891 1428 est,
2921 1361 2967 1417 si
2993 1362 3254 1432 adjutoria
3282 1363 3394 1418 sive
3434 1362 3534 1417 ali-

1951 1458 2248 1504 mentorum
2265 1450 2377 1505 sive
2394 1466 2847 1522 quorumcumque
2864 1454 3177 1508 tutaminum
3198 1454 3375 1509 desint
3405 1470 3420 1508 :
3450 1454 3531 1508 sic

1951 1542 2112 1596 homo
2136 1542 2191 1595 in
2233 1541 2478 1608 paradiso
2497 1541 2562 1597 ad
2593 1558 2651 1597 se
2678 1543 3030 1599 occidendum
3073 1544 3421 1614 relinquendo
3441 1545 3534 1615 ju-

1951 1633 2146 1688 stitiam
2176 1632 2397 1689 idoneus
2417 1642 2532 1688 erat
2555 1649 2652 1705 per
2680 1633 3025 1701 voluntatem,
3057 1644 3115 1690 ut
3149 1645 3326 1690 autem
3370 1636 3437 1690 ab
3461 1650 3529 1691 eo

1952 1734 2227 1780 teneretur
2244 1727 2346 1779 vita
2370 1725 2609 1795 justitim,
2640 1742 2825 1796 parum
2852 1736 2969 1782 erat
2997 1727 3157 1790 velle.
3195 1728 3295 1781 nisi
3324 1728 3410 1782 ille
3434 1727 3527 1797 qui

1950 1830 2073 1869 eum
2090 1814 2288 1870 fecerat
2314 1815 2607 1885 adjuvaret.
2636 1816 2743 1872 Sed
2771 1826 2889 1886 post
2913 1817 3058 1872 illam
3104 1817 3312 1871 ruinam
3352 1817 3525 1887 maior

1950 1914 2034 1959 est
2051 1904 2417 1960 misericordia
2438 1907 2553 1971 Dei,
2580 1908 2791 1977 quando
2812 1916 2868 1963 et
2905 1908 3077 1978 ipsum
3106 1908 3383 1963 arbitrium
3416 1910 3431 1939 ι
3463 1908 3533 1962 li-

1952 1995 2242 2050 berandum
2267 2004 2351 2051 est
2379 2010 2408 2050 a
2434 1998 2710 2064 servitute,
2742 1998 2828 2053 cui
2875 1997 3180 2053 dominatur
3203 2013 3326 2053 cum
3359 2006 3534 2053 morte

1955 2094 2246 2154 peccatum.
2278 2086 2388 2142 Nec
2427 2088 2648 2143 omnino
2692 2104 2788 2159 per
2828 2090 3087 2160 seipsum,
3117 2089 3209 2144 sed
3243 2105 3337 2159 per
3357 2090 3528 2144 solam

1955 2177 2045 2231 Dei
2071 2178 2313 2248 gratiam,
2337 2193 2456 2247 qua:
2486 2179 2537 2231 in
2569 2178 2671 2233 lide
2699 2178 2896 2234 Christi
2918 2181 3087 2249 posita
3114 2190 3218 2247 est,
3239 2181 3531 2248 liberatur;

1952 2278 2010 2322 ut
2033 2269 2279 2323 voluntas
2317 2269 2449 2340 ipsa,
2478 2270 2615 2324 sicut
2643 2274 2903 2341 scriptum
2930 2280 3031 2338 est,
3055 2286 3087 2326 a
3128 2271 3355 2327 Domino
3393 2287 3534 2341 prte-

1952 2369 2167 2430 paretur
2192 2360 2211 2429 (
2239 2359 2394 2415 Prov.
2445 2377 2557 2427 vui,
2582 2362 2673 2430 55,
2719 2379 2818 2417 sec.
2842 2362 2988 2417 LXX
3015 2363 3056 2433 ),
3076 2379 3179 2433 qua
3219 2373 3411 2421 caatera
3441 2364 3536 2420 Dei

1954 2467 2174 2509 munera
2243 2453 2557 2524 capiantur,
2619 2469 2713 2524 per
2757 2470 2877 2526 quae
2943 2456 3185 2512 veniatur
3223 2456 3290 2512 ad
3339 2470 3535 2513 munus

1955 2553 2235 2600 tetemum.

2024 2635 2251 2693 CAPUT
2290 2635 2444 2691 CVII.
2480 2666 2546 2680 —-
2583 2636 2699 2692 Vita
2723 2646 2911 2693 (eterna
2932 2654 3119 2694 merces
3146 2647 3193 2693 et
3221 2647 3385 2694 tamen
3406 2656 3527 2711 gra-

1954 2728 2045 2781 tia.
2079 2726 2323 2784 Voluntas
2347 2728 2445 2783 Dei
2470 2730 2532 2784 de
2556 2730 2755 2785 homine
2797 2741 3033 2801 peccante
3064 2733 3291 2802 impleta.
3314 2732 3468 2789 Unde
3483 2740 3542 2789 et

1954 2819 2123 2889 ipsam
2152 2820 2314 2874 vitam
2366 2831 2644 2886 aeternam,
2673 2838 2792 2893 qure
2817 2833 2965 2880 certe
2992 2828 3011 2856 '
3037 2840 3248 2881 merces
3291 2835 3375 2882 est
3402 2842 3535 2897 ope-

1954 2925 2072 2966 rum
2094 2911 2377 2980 bonorum,
2402 2914 2630 2984 gratiam
2655 2915 2749 2970 Dei
2775 2916 3012 2987 appellat
3053 2917 3346 2990 Apostolus
3375 2937 3390 2974 :
3424 2920 3536 2976 Sti-

1954 3002 2197 3072 pendium
2218 3004 2367 3070 enim,
2396 3004 2589 3075 inquit,
2614 3008 2807 3076 peccati
2842 3025 2977 3063 mors
3004 3026 3024 3075 ;
3049 3010 3213 3080 gratia
3256 3020 3422 3066 autem
3442 3010 3539 3067 Dei

1954 3093 2057 3146 vita
2079 3104 2269 3148 (eterna
2290 3095 2344 3149 in
2382 3094 2583 3151 Christo
2615 3097 2743 3152 Iesu
2781 3097 3008 3154 Domino
3037 3110 3210 3156 nostro
3235 3102 3252 3171 (
3282 3100 3439 3158 Rom.
3460 3118 3535 3170 γι,

1952 3181 2027 3237 25
2048 3183 2089 3253 ).
2120 3182 2450 3254 Stipendium
2476 3201 2573 3255 pro
2598 3202 2761 3257 opere
2788 3188 2993 3243 militia:
3016 3189 3250 3246 debitum
3274 3192 3534 3262 redditur,

1954 3289 2062 3329 non
2082 3273 2311 3330 donatur
2340 3294 2354 3329 :
2386 3275 2507 3332 ideo
2551 3276 2702 3345 dixit,
2760 3278 3082 3348 Stipendium
3132 3283 3322 3351 peccati
3355 3300 3537 3351 mors;

1953 3376 2013 3422 ut
2037 3376 2263 3422 mortem
2299 3378 2515 3437 peccato
2532 3384 2639 3424 non
2661 3370 2927 3426 immerito
2951 3372 3171 3440 illatam,
3193 3374 3285 3430 sed
3304 3375 3536 3431 debitam

1954 3458 2367 3514 demonstraret.
2402 3459 2583 3515 Gratia
2609 3476 2739 3517 vero
2783 3462 2887 3517 nisi
2905 3463 3071 3533 gratis
3095 3473 3199 3529 est,
3233 3467 3399 3536 gratia
3428 3483 3535 3523 non

1954 3559 2056 3605 est.
2080 3550 2482 3620 Intelligendum
2513 3560 2597 3607 est
2624 3552 2783 3623 igitur
2802 3553 2962 3610 etiam
3002 3554 3113 3625 ipsa
3143 3555 3373 3612 hominis
3397 3557 3536 3613 bona

1954 3640 2143 3696 merita
2181 3656 2303 3696 esse
2342 3641 2438 3698 Dei
2484 3657 2746 3710 munera;
2776 3644 2968 3715 quibus
3018 3659 3136 3700 cum
3182 3647 3287 3702 vita
3326 3657 3529 3705 aeterna

1954 3732 2217 3799 redditur,
2239 3732 2367 3803 quid
2392 3732 2493 3789 nisi
2521 3736 2687 3804 gratia
2733 3750 2831 3805 pro
2869 3736 3038 3807 gratia
3066 3737 3306 3794 redditur
3333 3738 3526 3810 (Joan.

1950 3843 1992 3891 ι,
2025 3826 2093 3880 16
2120 3823 2181 3897 )?
2202 3824 2290 3881 Sic
2316 3840 2446 3897 ergo
2490 3824 2658 3882 lactus
2682 3834 2766 3882 est
2795 3826 2959 3884 homo
2986 3836 3184 3895 rectus,
3207 3838 3333 3886 utet
3357 3846 3543 3888 mane-

1953 3933 2012 3973 re
2028 3918 2078 3973 in
2105 3932 2169 3974 ea
2184 3917 2503 3974 rectitudine
2528 3926 2710 3987 posset
2738 3933 2841 3974 non
2868 3920 2984 3975 sine
3027 3920 3294 3991 adjutorio
3319 3922 3525 3991 divino,

1953 4021 2009 4067 et
2050 4027 2149 4068 suo
2176 4012 2293 4068 ﬁeri
2348 4027 2632 4083 pervorsus
2683 4012 2927 4068 arbitrio.
2984 4012 3312 4072 Utrumlibet
3342 4016 3534 4073 horum

1953 4104 2223 4176 elegisset,
2256 4104 2353 4160 Dei
2404 4104 2650 4160 voluntas
2696 4104 2868 4173 ﬁeret,
2898 4115 2992 4161 aut
3015 4107 3173 4162 etiam
3216 4107 3284 4163 ab
3310 4107 3421 4173 illo,
3448 4118 3540 4165 aut

1952 4208 2097 4254 certe
2112 4198 2180 4254 de
2200 4199 2311 4252 illo.
2338 4197 2567 4253 Proinde
2593 4198 2715 4267 quia
2754 4212 2902 4253 suam
2940 4198 3128 4253 maluit
3165 4198 3342 4255 facere
3371 4215 3533 4269 quam

1956 4291 2071 4359 Dei,
2095 4290 2165 4347 de
2192 4291 2282 4346 illo
2302 4289 2441 4347 facta
2465 4299 2549 4346 est
2570 4291 2815 4347 voluntas
2836 4291 2952 4358 Dei,
2975 4291 3065 4362 qui
3085 4307 3151 4346 ex
3176 4291 3363 4348 eadem
3395 4309 3541 4350 mas-

1954 4397 2012 4438 sa
2065 4383 2398 4454 perditionis,
2426 4398 2545 4452 qua:
2596 4382 2665 4438 de
2718 4382 2861 4437 illius
2900 4382 3069 4452 stirpe
3098 4382 3375 4452 proﬂuxit,
3408 4385 3537 4442 facit

1952 4474 2094 4529 aliud
2118 4488 2209 4529 vas
2236 4473 2286 4527 in
2318 4473 2597 4539 honorem,
2631 4473 2775 4531 aliud
2820 4474 2876 4545 in
2928 4476 3304 4530 contumeliam
3329 4477 3349 4547 (
3378 4477 3533 4534 llam.

1954 4581 2030 4632 Ix,
2058 4565 2121 4620 21
2155 4565 2175 4635 )
2206 4583 2219 4619 :
2251 4565 2302 4619 in
2329 4564 2609 4629 honorem,
2634 4579 2730 4634 per
2767 4565 3189 4621 misericordiam
3219 4583 3234 4632 ;
3268 4568 3319 4622 in
3351 4581 3543 4625 contu-

1952 4657 2190 4718 meliam.
2219 4671 2317 4726 per
2336 4655 2590 4724 judicium
2624 4673 2638 4710 :
2670 4664 2900 4713 utucmo
2926 4659 3183 4729 glorietur
3210 4659 3536 4729 iuhominc;

1951 4762 2015 4801 ac
2045 4762 2138 4815 per
2162 4746 2285 4812 hoc,
2312 4760 2410 4800 nec
2435 4745 2487 4800 in
2517 4762 2599 4800 se.

2023 4836 2251 4892 CAPUT
2287 4835 2468 4891 CVIII.
2489 4866 2555 4877 -—-
2587 4836 2671 4891 Ea:
2716 4837 2821 4893 Deo
2851 4839 2992 4894 salus
3038 4850 3232 4908 nostra,
3280 4843 3353 4897 ita
3378 4852 3539 4896 utnec

1954 4945 2043 4998 per
2068 4928 2321 4983 Christum
2342 4929 2690 4992 liberaremur,
2737 4932 2778 4984 si
2803 4947 2901 4985 non
2925 4942 3050 4987 esset
3074 4932 3231 4992 Deus.
3260 4933 3394 4991 Nam
3440 4949 3538 4987 nc-

1952 5002 2055 5090 que
2073 5035 2166 5091 per
2190 5020 2362 5090 ipsum
2392 5021 2742 5076 liberaremur
2787 5038 2953 5077 unum
2981 5023 3325 5079 Mediamrem
3358 5025 3451 5080 Dei
3484 5035 3538 5077 et

1952 5110 2225 5166 hominum
2260 5111 2529 5166 hominem
2574 5111 2756 5167 Jesum
2798 5112 3295 5181 Christum(ITim.
3330 5130 3388 5179 η,
3440 5116 3535 5183 5),

1952 5205 2054 5259 nisi
2080 5213 2225 5260 esset
2250 5214 2304 5259 et
2333 5204 2494 5260 Deus.
2526 5204 2631 5260 Sed
2688 5221 2807 5260 cum
2837 5205 3005 5261 factus
3033 5213 3115 5260 cst
3142 5204 3345 5270 Adam,
3377 5206 3540 5263 homo

1951 5296 2156 5352 scilicet
2183 5303 2381 5361 rectus,
2411 5296 2702 5352 mediatore
2736 5311 2840 5350 non
2857 5309 2994 5364 opus
3033 5294 3210 5350 erat’.
3236 5292 3369 5350 Cum
3407 5312 3538 5353 vero

1949 5405 2059 5454 (list.
2102 5403 2194 5463 29,
2235 5416 2339 5467 mp.
2370 5406 2390 5453 I
2416 5418 2429 5453 :
2475 5423 2498 5451 «
2518 5403 2666 5463 Illam,
2704 5404 2904 5471 inquit,
2930 5403 3341 5471 immortalitatem
3370 5408 3419 5456 in
3444 5422 3540 5471 qua

1957 5486 1980 5513 ει
2016 5473 2205 5531 poterat
2227 5480 2336 5531 non!
2358 5480 2480 5515 mort
2506 5476 2672 5515 natura
2704 5467 2908 5515 humana
2929 5503 2941 5523 ,
2968 5467 3176 5527 perdidit
3200 5481 3290 5531 per
3330 5467 3539 5519 liberum

1955 5547 1977 5573 at
2010 5530 2261 5577 arbitrium
2286 5541 2297 5576 :
2324 5529 2448 5594 hanc
2471 5542 2588 5577 vero
2613 5531 2659 5576 in
2683 5540 2777 5589 qua
2802 5540 2897 5575 non
2917 5531 3094 5590 poterit
3118 5529 3258 5592 mort,
3283 5540 3538 5594 acceptura

1954 5609 1976 5635 ι
2010 5597 2087 5638 est
2104 5603 2194 5651 per
2215 5592 2436 5651 gratiam.
2458 5606 2480 5633 ιι

2013 5655 2028 5685 ι
2066 5647 2119 5699 tri
2138 5647 2349 5709 excusis,
2376 5649 2576 5718 liberum
2596 5647 2868 5701 arbitrium.
2899 5654 3061 5714 Abest,
3089 5655 3308 5718 hacrum,
3329 5667 3355 5704 a
3380 5661 3484 5703 Mss.

2010 5717 2029 5745 ²
2068 5722 2167 5761 Am.
2186 5720 2259 5760 Er.
2286 5721 2399 5761 nan.
2429 5719 2474 5759 et
2501 5713 2684 5774 aliquot
2702 5719 2829 5771 Mss.,
2847 5724 2994 5765 certa.

2013 5778 2031 5807 ³
2066 5776 2250 5839 Aliquot
2274 5782 2375 5824 Mss.
2408 5790 2417 5823 :
2444 5774 2671 5826 Mcdiator
2696 5775 2740 5828 ci
2762 5789 2853 5829 non
2876 5792 2992 5843 opus
3016 5786 3136 5830 erat.
