4046 6332
269 328 367 387 285
1680 319 1839 376 ΗΒΕ]

1949 318 2122 377 lNUS.
3096 379 3103 383 .
3427 326 3533 386 εδδ

263 444 358 501 bus
379 442 585 499 dictum
632 448 735 507 est,
770 438 834 495 Et
873 438 1011 494 ibunt
1031 438 1115 493 isti
1142 437 1196 492 in
1224 436 1526 509 supplicium
1550 444 1793 492 teternum
1823 451 1843 490 :

263 536 449 592 neisto
475 532 639 588 modo
671 539 884 602 putetur
910 530 1154 587 habitura
1179 528 1342 585 ﬁnem
1369 526 1689 599 quandoque
1721 526 1847 583 feli-

259 628 386 684 citas
404 626 572 682 etiam
599 625 831 691 illorum,
860 623 928 680 de
954 622 1145 693 quibus
1168 636 1200 678 e
1227 621 1495 678 contrario
1517 620 1717 676 dictum
1738 629 1844 685 est,

258 717 390 774 Iusti
435 724 606 771 autem
627 716 681 769 in
704 714 857 768 vitam
877 712 1152 784 wternam(
1176 710 1364 765 Matth.
1404 726 1537 778 xxv,
1566 710 1635 767 46
1663 708 1707 783 ).
1737 709 1846 766 Sed

257 823 443 881 pmnas
458 807 832 863 damnatorum
861 806 1025 861 certis
1062 815 1364 875 temporum
1412 803 1706 858 intervallis
1724 803 1842 859 exi-

257 899 493 960 stiment,
540 896 588 952 si
632 895 736 951 hoc
782 896 861 951 eis
912 894 1107 966 placet,
1148 893 1484 965 aliquatenus
1511 892 1527 925 ⁸
1574 892 1824 962 mitigari.

258 989 427 1045 Etiam
456 986 539 1043 sic
567 987 765 1058 quippe
808 984 1026 1056 intelligi
1073 992 1253 1055 potest
1276 997 1494 1040 manere
1536 984 1590 1038 in
1635 983 1741 1038 illis
1766 982 1844 1037 ira

257 1077 580 1151 Dei(Joan.
632 1093 714 1145 tu,
750 1077 819 1133 56
847 1075 890 1149 ),
935 1077 1037 1132 hoc
1088 1084 1171 1133 est
1217 1076 1329 1147 ipsa
1381 1075 1653 1132 damnatio
1680 1073 1700 1148 (
1732 1074 1847 1130 hmo

257 1166 394 1225 enim
419 1175 649 1223 vocatur
672 1168 750 1222 ira
780 1167 897 1235 Dei,
918 1181 1024 1221 non
1050 1166 1216 1221 divini
1246 1166 1413 1220 animi
1446 1164 1840 1236 perturbatio),

209 1254 223 1349 Ι
255 1257 391 1313 utin
440 1257 524 1312 ira
554 1271 671 1322 sua,
720 1255 823 1312 hoc
876 1264 962 1312 est
1003 1263 1255 1312 manente
1289 1255 1368 1311 ira
1385 1270 1502 1321 sua,
1533 1271 1638 1311 non
1668 1265 1845 1311 tamen

262 1348 538 1405 contineat
578 1347 952 1402 miserationes
991 1360 1116 1402 suas
1143 1364 1158 1413 ;
1186 1361 1293 1402 non
1321 1355 1525 1402 aeterno
1571 1346 1835 1416 supplicio

255 1440 413 1496 ﬁnem
441 1437 645 1506 dando,
697 1437 792 1494 sed
843 1438 1086 1494 levamen
1137 1437 1441 1494 adhibendo
1488 1438 1571 1493 vel
1609 1439 1845 1508 interpo-

255 1529 429 1586 uendo
456 1530 804 1585 cruciatibus.
828 1528 963 1598 Quia
992 1544 1091 1584 nec
1137 1528 1384 1585 Psalmus
1413 1529 1508 1596 ait,
1539 1527 1621 1583 Ad
1649 1529 1842 1584 ﬁnien-

255 1623 372 1679 dam
405 1623 544 1677 iram
568 1637 744 1686 suam,
776 1621 881 1689 vel,
939 1630 1062 1692 post
1114 1621 1248 1676 iram
1308 1635 1462 1676 suam
1490 1636 1505 1687 ;
1533 1618 1650 1686 sed,
1681 1620 1736 1673 in
1760 1619 1839 1673 ira

253 1730 360 1770 sua.
381 1712 519 1780 Qum
549 1713 594 1767 si
623 1712 737 1767 sola
757 1720 899 1767 esset
927 1721 1124 1783 quanta
1152 1712 1223 1767 ibi
1248 1711 1468 1766 minima
1492 1710 1716 1781 cogitari
1745 1725 1834 1780 po.

255 1812 385 1869 test;
417 1803 599 1872 perire
644 1817 677 1857 a
716 1817 883 1874 regno
932 1803 1051 1866 Dei,
1079 1803 1335 1859 exsulare
1382 1819 1413 1859 a
1442 1803 1658 1859 civitate
1710 1803 1829 1868 Dei,

254 1892 474 1949 alienari
511 1907 542 1945 a
573 1893 678 1947 vita
720 1893 836 1961 Dei,
881 1907 1067 1949 carere
1114 1901 1222 1947 tam
1254 1907 1445 1964 magna
1499 1892 1841 1948 multitudine

254 1982 557 2040 dulcedinis
600 1983 697 2039 Det
730 1998 891 2054 quam
948 1983 1229 2038 abscondit
1277 1983 1590 2039 timentibus
1635 1998 1694 2038 se
1733 1981 1837 2053 (α),

253 2077 476 2149 perfecit
524 2085 705 2132 autem
756 2075 1095 2147 sperantibus
1153 2076 1206 2130 in
1236 2074 1487 2148 se(Psal.
1519 2091 1644 2140 xxx,
1692 2075 1764 2130 20
1797 2075 1838 2144 ),

253 2177 362 2223 tam
392 2168 611 2239 grandis
639 2177 723 2223 est
759 2182 942 2238 paena,
966 2176 1023 2222 ut
1065 2167 1114 2222 ei
1144 2167 1289 2221 nulla
1334 2167 1540 2236 possint
1569 2175 1838 2221 tormenta

252 2274 373 2330 quae
401 2259 642 2313 novimus
662 2257 983 2328 comparari,
1013 2257 1059 2311 si
1082 2257 1169 2312 illa
1195 2257 1266 2312 sit
1289 2265 1512 2325 aeterna,
1534 2256 1634 2312 ista
1656 2264 1839 2312 autem

253 2350 360 2405 sint
383 2350 676 2420 quamlibet
694 2348 877 2404 multis
898 2348 1110 2404 szeculis
1127 2349 1305 2419 longa.

325 2440 555 2497 CAPUT
577 2440 759 2496 CXIII.
789 2468 861 2488 -ν-
889 2440 1030 2496 Mors
1053 2440 1346 2511 impiorum,
1379 2449 1435 2494 ut
1462 2440 1564 2493 vita
1598 2440 1796 2511 piorum
1820 2480 1837 2507 ,

257 2540 520 2601 perpetua.
550 2529 782 2585 Manebit
819 2544 950 2601 ergo
975 2529 1093 2585 sine
1131 2528 1235 2585 line
1269 2543 1415 2584 mors
1458 2528 1548 2583 illa
1582 2538 1838 2599 perpetua

256 2621 649 2688 damnatorum,
682 2621 734 2676 id
763 2631 845 2676 est
870 2620 1121 2677 alienatio
1159 2636 1190 2674 a
1231 2621 1338 2675 vita
1372 2619 1488 2688 Dei,
1511 2630 1565 2676 et
1590 2621 1840 2676 omnibus

258 2712 352 2769 erit
377 2713 498 2783 ipsa
524 2713 842 2778 communis,
883 2712 1134 2783 quaslibet
1160 2712 1181 2743 ²
1213 2710 1459 2767 homines
1487 2710 1555 2767 de
1582 2711 1841 2767 varietate

259 2821 532 2876 pinnarum
553 2846 571 2872 ,
598 2804 934 2861 de'dolorum
976 2803 1303 2860 relevatione
1329 2804 1414 2860 vel
1445 2804 1840 2860 intermissione

258 2912 347 2967 pro
374 2895 489 2952 suis
513 2895 761 2951 humanis
785 2895 1016 2951 motibus
1036 2894 1374 2964 suspicentur
1401 2912 1416 2951 :
1443 2895 1584 2951 sicut
1603 2895 1842 2951 manebit

260 2987 609 3043 communiter
621 2987 861 3043 omnium
887 2988 995 3043 vita
1024 2997 1222 3044 aeterna
1251 2997 1574 3055 sanctorum,
1603 2987 1841 3059 qualibet

260 3077 513 3134 honorum
542 3077 796 3134 distantia
821 3066 1159 3135 concorditer
1187 3077 1444 3151 fulgeant.

320 3168 547 3225 CAPUT
585 3167 770 3225 CXIV.
799 3198 871 3209 —
895 3167 984 3225 30.
1011 3167 1262 3240 Exposita
1298 3168 1422 3238 ﬁde,
1467 3169 1574 3241 agit
1609 3167 1673 3223 de
1707 3184 1798 3240 spe
1821 3182 1841 3223 :

172 3258 178 3263 ’
263 3278 364 3332 qua:
389 3262 488 3317 huc
525 3263 777 3334 pertinent
815 3264 1061 3318 contineri
1099 3263 1328 3317 oratione
1364 3261 1640 3317 dominica.
1680 3261 1839 3332 Spem

262 3356 308 3408 iu
332 3373 382 3411 se
409 3356 522 3426 ipso
538 3371 734 3427 ponens
775 3356 1089 3411 maledictus.
1109 3355 1188 3410 Ex
1211 3356 1310 3409 ista
1331 3354 1456 3409 ﬁdei
1476 3354 1833 3419 confessione,

263 3462 369 3515 qute
394 3447 633 3502 breviter
660 3445 1266 3518 Symbolocontinetur,
1298 3453 1350 3500 et
1378 3445 1664 3500 carnaliter
1691 3443 1839 3514 cogi-

263 3545 359 3591 tata
385 3538 468 3593 lae
489 3537 834 3608 parvulorum
862 3545 966 3605 est,
1008 3536 1355 3608 spiritualiter
1380 3542 1558 3591 autem
1589 3533 1836 3590 conside-

262 3640 365 3684 rata
389 3638 550 3701 atque
578 3637 801 3685 tractata
834 3629 983 3685 cibus
1016 3637 1102 3684 est
1145 3627 1360 3683 fortium
1384 3666 1399 3689 ,
1445 3626 1680 3682 nascitur
1716 3640 1840 3697 spes

261 3719 389 3775 bona
418 3720 681 3788 ﬁdelium,
708 3720 796 3777 cui
827 3720 1061 3775 cbaritas
1088 3728 1269 3775 sancta
1300 3718 1608 3774 comitatur.
1638 3716 1742 3774 Sed
1771 3718 1840 3774 de

262 3809 321 3866 iis
344 3810 594 3867 omnibus
623 3826 763 3882 quas
787 3809 1014 3868 ﬁdeliter
1054 3818 1180 3866 sunt
1220 3808 1508 3876 credenda,
1540 3824 1603 3865 ea
1631 3816 1836 3864 tantum

256 3901 318 3958 ad
361 3916 509 3974 spem
551 3902 821 3972 pertinent
847 3917 967 3973 qua:
994 3902 1237 3957 oratione
1262 3900 1530 3957 dominica
1558 3901 1837 3956 continen-

255 4002 356 4048 tur.
401 3992 709 4048 Haledictus
752 3993 895 4048 enim
930 3993 1131 4059 omnis,
1172 3992 1310 4047 sicut
1354 3991 1532 4047 divina
1578 4000 1841 4048 testantur

256 4084 485 4156 eloquia,
513 4085 602 4154 qui
622 4100 763 4154 spem
790 4083 933 4155 ponit
959 4085 1014 4138 in
1036 4083 1237 4138 homine
1264 4081 1473 4155 (Jerem.
1499 4099 1625 4151 xvn,
1656 4084 1712 4155 5)
1738 4101 1750 4138 :
1777 4098 1841 4140 ac

254 4191 346 4246 per
371 4175 477 4232 hoc
502 4185 559 4231 et
591 4176 643 4230 in
669 4190 728 4231 se
754 4177 870 4247 ipso
896 4176 985 4246 qui
1016 4191 1166 4246 spem
1199 4176 1364 4246 ponit,
1394 4175 1551 4246 hujus
1572 4176 1838 4231 maledicti

253 4266 464 4322 vinculo
492 4266 799 4321 innectitur.
828 4265 952 4321 Ideo
977 4282 1084 4321 non
1111 4265 1256 4321 nisia
1276 4266 1500 4321 Domino
1530 4267 1639 4321 Deo
1657 4275 1839 4336 petere

252 4358 534 4421 debemus,
558 4357 817 4430 quidquid
845 4372 1124 4429 speramus
1140 4373 1238 4414 nos
1253 4359 1334 4414 vel
1360 4359 1497 4415 bene
1525 4367 1840 4431 operaturos

254 4451 336 4507 vel
365 4466 464 4522 pro
494 4451 516 4482 ³
542 4450 700 4506 bonis
724 4450 977 4521 operibus
1003 4449 1311 4521 adepturos.

317 4541 551 4598 CAPUT
588 4540 749 4598 CXV.
789 4571 864 4582 —
905 4540 1166 4596 Orationis
1211 4540 1475 4596 dominicis
1513 4541 1653 4612 apud
1696 4540 1839 4595 Mat-

254 4635 438 4689 theum
469 4634 735 4704 petitiones
770 4642 980 4706 septem.
1027 4632 1254 4689 Proinde
1282 4633 1422 4703 apud
1462 4634 1839 4705 evangelistam

252 4726 557 4782 tlatthteum
595 4734 799 4797 septem
844 4726 1124 4796 petitiones
1162 4726 1438 4782 continere
1466 4726 1731 4783 dominica
1760 4728 1838 4782 vi-

252 4821 406 4875 detur
430 4822 607 4875 oratio
649 4838 663 4874 :
706 4835 928 4891 quarum
959 4821 1128 4876 tribus
1151 4827 1351 4875 :eterna
1380 4830 1690 4890 poscuntur,
1713 4822 1838 4877 reli-

254 4913 371 4981 quis
399 4920 651 4983 quatuor,
684 4911 993 4982 temporalia
1015 4954 1030 4980 ,
1057 4928 1176 4983 quae
1204 4920 1379 4967 tamen
1407 4921 1623 4982 propter
1642 4922 1839 4968 aeterna

254 5003 630 5073 consequentia
670 5012 794 5058 sunt
836 5005 1161 5059 necessaria.
1205 5004 1337 5059 Nam
1386 5004 1528 5075 quod
1574 5004 1838 5075 dicimus,

252 5092 617 5164 Sancti/iretur
640 5110 820 5149 nomen
842 5105 1000 5159 tuum,
1027 5094 1270 5149 Adveniet
1293 5112 1501 5167 regnum
1528 5106 1689 5164 tutmt,
1722 5096 1842 5151 Fiat

313 5251 333 5283 ⁸
589 5257 717 5311 "3-9

311 5313 335 5345 ²
368 5312 440 5377 sic
463 5321 572 5363 διεδ.
618 5319 677 5362 At
698 5310 834 5373 editi,
858 5310 1113 5377 quamlibet
1140 5312 1265 5375 :qui
1305 5319 1357 5363 et
1393 5311 1531 5373 infra,
1575 5310 1837 5374 bonorum,

252 5386 358 5467 μς.
375 5410 632 5495 Particulo,
655 5446 764 5499 pro,
787 5437 928 5486 abest
948 5450 976 5486 a
994 5435 1212 5499 pluribus
1232 5442 1341 5499 Mss.

314 5498 388 5558 (α)
420 5497 706 5549 lambentis
739 5506 942 5548 Demens
974 5497 1079 5549 loco
1113 5497 1415 5558 timentibus,
1440 5497 1701 5558 substituit
1723 5501 1842 5548 tem-

412 5573 486 5619 us,
511 5572 609 5608 non
626 5565 853 5610 veterum
869 5559 1099 5611 librortun
1116 5557 1415 5621 auctoritate,
1437 5560 1524 5611 sed
1550 5557 1840 5621 postulante,

255 5622 321 5685 u_t_i
345 5622 541 5685 se‘dicit
551 5623 849 5685 conjectare,
865 5624 1091 5672 antithesi
1114 5623 1172 5672 ad
1196 5623 1320 5672 aliud
1338 5624 1625 5673 membrum.
1648 5634 1843 5685 speran-

254 5681 377 5757 είθεςδ
543 5695 563 5733 ε
582 5681 675 5757 ξοδ
713 5681 1177 5757 ιιέἒυέφιέἱθςὲυῐεν
1216 5693 1267 5757 ut
1292 5695 1425 5757 valet
1447 5681 1839 5757 επιξυξιῖέθιίυιιυ

255 5744 305 5792 in
323 5745 440 5796 Paul.
462 5744 544 5805 30,
570 5752 624 5797 et
647 5758 713 5797 ex
740 5744 823 5796 lib.
840 5745 893 5796 2i
922 5744 985 5797 de
1005 5748 1205 5798 civitate
1223 5744 1326 5809 Dei,
1348 5762 1482 5813 capp.
1506 5748 1579 5809 18,
1602 5744 1678 5792 ει.

1952 436 2183 491 uoluntas
2210 445 2297 489 tua
2320 435 2448 490 sicut
2473 435 2525 490 in
2553 434 2676 491 calo
2702 446 2750 491 et
2774 437 2825 492 in
2848 447 2980 493 terra
3001 439 3164 513 (quod
3183 457 3288 498 non
3304 442 3533 509 absurde

1951 526 2164 596 quidam
2196 526 2593 594 intellexerunt,
2627 527 2681 582 in
2705 528 2897 598 spiritu
2921 539 2976 584 et
3001 533 3270 603 corpore),
3315 534 3536 589 omnino

1951 616 2066 671 sine
2094 616 2198 673 ﬁne
2225 616 2499 672 retinenda
2528 625 2652 671 sunt
2685 636 2699 673 :
2726 626 2779 673 et
2804 617 2891 673 hic
2920 619 3163 675 inchoata
3186 621 3227 686 ί,
3250 632 3536 692 quantum-

1951 720 2178 775 cumque
2202 705 2528 777 proﬁcimus,
2547 717 2809 778 augentur
2830 709 2881 763 in
2903 710 3089 776 nobis;
3124 710 3354 781 perfecta
3383 728 3533 779 vero,

1950 795 2091 865 quod
2120 796 2170 848 in
2200 796 2299 849 alia
2331 796 2436 850 vita
2466 797 2788 866 sperandum
2809 808 2909 864 est,
2941 815 3156 869 semper
3181 800 3536 869 possidebun—

1953 896 2056 940 tur.
2088 886 2238 955 Quod
2274 904 2399 942 vero
2427 888 2671 951 dicimus,
2706 888 2901 944 Panem
2929 900 3154 945 nostrum
3182 892 3535 961 quotidianum

1951 977 2018 1030 da
2047 978 2189 1032 nobis
2218 977 2387 1045 ltodie,
2421 979 2488 1032 Et
2524 978 2715 1033 dimitte
2750 980 2893 1035 nobis
2923 980 3089 1034 debita
3113 992 3304 1051 nostra,
3333 983 3460 1037 sicut
3487 991 3533 1036 et

1950 1086 2042 1125 nos
2070 1070 2365 1125 dimittimus
2394 1071 2693 1127 debitoribus
2713 1073 2918 1139 nostris,
2950 1071 3017 1126 Et
3054 1091 3117 1127 ne
3141 1091 3232 1129 nos
3257 1074 3445 1146 inferas
3482 1075 3535 1128 in

1950 1164 2275 1216 tentationent
2294 1204 2308 1227 ,
2343 1161 2449 1217 Sed
2476 1162 2632 1218 libera
2661 1181 2752 1218 nos
2780 1181 2810 1217 a
2836 1163 2969 1218 malo
2994 1164 3206 1234 (Matth.
3232 1181 3303 1231 vr,
3326 1164 3485 1237 9-13)
3513 1208 3528 1230 ,

1948 1253 2066 1323 quis
2092 1268 2197 1308 non
2226 1253 2403 1307 videat
2432 1253 2498 1308 ad
2531 1255 2806 1324 prmscutis
2834 1256 2955 1310 vitae
2992 1255 3335 1326 indigentiam
3364 1258 3533 1327 perti-

1947 1345 2185 1401 nere‘iln
2214 1347 2302 1401 illa
2327 1347 2502 1417 itaque
2526 1348 2626 1401 vita
2657 1356 2853 1402 aeterna
2874 1348 2959 1401 ubi
2988 1364 3083 1403 nos
3108 1362 3321 1418 semper
3348 1362 3533 1419 spera-

1947 1452 2067 1492 mus
2094 1435 2321 1503 futuros,
2350 1445 2405 1491 et
2434 1437 2666 1493 nominis
2696 1438 2786 1493 Dei
2817 1437 3193 1505 sanctiﬁcatio,
3223 1448 3277 1493 et
3309 1452 3533 1510 regnum

1947 1528 2086 1598 ejus,
2114 1537 2169 1583 et
2201 1528 2445 1583 voluntas
2489 1528 2604 1599 ejus
2649 1531 2700 1583 in
2749 1537 2933 1584 nostro
2983 1530 3169 1599 spiritu
3213 1538 3267 1585 et
3309 1542 3536 1599 corpore

1948 1620 2182 1691 perfecte
2210 1629 2367 1691 atque
2396 1620 2767 1675 immortaliter
2788 1620 3191 1691 permanebunt.
3222 1619 3380 1676 Panis
3406 1634 3535 1676 vero

1946 1712 2285 1784 quotidianus
2311 1712 2431 1767 ideo
2459 1710 2634 1767 dictus
2659 1720 2741 1768 est
2770 1710 2892 1783 quia
2929 1711 3016 1766 hic
3040 1721 3123 1767 est
3152 1710 3485 1766 necessarius
3511 1749 3528 1776 ,

1946 1812 2174 1874 quantus
2200 1804 2390 1858 anima:
2426 1803 2678 1873 carnique
2718 1802 3033 1858 tribuendus
3070 1810 3189 1870 est,
3234 1802 3348 1857 sive
3375 1801 3531 1871 spiri-

1948 1894 2191 1961 tualiter,
2228 1894 2345 1950 sive
2392 1894 2712 1959 carnaliter,
2773 1894 2886 1948 sive
2933 1902 3157 1962 utroque
3205 1891 3532 1961 intelligatur

1945 1984 2125 2041 modo.
2154 1984 2255 2041 llic
2280 1994 2363 2041 est
2389 1985 2549 2040 etiam
2578 1999 2736 2055 quam
2764 1982 3032 2054 poscimus
3052 1980 3317 2046 remissio,
3336 1979 3424 2035 ubi
3449 1987 3533 2036 est

1944 2076 2251 2131 commissio
2278 2084 2649 2145 peccatorum;
2691 2073 2779 2128 hic
2816 2072 3136 2128 teutationes
3171 2086 3289 2142 qua:
3328 2083 3426 2124 nos
3463 2067 3530 2124 ad

1944 2167 2272 2237 peccandum
2301 2166 2387 2221 vel
2426 2165 2664 2221 alliciunt
2711 2164 2794 2220 vel
2839 2163 3146 2233 impellunt;
3187 2161 3275 2217 hic
3297 2161 3529 2231 denique

1944 2259 2140 2313 malum
2169 2258 2311 2314 unde
2337 2257 2579 2329 cupimus
2608 2257 2822 2313 liberari
2852 2274 2865 2310 :
2890 2256 3001 2312 illic
3023 2265 3203 2311 autem
3235 2248 3369 2310 nihil
3394 2252 3529 2309 isto-

1944 2367 2062 2407 l'lllll
2101 2360 2202 2406 est.

2015 2442 2238 2500 CAPUT
2282 2440 2463 2497 CXVI.
2492 2471 2566 2482 —
2595 2439 2867 2497 Petitiones
2906 2449 3099 2493 tantum
3137 2438 3355 2509 quinque
3393 2435 3532 2508 apud

1942 2535 2157 2603 Lucam,
2177 2536 2265 2605 qui
2284 2551 2396 2590 cum
2426 2533 2671 2590 Mattiaco
2703 2532 3022 2589 conciliatur.
3042 2531 3385 2602 Evangelista
3401 2545 3531 2585 vero

1942 2630 2115 2685 Lucas
2143 2630 2198 2683 in
2222 2627 2463 2683 oratione
2502 2626 2768 2682 dominica
2813 2626 3094 2697 petitiones
3133 2641 3241 2679 non
3281 2631 3485 2694 septem
3510 2663 3528 2690 ,

1943 2722 2038 2777 sed
2059 2721 2293 2792 quinque
2318 2718 2627 2789 complexus
2645 2728 2728 2773 est
2748 2736 2761 2773 :
2781 2734 2880 2775 nec
2904 2719 2972 2773 ab
3001 2719 3104 2772 isto
3130 2717 3309 2787 utique
3327 2716 3533 2772 discre—

1942 2813 2116 2886 pavit,
2139 2812 2233 2868 sed
2266 2810 2535 2883 quomodo
2563 2808 2679 2865 ista:
2716 2816 2921 2879 septem
2962 2808 3071 2863 sint
3101 2805 3457 2877 intelligenda:
3478 2808 3523 2876 ’,

1943 2903 2057 2975 ipsa
2101 2918 2196 2959 sua
2241 2902 2503 2958 brevitate
2548 2900 2897 2957 commonuit.
2948 2898 3155 2955 Nomen
3195 2898 3391 2969 quippe
3431 2896 3527 2954 Dci

1942 2995 2303 3052 sanctiﬁCatur
2341 2994 2394 3048 in
2433 2992 2655 3064 spiritu,
2690 2992 2783 3048 Dei
2812 3002 2989 3047 autem
3016 3006 3239 3062 regnum
3268 2990 3323 3045 in
3353 2989 3531 3044 carnis

1942 3088 2337 3147 resurrectione
2375 3095 2656 3143 venturum
2696 3093 2799 3141 est.
2847 3084 3147 3140 Ostendens
3184 3098 3312 3154 ergo
3358 3081 3528 3137 Lucas

1944 3183 2154 3239 tertiam
2187 3180 2496 3253 petitionem
2523 3177 2749 3233 duarum
2780 3176 3115 3246 superiorum
3152 3188 3272 3229 esse
3298 3170 3527 3242 quodam

1942 3274 2103 3330 modo
2132 3272 2538 3343 repetitionem,
2567 3271 2735 3341 magis
2764 3284 2883 3325 eam
2920 3263 3378 3337 prmtermittendo
3405 3261 3532 3317 facit

1942 3367 2182 3438 intelligi.
2219 3363 2422 3420 Deinde
2463 3374 2571 3418 tres
2612 3362 2744 3417 alias
2774 3359 3031 3430 adjungit,
3075 3357 3143 3413 de
3180 3372 3315 3427 pane
3355 3355 3534 3426 quoti-

1942 3461 2100 3517 diano
2119 3500 2133 3525 ,
2171 3457 2239 3514 de
2282 3454 2597 3512 remissione
2626 3460 2961 3524 peccatorum
2982 3490 2997 3518 ,
3028 3448 3096 3505 de
3125 3446 3416 3503 tentatione
3447 3446 3527 3500 vi-

1944 3551 2101 3607 tanda
2152 3549 2303 3621 (Luc.
2341 3565 2433 3614 XI,
2473 3544 2612 3620 2-4).
2661 3546 2731 3600 At
2782 3558 2911 3598 vero
2948 3542 3088 3612 quod
3121 3540 3211 3595 ille
3252 3539 3304 3593 in
3342 3536 3528 3593 ultimo

1942 3644 2138 3716 posuit,
2169 3642 2272 3697 Sed
2300 3642 2456 3696 libera
2476 3657 2567 3695 nos
2586 3656 2617 3693 a
2635 3638 2772 3694 malo
2788 3654 2808 3704 ,°
2835 3637 2936 3692 iste
2959 3650 3066 3690 non
3093 3632 3290 3704 posuit,
3337 3640 3397 3686 ut
3444 3630 3530 3684 in-

1944 3738 2306 3808 telligeremus
2331 3735 2398 3789 ad
2429 3732 2558 3790 illud
2579 3731 2823 3802 superius
2854 3727 2995 3799 quod
3028 3728 3095 3782 de
3132 3724 3427 3782 tentatione
3447 3722 3529 3778 di-

1942 3838 2086 3884 ctum
2114 3836 2219 3894 est,
2249 3825 2536 3897 pertinere.
2569 3823 2693 3878 ldeo
2729 3822 2926 3892 quippe
2955 3819 3049 3885 ait,
3074 3816 3180 3873 Sed
3207 3816 3362 3871 libera
3382 3831 3402 3880 ;
3420 3829 3526 3871 non

1942 3922 2035 3984 ait,
2052 3920 2121 3974 Et
2149 3919 2336 3985 libera,
2364 3926 2616 3987 tanquam
2638 3928 2796 3969 unam
2828 3911 3141 3981 petitionem
3165 3922 3286 3964 esse
3308 3905 3529 3961 demon-

1944 4022 2119 4065 strans
2153 4007 2285 4082 (noli
2314 4008 2417 4063 hoc
2437 4005 2479 4072 ³,
2498 4005 2593 4061 sed
2614 4003 2752 4076 hoc)
2779 4020 2791 4056 :
2815 4010 2874 4057 ut
2913 4001 3046 4057 sciat
3073 3997 3435 4068 unusquisque
3473 3995 3528 4050 in

1943 4119 2008 4158 co
2023 4117 2079 4156 se
2092 4099 2307 4156 liberari
2331 4114 2359 4152 a
2381 4097 2538 4161 malo,
2559 4094 2701 4167 quod
2719 4108 2825 4149 non
2847 4092 3071 4147 infertur
3091 4090 3143 4144 in
3158 4088 3530 4145 tentationem.

2014 4191 2239 4248 CAPUT
2278 4187 2481 4245 CXV".
2510 4217 2581 4228 —
2601 4187 2688 4242 3i.
2710 4183 2791 4239 De
2813 4184 3058 4239 charitate
3084 4197 3196 4252 qua:
3214 4196 3328 4235 cum
3345 4178 3447 4249 [ide
3470 4194 3533 4231 ac

1944 4302 2032 4356 spe
2057 4283 2233 4337 adesse
2260 4280 2424 4335 debet.
2467 4278 2583 4334 Jam
2629 4291 2790 4347 porro
2818 4274 3049 4330 Charitas
3071 4315 3086 4340 ,
3126 4286 3285 4343 quam
3326 4267 3536 4324 duabus

1947 4377 2081 4442 istis,
2102 4374 2155 4429 id
2176 4382 2277 4439 est,
2303 4371 2404 4427 fide
2424 4386 2486 4426 ac
2506 4384 2600 4439 spe
2619 4367 2873 4437 majorem
2892 4365 3031 4419 dixit
3045 4358 3389 4433 Apostolus(l
3410 4358 3531 4415 Cor.

1946 4484 2059 4531 xm,
2097 4467 2206 4538 15),
2233 4473 2432 4535 quanto
2462 4463 2512 4517 in
2539 4474 2875 4531 quocumque
2903 4457 3073 4526 major
3097 4463 3209 4521 est,
3244 4462 3391 4509 tanto
3422 4466 3536 4505 me-
3570 4496 3573 4503 .

1945 4559 2046 4613 lior
2070 4564 2152 4612 est
2180 4557 2231 4610 in
2260 4570 2365 4625 quo
2384 4563 2484 4608 est.
2508 4550 2639 4606 Cum
2662 4550 2802 4604 enim
2824 4549 3095 4620 qumritur,
3116 4555 3290 4601 utrum
3306 4542 3532 4615 quisque
3554 4588 3559 4629 ἓ

1946 4652 2016 4708 sit
2043 4652 2201 4705 homo
2229 4648 2421 4712 bonus,
2450 4662 2554 4699 non
2581 4644 2831 4715 quaeritur
2850 4641 2973 4712 quid
2996 4640 3200 4706 credat,
3217 4646 3309 4692 aut
3328 4643 3527 4706 speret,

1944 4744 2041 4801 sed
2069 4742 2193 4813 quid
2220 4748 2383 4794 amet.
2423 4737 2555 4792 Nam
2594 4736 2684 4807 qui
2735 4744 2882 4789 recte
2920 4742 3101 4796 amat,
3147 4729 3330 4803 procul
3371 4727 3534 4783 dubio

1947 4845 2095 4893 recte
2119 4832 2290 4890 credit
2313 4840 2368 4886 et
2392 4838 2573 4901 sperat
2601 4848 2615 4885 :
2647 4829 2737 4899 qui
2768 4842 2895 4883 vero
2926 4842 3031 4881 non
3075 4833 3260 4890 amat,
3306 4821 3525 4877 inaniter

1945 4926 2137 4991 credit,
2165 4922 2377 4979 etiamsi
2414 4922 2521 4975 sint
2547 4935 2672 4974 vera
2707 4934 2824 4987 qua:
2850 4916 3055 4978 credit;
3082 4914 3307 4968 inaniter
3327 4918 3530 4979 sperat,

1946 5019 2153 5074 etiamsi
2182 5016 2246 5071 ad
2275 5028 2455 5069 veram
2479 5012 2782 5069 felicitatem
2804 5009 3097 5064 doceantur
3124 5004 3391 5075 pertinere
3412 5016 3532 5068 qua:

1946 5118 2126 5177 srerat
2158 5126 2171 5162 :
2205 5107 2306 5161 nisi
2329 5117 2383 5161 et
2408 5105 2510 5159 hoc
2539 5102 2723 5158 credat
2743 5116 2806 5156 ac
2830 5108 3028 5171 speret,
3046 5096 3185 5166 quod
3206 5092 3303 5146 sibi
3330 5092 3531 5161 petenti

1947 5198 2131 5253 donari
2176 5196 2347 5267 possit
2383 5205 2441 5249 ut
2469 5202 2629 5249 amet.
2674 5191 2930 5261 Quamvis
2973 5188 3114 5243 enim
3160 5198 3379 5252 sperare
3415 5181 3532 5236 sine

1946 5305 2130 5346 amore
2156 5306 2259 5346 non
2285 5288 2474 5360 possit,
2507 5287 2617 5341 ﬁeri
2651 5296 2824 5341 tamen
2852 5288 3028 5353 potest
3057 5288 3112 5332 ut
3139 5277 3187 5331 id
3216 5292 3322 5331 non
3349 5285 3530 5341 amet,

1946 5385 2063 5439 sine
2103 5398 2209 5454 quo
2252 5381 2319 5437 ad
2365 5381 2416 5437 id
2455 5380 2594 5452 quod
2640 5386 2819 5450 sperat
2862 5389 2967 5430 non
3016 5380 3193 5443 potest
3232 5368 3529 5442 pervenire.

1947 5476 2220 5546 Tanquam
2256 5474 2300 5529 si
2339 5482 2517 5542 speret
2555 5472 2714 5526 vitam
2746 5476 3022 5529 teternam,
3053 5461 3248 5538 (quam
3279 5460 3398 5533 quis
3424 5474 3532 5515 non

2010 5568 2026 5599 ¹
2042 5566 2264 5629 Plerique
2280 5572 2410 5624 Mss,
2433 5570 2477 5613 et
2501 5562 2577 5613 hic
2591 5558 2882 5629 inchoantur
2890 5549 3529 5629 .quantttmqueproﬁcimtt's.

2008 5608 2263 5676 visis}:
2280 5608 2482 5686 Ense;
2501 5608 2855 5685 's'éa'mo
2882 5608 2975 5672 ista
3001 5608 3181 5686 septem
3212 5608 3329 5668 s'zmt'
3354 5608 3532 5666 intelli-

1945 5692 2121 5757 9W“:

2012 5753 2036 5785 ⁸
2066 5752 2138 5802 sic
2160 5759 2264 5802 Mss.
2290 5749 2408 5799 Editi
2435 5755 2616 5803 autem,
2641 5758 2731 5797 non
2750 5744 2836 5798 Itoc
