  <div class='ocr_page' id='page_1' title='image "/cluster/home/n/w/nwhite01/storage/ocr_20150623/40/hvd.32044024147290/149.png"; bbox 0 0 4046 6332; ppageno 0'>
   <div class='ocr_carea' id='block_1_1' title="bbox 502 365 607 422">
    <p class='ocr_par' dir='ltr' id='par_1_1' title="bbox 502 365 607 422">
     <span class='ocr_line' id='line_1_1' title="bbox 502 365 607 422; baseline 0.019 -2"><span class='ocrx_word' id='word_1_1' title='bbox 502 365 607 422; x_wconf 69' lang='grc'><strong>987</strong></span> 
     </span>
    </p>
   </div>
   <div class='ocr_carea' id='block_1_2' title="bbox 499 467 2072 549">
    <p class='ocr_par' dir='ltr' id='par_1_2' title="bbox 499 467 2072 549">
     <span class='ocr_line' id='line_1_2' title="bbox 499 467 2072 549; baseline -0.007 -16"><span class='ocrx_word' id='word_1_2' title='bbox 499 486 643 533; x_wconf 82' lang='lat' dir='ltr'><strong>amat</strong></span> <span class='ocrx_word' id='word_1_3' title='bbox 668 477 755 549; x_wconf 59' lang='grc' dir='ltr'><strong>Ὗ)</strong></span> <span class='ocrx_word' id='word_1_4' title='bbox 796 487 851 533; x_wconf 91' lang='lat' dir='ltr'><strong>et</strong></span> <span class='ocrx_word' id='word_1_5' title='bbox 885 491 992 533; x_wconf 90' lang='lat' dir='ltr'><strong>non</strong></span> <span class='ocrx_word' id='word_1_6' title='bbox 1026 484 1170 531; x_wconf 91' lang='lat' dir='ltr'><strong>amet</strong></span> <span class='ocrx_word' id='word_1_7' title='bbox 1194 473 1452 545; x_wconf 76' lang='lat' dir='ltr'><strong>justitiam</strong></span> <span class='ocrx_word' id='word_1_8' title='bbox 1474 514 1489 537; x_wconf 92' lang='lat'><strong>,</strong></span> <span class='ocrx_word' id='word_1_9' title='bbox 1526 472 1643 527; x_wconf 83' lang='lat' dir='ltr'><strong>sine</strong></span> <span class='ocrx_word' id='word_1_10' title='bbox 1679 485 1782 541; x_wconf 91' lang='lat' dir='ltr'><strong>qua</strong></span> <span class='ocrx_word' id='word_1_11' title='bbox 1821 483 1977 525; x_wconf 91' lang='lat' dir='ltr'><strong>nemo</strong></span> <span class='ocrx_word' id='word_1_12' title='bbox 2005 467 2072 522; x_wconf 90' lang='lat' dir='ltr'><strong>ad</strong></span> 
     </span>
    </p>
   </div>
   <div class='ocr_carea' id='block_1_3' title="bbox 500 560 2074 639">
    <p class='ocr_par' dir='ltr' id='par_1_3' title="bbox 500 560 2074 639">
     <span class='ocr_line' id='line_1_3' title="bbox 500 560 2074 639; baseline -0.008 -16"><span class='ocrx_word' id='word_1_13' title='bbox 500 570 641 623; x_wconf 87' lang='lat' dir='ltr'><strong>illam</strong></span> <span class='ocrx_word' id='word_1_14' title='bbox 689 568 951 639; x_wconf 76' lang='lat' dir='ltr'><strong>pervenit.</strong></span> <span class='ocrx_word' id='word_1_15' title='bbox 999 567 1116 635; x_wconf 88' lang='lat' dir='ltr'><strong>Ipsa</strong></span> <span class='ocrx_word' id='word_1_16' title='bbox 1158 574 1241 621; x_wconf 86' lang='lat' dir='ltr'><strong>est</strong></span> <span class='ocrx_word' id='word_1_17' title='bbox 1276 577 1452 619; x_wconf 86' lang='lat' dir='ltr'><strong>autem</strong></span> <span class='ocrx_word' id='word_1_18' title='bbox 1497 563 1629 617; x_wconf 83' lang='lat' dir='ltr'><strong>fides</strong></span> <span class='ocrx_word' id='word_1_19' title='bbox 1668 560 1885 629; x_wconf 81' lang='lat' dir='ltr'><strong>Christi,</strong></span> <span class='ocrx_word' id='word_1_20' title='bbox 1915 574 2074 629; x_wconf 88' lang='lat' dir='ltr'><strong>quam</strong></span> 
     </span>
    </p>
   </div>
   <div class='ocr_carea' id='block_1_4' title="bbox 497 652 2076 727">
    <p class='ocr_par' dir='ltr' id='par_1_4' title="bbox 497 652 2076 727">
     <span class='ocr_line' id='line_1_4' title="bbox 497 652 2076 727; baseline -0.007 -14"><span class='ocrx_word' id='word_1_21' title='bbox 497 657 836 714; x_wconf 83' lang='lat' dir='ltr'><strong>commendat</strong></span> <span class='ocrx_word' id='word_1_22' title='bbox 865 655 1174 727; x_wconf 80' lang='lat' dir='ltr'><strong>Apostolus,</strong></span> <span class='ocrx_word' id='word_1_23' title='bbox 1202 670 1320 725; x_wconf 65' lang='lat' dir='ltr'><strong>quae</strong></span> <span class='ocrx_word' id='word_1_24' title='bbox 1360 668 1454 725; x_wconf 88' lang='lat' dir='ltr'><strong>per</strong></span> <span class='ocrx_word' id='word_1_25' title='bbox 1498 652 1837 707; x_wconf 86' lang='lat' dir='ltr'><strong>dilectionem</strong></span> <span class='ocrx_word' id='word_1_26' title='bbox 1880 663 2076 719; x_wconf 90' lang='lat' dir='ltr'><strong>opera-</strong></span> 
     </span>
    </p>
   </div>
   <div class='ocr_carea' id='block_1_5' title="bbox 497 741 2071 823">
    <p class='ocr_par' dir='ltr' id='par_1_5' title="bbox 497 741 2071 823">
     <span class='ocr_line' id='line_1_5' title="bbox 497 741 2071 823; baseline -0.008 -17"><span class='ocrx_word' id='word_1_27' title='bbox 497 760 584 805; x_wconf 91' lang='lat' dir='ltr'><strong>tur</strong></span> <span class='ocrx_word' id='word_1_28' title='bbox 610 749 630 823; x_wconf 96' lang='lat'><strong>(</strong></span> <span class='ocrx_word' id='word_1_29' title='bbox 652 748 821 805; x_wconf 84' lang='lat' dir='ltr'><strong>Galat.</strong></span> <span class='ocrx_word' id='word_1_30' title='bbox 836 765 890 815; x_wconf 88' lang='lat' dir='ltr'><strong>v,</strong></span> <span class='ocrx_word' id='word_1_31' title='bbox 907 747 985 818; x_wconf 88' lang='lat'><strong>6);</strong></span> <span class='ocrx_word' id='word_1_32' title='bbox 1009 758 1063 801; x_wconf 89' lang='lat' dir='ltr'><strong>et</strong></span> <span class='ocrx_word' id='word_1_33' title='bbox 1086 746 1227 817; x_wconf 89' lang='lat' dir='ltr'><strong>quod</strong></span> <span class='ocrx_word' id='word_1_34' title='bbox 1256 747 1308 801; x_wconf 93' lang='lat' dir='ltr'><strong>in</strong></span> <span class='ocrx_word' id='word_1_35' title='bbox 1330 745 1617 800; x_wconf 86' lang='lat' dir='ltr'><strong>dilectione</strong></span> <span class='ocrx_word' id='word_1_36' title='bbox 1638 742 1869 798; x_wconf 91' lang='lat' dir='ltr'><strong>nondum</strong></span> <span class='ocrx_word' id='word_1_37' title='bbox 1893 741 2071 807; x_wconf 83' lang='lat' dir='ltr'><strong>habet,</strong></span> 
     </span>
    </p>
   </div>
   <div class='ocr_carea' id='block_1_6' title="bbox 497 831 2074 911">
    <p class='ocr_par' dir='ltr' id='par_1_6' title="bbox 497 831 2074 911">
     <span class='ocr_line' id='line_1_6' title="bbox 497 831 2074 911; baseline -0.009 -15"><span class='ocrx_word' id='word_1_38' title='bbox 497 842 628 911; x_wconf 91' lang='lat' dir='ltr'><strong>petit</strong></span> <span class='ocrx_word' id='word_1_39' title='bbox 658 849 715 894; x_wconf 93' lang='lat' dir='ltr'><strong>ut</strong></span> <span class='ocrx_word' id='word_1_40' title='bbox 738 839 982 908; x_wconf 87' lang='lat' dir='ltr'><strong>accipiat,</strong></span> <span class='ocrx_word' id='word_1_41' title='bbox 1015 837 1204 906; x_wconf 69' lang='lat' dir='ltr'><strong>qumrit</strong></span> <span class='ocrx_word' id='word_1_42' title='bbox 1227 844 1281 889; x_wconf 93' lang='lat' dir='ltr'><strong>ut</strong></span> <span class='ocrx_word' id='word_1_43' title='bbox 1304 835 1556 902; x_wconf 83' lang='lat' dir='ltr'><strong>inveniat,</strong></span> <span class='ocrx_word' id='word_1_44' title='bbox 1587 833 1761 903; x_wconf 86' lang='lat' dir='ltr'><strong>pulsat</strong></span> <span class='ocrx_word' id='word_1_45' title='bbox 1782 841 1840 886; x_wconf 94' lang='lat' dir='ltr'><strong>ut</strong></span> <span class='ocrx_word' id='word_1_46' title='bbox 1863 831 2074 901; x_wconf 77' lang='lat' dir='ltr'><strong>aperia-</strong></span> 
     </span>
    </p>
   </div>
   <div class='ocr_carea' id='block_1_7' title="bbox 498 924 2073 1005">
    <p class='ocr_par' dir='ltr' id='par_1_7' title="bbox 498 924 2073 1005">
     <span class='ocr_line' id='line_1_7' title="bbox 498 924 2073 1005; baseline -0.007 -18"><span class='ocrx_word' id='word_1_47' title='bbox 498 943 583 987; x_wconf 89' lang='lat' dir='ltr'><strong>tur</strong></span> <span class='ocrx_word' id='word_1_48' title='bbox 599 936 645 987; x_wconf 92' lang='lat' dir='ltr'><strong>ei</strong></span> <span class='ocrx_word' id='word_1_49' title='bbox 666 931 883 1005; x_wconf 79' lang='lat' dir='ltr'><strong>(Matth.</strong></span> <span class='ocrx_word' id='word_1_50' title='bbox 904 947 994 995; x_wconf 90' lang='lat' dir='ltr'><strong>vu,</strong></span> <span class='ocrx_word' id='word_1_51' title='bbox 1021 929 1096 999; x_wconf 91' lang='lat'><strong>7).</strong></span> <span class='ocrx_word' id='word_1_52' title='bbox 1127 926 1285 984; x_wconf 84' lang='lat' dir='ltr'><strong>Fides</strong></span> <span class='ocrx_word' id='word_1_53' title='bbox 1305 943 1532 999; x_wconf 83' lang='lat' dir='ltr'><strong>namque</strong></span> <span class='ocrx_word' id='word_1_54' title='bbox 1556 924 1958 998; x_wconf 89' lang='lat' dir='ltr'><strong>impetratquod</strong></span> <span class='ocrx_word' id='word_1_55' title='bbox 1986 924 2073 977; x_wconf 82' lang='lat' dir='ltr'><strong>lex</strong></span> 
     </span>
    </p>
   </div>
   <div class='ocr_carea' id='block_1_8' title="bbox 494 1015 2073 1094">
    <p class='ocr_par' dir='ltr' id='par_1_8' title="bbox 494 1015 2073 1094">
     <span class='ocr_line' id='line_1_8' title="bbox 494 1015 2073 1094; baseline -0.008 -14"><span class='ocrx_word' id='word_1_56' title='bbox 494 1025 744 1094; x_wconf 89' lang='lat' dir='ltr'><strong>imperat.</strong></span> <span class='ocrx_word' id='word_1_57' title='bbox 785 1023 916 1077; x_wconf 89' lang='lat' dir='ltr'><strong>Nam</strong></span> <span class='ocrx_word' id='word_1_58' title='bbox 949 1023 1064 1076; x_wconf 91' lang='lat' dir='ltr'><strong>sine</strong></span> <span class='ocrx_word' id='word_1_59' title='bbox 1108 1021 1197 1075; x_wconf 87' lang='lat' dir='ltr'><strong>Dei</strong></span> <span class='ocrx_word' id='word_1_60' title='bbox 1237 1021 1411 1089; x_wconf 91' lang='lat' dir='ltr'><strong>dono,</strong></span> <span class='ocrx_word' id='word_1_61' title='bbox 1462 1018 1513 1073; x_wconf 87' lang='lat' dir='ltr'><strong>id</strong></span> <span class='ocrx_word' id='word_1_62' title='bbox 1557 1024 1671 1083; x_wconf 90' lang='lat' dir='ltr'><strong>est,</strong></span> <span class='ocrx_word' id='word_1_63' title='bbox 1716 1018 1830 1072; x_wconf 88' lang='lat' dir='ltr'><strong>sine</strong></span> <span class='ocrx_word' id='word_1_64' title='bbox 1875 1015 2073 1085; x_wconf 89' lang='lat' dir='ltr'><strong>Spiritu</strong></span> 
     </span>
    </p>
   </div>
   <div class='ocr_carea' id='block_1_9' title="bbox 493 1112 2075 1187">
    <p class='ocr_par' dir='ltr' id='par_1_9' title="bbox 493 1112 2075 1187">
     <span class='ocr_line' id='line_1_9' title="bbox 493 1112 2075 1187; baseline -0.004 -14"><span class='ocrx_word' id='word_1_65' title='bbox 493 1126 715 1184; x_wconf 90' lang='lat' dir='ltr'><strong>saneto,</strong></span> <span class='ocrx_word' id='word_1_66' title='bbox 758 1133 853 1187; x_wconf 90' lang='lat' dir='ltr'><strong>per</strong></span> <span class='ocrx_word' id='word_1_67' title='bbox 908 1132 1065 1187; x_wconf 89' lang='lat' dir='ltr'><strong>quem</strong></span> <span class='ocrx_word' id='word_1_68' title='bbox 1113 1115 1423 1169; x_wconf 75' lang='lat' dir='ltr'><strong>diffunditur</strong></span> <span class='ocrx_word' id='word_1_69' title='bbox 1462 1114 1695 1168; x_wconf 90' lang='lat' dir='ltr'><strong>charitas</strong></span> <span class='ocrx_word' id='word_1_70' title='bbox 1733 1113 1785 1166; x_wconf 90' lang='lat' dir='ltr'><strong>in</strong></span> <span class='ocrx_word' id='word_1_71' title='bbox 1824 1112 2075 1167; x_wconf 89' lang='lat' dir='ltr'><strong>cordibus</strong></span> 
     </span>
    </p>
   </div>
   <div class='ocr_carea' id='block_1_10' title="bbox 493 1202 2070 1277">
    <p class='ocr_par' dir='ltr' id='par_1_10' title="bbox 493 1202 2070 1277">
     <span class='ocr_line' id='line_1_10' title="bbox 493 1202 2070 1277; baseline -0.004 -14"><span class='ocrx_word' id='word_1_72' title='bbox 493 1209 690 1263; x_wconf 86' lang='lat' dir='ltr'><strong>nostris</strong></span> <span class='ocrx_word' id='word_1_73' title='bbox 720 1208 893 1277; x_wconf 89' lang='lat' dir='ltr'><strong>(Rom.</strong></span> <span class='ocrx_word' id='word_1_74' title='bbox 924 1223 975 1272; x_wconf 93' lang='lat' dir='ltr'><strong>v,</strong></span> <span class='ocrx_word' id='word_1_75' title='bbox 1007 1207 1088 1274; x_wconf 85' lang='lat'><strong>5),</strong></span> <span class='ocrx_word' id='word_1_76' title='bbox 1119 1205 1306 1274; x_wconf 86' lang='lat' dir='ltr'><strong>jubere</strong></span> <span class='ocrx_word' id='word_1_77' title='bbox 1335 1205 1417 1258; x_wconf 79' lang='lat' dir='ltr'><strong>lex</strong></span> <span class='ocrx_word' id='word_1_78' title='bbox 1445 1203 1676 1274; x_wconf 89' lang='lat' dir='ltr'><strong>poterit,</strong></span> <span class='ocrx_word' id='word_1_79' title='bbox 1703 1217 1810 1257; x_wconf 90' lang='lat' dir='ltr'><strong>non</strong></span> <span class='ocrx_word' id='word_1_80' title='bbox 1846 1202 2070 1272; x_wconf 88' lang='lat' dir='ltr'><strong>juvare;</strong></span> 
     </span>
    </p>
   </div>
   <div class='ocr_carea' id='block_1_11' title="bbox 491 1293 2072 1369">
    <p class='ocr_par' dir='ltr' id='par_1_11' title="bbox 491 1293 2072 1369">
     <span class='ocr_line' id='line_1_11' title="bbox 491 1293 2072 1369; baseline -0.005 -16"><span class='ocrx_word' id='word_1_81' title='bbox 491 1310 545 1354; x_wconf 93' lang='lat' dir='ltr'><strong>ct</strong></span> <span class='ocrx_word' id='word_1_82' title='bbox 570 1300 1026 1369; x_wconf 64' lang='lat' dir='ltr'><strong>praevaricatorem</strong></span> <span class='ocrx_word' id='word_1_83' title='bbox 1055 1299 1270 1366; x_wconf 90' lang='lat' dir='ltr'><strong>insuper</strong></span> <span class='ocrx_word' id='word_1_84' title='bbox 1299 1296 1475 1351; x_wconf 88' lang='lat' dir='ltr'><strong>facere</strong></span> <span class='ocrx_word' id='word_1_85' title='bbox 1496 1337 1510 1362; x_wconf 94' lang='lat'><strong>,</strong></span> <span class='ocrx_word' id='word_1_86' title='bbox 1551 1297 1639 1366; x_wconf 89' lang='lat' dir='ltr'><strong>qui</strong></span> <span class='ocrx_word' id='word_1_87' title='bbox 1674 1295 1740 1350; x_wconf 92' lang='lat' dir='ltr'><strong>de</strong></span> <span class='ocrx_word' id='word_1_88' title='bbox 1778 1293 2072 1364; x_wconf 84' lang='lat' dir='ltr'><strong>ignorantia</strong></span> 
     </span>
    </p>
   </div>
   <div class='ocr_carea' id='block_1_12' title="bbox 491 1383 2074 1457">
    <p class='ocr_par' dir='ltr' id='par_1_12' title="bbox 491 1383 2074 1457">
     <span class='ocr_line' id='line_1_12' title="bbox 491 1383 2074 1457; baseline -0.005 -12"><span class='ocrx_word' id='word_1_89' title='bbox 491 1404 549 1445; x_wconf 88' lang='lat' dir='ltr'><strong>se</strong></span> <span class='ocrx_word' id='word_1_90' title='bbox 578 1403 835 1444; x_wconf 82' lang='lat' dir='ltr'><strong>excusare</strong></span> <span class='ocrx_word' id='word_1_91' title='bbox 856 1404 962 1442; x_wconf 93' lang='lat' dir='ltr'><strong>non</strong></span> <span class='ocrx_word' id='word_1_92' title='bbox 985 1388 1173 1457; x_wconf 89' lang='lat' dir='ltr'><strong>possit.</strong></span> <span class='ocrx_word' id='word_1_93' title='bbox 1203 1389 1406 1455; x_wconf 78' lang='lat' dir='ltr'><strong>Regnat</strong></span> <span class='ocrx_word' id='word_1_94' title='bbox 1429 1386 1573 1442; x_wconf 90' lang='lat' dir='ltr'><strong>enim</strong></span> <span class='ocrx_word' id='word_1_95' title='bbox 1603 1385 1834 1441; x_wconf 89' lang='lat' dir='ltr'><strong>carnalis</strong></span> <span class='ocrx_word' id='word_1_96' title='bbox 1869 1383 2074 1454; x_wconf 89' lang='lat' dir='ltr'><strong>cupidi-</strong></span> 
     </span>
    </p>
   </div>
   <div class='ocr_carea' id='block_1_13' title="bbox 492 1479 1343 1547">
    <p class='ocr_par' dir='ltr' id='par_1_13' title="bbox 492 1479 1343 1547">
     <span class='ocr_line' id='line_1_13' title="bbox 492 1479 1343 1547; baseline -0.001 -14"><span class='ocrx_word' id='word_1_97' title='bbox 492 1491 595 1547; x_wconf 91' lang='lat' dir='ltr'><strong>tas,</strong></span> <span class='ocrx_word' id='word_1_98' title='bbox 619 1480 708 1534; x_wconf 90' lang='lat' dir='ltr'><strong>ubi</strong></span> <span class='ocrx_word' id='word_1_99' title='bbox 734 1495 839 1534; x_wconf 93' lang='lat' dir='ltr'><strong>non</strong></span> <span class='ocrx_word' id='word_1_100' title='bbox 863 1488 946 1534; x_wconf 83' lang='lat' dir='ltr'><strong>est</strong></span> <span class='ocrx_word' id='word_1_101' title='bbox 972 1479 1063 1533; x_wconf 88' lang='lat' dir='ltr'><strong>Dei</strong></span> <span class='ocrx_word' id='word_1_102' title='bbox 1093 1479 1343 1533; x_wconf 89' lang='lat' dir='ltr'><strong>charitas.</strong></span> 
     </span>
    </p>
   </div>
   <div class='ocr_carea' id='block_1_14' title="bbox 561 1566 2070 1636">
    <p class='ocr_par' dir='ltr' id='par_1_14' title="bbox 561 1566 2070 1636">
     <span class='ocr_line' id='line_1_14' title="bbox 561 1566 2070 1636; baseline -0.003 -13"><span class='ocrx_word' id='word_1_103' title='bbox 561 1568 787 1626; x_wconf 85' lang='lat' dir='ltr'><strong>CAPUT</strong></span> <span class='ocrx_word' id='word_1_104' title='bbox 816 1568 1041 1624; x_wconf 81' lang='lat' dir='ltr'><strong>CXVIII.</strong></span> <span class='ocrx_word' id='word_1_105' title='bbox 1067 1599 1139 1609; x_wconf 93' lang='lat'><strong>—-</strong></span> <span class='ocrx_word' id='word_1_106' title='bbox 1163 1569 1340 1624; x_wconf 88' lang='lat' dir='ltr'><strong>Status</strong></span> <span class='ocrx_word' id='word_1_107' title='bbox 1382 1566 1459 1622; x_wconf 84' lang='lat' dir='ltr'><strong>vel</strong></span> <span class='ocrx_word' id='word_1_108' title='bbox 1485 1576 1656 1623; x_wconf 69' lang='lat' dir='ltr'><strong>anates</strong></span> <span class='ocrx_word' id='word_1_109' title='bbox 1686 1567 1903 1621; x_wconf 86' lang='lat' dir='ltr'><strong>hominis</strong></span> <span class='ocrx_word' id='word_1_110' title='bbox 1944 1583 2070 1636; x_wconf 89' lang='lat' dir='ltr'><strong>qua-</strong></span> 
     </span>
    </p>
   </div>
   <div class='ocr_carea' id='block_1_15' title="bbox 492 1655 2069 1730">
    <p class='ocr_par' dir='ltr' id='par_1_15' title="bbox 492 1655 2069 1730">
     <span class='ocr_line' id='line_1_15' title="bbox 492 1655 2069 1730; baseline -0.003 -17"><span class='ocrx_word' id='word_1_111' title='bbox 492 1669 624 1727; x_wconf 88' lang='lat' dir='ltr'><strong>tuor,</strong></span> <span class='ocrx_word' id='word_1_112' title='bbox 654 1670 770 1713; x_wconf 89' lang='lat' dir='ltr'><strong>ante</strong></span> <span class='ocrx_word' id='word_1_113' title='bbox 794 1659 996 1730; x_wconf 87' lang='lat' dir='ltr'><strong>Legem,</strong></span> <span class='ocrx_word' id='word_1_114' title='bbox 1029 1658 1119 1713; x_wconf 97' lang='lat' dir='ltr'><strong>sub</strong></span> <span class='ocrx_word' id='word_1_115' title='bbox 1145 1657 1295 1729; x_wconf 86' lang='lat' dir='ltr'><strong>Lege,</strong></span> <span class='ocrx_word' id='word_1_116' title='bbox 1327 1657 1418 1711; x_wconf 91' lang='lat' dir='ltr'><strong>sub</strong></span> <span class='ocrx_word' id='word_1_117' title='bbox 1443 1658 1628 1728; x_wconf 89' lang='lat' dir='ltr'><strong>gratia,</strong></span> <span class='ocrx_word' id='word_1_118' title='bbox 1652 1666 1699 1710; x_wconf 85' lang='lat' dir='ltr'><strong>et</strong></span> <span class='ocrx_word' id='word_1_119' title='bbox 1721 1657 1774 1709; x_wconf 87' lang='lat' dir='ltr'><strong>in</strong></span> <span class='ocrx_word' id='word_1_120' title='bbox 1802 1672 1943 1725; x_wconf 86' lang='lat' dir='ltr'><strong>pace.</strong></span> <span class='ocrx_word' id='word_1_121' title='bbox 1966 1655 2069 1711; x_wconf 90' lang='lat' dir='ltr'><strong>Sed</strong></span> 
     </span>
    </p>
   </div>
   <div class='ocr_carea' id='block_1_16' title="bbox 489 1745 2070 1819">
    <p class='ocr_par' dir='ltr' id='par_1_16' title="bbox 489 1745 2070 1819">
     <span class='ocr_line' id='line_1_16' title="bbox 489 1745 2070 1819; baseline -0.003 -15"><span class='ocrx_word' id='word_1_122' title='bbox 489 1765 611 1804; x_wconf 91' lang='lat' dir='ltr'><strong>cum</strong></span> <span class='ocrx_word' id='word_1_123' title='bbox 642 1750 695 1803; x_wconf 92' lang='lat' dir='ltr'><strong>iu</strong></span> <span class='ocrx_word' id='word_1_124' title='bbox 724 1749 993 1804; x_wconf 87' lang='lat' dir='ltr'><strong>altissimis</strong></span> <span class='ocrx_word' id='word_1_125' title='bbox 1019 1748 1331 1819; x_wconf 71' lang='lat' dir='ltr'><strong>ignorantia:</strong></span> <span class='ocrx_word' id='word_1_126' title='bbox 1362 1746 1592 1801; x_wconf 89' lang='lat' dir='ltr'><strong>tenebris</strong></span> <span class='ocrx_word' id='word_1_127' title='bbox 1619 1745 1762 1799; x_wconf 91' lang='lat' dir='ltr'><strong>nulla</strong></span> <span class='ocrx_word' id='word_1_128' title='bbox 1791 1745 2070 1800; x_wconf 87' lang='lat' dir='ltr'><strong>resistente</strong></span> 
     </span>
    </p>
   </div>
   <div class='ocr_carea' id='block_1_17' title="bbox 489 1837 2071 1906">
    <p class='ocr_par' dir='ltr' id='par_1_17' title="bbox 489 1837 2071 1906">
     <span class='ocr_line' id='line_1_17' title="bbox 489 1837 2071 1906; baseline 0 -14"><span class='ocrx_word' id='word_1_129' title='bbox 489 1839 694 1893; x_wconf 90' lang='lat' dir='ltr'><strong>ratione</strong></span> <span class='ocrx_word' id='word_1_130' title='bbox 734 1838 1023 1893; x_wconf 92' lang='lat' dir='ltr'><strong>secundum</strong></span> <span class='ocrx_word' id='word_1_131' title='bbox 1068 1853 1285 1893; x_wconf 87' lang='lat' dir='ltr'><strong>carnem</strong></span> <span class='ocrx_word' id='word_1_132' title='bbox 1331 1837 1543 1901; x_wconf 88' lang='lat' dir='ltr'><strong>vivitur,</strong></span> <span class='ocrx_word' id='word_1_133' title='bbox 1590 1837 1705 1891; x_wconf 70' lang='lat' dir='ltr'><strong>hrcc</strong></span> <span class='ocrx_word' id='word_1_134' title='bbox 1739 1844 1863 1890; x_wconf 93' lang='lat' dir='ltr'><strong>sunt</strong></span> <span class='ocrx_word' id='word_1_135' title='bbox 1900 1837 2071 1906; x_wconf 89' lang='lat' dir='ltr'><strong>prima</strong></span> 
     </span>
    </p>
   </div>
   <div class='ocr_carea' id='block_1_18' title="bbox 491 1925 2071 1999">
    <p class='ocr_par' dir='ltr' id='par_1_18' title="bbox 491 1925 2071 1999">
     <span class='ocr_line' id='line_1_18' title="bbox 491 1925 2071 1999; baseline -0.001 -15"><span class='ocrx_word' id='word_1_136' title='bbox 491 1930 743 1984; x_wconf 91' lang='lat' dir='ltr'><strong>hominis.</strong></span> <span class='ocrx_word' id='word_1_137' title='bbox 778 1929 981 1985; x_wconf 86' lang='lat' dir='ltr'><strong>Deinde</strong></span> <span class='ocrx_word' id='word_1_138' title='bbox 1004 1945 1122 1984; x_wconf 92' lang='lat' dir='ltr'><strong>cum</strong></span> <span class='ocrx_word' id='word_1_139' title='bbox 1154 1944 1247 1999; x_wconf 91' lang='lat' dir='ltr'><strong>per</strong></span> <span class='ocrx_word' id='word_1_140' title='bbox 1280 1929 1447 1997; x_wconf 89' lang='lat' dir='ltr'><strong>legem</strong></span> <span class='ocrx_word' id='word_1_141' title='bbox 1480 1928 1711 1998; x_wconf 82' lang='lat' dir='ltr'><strong>cognitio</strong></span> <span class='ocrx_word' id='word_1_142' title='bbox 1748 1925 1907 1982; x_wconf 87' lang='lat' dir='ltr'><strong>fuerit</strong></span> <span class='ocrx_word' id='word_1_143' title='bbox 1933 1925 2071 1982; x_wconf 88' lang='lat' dir='ltr'><strong>facta</strong></span> 
     </span>
    </p>
   </div>
   <div class='ocr_carea' id='block_1_19' title="bbox 489 2016 2071 2089">
    <p class='ocr_par' dir='ltr' id='par_1_19' title="bbox 489 2016 2071 2089">
     <span class='ocr_line' id='line_1_19' title="bbox 489 2016 2071 2089; baseline -0.003 -14"><span class='ocrx_word' id='word_1_144' title='bbox 489 2020 713 2089; x_wconf 88' lang='lat' dir='ltr'><strong>peccati,</strong></span> <span class='ocrx_word' id='word_1_145' title='bbox 735 2020 777 2073; x_wconf 92' lang='lat' dir='ltr'><strong>si</strong></span> <span class='ocrx_word' id='word_1_146' title='bbox 801 2019 1033 2074; x_wconf 90' lang='lat' dir='ltr'><strong>nondum</strong></span> <span class='ocrx_word' id='word_1_147' title='bbox 1050 2018 1261 2073; x_wconf 89' lang='lat' dir='ltr'><strong>divinus</strong></span> <span class='ocrx_word' id='word_1_148' title='bbox 1287 2017 1759 2088; x_wconf 87' lang='lat' dir='ltr'><strong>adjuvatSpiritus,</strong></span> <span class='ocrx_word' id='word_1_149' title='bbox 1777 2016 2071 2071; x_wconf 89' lang='lat' dir='ltr'><strong>secundum</strong></span> 
     </span>
    </p>
   </div>
   <div class='ocr_carea' id='block_1_20' title="bbox 485 2109 2069 2182">
    <p class='ocr_par' dir='ltr' id='par_1_20' title="bbox 485 2109 2069 2182">
     <span class='ocr_line' id='line_1_20' title="bbox 485 2109 2069 2182; baseline -0.003 -17"><span class='ocrx_word' id='word_1_150' title='bbox 485 2111 656 2182; x_wconf 88' lang='lat' dir='ltr'><strong>legem</strong></span> <span class='ocrx_word' id='word_1_151' title='bbox 684 2110 867 2166; x_wconf 87' lang='lat' dir='ltr'><strong>volens</strong></span> <span class='ocrx_word' id='word_1_152' title='bbox 897 2111 1075 2165; x_wconf 80' lang='lat' dir='ltr'><strong>vivere</strong></span> <span class='ocrx_word' id='word_1_153' title='bbox 1097 2109 1344 2175; x_wconf 89' lang='lat' dir='ltr'><strong>vincitur,</strong></span> <span class='ocrx_word' id='word_1_154' title='bbox 1371 2116 1425 2163; x_wconf 90' lang='lat' dir='ltr'><strong>et</strong></span> <span class='ocrx_word' id='word_1_155' title='bbox 1449 2109 1621 2162; x_wconf 90' lang='lat' dir='ltr'><strong>sciens</strong></span> <span class='ocrx_word' id='word_1_156' title='bbox 1652 2115 1849 2176; x_wconf 86' lang='lat' dir='ltr'><strong>peccat,</strong></span> <span class='ocrx_word' id='word_1_157' title='bbox 1879 2121 2069 2175; x_wconf 89' lang='lat' dir='ltr'><strong>pecea-</strong></span> 
     </span>
    </p>
   </div>
   <div class='ocr_carea' id='block_1_21' title="bbox 485 2199 2067 2273">
    <p class='ocr_par' dir='ltr' id='par_1_21' title="bbox 485 2199 2067 2273">
     <span class='ocr_line' id='line_1_21' title="bbox 485 2199 2067 2273; baseline -0.002 -18"><span class='ocrx_word' id='word_1_158' title='bbox 485 2212 651 2272; x_wconf 86' lang='lat' dir='ltr'><strong>toque</strong></span> <span class='ocrx_word' id='word_1_159' title='bbox 676 2202 917 2257; x_wconf 88' lang='lat' dir='ltr'><strong>subditus</strong></span> <span class='ocrx_word' id='word_1_160' title='bbox 957 2202 1117 2257; x_wconf 84' lang='lat' dir='ltr'><strong>servit</strong></span> <span class='ocrx_word' id='word_1_161' title='bbox 1154 2220 1168 2257; x_wconf 91' lang='lat'><strong>:</strong></span> <span class='ocrx_word' id='word_1_162' title='bbox 1210 2202 1253 2255; x_wconf 87' lang='grc' dir='ltr'><em>Λ</em></span> <span class='ocrx_word' id='word_1_163' title='bbox 1283 2217 1381 2273; x_wconf 86' lang='lat' dir='ltr'><strong>quo</strong></span> <span class='ocrx_word' id='word_1_164' title='bbox 1407 2202 1536 2254; x_wconf 90' lang='lat' dir='ltr'><strong>enim</strong></span> <span class='ocrx_word' id='word_1_165' title='bbox 1561 2200 1672 2269; x_wconf 90' lang='lat' dir='ltr'><strong>quis</strong></span> <span class='ocrx_word' id='word_1_166' title='bbox 1706 2199 1927 2253; x_wconf 85' lang='lat' dir='ltr'><strong>devictus</strong></span> <span class='ocrx_word' id='word_1_167' title='bbox 1951 2207 2024 2253; x_wconf 89' lang='lat' dir='ltr'><strong>est</strong></span> <span class='ocrx_word' id='word_1_168' title='bbox 2050 2240 2067 2267; x_wconf 94' lang='lat'><strong>,</strong></span> 
     </span>
    </p>
   </div>
   <div class='ocr_carea' id='block_1_22' title="bbox 487 2288 2071 2362">
    <p class='ocr_par' dir='ltr' id='par_1_22' title="bbox 487 2288 2071 2362">
     <span class='ocr_line' id='line_1_22' title="bbox 487 2288 2071 2362; baseline 0.001 -20"><span class='ocrx_word' id='word_1_169' title='bbox 487 2291 605 2345; x_wconf 84' lang='lat' dir='ltr'><strong>huic</strong></span> <span class='ocrx_word' id='word_1_170' title='bbox 630 2301 674 2345; x_wconf 88' lang='lat' dir='ltr'><strong>et</strong></span> <span class='ocrx_word' id='word_1_171' title='bbox 702 2308 873 2347; x_wconf 86' lang='lat' dir='ltr'><strong>servus</strong></span> <span class='ocrx_word' id='word_1_172' title='bbox 895 2292 1125 2347; x_wconf 85' lang='lat' dir='ltr'><strong>addictus</strong></span> <span class='ocrx_word' id='word_1_173' title='bbox 1151 2300 1222 2347; x_wconf 83' lang='lat' dir='ltr'><strong>est</strong></span> <span class='ocrx_word' id='word_1_174' title='bbox 1251 2292 1268 2362; x_wconf 94' lang='lat'><strong>(</strong></span> <span class='ocrx_word' id='word_1_175' title='bbox 1292 2291 1335 2345; x_wconf 92' lang='lat' dir='ltr'><strong>II</strong></span> <span class='ocrx_word' id='word_1_176' title='bbox 1370 2289 1508 2345; x_wconf 84' lang='lat' dir='ltr'><strong>Petr.</strong></span> <span class='ocrx_word' id='word_1_177' title='bbox 1538 2305 1611 2356; x_wconf 87' lang='grc' dir='ltr'>ιι,</span> <span class='ocrx_word' id='word_1_178' title='bbox 1646 2288 1765 2359; x_wconf 88' lang='grc'><strong>19);</strong></span> <span class='ocrx_word' id='word_1_179' title='bbox 1800 2289 1850 2343; x_wconf 91' lang='lat' dir='ltr'><strong>id</strong></span> <span class='ocrx_word' id='word_1_180' title='bbox 1878 2297 2071 2359; x_wconf 85' lang='lat' dir='ltr'><strong>agente</strong></span> 
     </span>
    </p>
   </div>
   <div class='ocr_carea' id='block_1_23' title="bbox 484 2381 2070 2455">
    <p class='ocr_par' dir='ltr' id='par_1_23' title="bbox 484 2381 2070 2455">
     <span class='ocr_line' id='line_1_23' title="bbox 484 2381 2070 2455; baseline 0.002 -20"><span class='ocrx_word' id='word_1_181' title='bbox 484 2383 706 2438; x_wconf 89' lang='lat' dir='ltr'><strong>scientia</strong></span> <span class='ocrx_word' id='word_1_182' title='bbox 755 2383 1013 2451; x_wconf 88' lang='lat' dir='ltr'><strong>mandati,</strong></span> <span class='ocrx_word' id='word_1_183' title='bbox 1045 2393 1103 2439; x_wconf 93' lang='lat' dir='ltr'><strong>ut</strong></span> <span class='ocrx_word' id='word_1_184' title='bbox 1136 2393 1408 2455; x_wconf 87' lang='lat' dir='ltr'><strong>peccatum</strong></span> <span class='ocrx_word' id='word_1_185' title='bbox 1453 2391 1706 2453; x_wconf 88' lang='lat' dir='ltr'><strong>operetur</strong></span> <span class='ocrx_word' id='word_1_186' title='bbox 1749 2383 1799 2437; x_wconf 92' lang='lat' dir='ltr'><strong>in</strong></span> <span class='ocrx_word' id='word_1_187' title='bbox 1855 2381 2070 2438; x_wconf 89' lang='lat' dir='ltr'><strong>homine</strong></span> 
     </span>
    </p>
   </div>
   <div class='ocr_carea' id='block_1_24' title="bbox 484 2473 2068 2544">
    <p class='ocr_par' dir='ltr' id='par_1_24' title="bbox 484 2473 2068 2544">
     <span class='ocr_line' id='line_1_24' title="bbox 484 2473 2068 2544; baseline 0.001 -19"><span class='ocrx_word' id='word_1_188' title='bbox 484 2485 694 2527; x_wconf 92' lang='lat' dir='ltr'><strong>omnem</strong></span> <span class='ocrx_word' id='word_1_189' title='bbox 725 2475 1231 2544; x_wconf 87' lang='lat' dir='ltr'><strong>concupiscentiam,</strong></span> <span class='ocrx_word' id='word_1_190' title='bbox 1262 2474 1477 2529; x_wconf 88' lang='lat' dir='ltr'><strong>cumulo</strong></span> <span class='ocrx_word' id='word_1_191' title='bbox 1504 2474 1951 2543; x_wconf 81' lang='lat' dir='ltr'><strong>praevaricationis</strong></span> <span class='ocrx_word' id='word_1_192' title='bbox 1971 2473 2068 2527; x_wconf 86' lang='lat' dir='ltr'><strong>ad-</strong></span> 
     </span>
    </p>
   </div>
   <div class='ocr_carea' id='block_1_25' title="bbox 476 2560 2070 2635">
    <p class='ocr_par' dir='ltr' id='par_1_25' title="bbox 476 2560 2070 2635">
     <span class='ocr_line' id='line_1_25' title="bbox 476 2560 2070 2635; baseline 0.001 -20"><span class='ocrx_word' id='word_1_193' title='bbox 476 2560 641 2630; x_wconf 90' lang='lat' dir='ltr'><strong>jccto,</strong></span> <span class='ocrx_word' id='word_1_194' title='bbox 671 2572 829 2632; x_wconf 89' lang='lat' dir='ltr'><strong>atque</strong></span> <span class='ocrx_word' id='word_1_195' title='bbox 875 2564 944 2617; x_wconf 90' lang='lat' dir='ltr'><strong>ita</strong></span> <span class='ocrx_word' id='word_1_196' title='bbox 995 2564 1137 2635; x_wconf 91' lang='lat' dir='ltr'><strong>quod</strong></span> <span class='ocrx_word' id='word_1_197' title='bbox 1184 2564 1439 2634; x_wconf 87' lang='lat' dir='ltr'><strong>scriptum</strong></span> <span class='ocrx_word' id='word_1_198' title='bbox 1493 2572 1577 2618; x_wconf 90' lang='lat' dir='ltr'><strong>est</strong></span> <span class='ocrx_word' id='word_1_199' title='bbox 1623 2564 1923 2635; x_wconf 84' lang='lat' dir='ltr'><strong>impleatur,</strong></span> <span class='ocrx_word' id='word_1_200' title='bbox 1963 2562 2070 2617; x_wconf 70' lang='lat' dir='ltr'><strong>Lex</strong></span> 
     </span>
    </p>
   </div>
   <div class='ocr_carea' id='block_1_26' title="bbox 480 2653 2068 2727">
    <p class='ocr_par' dir='ltr' id='par_1_26' title="bbox 480 2653 2068 2727">
     <span class='ocr_line' id='line_1_26' title="bbox 480 2653 2068 2727; baseline 0.003 -21"><span class='ocrx_word' id='word_1_201' title='bbox 480 2653 778 2709; x_wconf 82' lang='lat' dir='ltr'><strong>subintravit</strong></span> <span class='ocrx_word' id='word_1_202' title='bbox 797 2696 811 2721; x_wconf 94' lang='lat'><strong>,</strong></span> <span class='ocrx_word' id='word_1_203' title='bbox 848 2663 903 2708; x_wconf 87' lang='lat' dir='ltr'><strong>ut</strong></span> <span class='ocrx_word' id='word_1_204' title='bbox 935 2655 1215 2709; x_wconf 84' lang='lat' dir='ltr'><strong>abundaret</strong></span> <span class='ocrx_word' id='word_1_205' title='bbox 1240 2656 1478 2709; x_wconf 85' lang='lat' dir='ltr'><strong>delictum</strong></span> <span class='ocrx_word' id='word_1_206' title='bbox 1506 2656 1683 2727; x_wconf 78' lang='lat' dir='ltr'><strong>(Rom.</strong></span> <span class='ocrx_word' id='word_1_207' title='bbox 1714 2673 1767 2723; x_wconf 90' lang='lat' dir='ltr'><strong>v,</strong></span> <span class='ocrx_word' id='word_1_208' title='bbox 1796 2655 1911 2727; x_wconf 73' lang='lat'><strong>&#39;20).</strong></span> <span class='ocrx_word' id='word_1_209' title='bbox 1943 2655 2068 2711; x_wconf 70' lang='lat' dir='ltr'><strong>Haec</strong></span> 
     </span>
    </p>
   </div>
   <div class='ocr_carea' id='block_1_27' title="bbox 481 2747 2069 2819">
    <p class='ocr_par' dir='ltr' id='par_1_27' title="bbox 481 2747 2069 2819">
     <span class='ocr_line' id='line_1_27' title="bbox 481 2747 2069 2819; baseline 0.003 -21"><span class='ocrx_word' id='word_1_210' title='bbox 481 2754 607 2800; x_wconf 86' lang='lat' dir='ltr'><strong>sunt</strong></span> <span class='ocrx_word' id='word_1_211' title='bbox 630 2747 863 2801; x_wconf 88' lang='lat' dir='ltr'><strong>secunda</strong></span> <span class='ocrx_word' id='word_1_212' title='bbox 895 2747 1143 2803; x_wconf 88' lang='lat' dir='ltr'><strong>hominis.</strong></span> <span class='ocrx_word' id='word_1_213' title='bbox 1184 2747 1241 2803; x_wconf 91' lang='lat' dir='ltr'><strong>Si</strong></span> <span class='ocrx_word' id='word_1_214' title='bbox 1279 2757 1457 2805; x_wconf 91' lang='lat' dir='ltr'><strong>autem</strong></span> <span class='ocrx_word' id='word_1_215' title='bbox 1498 2750 1792 2819; x_wconf 78' lang='lat' dir='ltr'><strong>respexerit</strong></span> <span class='ocrx_word' id='word_1_216' title='bbox 1821 2749 1983 2814; x_wconf 86' lang='lat' dir='ltr'><strong>Deus,</strong></span> <span class='ocrx_word' id='word_1_217' title='bbox 2008 2756 2069 2803; x_wconf 90' lang='lat' dir='ltr'><strong>ut</strong></span> 
     </span>
    </p>
   </div>
   <div class='ocr_carea' id='block_1_28' title="bbox 481 2836 2069 2910">
    <p class='ocr_par' dir='ltr' id='par_1_28' title="bbox 481 2836 2069 2910">
     <span class='ocr_line' id='line_1_28' title="bbox 481 2836 2069 2910; baseline 0.004 -21"><span class='ocrx_word' id='word_1_218' title='bbox 481 2836 548 2889; x_wconf 90' lang='lat' dir='ltr'><strong>ad</strong></span> <span class='ocrx_word' id='word_1_219' title='bbox 577 2837 841 2907; x_wconf 89' lang='lat' dir='ltr'><strong>implenda</strong></span> <span class='ocrx_word' id='word_1_220' title='bbox 869 2855 987 2909; x_wconf 75' lang='lat' dir='ltr'><strong>qua:</strong></span> <span class='ocrx_word' id='word_1_221' title='bbox 1025 2838 1241 2894; x_wconf 88' lang='lat' dir='ltr'><strong>mandat</strong></span> <span class='ocrx_word' id='word_1_222' title='bbox 1266 2839 1380 2910; x_wconf 89' lang='lat' dir='ltr'><strong>ipse</strong></span> <span class='ocrx_word' id='word_1_223' title='bbox 1405 2841 1660 2910; x_wconf 82' lang='lat' dir='ltr'><strong>adjuvare</strong></span> <span class='ocrx_word' id='word_1_224' title='bbox 1701 2840 1983 2905; x_wconf 86' lang='lat' dir='ltr'><strong>credatur,</strong></span> <span class='ocrx_word' id='word_1_225' title='bbox 2013 2846 2069 2895; x_wconf 84' lang='lat' dir='ltr'><strong>et</strong></span> 
     </span>
    </p>
   </div>
   <div class='ocr_carea' id='block_1_29' title="bbox 480 2927 2067 3002">
    <p class='ocr_par' dir='ltr' id='par_1_29' title="bbox 480 2927 2067 3002">
     <span class='ocr_line' id='line_1_29' title="bbox 480 2927 2067 3002; baseline 0.005 -23"><span class='ocrx_word' id='word_1_226' title='bbox 480 2927 563 2996; x_wconf 91' lang='lat' dir='ltr'><strong>agi</strong></span> <span class='ocrx_word' id='word_1_227' title='bbox 596 2928 755 2982; x_wconf 92' lang='lat' dir='ltr'><strong>homo</strong></span> <span class='ocrx_word' id='word_1_228' title='bbox 788 2931 1009 3000; x_wconf 71' lang='lat' dir='ltr'><strong>cmperit</strong></span> <span class='ocrx_word' id='word_1_229' title='bbox 1036 2931 1131 2986; x_wconf 89' lang='lat' dir='ltr'><strong>Dei</strong></span> <span class='ocrx_word' id='word_1_230' title='bbox 1158 2930 1788 3002; x_wconf 89' lang='lat' dir='ltr'><strong>Spiritu,concupiscitur</strong></span> <span class='ocrx_word' id='word_1_231' title='bbox 1811 2930 2067 2987; x_wconf 89' lang='lat' dir='ltr'><strong>adversus</strong></span> 
     </span>
    </p>
   </div>
   <div class='ocr_carea' id='block_1_30' title="bbox 483 3020 2068 3093">
    <p class='ocr_par' dir='ltr' id='par_1_30' title="bbox 483 3020 2068 3093">
     <span class='ocr_line' id='line_1_30' title="bbox 483 3020 2068 3093; baseline 0.004 -21"><span class='ocrx_word' id='word_1_232' title='bbox 483 3033 699 3076; x_wconf 86' lang='lat' dir='ltr'><strong>carnem</strong></span> <span class='ocrx_word' id='word_1_233' title='bbox 739 3020 959 3078; x_wconf 80' lang='lat' dir='ltr'><strong>fortiore</strong></span> <span class='ocrx_word' id='word_1_234' title='bbox 998 3025 1195 3079; x_wconf 90' lang='lat' dir='ltr'><strong>robore</strong></span> <span class='ocrx_word' id='word_1_235' title='bbox 1228 3024 1501 3080; x_wconf 89' lang='lat' dir='ltr'><strong>charitatis</strong></span> <span class='ocrx_word' id='word_1_236' title='bbox 1541 3021 1737 3093; x_wconf 84' lang='lat' dir='ltr'><strong>(Colat.</strong></span> <span class='ocrx_word' id='word_1_237' title='bbox 1768 3038 1822 3090; x_wconf 93' lang='lat' dir='ltr'><strong>v,</strong></span> <span class='ocrx_word' id='word_1_238' title='bbox 1855 3023 1980 3093; x_wconf 81' lang='lat' dir='ltr'><strong>I7);</strong></span> <span class='ocrx_word' id='word_1_239' title='bbox 2010 3031 2068 3079; x_wconf 86' lang='lat' dir='ltr'><strong>ut</strong></span> 
     </span>
    </p>
   </div>
   <div class='ocr_carea' id='block_1_31' title="bbox 480 3113 2061 3187">
    <p class='ocr_par' dir='ltr' id='par_1_31' title="bbox 480 3113 2061 3187">
     <span class='ocr_line' id='line_1_31' title="bbox 480 3113 2061 3187; baseline 0.004 -23"><span class='ocrx_word' id='word_1_240' title='bbox 480 3113 722 3181; x_wconf 86' lang='lat' dir='ltr'><strong>quamvis</strong></span> <span class='ocrx_word' id='word_1_241' title='bbox 750 3113 923 3170; x_wconf 90' lang='lat' dir='ltr'><strong>adhuc</strong></span> <span class='ocrx_word' id='word_1_242' title='bbox 948 3115 1018 3170; x_wconf 88' lang='lat' dir='ltr'><strong>sit</strong></span> <span class='ocrx_word' id='word_1_243' title='bbox 1042 3116 1185 3187; x_wconf 91' lang='lat' dir='ltr'><strong>quod</strong></span> <span class='ocrx_word' id='word_1_244' title='bbox 1212 3116 1413 3172; x_wconf 90' lang='lat' dir='ltr'><strong>homini</strong></span> <span class='ocrx_word' id='word_1_245' title='bbox 1442 3125 1698 3187; x_wconf 88' lang='lat' dir='ltr'><strong>repugnet</strong></span> <span class='ocrx_word' id='word_1_246' title='bbox 1733 3130 1800 3172; x_wconf 83' lang='lat' dir='ltr'><strong>ex</strong></span> <span class='ocrx_word' id='word_1_247' title='bbox 1824 3115 2061 3185; x_wconf 89' lang='lat' dir='ltr'><strong>homine,</strong></span> 
     </span>
    </p>
   </div>
   <div class='ocr_carea' id='block_1_32' title="bbox 481 3200 2062 3278">
    <p class='ocr_par' dir='ltr' id='par_1_32' title="bbox 481 3200 2062 3278">
     <span class='ocr_line' id='line_1_32' title="bbox 481 3200 2062 3278; baseline 0.006 -24"><span class='ocrx_word' id='word_1_248' title='bbox 481 3200 717 3256; x_wconf 92' lang='lat' dir='ltr'><strong>nondum</strong></span> <span class='ocrx_word' id='word_1_249' title='bbox 745 3210 852 3257; x_wconf 92' lang='lat' dir='ltr'><strong>tota</strong></span> <span class='ocrx_word' id='word_1_250' title='bbox 883 3204 1193 3261; x_wconf 80' lang='lat' dir='ltr'><strong>infirmitate</strong></span> <span class='ocrx_word' id='word_1_251' title='bbox 1224 3215 1427 3271; x_wconf 87' lang='lat' dir='ltr'><strong>sanata,</strong></span> <span class='ocrx_word' id='word_1_252' title='bbox 1460 3221 1526 3261; x_wconf 80' lang='lat' dir='ltr'><strong>ex</strong></span> <span class='ocrx_word' id='word_1_253' title='bbox 1558 3205 1660 3262; x_wconf 89' lang='lat' dir='ltr'><strong>lide</strong></span> <span class='ocrx_word' id='word_1_254' title='bbox 1687 3215 1863 3263; x_wconf 90' lang='lat' dir='ltr'><strong>tamen</strong></span> <span class='ocrx_word' id='word_1_255' title='bbox 1884 3207 2062 3278; x_wconf 83' lang='lat' dir='ltr'><strong>justus</strong></span> 
     </span>
    </p>
   </div>
   <div class='ocr_carea' id='block_1_33' title="bbox 479 3294 2064 3371">
    <p class='ocr_par' dir='ltr' id='par_1_33' title="bbox 479 3294 2064 3371">
     <span class='ocr_line' id='line_1_33' title="bbox 479 3294 2064 3371; baseline 0.006 -24"><span class='ocrx_word' id='word_1_256' title='bbox 479 3294 621 3349; x_wconf 84' lang='lat' dir='ltr'><strong>vivat</strong></span> <span class='ocrx_word' id='word_1_257' title='bbox 645 3294 819 3366; x_wconf 86' lang='lat' dir='ltr'><strong>(Rom.</strong></span> <span class='ocrx_word' id='word_1_258' title='bbox 861 3313 898 3363; x_wconf 87' lang='grc' dir='ltr'>ι,</span> <span class='ocrx_word' id='word_1_259' title='bbox 946 3298 1059 3370; x_wconf 87' lang='grc'><strong>17),</strong></span> <span class='ocrx_word' id='word_1_260' title='bbox 1105 3299 1353 3370; x_wconf 89' lang='lat' dir='ltr'><strong>justeque</strong></span> <span class='ocrx_word' id='word_1_261' title='bbox 1382 3299 1560 3365; x_wconf 88' lang='lat' dir='ltr'><strong>vivat,</strong></span> <span class='ocrx_word' id='word_1_262' title='bbox 1594 3299 1646 3354; x_wconf 91' lang='lat' dir='ltr'><strong>in</strong></span> <span class='ocrx_word' id='word_1_263' title='bbox 1673 3310 1927 3371; x_wconf 90' lang='lat' dir='ltr'><strong>quantum</strong></span> <span class='ocrx_word' id='word_1_264' title='bbox 1958 3315 2064 3357; x_wconf 91' lang='lat' dir='ltr'><strong>non</strong></span> 
     </span>
    </p>
   </div>
   <div class='ocr_carea' id='block_1_34' title="bbox 477 3385 2063 3460">
    <p class='ocr_par' dir='ltr' id='par_1_34' title="bbox 477 3385 2063 3460">
     <span class='ocr_line' id='line_1_34' title="bbox 477 3385 2063 3460; baseline 0.005 -19"><span class='ocrx_word' id='word_1_265' title='bbox 477 3385 619 3443; x_wconf 89' lang='lat' dir='ltr'><strong>cedit</strong></span> <span class='ocrx_word' id='word_1_266' title='bbox 662 3388 814 3443; x_wconf 77' lang='lat' dir='ltr'><strong>mala:</strong></span> <span class='ocrx_word' id='word_1_267' title='bbox 849 3391 1291 3460; x_wconf 72' lang='lat' dir='ltr'><strong>concupiscentia:</strong></span> <span class='ocrx_word' id='word_1_268' title='bbox 1317 3435 1332 3459; x_wconf 93' lang='lat'><strong>,</strong></span> <span class='ocrx_word' id='word_1_269' title='bbox 1378 3392 1625 3448; x_wconf 86' lang='lat' dir='ltr'><strong>vincente</strong></span> <span class='ocrx_word' id='word_1_270' title='bbox 1669 3392 2063 3449; x_wconf 80' lang='lat' dir='ltr'><strong>delectatione&#39;</strong></span> 
     </span>
    </p>
   </div>
   <div class='ocr_carea' id='block_1_35' title="bbox 471 3478 2059 3557">
    <p class='ocr_par' dir='ltr' id='par_1_35' title="bbox 471 3478 2059 3557">
     <span class='ocr_line' id='line_1_35' title="bbox 471 3478 2059 3557; baseline 0.004 -24"><span class='ocrx_word' id='word_1_271' title='bbox 471 3478 716 3548; x_wconf 70' lang='lat' dir='ltr'><strong>justitite.</strong></span> <span class='ocrx_word' id='word_1_272' title='bbox 766 3480 891 3536; x_wconf 73' lang='lat' dir='ltr'><strong>Hmc</strong></span> <span class='ocrx_word' id='word_1_273' title='bbox 940 3492 1066 3537; x_wconf 91' lang='lat' dir='ltr'><strong>sunt</strong></span> <span class='ocrx_word' id='word_1_274' title='bbox 1097 3485 1248 3538; x_wconf 89' lang='lat' dir='ltr'><strong>tertia</strong></span> <span class='ocrx_word' id='word_1_275' title='bbox 1279 3484 1433 3539; x_wconf 66' lang='lat' dir='ltr'><strong>bonas</strong></span> <span class='ocrx_word' id='word_1_276' title='bbox 1452 3485 1564 3555; x_wconf 89' lang='lat' dir='ltr'><strong>spei</strong></span> <span class='ocrx_word' id='word_1_277' title='bbox 1594 3485 1847 3553; x_wconf 86' lang='lat' dir='ltr'><strong>hominis;</strong></span> <span class='ocrx_word' id='word_1_278' title='bbox 1867 3487 1919 3542; x_wconf 91' lang='lat' dir='ltr'><strong>in</strong></span> <span class='ocrx_word' id='word_1_279' title='bbox 1937 3487 2059 3557; x_wconf 92' lang='lat' dir='ltr'><strong>qui-</strong></span> 
     </span>
    </p>
   </div>
   <div class='ocr_carea' id='block_1_36' title="bbox 476 3570 2061 3647">
    <p class='ocr_par' dir='ltr' id='par_1_36' title="bbox 476 3570 2061 3647">
     <span class='ocr_line' id='line_1_36' title="bbox 476 3570 2061 3647; baseline 0.007 -25"><span class='ocrx_word' id='word_1_280' title='bbox 476 3570 577 3626; x_wconf 86' lang='lat' dir='ltr'><strong>bus</strong></span> <span class='ocrx_word' id='word_1_281' title='bbox 617 3574 661 3627; x_wconf 84' lang='lat' dir='ltr'><strong>si</strong></span> <span class='ocrx_word' id='word_1_282' title='bbox 704 3574 787 3642; x_wconf 89' lang='lat' dir='ltr'><strong>pia</strong></span> <span class='ocrx_word' id='word_1_283' title='bbox 823 3575 1213 3643; x_wconf 84' lang='lat' dir='ltr'><strong>perseverantia</strong></span> <span class='ocrx_word' id='word_1_284' title='bbox 1243 3575 1468 3646; x_wconf 85' lang='lat' dir='ltr'><strong>quisque</strong></span> <span class='ocrx_word' id='word_1_285' title='bbox 1494 3576 1754 3646; x_wconf 88' lang='lat' dir='ltr'><strong>proficiat,</strong></span> <span class='ocrx_word' id='word_1_286' title='bbox 1795 3587 2061 3647; x_wconf 89' lang='lat' dir='ltr'><strong>postrema</strong></span> 
     </span>
    </p>
   </div>
   <div class='ocr_carea' id='block_1_37' title="bbox 474 3664 2059 3737">
    <p class='ocr_par' dir='ltr' id='par_1_37' title="bbox 474 3664 2059 3737">
     <span class='ocr_line' id='line_1_37' title="bbox 474 3664 2059 3737; baseline 0.006 -24"><span class='ocrx_word' id='word_1_287' title='bbox 474 3677 577 3731; x_wconf 69' lang='lat' dir='ltr'><strong>pax</strong></span> <span class='ocrx_word' id='word_1_288' title='bbox 609 3672 793 3729; x_wconf 85' lang='lat' dir='ltr'><strong>restat,</strong></span> <span class='ocrx_word' id='word_1_289' title='bbox 824 3679 943 3733; x_wconf 83' lang='lat' dir='ltr'><strong>qua:</strong></span> <span class='ocrx_word' id='word_1_290' title='bbox 979 3672 1103 3734; x_wconf 91' lang='lat' dir='ltr'><strong>post</strong></span> <span class='ocrx_word' id='word_1_291' title='bbox 1143 3664 1281 3720; x_wconf 90' lang='lat' dir='ltr'><strong>hanc</strong></span> <span class='ocrx_word' id='word_1_292' title='bbox 1313 3667 1475 3719; x_wconf 92' lang='lat' dir='ltr'><strong>vitam</strong></span> <span class='ocrx_word' id='word_1_293' title='bbox 1507 3666 1557 3720; x_wconf 90' lang='lat' dir='ltr'><strong>in</strong></span> <span class='ocrx_word' id='word_1_294' title='bbox 1590 3668 1773 3736; x_wconf 88' lang='lat' dir='ltr'><strong>requie</strong></span> <span class='ocrx_word' id='word_1_295' title='bbox 1802 3670 2020 3737; x_wconf 90' lang='lat' dir='ltr'><strong>spiritus</strong></span> <span class='ocrx_word' id='word_1_296' title='bbox 2045 3712 2059 3735; x_wconf 93' lang='lat'><strong>,</strong></span> 
     </span>
    </p>
   </div>
   <div class='ocr_carea' id='block_1_38' title="bbox 475 3750 2061 3827">
    <p class='ocr_par' dir='ltr' id='par_1_38' title="bbox 475 3750 2061 3827">
     <span class='ocr_line' id='line_1_38' title="bbox 475 3750 2061 3827; baseline 0.008 -24"><span class='ocrx_word' id='word_1_297' title='bbox 475 3750 669 3805; x_wconf 86' lang='lat' dir='ltr'><strong>deinde</strong></span> <span class='ocrx_word' id='word_1_298' title='bbox 702 3752 757 3805; x_wconf 90' lang='lat' dir='ltr'><strong>in</strong></span> <span class='ocrx_word' id='word_1_299' title='bbox 790 3754 1182 3809; x_wconf 75' lang='lat' dir='ltr'><strong>resurrectione</strong></span> <span class='ocrx_word' id='word_1_300' title='bbox 1208 3755 1367 3809; x_wconf 89' lang='lat' dir='ltr'><strong>etiam</strong></span> <span class='ocrx_word' id='word_1_301' title='bbox 1392 3757 1568 3811; x_wconf 88' lang='lat' dir='ltr'><strong>carnis</strong></span> <span class='ocrx_word' id='word_1_302' title='bbox 1598 3758 1921 3827; x_wconf 91' lang='lat' dir='ltr'><strong>implebitur.</strong></span> <span class='ocrx_word' id='word_1_303' title='bbox 1951 3760 2061 3815; x_wconf 83' lang='lat' dir='ltr'><strong>Ha-</strong></span> 
     </span>
    </p>
   </div>
   <div class='ocr_carea' id='block_1_39' title="bbox 476 3844 2055 3922">
    <p class='ocr_par' dir='ltr' id='par_1_39' title="bbox 476 3844 2055 3922">
     <span class='ocr_line' id='line_1_39' title="bbox 476 3844 2055 3922; baseline 0.008 -27"><span class='ocrx_word' id='word_1_304' title='bbox 476 3857 593 3896; x_wconf 88' lang='lat' dir='ltr'><strong>rum</strong></span> <span class='ocrx_word' id='word_1_305' title='bbox 622 3845 863 3913; x_wconf 90' lang='lat' dir='ltr'><strong>&#39;quatuor</strong></span> <span class='ocrx_word' id='word_1_306' title='bbox 901 3844 1323 3900; x_wconf 80' lang='lat' dir='ltr'><strong>differentiarum</strong></span> <span class='ocrx_word' id='word_1_307' title='bbox 1364 3848 1532 3916; x_wconf 90' lang='lat' dir='ltr'><strong>prima</strong></span> <span class='ocrx_word' id='word_1_308' title='bbox 1564 3857 1648 3904; x_wconf 90' lang='lat' dir='ltr'><strong>est</strong></span> <span class='ocrx_word' id='word_1_309' title='bbox 1674 3859 1799 3905; x_wconf 89' lang='lat' dir='ltr'><strong>ante</strong></span> <span class='ocrx_word' id='word_1_310' title='bbox 1822 3850 2017 3922; x_wconf 82' lang='lat' dir='ltr'><strong>Legem</strong></span> <span class='ocrx_word' id='word_1_311' title='bbox 2041 3896 2055 3919; x_wconf 93' lang='lat'><strong>,</strong></span> 
     </span>
    </p>
   </div>
   <div class='ocr_carea' id='block_1_40' title="bbox 475 3932 2060 4013">
    <p class='ocr_par' dir='ltr' id='par_1_40' title="bbox 475 3932 2060 4013">
     <span class='ocr_line' id='line_1_40' title="bbox 475 3932 2060 4013; baseline 0.007 -25"><span class='ocrx_word' id='word_1_312' title='bbox 475 3932 710 3989; x_wconf 87' lang='lat' dir='ltr'><strong>secunda</strong></span> <span class='ocrx_word' id='word_1_313' title='bbox 739 3935 837 3991; x_wconf 89' lang='lat' dir='ltr'><strong>sub</strong></span> <span class='ocrx_word' id='word_1_314' title='bbox 867 3935 1029 4006; x_wconf 83' lang='lat' dir='ltr'><strong>Lege,</strong></span> <span class='ocrx_word' id='word_1_315' title='bbox 1063 3937 1215 3991; x_wconf 91' lang='lat' dir='ltr'><strong>tertia</strong></span> <span class='ocrx_word' id='word_1_316' title='bbox 1258 3937 1356 3992; x_wconf 90' lang='lat' dir='ltr'><strong>sub</strong></span> <span class='ocrx_word' id='word_1_317' title='bbox 1384 3938 1580 4008; x_wconf 87' lang='lat' dir='ltr'><strong>gratia,</strong></span> <span class='ocrx_word' id='word_1_318' title='bbox 1612 3950 1797 4010; x_wconf 89' lang='lat' dir='ltr'><strong>quarta</strong></span> <span class='ocrx_word' id='word_1_319' title='bbox 1838 3942 1891 3996; x_wconf 91' lang='lat' dir='ltr'><strong>in</strong></span> <span class='ocrx_word' id='word_1_320' title='bbox 1931 3958 2060 4013; x_wconf 89' lang='lat' dir='ltr'><strong>pace</strong></span> 
     </span>
    </p>
   </div>
   <div class='ocr_carea' id='block_1_41' title="bbox 475 4027 2060 4103">
    <p class='ocr_par' dir='ltr' id='par_1_41' title="bbox 475 4027 2060 4103">
     <span class='ocr_line' id='line_1_41' title="bbox 475 4027 2060 4103; baseline 0.007 -22"><span class='ocrx_word' id='word_1_321' title='bbox 475 4027 629 4096; x_wconf 88' lang='lat' dir='ltr'><strong>plena</strong></span> <span class='ocrx_word' id='word_1_322' title='bbox 654 4038 811 4098; x_wconf 91' lang='lat' dir='ltr'><strong>atque</strong></span> <span class='ocrx_word' id='word_1_323' title='bbox 842 4028 1097 4099; x_wconf 89' lang='lat' dir='ltr'><strong>perfecta.</strong></span> <span class='ocrx_word' id='word_1_324' title='bbox 1121 4029 1208 4085; x_wconf 88' lang='lat' dir='ltr'><strong>Sic</strong></span> <span class='ocrx_word' id='word_1_325' title='bbox 1225 4039 1305 4084; x_wconf 88' lang='lat' dir='ltr'><strong>est</strong></span> <span class='ocrx_word' id='word_1_326' title='bbox 1328 4040 1381 4085; x_wconf 93' lang='lat' dir='ltr'><strong>et</strong></span> <span class='ocrx_word' id='word_1_327' title='bbox 1411 4031 1506 4087; x_wconf 91' lang='lat' dir='ltr'><strong>Dei</strong></span> <span class='ocrx_word' id='word_1_328' title='bbox 1535 4033 1759 4103; x_wconf 91' lang='lat' dir='ltr'><strong>populus</strong></span> <span class='ocrx_word' id='word_1_329' title='bbox 1782 4034 2060 4093; x_wconf 89' lang='lat' dir='ltr'><strong>ordinatus</strong></span> 
     </span>
    </p>
   </div>
   <div class='ocr_carea' id='block_1_42' title="bbox 477 4120 2057 4197">
    <p class='ocr_par' dir='ltr' id='par_1_42' title="bbox 477 4120 2057 4197">
     <span class='ocr_line' id='line_1_42' title="bbox 477 4120 2057 4197; baseline 0.006 -25"><span class='ocrx_word' id='word_1_330' title='bbox 477 4134 572 4187; x_wconf 90' lang='lat' dir='ltr'><strong>per</strong></span> <span class='ocrx_word' id='word_1_331' title='bbox 600 4127 897 4189; x_wconf 87' lang='lat' dir='ltr'><strong>temporum</strong></span> <span class='ocrx_word' id='word_1_332' title='bbox 939 4120 1214 4175; x_wconf 89' lang='lat' dir='ltr'><strong>intervalla</strong></span> <span class='ocrx_word' id='word_1_333' title='bbox 1242 4163 1257 4186; x_wconf 91' lang='lat'><strong>,</strong></span> <span class='ocrx_word' id='word_1_334' title='bbox 1300 4121 1437 4177; x_wconf 88' lang='lat' dir='ltr'><strong>sicut</strong></span> <span class='ocrx_word' id='word_1_335' title='bbox 1479 4122 1592 4179; x_wconf 92' lang='lat' dir='ltr'><strong>Deo</strong></span> <span class='ocrx_word' id='word_1_336' title='bbox 1629 4124 1857 4195; x_wconf 90' lang='lat' dir='ltr'><strong>placuit,</strong></span> <span class='ocrx_word' id='word_1_337' title='bbox 1888 4127 1976 4197; x_wconf 91' lang='lat' dir='ltr'><strong>qui</strong></span> <span class='ocrx_word' id='word_1_338' title='bbox 2005 4129 2057 4183; x_wconf 91' lang='lat' dir='ltr'><strong>in</strong></span> 
     </span>
    </p>
   </div>
   <div class='ocr_carea' id='block_1_43' title="bbox 476 4211 2051 4289">
    <p class='ocr_par' dir='ltr' id='par_1_43' title="bbox 476 4211 2051 4289">
     <span class='ocr_line' id='line_1_43' title="bbox 476 4211 2051 4289; baseline 0.006 -27"><span class='ocrx_word' id='word_1_339' title='bbox 476 4224 725 4264; x_wconf 88' lang='lat' dir='ltr'><strong>mensura</strong></span> <span class='ocrx_word' id='word_1_340' title='bbox 752 4219 806 4264; x_wconf 91' lang='lat' dir='ltr'><strong>et</strong></span> <span class='ocrx_word' id='word_1_341' title='bbox 832 4225 1054 4266; x_wconf 90' lang='lat' dir='ltr'><strong>numero</strong></span> <span class='ocrx_word' id='word_1_342' title='bbox 1076 4218 1131 4266; x_wconf 89' lang='lat' dir='ltr'><strong>et</strong></span> <span class='ocrx_word' id='word_1_343' title='bbox 1156 4211 1392 4281; x_wconf 88' lang='lat' dir='ltr'><strong>pondere</strong></span> <span class='ocrx_word' id='word_1_344' title='bbox 1425 4223 1617 4269; x_wconf 89' lang='lat' dir='ltr'><strong>cuncta</strong></span> <span class='ocrx_word' id='word_1_345' title='bbox 1643 4214 1875 4285; x_wconf 87' lang='lat' dir='ltr'><strong>disponit</strong></span> <span class='ocrx_word' id='word_1_346' title='bbox 1895 4216 2051 4289; x_wconf 86' lang='lat' dir='ltr'><strong>(Sap.</strong></span> 
     </span>
    </p>
   </div>
   <div class='ocr_carea' id='block_1_44' title="bbox 476 4298 2059 4375">
    <p class='ocr_par' dir='ltr' id='par_1_44' title="bbox 476 4298 2059 4375">
     <span class='ocr_line' id='line_1_44' title="bbox 476 4298 2059 4375; baseline 0.009 -23"><span class='ocrx_word' id='word_1_347' title='bbox 476 4314 553 4364; x_wconf 73' lang='lat' dir='ltr'><strong>xu,</strong></span> <span class='ocrx_word' id='word_1_348' title='bbox 584 4298 697 4369; x_wconf 72' lang='grc'><strong>21).</strong></span> <span class='ocrx_word' id='word_1_349' title='bbox 729 4299 858 4354; x_wconf 89' lang='lat' dir='ltr'><strong>Nam</strong></span> <span class='ocrx_word' id='word_1_350' title='bbox 886 4299 982 4355; x_wconf 92' lang='lat' dir='ltr'><strong>fuit</strong></span> <span class='ocrx_word' id='word_1_351' title='bbox 1006 4301 1250 4371; x_wconf 87' lang='lat' dir='ltr'><strong>primitus</strong></span> <span class='ocrx_word' id='word_1_352' title='bbox 1277 4311 1400 4359; x_wconf 87' lang='lat' dir='ltr'><strong>ante</strong></span> <span class='ocrx_word' id='word_1_353' title='bbox 1424 4303 1655 4375; x_wconf 88' lang='lat' dir='ltr'><strong>Legem;</strong></span> <span class='ocrx_word' id='word_1_354' title='bbox 1689 4307 1922 4364; x_wconf 89' lang='lat' dir='ltr'><strong>secundo</strong></span> <span class='ocrx_word' id='word_1_355' title='bbox 1959 4311 2059 4367; x_wconf 89' lang='lat' dir='ltr'><strong>sub</strong></span> 
     </span>
    </p>
   </div>
   <div class='ocr_carea' id='block_1_45' title="bbox 473 4389 2053 4470">
    <p class='ocr_par' dir='ltr' id='par_1_45' title="bbox 473 4389 2053 4470">
     <span class='ocr_line' id='line_1_45' title="bbox 473 4389 2053 4470; baseline 0.008 -27"><span class='ocrx_word' id='word_1_356' title='bbox 473 4389 612 4459; x_wconf 87' lang='lat' dir='ltr'><strong>Lege</strong></span> <span class='ocrx_word' id='word_1_357' title='bbox 636 4431 650 4455; x_wconf 91' lang='lat'><strong>,</strong></span> <span class='ocrx_word' id='word_1_358' title='bbox 690 4406 809 4461; x_wconf 65' lang='lat' dir='ltr'><strong>quae</strong></span> <span class='ocrx_word' id='word_1_359' title='bbox 847 4391 967 4446; x_wconf 86' lang='lat' dir='ltr'><strong>data</strong></span> <span class='ocrx_word' id='word_1_360' title='bbox 993 4400 1077 4447; x_wconf 90' lang='lat' dir='ltr'><strong>est</strong></span> <span class='ocrx_word' id='word_1_361' title='bbox 1101 4408 1196 4463; x_wconf 93' lang='lat' dir='ltr'><strong>per</strong></span> <span class='ocrx_word' id='word_1_362' title='bbox 1218 4393 1466 4465; x_wconf 78' lang='lat' dir='ltr'><strong>Moysen;</strong></span> <span class='ocrx_word' id='word_1_363' title='bbox 1508 4395 1702 4453; x_wconf 88' lang='lat' dir='ltr'><strong>deinde</strong></span> <span class='ocrx_word' id='word_1_364' title='bbox 1727 4399 1825 4455; x_wconf 89' lang='lat' dir='ltr'><strong>sub</strong></span> <span class='ocrx_word' id='word_1_365' title='bbox 1850 4402 2016 4470; x_wconf 87' lang='lat' dir='ltr'><strong>gratia</strong></span> <span class='ocrx_word' id='word_1_366' title='bbox 2039 4443 2053 4466; x_wconf 90' lang='lat'><strong>,</strong></span> 
     </span>
    </p>
   </div>
   <div class='ocr_carea' id='block_1_46' title="bbox 470 4484 2053 4556">
    <p class='ocr_par' dir='ltr' id='par_1_46' title="bbox 470 4484 2053 4556">
     <span class='ocr_line' id='line_1_46' title="bbox 470 4484 2053 4556; baseline 0.007 -20"><span class='ocrx_word' id='word_1_367' title='bbox 470 4498 590 4551; x_wconf 66' lang='lat' dir='ltr'><strong>qua:</strong></span> <span class='ocrx_word' id='word_1_368' title='bbox 627 4484 857 4539; x_wconf 84' lang='lat' dir='ltr'><strong>revelata</strong></span> <span class='ocrx_word' id='word_1_369' title='bbox 902 4492 985 4539; x_wconf 91' lang='lat' dir='ltr'><strong>est</strong></span> <span class='ocrx_word' id='word_1_370' title='bbox 1027 4500 1124 4554; x_wconf 90' lang='lat' dir='ltr'><strong>per</strong></span> <span class='ocrx_word' id='word_1_371' title='bbox 1160 4487 1387 4556; x_wconf 92' lang='lat' dir='ltr'><strong>primum</strong></span> <span class='ocrx_word' id='word_1_372' title='bbox 1426 4487 1733 4546; x_wconf 82' lang='lat' dir='ltr'><strong>Mediatoris</strong></span> <span class='ocrx_word' id='word_1_373' title='bbox 1770 4490 2053 4547; x_wconf 87' lang='lat' dir='ltr'><strong>adventum</strong></span> 
     </span>
    </p>
   </div>
   <div class='ocr_carea' id='block_1_47' title="bbox 471 4571 2053 4648">
    <p class='ocr_par' dir='ltr' id='par_1_47' title="bbox 471 4571 2053 4648">
     <span class='ocr_line' id='line_1_47' title="bbox 471 4571 2053 4648; baseline 0.006 -22"><span class='ocrx_word' id='word_1_374' title='bbox 471 4571 651 4643; x_wconf 85' lang='lat' dir='ltr'><strong>(Joan.</strong></span> <span class='ocrx_word' id='word_1_375' title='bbox 685 4592 736 4641; x_wconf 84' lang='grc' dir='ltr'>ι,</span> <span class='ocrx_word' id='word_1_376' title='bbox 771 4575 883 4647; x_wconf 87' lang='grc'><strong>17).</strong></span> <span class='ocrx_word' id='word_1_377' title='bbox 914 4574 1044 4641; x_wconf 66' lang='lat' dir='ltr'><strong>Quae</strong></span> <span class='ocrx_word' id='word_1_378' title='bbox 1082 4576 1296 4645; x_wconf 85' lang='lat' dir='ltr'><strong>quidem</strong></span> <span class='ocrx_word' id='word_1_379' title='bbox 1340 4578 1508 4648; x_wconf 86' lang='lat' dir='ltr'><strong>gratia</strong></span> <span class='ocrx_word' id='word_1_380' title='bbox 1537 4594 1637 4635; x_wconf 91' lang='lat' dir='ltr'><strong>nec</strong></span> <span class='ocrx_word' id='word_1_381' title='bbox 1664 4590 1820 4637; x_wconf 90' lang='lat' dir='ltr'><strong>antea</strong></span> <span class='ocrx_word' id='word_1_382' title='bbox 1848 4581 2053 4648; x_wconf 90' lang='lat' dir='ltr'><strong>defuit,</strong></span> 
     </span>
    </p>
   </div>
   <div class='ocr_carea' id='block_1_48' title="bbox 472 4666 2054 4744">
    <p class='ocr_par' dir='ltr' id='par_1_48' title="bbox 472 4666 2054 4744">
     <span class='ocr_line' id='line_1_48' title="bbox 472 4666 2054 4744; baseline 0.006 -24"><span class='ocrx_word' id='word_1_383' title='bbox 472 4666 664 4736; x_wconf 90' lang='lat' dir='ltr'><strong>quibus</strong></span> <span class='ocrx_word' id='word_1_384' title='bbox 688 4683 806 4722; x_wconf 89' lang='lat' dir='ltr'><strong>eam</strong></span> <span class='ocrx_word' id='word_1_385' title='bbox 839 4668 1073 4737; x_wconf 90' lang='lat' dir='ltr'><strong>oportuit</strong></span> <span class='ocrx_word' id='word_1_386' title='bbox 1101 4667 1381 4738; x_wconf 84' lang='lat' dir='ltr'><strong>impertiri,</strong></span> <span class='ocrx_word' id='word_1_387' title='bbox 1414 4671 1654 4740; x_wconf 90' lang='lat' dir='ltr'><strong>quamvis</strong></span> <span class='ocrx_word' id='word_1_388' title='bbox 1679 4688 1777 4742; x_wconf 89' lang='lat' dir='ltr'><strong>pro</strong></span> <span class='ocrx_word' id='word_1_389' title='bbox 1803 4676 2054 4744; x_wconf 91' lang='lat' dir='ltr'><strong>temporis</strong></span> 
     </span>
    </p>
   </div>
   <div class='ocr_carea' id='block_1_49' title="bbox 472 4756 2045 4836">
    <p class='ocr_par' dir='ltr' id='par_1_49' title="bbox 472 4756 2045 4836">
     <span class='ocr_line' id='line_1_49' title="bbox 472 4756 2045 4836; baseline 0.007 -27"><span class='ocrx_word' id='word_1_390' title='bbox 472 4756 870 4823; x_wconf 87' lang='lat' dir='ltr'><strong>dispensatione</strong></span> <span class='ocrx_word' id='word_1_391' title='bbox 896 4756 1069 4813; x_wconf 83' lang='lat' dir='ltr'><strong>velata</strong></span> <span class='ocrx_word' id='word_1_392' title='bbox 1094 4766 1148 4814; x_wconf 92' lang='lat' dir='ltr'><strong>et</strong></span> <span class='ocrx_word' id='word_1_393' title='bbox 1173 4760 1397 4814; x_wconf 92' lang='lat' dir='ltr'><strong>occulta.</strong></span> <span class='ocrx_word' id='word_1_394' title='bbox 1426 4761 1609 4832; x_wconf 86' lang='lat' dir='ltr'><strong>Neque</strong></span> <span class='ocrx_word' id='word_1_395' title='bbox 1634 4763 1778 4819; x_wconf 90' lang='lat' dir='ltr'><strong>enim</strong></span> <span class='ocrx_word' id='word_1_396' title='bbox 1806 4767 2045 4836; x_wconf 56' lang='lat' dir='ltr'><strong>antiquo.</strong></span> 
     </span>
    </p>
   </div>
   <div class='ocr_carea' id='block_1_50' title="bbox 471 4844 2053 4920">
    <p class='ocr_par' dir='ltr' id='par_1_50' title="bbox 471 4844 2053 4920">
     <span class='ocr_line' id='line_1_50' title="bbox 471 4844 2053 4920; baseline 0.01 -25"><span class='ocrx_word' id='word_1_397' title='bbox 471 4857 588 4895; x_wconf 82' lang='lat' dir='ltr'><strong>rum</strong></span> <span class='ocrx_word' id='word_1_398' title='bbox 625 4844 945 4916; x_wconf 84' lang='lat' dir='ltr'><strong>quicumque</strong></span> <span class='ocrx_word' id='word_1_399' title='bbox 977 4847 1241 4917; x_wconf 91' lang='lat' dir='ltr'><strong>justorum</strong></span> <span class='ocrx_word' id='word_1_400' title='bbox 1287 4861 1479 4920; x_wconf 66' lang='lat' dir='ltr'><strong>prmter</strong></span> <span class='ocrx_word' id='word_1_401' title='bbox 1499 4853 1695 4908; x_wconf 85' lang='lat' dir='ltr'><strong>Christi</strong></span> <span class='ocrx_word' id='word_1_402' title='bbox 1724 4854 1880 4910; x_wconf 82' lang='lat' dir='ltr'><strong>fidem</strong></span> <span class='ocrx_word' id='word_1_403' title='bbox 1908 4857 2053 4911; x_wconf 89' lang='lat' dir='ltr'><strong>salu-</strong></span> 
     </span>
    </p>
   </div>
   <div class='ocr_carea' id='block_1_51' title="bbox 468 4937 2053 5019">
    <p class='ocr_par' dir='ltr' id='par_1_51' title="bbox 468 4937 2053 5019">
     <span class='ocr_line' id='line_1_51' title="bbox 468 4937 2053 5019; baseline 0.009 -31"><span class='ocrx_word' id='word_1_404' title='bbox 468 4944 575 4989; x_wconf 90' lang='lat' dir='ltr'><strong>tem</strong></span> <span class='ocrx_word' id='word_1_405' title='bbox 605 4937 778 5005; x_wconf 90' lang='lat' dir='ltr'><strong>potuit</strong></span> <span class='ocrx_word' id='word_1_406' title='bbox 817 4937 1091 5006; x_wconf 86' lang='lat' dir='ltr'><strong>invenire,</strong></span> <span class='ocrx_word' id='word_1_407' title='bbox 1140 4950 1232 4996; x_wconf 88' lang='lat' dir='ltr'><strong>aut</strong></span> <span class='ocrx_word' id='word_1_408' title='bbox 1270 4958 1398 4999; x_wconf 89' lang='lat' dir='ltr'><strong>vero</strong></span> <span class='ocrx_word' id='word_1_409' title='bbox 1437 4944 1537 4999; x_wconf 90' lang='lat' dir='ltr'><strong>nisi</strong></span> <span class='ocrx_word' id='word_1_410' title='bbox 1576 4953 1630 5000; x_wconf 90' lang='lat' dir='ltr'><strong>et</strong></span> <span class='ocrx_word' id='word_1_411' title='bbox 1672 4945 1777 5001; x_wconf 82' lang='lat' dir='ltr'><strong>illis</strong></span> <span class='ocrx_word' id='word_1_412' title='bbox 1811 4949 2053 5019; x_wconf 90' lang='lat' dir='ltr'><strong>cognitus</strong></span> 
     </span>
    </p>
   </div>
   <div class='ocr_carea' id='block_1_52' title="bbox 467 5027 2051 5119">
    <p class='ocr_par' dir='ltr' id='par_1_52' title="bbox 467 5027 2051 5119">
     <span class='ocr_line' id='line_1_52' title="bbox 467 5027 2051 5119; baseline 0.011 -41"><span class='ocrx_word' id='word_1_413' title='bbox 467 5027 714 5097; x_wconf 73' lang='lat' dir='ltr'><strong>fuisset’,</strong></span> <span class='ocrx_word' id='word_1_414' title='bbox 749 5031 1005 5099; x_wconf 89' lang='lat' dir='ltr'><strong>potuisset</strong></span> <span class='ocrx_word' id='word_1_415' title='bbox 1030 5032 1183 5088; x_wconf 89' lang='lat' dir='ltr'><strong>nobis</strong></span> <span class='ocrx_word' id='word_1_416' title='bbox 1213 5049 1308 5104; x_wconf 91' lang='lat' dir='ltr'><strong>per</strong></span> <span class='ocrx_word' id='word_1_417' title='bbox 1332 5051 1519 5091; x_wconf 90' lang='lat' dir='ltr'><strong>eorum</strong></span> <span class='ocrx_word' id='word_1_418' title='bbox 1540 5038 1890 5119; x_wconf 75' lang='lat' dir='ltr'><strong>ministerium</strong></span> <span class='ocrx_word' id='word_1_419' title='bbox 1916 5041 2051 5096; x_wconf 91' lang='lat' dir='ltr'><strong>alias</strong></span> 
     </span>
    </p>
   </div>
   <div class='ocr_carea' id='block_1_53' title="bbox 465 5122 1531 5196">
    <p class='ocr_par' dir='ltr' id='par_1_53' title="bbox 465 5122 1531 5196">
     <span class='ocr_line' id='line_1_53' title="bbox 465 5122 1531 5196; baseline 0.011 -25"><span class='ocrx_word' id='word_1_420' title='bbox 465 5122 719 5187; x_wconf 81' lang='lat' dir='ltr'><strong>apertius,</strong></span> <span class='ocrx_word' id='word_1_421' title='bbox 750 5122 881 5177; x_wconf 89' lang='lat' dir='ltr'><strong>alias</strong></span> <span class='ocrx_word' id='word_1_422' title='bbox 909 5124 1167 5179; x_wconf 85' lang='lat' dir='ltr'><strong>occultius</strong></span> <span class='ocrx_word' id='word_1_423' title='bbox 1198 5126 1531 5196; x_wconf 77' lang='lat' dir='ltr'><strong>prophetari.</strong></span> 
     </span>
    </p>
   </div>
   <div class='ocr_carea' id='block_1_54' title="bbox 531 5212 2052 5291">
    <p class='ocr_par' dir='ltr' id='par_1_54' title="bbox 531 5212 2052 5291">
     <span class='ocr_line' id='line_1_54' title="bbox 531 5212 2052 5291; baseline 0.006 -23"><span class='ocrx_word' id='word_1_424' title='bbox 531 5212 761 5272; x_wconf 82' lang='lat' dir='ltr'><strong>CAPUT</strong></span> <span class='ocrx_word' id='word_1_425' title='bbox 798 5213 985 5271; x_wconf 86' lang='lat' dir='ltr'><strong>CXIX.</strong></span> <span class='ocrx_word' id='word_1_426' title='bbox 1012 5246 1083 5257; x_wconf 90' lang='lat'><strong>—-</strong></span> <span class='ocrx_word' id='word_1_427' title='bbox 1107 5214 1439 5288; x_wconf 86' lang='lat' dir='ltr'><strong>Regeneratio</strong></span> <span class='ocrx_word' id='word_1_428' title='bbox 1482 5231 1686 5291; x_wconf 88' lang='lat' dir='ltr'><strong>peccata</strong></span> <span class='ocrx_word' id='word_1_429' title='bbox 1731 5223 1894 5277; x_wconf 84' lang='lat' dir='ltr'><strong>abolet</strong></span> <span class='ocrx_word' id='word_1_430' title='bbox 1936 5227 2052 5277; x_wconf 87' lang='lat' dir='ltr'><strong>uni-</strong></span> 
     </span>
    </p>
   </div>
   <div class='ocr_carea' id='block_1_55' title="bbox 528 5338 2048 5412">
    <p class='ocr_par' dir='ltr' id='par_1_55' title="bbox 528 5338 2048 5412">
     <span class='ocr_line' id='line_1_55' title="bbox 528 5338 2048 5412; baseline 0.01 -26"><span class='ocrx_word' id='word_1_431' title='bbox 528 5338 544 5412; x_wconf 55' lang='lat'><strong><em>?</em></strong></span> <span class='ocrx_word' id='word_1_432' title='bbox 574 5339 700 5412; x_wconf 10' lang='lat' dir='ltr'><strong>inditi</strong></span> <span class='ocrx_word' id='word_1_433' title='bbox 847 5347 1053 5412; x_wconf 70' lang='lat' dir='ltr'><strong>Er._Dan.</strong></span> <span class='ocrx_word' id='word_1_434' title='bbox 1082 5350 1135 5394; x_wconf 89' lang='lat' dir='ltr'><strong>et</strong></span> <span class='ocrx_word' id='word_1_435' title='bbox 1155 5344 1338 5408; x_wconf 89' lang='lat' dir='ltr'><strong>aliquot</strong></span> <span class='ocrx_word' id='word_1_436' title='bbox 1360 5353 1489 5407; x_wconf 64' lang='lat' dir='ltr'><strong>mss,</strong></span> <span class='ocrx_word' id='word_1_437' title='bbox 1506 5346 1719 5412; x_wconf 77' lang='lat' dir='ltr'><strong>quamvis</strong></span> <span class='ocrx_word' id='word_1_438' title='bbox 1740 5361 1835 5398; x_wconf 90' lang='lat' dir='ltr'><strong>non</strong></span> <span class='ocrx_word' id='word_1_439' title='bbox 1856 5347 2048 5412; x_wconf 80' lang='lat' dir='ltr'><strong>habent,</strong></span> 
     </span>
    </p>
   </div>
   <div class='ocr_carea' id='block_1_56' title="bbox 462 5402 2045 5476">
    <p class='ocr_par' dir='ltr' id='par_1_56' title="bbox 462 5402 2045 5476">
     <span class='ocr_line' id='line_1_56' title="bbox 462 5402 2045 5476; baseline 0.01 -30"><span class='ocrx_word' id='word_1_440' title='bbox 462 5404 766 5476; x_wconf 10' lang='lat' dir='ltr'><strong>nigrioniainet</strong></span> <span class='ocrx_word' id='word_1_441' title='bbox 1068 5402 1413 5476; x_wconf 33' lang='lat' dir='ltr'><strong>tpvretltrnq</strong></span> <span class='ocrx_word' id='word_1_442' title='bbox 1448 5402 1664 5476; x_wconf 75' lang='lat' dir='ltr'><strong>qnizmvis</strong></span> <span class='ocrx_word' id='word_1_443' title='bbox 1684 5422 1778 5476; x_wconf 81' lang='lat' dir='ltr'><strong>non</strong></span> <span class='ocrx_word' id='word_1_444' title='bbox 1809 5417 1935 5461; x_wconf 88' lang='lat' dir='ltr'><strong>amet</strong></span> <span class='ocrx_word' id='word_1_445' title='bbox 1955 5402 2045 5474; x_wconf 60' lang='lat' dir='ltr'><strong>jui</strong></span> 
     </span>
    </p>
   </div>
   <div class='ocr_carea' id='block_1_57' title="bbox 462 5459 2050 5569">
    <p class='ocr_par' dir='ltr' id='par_1_57' title="bbox 462 5459 2050 5569">
     <span class='ocr_line' id='line_1_57' title="bbox 462 5459 2050 5569; baseline 0.009 -58"><span class='ocrx_word' id='word_1_446' title='bbox 659 5475 676 5522; x_wconf 89' lang='lat'><strong>;</strong></span> <span class='ocrx_word' id='word_1_447' title='bbox 697 5459 891 5527; x_wconf 81' lang='lat' dir='ltr'><strong>omisso,</strong></span> <span class='ocrx_word' id='word_1_448' title='bbox 914 5478 1009 5516; x_wconf 85' lang='lat' dir='ltr'><strong>non</strong></span> <span class='ocrx_word' id='word_1_449' title='bbox 1030 5465 1200 5519; x_wconf 86' lang='lat' dir='ltr'><strong>habeat</strong></span> <span class='ocrx_word' id='word_1_450' title='bbox 1222 5459 1610 5523; x_wconf 77' lang='lat' dir='ltr'><strong>et.Emeudantur</strong></span> <span class='ocrx_word' id='word_1_451' title='bbox 1625 5474 1807 5523; x_wconf 79' lang='lat' dir='ltr'><strong>auxitio</strong></span> <span class='ocrx_word' id='word_1_452' title='bbox 1824 5459 2050 5525; x_wconf 36' lang='lat' dir='ltr'><strong>vetent—in</strong></span> 
     </span>
     <span class='ocr_line' id='line_1_58' title="bbox 484 5537 710 5569; baseline 0 0"><span class='ocrx_word' id='word_1_453' title='bbox 484 5539 493 5569; x_wconf 89' lang='lat' dir='ltr'><strong>I</strong></span> <span class='ocrx_word' id='word_1_454' title='bbox 518 5537 555 5569; x_wconf 76' lang='grc' dir='ltr'>ιι·</span> <span class='ocrx_word' id='word_1_455' title='bbox 556 5537 710 5569; x_wconf 86' lang='lat' dir='ltr'><strong>orum.</strong></span> 
     </span>
    </p>
   </div>
   <div class='ocr_carea' id='block_1_58' title="bbox 484 5537 710 5575">
    <p class='ocr_par' dir='ltr' id='par_1_58' title="bbox 484 5537 710 5575">
     <span class='ocr_line' id='line_1_59' title="bbox 484 5537 710 5575; baseline 0.018 -6"><span class='ocrx_word' id='word_1_456' title='bbox 484 5537 710 5575; x_wconf 67' lang='lat' dir='ltr'><strong>aurorum.</strong></span> 
     </span>
    </p>
   </div>
   <div class='ocr_carea' id='block_1_59' title="bbox 525 5588 2043 5655">
    <p class='ocr_par' dir='ltr' id='par_1_59' title="bbox 525 5588 2043 5655">
     <span class='ocr_line' id='line_1_60' title="bbox 525 5588 2043 5655; baseline 0.009 -18"><span class='ocrx_word' id='word_1_457' title='bbox 525 5588 546 5615; x_wconf 82' lang='grc'>²</span> <span class='ocrx_word' id='word_1_458' title='bbox 577 5592 686 5655; x_wconf 77' lang='lat' dir='ltr'><strong>_l_.ov.</strong></span> <span class='ocrx_word' id='word_1_459' title='bbox 708 5594 762 5655; x_wconf 77' lang='lat' dir='ltr'><strong>et</strong></span> <span class='ocrx_word' id='word_1_460' title='bbox 784 5595 914 5647; x_wconf 79' lang='lat' dir='ltr'><strong>Arn.,</strong></span> <span class='ocrx_word' id='word_1_461' title='bbox 940 5589 1226 5655; x_wconf 87' lang='lat' dir='ltr'><strong>dilectione;</strong></span> <span class='ocrx_word' id='word_1_462' title='bbox 1248 5593 1648 5647; x_wconf 86' lang='lat' dir='ltr'><strong>dissentientibus</strong></span> <span class='ocrx_word' id='word_1_463' title='bbox 1672 5597 1813 5649; x_wconf 87' lang='lat' dir='ltr'><strong>editis</strong></span> <span class='ocrx_word' id='word_1_464' title='bbox 1837 5595 1945 5648; x_wconf 89' lang='lat' dir='ltr'><strong>aliis</strong></span> <span class='ocrx_word' id='word_1_465' title='bbox 1974 5607 2043 5650; x_wconf 88' lang='lat' dir='ltr'><strong>et</strong></span> 
     </span>
    </p>
   </div>
   <div class='ocr_carea' id='block_1_60' title="bbox 462 5649 943 5701">
    <p class='ocr_par' dir='ltr' id='par_1_60' title="bbox 462 5649 943 5701">
     <span class='ocr_line' id='line_1_61' title="bbox 462 5649 943 5701; baseline 0.015 -9"><span class='ocrx_word' id='word_1_466' title='bbox 462 5649 684 5698; x_wconf 80' lang='lat' dir='ltr'><strong>omnibus</strong></span> <span class='ocrx_word' id='word_1_467' title='bbox 705 5649 812 5699; x_wconf 89' lang='lat' dir='ltr'><strong>fere</strong></span> <span class='ocrx_word' id='word_1_468' title='bbox 836 5659 943 5701; x_wconf 76' lang='lat' dir='ltr'><strong>Mss.</strong></span> 
     </span>
    </p>
   </div>
   <div class='ocr_carea' id='block_1_61' title="bbox 526 5711 2046 5787">
    <p class='ocr_par' dir='ltr' id='par_1_61' title="bbox 526 5711 2046 5787">
     <span class='ocr_line' id='line_1_62' title="bbox 526 5711 2046 5787; baseline 0.013 -32"><span class='ocrx_word' id='word_1_469' title='bbox 526 5711 547 5787; x_wconf 46' lang='grc' dir='ltr'>ᾗ</span> <span class='ocrx_word' id='word_1_470' title='bbox 578 5714 650 5759; x_wconf 67' lang='lat' dir='ltr'><strong>sic</strong></span> <span class='ocrx_word' id='word_1_471' title='bbox 670 5719 770 5787; x_wconf 75' lang='lat' dir='ltr'><strong>Mss.</strong></span> <span class='ocrx_word' id='word_1_472' title='bbox 797 5713 916 5787; x_wconf 55' lang='lat' dir='ltr'><strong>pditi</strong></span> <span class='ocrx_word' id='word_1_473' title='bbox 940 5720 1103 5787; x_wconf 73' lang='lat' dir='ltr'><strong>autem</strong></span> <span class='ocrx_word' id='word_1_474' title='bbox 1131 5729 1141 5787; x_wconf 70' lang='grc' dir='ltr'>ς</span> <span class='ocrx_word' id='word_1_475' title='bbox 1172 5725 1224 5767; x_wconf 74' lang='grc' dir='ltr'><strong>Α(</strong></span> <span class='ocrx_word' id='word_1_476' title='bbox 1253 5733 1357 5769; x_wconf 65' lang='lat' dir='ltr'><strong>vero</strong></span> <span class='ocrx_word' id='word_1_477' title='bbox 1379 5717 1471 5772; x_wconf 52' lang='lat' dir='ltr'><strong>uti</strong></span> <span class='ocrx_word' id='word_1_478' title='bbox 1493 5728 1536 5773; x_wconf 74' lang='lat' dir='ltr'><strong>ct</strong></span> <span class='ocrx_word' id='word_1_479' title='bbox 1560 5720 1655 5773; x_wconf 78' lang='lat' dir='ltr'><strong>illis</strong></span> <span class='ocrx_word' id='word_1_480' title='bbox 1688 5722 1901 5787; x_wconf 81' lang='lat' dir='ltr'><strong>cognitus</strong></span> <span class='ocrx_word' id='word_1_481' title='bbox 1930 5724 2046 5787; x_wconf 76' lang='lat' dir='ltr'><strong>fuis-</strong></span> 
     </span>
    </p>
   </div>
   <div class='ocr_carea' id='block_1_62' title="bbox 464 5773 1192 5839">
    <p class='ocr_par' dir='ltr' id='par_1_62' title="bbox 464 5773 1192 5839">
     <span class='ocr_line' id='line_1_63' title="bbox 464 5773 1192 5839; baseline 0.014 -20"><span class='ocrx_word' id='word_1_482' title='bbox 464 5775 545 5831; x_wconf 57' lang='lat' dir='ltr'><strong>set,</strong></span> <span class='ocrx_word' id='word_1_483' title='bbox 573 5784 662 5822; x_wconf 84' lang='lat' dir='ltr'><strong>non</strong></span> <span class='ocrx_word' id='word_1_484' title='bbox 683 5773 904 5835; x_wconf 78' lang='lat' dir='ltr'><strong>potuisset</strong></span> <span class='ocrx_word' id='word_1_485' title='bbox 926 5775 1074 5839; x_wconf 77' lang='lat' dir='ltr'><strong>nobis,</strong></span> <span class='ocrx_word' id='word_1_486' title='bbox 1100 5785 1192 5829; x_wconf 91' lang='lat' dir='ltr'><strong>etc.</strong></span> 
     </span>
    </p>
   </div>
   <div class='ocr_carea' id='block_1_63' title="bbox 768 352 3502 428">
    <p class='ocr_par' dir='ltr' id='par_1_63' title="bbox 768 352 3502 428">
     <span class='ocr_line' id='line_1_64' title="bbox 768 352 3502 428; baseline 0.001 -9"><span class='ocrx_word' id='word_1_487' title='bbox 768 358 1227 428; x_wconf 73' lang='lat' dir='ltr'><strong>ENCIIIRIDION,</strong></span> <span class='ocrx_word' id='word_1_488' title='bbox 1266 358 1419 417; x_wconf 86' lang='lat' dir='ltr'><strong>SIVE</strong></span> <span class='ocrx_word' id='word_1_489' title='bbox 1458 358 1549 415; x_wconf 92' lang='lat' dir='ltr'><strong>DE</strong></span> <span class='ocrx_word' id='word_1_490' title='bbox 1587 357 1765 425; x_wconf 86' lang='lat' dir='ltr'><strong>FIDE,</strong></span> <span class='ocrx_word' id='word_1_491' title='bbox 1806 355 1933 412; x_wconf 87' lang='lat' dir='ltr'><strong>SPE</strong></span> <span class='ocrx_word' id='word_1_492' title='bbox 1973 354 2061 410; x_wconf 83' lang='lat' dir='ltr'><strong>ET</strong></span> <span class='ocrx_word' id='word_1_493' title='bbox 2098 352 2515 425; x_wconf 80' lang='lat' dir='ltr'><strong>CIIARI&#39;I‘ATE,</strong></span> <span class='ocrx_word' id='word_1_494' title='bbox 2555 356 2613 414; x_wconf 91' lang='lat' dir='ltr'><strong>S.</strong></span> <span class='ocrx_word' id='word_1_495' title='bbox 2655 360 3022 421; x_wconf 84' lang='lat' dir='ltr'><strong>AUGUSTINI</strong></span> <span class='ocrx_word' id='word_1_496' title='bbox 3069 362 3273 420; x_wconf 86' lang='lat' dir='ltr'><strong>LIBER</strong></span> <span class='ocrx_word' id='word_1_497' title='bbox 3304 366 3502 423; x_wconf 79' lang='lat' dir='ltr'><strong>UNUS.</strong></span> 
     </span>
    </p>
   </div>
   <div class='ocr_carea' id='block_1_64' title="bbox 3661 367 3767 427">
    <p class='ocr_par' dir='ltr' id='par_1_64' title="bbox 3661 367 3767 427">
     <span class='ocr_line' id='line_1_65' title="bbox 3661 367 3767 427; baseline -0.019 0"><span class='ocrx_word' id='word_1_498' title='bbox 3661 367 3767 427; x_wconf 71' lang='lat'><strong>288</strong></span> 
     </span>
    </p>
   </div>
   <div class='ocr_carea' id='block_1_65' title="bbox 2184 470 3766 553">
    <p class='ocr_par' dir='ltr' id='par_1_65' title="bbox 2184 470 3766 553">
     <span class='ocr_line' id='line_1_66' title="bbox 2184 470 3766 553; baseline 0.011 -32"><span class='ocrx_word' id='word_1_499' title='bbox 2184 483 2326 524; x_wconf 82' lang='lat' dir='ltr'><strong>versa</strong></span> <span class='ocrx_word' id='word_1_500' title='bbox 2363 470 2417 526; x_wconf 88' lang='lat' dir='ltr'><strong>in</strong></span> <span class='ocrx_word' id='word_1_501' title='bbox 2466 473 2641 542; x_wconf 82' lang='lat' dir='ltr'><strong>quavis</strong></span> <span class='ocrx_word' id='word_1_502' title='bbox 2687 483 2853 531; x_wconf 73' lang='lat' dir='ltr'><strong>(etate.</strong></span> <span class='ocrx_word' id='word_1_503' title='bbox 2910 476 3138 533; x_wconf 79' lang='lat' dir='ltr'><strong>Servitus</strong></span> <span class='ocrx_word' id='word_1_504' title='bbox 3179 481 3271 535; x_wconf 88' lang='lat' dir='ltr'><strong>sub</strong></span> <span class='ocrx_word' id='word_1_505' title='bbox 3316 479 3446 553; x_wconf 82' lang='lat' dir='ltr'><strong>Lege</strong></span> <span class='ocrx_word' id='word_1_506' title='bbox 3506 485 3766 539; x_wconf 65' lang='lat' dir='ltr'><strong>nonnullis</strong></span> 
     </span>
    </p>
   </div>
   <div class='ocr_carea' id='block_1_66' title="bbox 2180 560 3767 641">
    <p class='ocr_par' dir='ltr' id='par_1_66' title="bbox 2180 560 3767 641">
     <span class='ocr_line' id='line_1_67' title="bbox 2180 560 3767 641; baseline 0.012 -29"><span class='ocrx_word' id='word_1_507' title='bbox 2180 560 2461 632; x_wconf 73' lang='lat' dir='ltr'><strong>inexperta.</strong></span> <span class='ocrx_word' id='word_1_508' title='bbox 2492 562 2549 618; x_wconf 91' lang='lat' dir='ltr'><strong>In</strong></span> <span class='ocrx_word' id='word_1_509' title='bbox 2573 580 2905 641; x_wconf 88' lang='lat' dir='ltr'><strong>quacumque</strong></span> <span class='ocrx_word' id='word_1_510' title='bbox 2926 578 3104 625; x_wconf 89' lang='lat' dir='ltr'><strong>autem</strong></span> <span class='ocrx_word' id='word_1_511' title='bbox 3126 580 3352 641; x_wconf 88' lang='lat' dir='ltr'><strong>quatuor</strong></span> <span class='ocrx_word' id='word_1_512' title='bbox 3378 572 3599 630; x_wconf 85' lang='lat' dir='ltr'><strong>istarum</strong></span> <span class='ocrx_word' id='word_1_513' title='bbox 3621 577 3767 631; x_wconf 92' lang='lat' dir='ltr'><strong>velut</strong></span> 
     </span>
    </p>
   </div>
   <div class='ocr_carea' id='block_1_67' title="bbox 2179 653 3768 737">
    <p class='ocr_par' dir='ltr' id='par_1_67' title="bbox 2179 653 3768 737">
     <span class='ocr_line' id='line_1_68' title="bbox 2179 653 3768 737; baseline 0.012 -33"><span class='ocrx_word' id='word_1_514' title='bbox 2179 659 2391 706; x_wconf 63' lang='lat' dir='ltr'><strong>attatum</strong></span> <span class='ocrx_word' id='word_1_515' title='bbox 2419 653 2683 725; x_wconf 88' lang='lat' dir='ltr'><strong>singulum</strong></span> <span class='ocrx_word' id='word_1_516' title='bbox 2708 673 2972 731; x_wconf 83' lang='lat' dir='ltr'><strong>quemque</strong></span> <span class='ocrx_word' id='word_1_517' title='bbox 3001 661 3270 717; x_wconf 89' lang='lat' dir='ltr'><strong>hominem</strong></span> <span class='ocrx_word' id='word_1_518' title='bbox 3291 666 3458 734; x_wconf 88' lang='lat' dir='ltr'><strong>gratia</strong></span> <span class='ocrx_word' id='word_1_519' title='bbox 3481 681 3768 737; x_wconf 88' lang='lat' dir='ltr'><strong>regenera-</strong></span> 
     </span>
    </p>
   </div>
   <div class='ocr_carea' id='block_1_68' title="bbox 2181 742 3765 823">
    <p class='ocr_par' dir='ltr' id='par_1_68' title="bbox 2181 742 3765 823">
     <span class='ocr_line' id='line_1_69' title="bbox 2181 742 3765 823; baseline 0.011 -29"><span class='ocrx_word' id='word_1_520' title='bbox 2181 742 2339 796; x_wconf 90' lang='lat' dir='ltr'><strong>tionis</strong></span> <span class='ocrx_word' id='word_1_521' title='bbox 2365 744 2647 813; x_wconf 88' lang='lat' dir='ltr'><strong>invenerit,</strong></span> <span class='ocrx_word' id='word_1_522' title='bbox 2679 748 2750 803; x_wconf 91' lang='lat' dir='ltr'><strong>ibi</strong></span> <span class='ocrx_word' id='word_1_523' title='bbox 2778 750 2826 803; x_wconf 90' lang='lat' dir='ltr'><strong>ei</strong></span> <span class='ocrx_word' id='word_1_524' title='bbox 2854 751 3194 807; x_wconf 90' lang='lat' dir='ltr'><strong>remittuntur</strong></span> <span class='ocrx_word' id='word_1_525' title='bbox 3219 755 3486 823; x_wconf 72' lang='lat' dir='ltr'><strong>prmterita</strong></span> <span class='ocrx_word' id='word_1_526' title='bbox 3518 757 3765 812; x_wconf 89' lang='lat' dir='ltr'><strong>universa</strong></span> 
     </span>
    </p>
   </div>
   <div class='ocr_carea' id='block_1_69' title="bbox 2182 838 3765 912">
    <p class='ocr_par' dir='ltr' id='par_1_69' title="bbox 2182 838 3765 912">
     <span class='ocr_line' id='line_1_70' title="bbox 2182 838 3765 912; baseline 0.013 -29"><span class='ocrx_word' id='word_1_527' title='bbox 2182 840 2392 899; x_wconf 86' lang='lat' dir='ltr'><strong>peccata</strong></span> <span class='ocrx_word' id='word_1_528' title='bbox 2410 851 2423 899; x_wconf 93' lang='lat'><strong>;</strong></span> <span class='ocrx_word' id='word_1_529' title='bbox 2443 844 2496 889; x_wconf 93' lang='lat' dir='ltr'><strong>et</strong></span> <span class='ocrx_word' id='word_1_530' title='bbox 2520 848 2698 892; x_wconf 89' lang='lat' dir='ltr'><strong>reatus</strong></span> <span class='ocrx_word' id='word_1_531' title='bbox 2724 838 2809 893; x_wconf 90' lang='lat' dir='ltr'><strong>ille</strong></span> <span class='ocrx_word' id='word_1_532' title='bbox 2832 842 3097 897; x_wconf 91' lang='lat' dir='ltr'><strong>nascendo</strong></span> <span class='ocrx_word' id='word_1_533' title='bbox 3121 853 3449 912; x_wconf 90' lang='lat' dir='ltr'><strong>contractus,</strong></span> <span class='ocrx_word' id='word_1_534' title='bbox 3479 861 3765 903; x_wconf 83' lang='lat' dir='ltr'><strong>renascen-</strong></span> 
     </span>
    </p>
   </div>
   <div class='ocr_carea' id='block_1_70' title="bbox 2180 922 3767 1010">
    <p class='ocr_par' dir='ltr' id='par_1_70' title="bbox 2180 922 3767 1010">
     <span class='ocr_line' id='line_1_71' title="bbox 2180 922 3767 1010; baseline 0.013 -36"><span class='ocrx_word' id='word_1_535' title='bbox 2180 922 2248 975; x_wconf 90' lang='lat' dir='ltr'><strong>do</strong></span> <span class='ocrx_word' id='word_1_536' title='bbox 2274 924 2601 981; x_wconf 90' lang='lat' dir='ltr'><strong>dissolvitur.</strong></span> <span class='ocrx_word' id='word_1_537' title='bbox 2637 928 2871 999; x_wconf 88' lang='lat' dir='ltr'><strong>Tamque</strong></span> <span class='ocrx_word' id='word_1_538' title='bbox 2919 933 3143 990; x_wconf 91' lang='lat' dir='ltr'><strong>multum</strong></span> <span class='ocrx_word' id='word_1_539' title='bbox 3181 936 3326 992; x_wconf 90' lang='lat' dir='ltr'><strong>valet</strong></span> <span class='ocrx_word' id='word_1_540' title='bbox 3354 937 3494 1007; x_wconf 91' lang='lat' dir='ltr'><strong>quod</strong></span> <span class='ocrx_word' id='word_1_541' title='bbox 3537 938 3767 1010; x_wconf 82' lang='lat' dir='ltr'><strong>Spiritus</strong></span> 
     </span>
    </p>
   </div>
   <div class='ocr_carea' id='block_1_71' title="bbox 2179 1012 3764 1095">
    <p class='ocr_par' dir='ltr' id='par_1_71' title="bbox 2179 1012 3764 1095">
     <span class='ocr_line' id='line_1_72' title="bbox 2179 1012 3764 1095; baseline 0.013 -31"><span class='ocrx_word' id='word_1_542' title='bbox 2179 1012 2265 1065; x_wconf 86' lang='lat' dir='ltr'><strong>ubi</strong></span> <span class='ocrx_word' id='word_1_543' title='bbox 2281 1015 2384 1067; x_wconf 84' lang='lat' dir='ltr'><strong>vult</strong></span> <span class='ocrx_word' id='word_1_544' title='bbox 2400 1016 2580 1086; x_wconf 84' lang='lat' dir='ltr'><strong>spirat.</strong></span> <span class='ocrx_word' id='word_1_545' title='bbox 2602 1017 2778 1087; x_wconf 85' lang='lat' dir='ltr'><strong>(Joan.</strong></span> <span class='ocrx_word' id='word_1_546' title='bbox 2798 1036 2873 1086; x_wconf 87' lang='grc' dir='ltr'>ιιι,</span> <span class='ocrx_word' id='word_1_547' title='bbox 2894 1020 2970 1093; x_wconf 88' lang='lat'><strong>8),</strong></span> <span class='ocrx_word' id='word_1_548' title='bbox 2995 1032 3053 1078; x_wconf 92' lang='lat' dir='ltr'><strong>ut</strong></span> <span class='ocrx_word' id='word_1_549' title='bbox 3071 1026 3281 1095; x_wconf 87' lang='lat' dir='ltr'><strong>quidam</strong></span> <span class='ocrx_word' id='word_1_550' title='bbox 3300 1028 3588 1085; x_wconf 88' lang='lat' dir='ltr'><strong>secundam</strong></span> <span class='ocrx_word' id='word_1_551' title='bbox 3620 1030 3764 1084; x_wconf 89' lang='lat' dir='ltr'><strong>illam</strong></span> 
     </span>
    </p>
   </div>
   <div class='ocr_carea' id='block_1_72' title="bbox 2180 1103 3766 1183">
    <p class='ocr_par' dir='ltr' id='par_1_72' title="bbox 2180 1103 3766 1183">
     <span class='ocr_line' id='line_1_73' title="bbox 2180 1103 3766 1183; baseline 0.015 -29"><span class='ocrx_word' id='word_1_552' title='bbox 2180 1103 2487 1159; x_wconf 89' lang='lat' dir='ltr'><strong>servitutem</strong></span> <span class='ocrx_word' id='word_1_553' title='bbox 2534 1108 2633 1162; x_wconf 93' lang='lat' dir='ltr'><strong>sub</strong></span> <span class='ocrx_word' id='word_1_554' title='bbox 2680 1108 2823 1180; x_wconf 82' lang='lat' dir='ltr'><strong>Lege</strong></span> <span class='ocrx_word' id='word_1_555' title='bbox 2861 1127 2967 1166; x_wconf 90' lang='lat' dir='ltr'><strong>non</strong></span> <span class='ocrx_word' id='word_1_556' title='bbox 2994 1117 3239 1171; x_wconf 86' lang='lat' dir='ltr'><strong>noverint</strong></span> <span class='ocrx_word' id='word_1_557' title='bbox 3267 1119 3308 1183; x_wconf 83' lang='grc'><strong>¹,</strong></span> <span class='ocrx_word' id='word_1_558' title='bbox 3339 1119 3431 1173; x_wconf 88' lang='lat' dir='ltr'><strong>sed</strong></span> <span class='ocrx_word' id='word_1_559' title='bbox 3457 1135 3578 1175; x_wconf 90' lang='lat' dir='ltr'><strong>eum</strong></span> <span class='ocrx_word' id='word_1_560' title='bbox 3608 1137 3766 1177; x_wconf 85' lang='lat' dir='ltr'><strong>man-</strong></span> 
     </span>
    </p>
   </div>
   <div class='ocr_carea' id='block_1_73' title="bbox 2179 1190 3437 1268">
    <p class='ocr_par' dir='ltr' id='par_1_73' title="bbox 2179 1190 3437 1268">
     <span class='ocr_line' id='line_1_74' title="bbox 2179 1190 3437 1268; baseline 0.016 -25"><span class='ocrx_word' id='word_1_561' title='bbox 2179 1190 2304 1247; x_wconf 89' lang='lat' dir='ltr'><strong>dato</strong></span> <span class='ocrx_word' id='word_1_562' title='bbox 2332 1193 2585 1264; x_wconf 88' lang='lat' dir='ltr'><strong>incipiant</strong></span> <span class='ocrx_word' id='word_1_563' title='bbox 2609 1199 2927 1268; x_wconf 90' lang='lat' dir='ltr'><strong>adjutorium</strong></span> <span class='ocrx_word' id='word_1_564' title='bbox 2958 1202 3152 1259; x_wconf 90' lang='lat' dir='ltr'><strong>habere</strong></span> <span class='ocrx_word' id='word_1_565' title='bbox 3178 1205 3437 1262; x_wconf 89' lang='lat' dir='ltr'><strong>divinum.</strong></span> 
     </span>
    </p>
   </div>
   <div class='ocr_carea' id='block_1_74' title="bbox 2249 1280 3765 1362">
    <p class='ocr_par' dir='ltr' id='par_1_74' title="bbox 2249 1280 3765 1362">
     <span class='ocr_line' id='line_1_75' title="bbox 2249 1280 3765 1362; baseline 0.015 -28"><span class='ocrx_word' id='word_1_566' title='bbox 2249 1280 2475 1339; x_wconf 84' lang='lat' dir='ltr'><strong>CAPUT</strong></span> <span class='ocrx_word' id='word_1_567' title='bbox 2507 1285 2667 1341; x_wconf 87' lang='lat' dir='ltr'><strong>CXX.</strong></span> <span class='ocrx_word' id='word_1_568' title='bbox 2704 1319 2774 1328; x_wconf 93' lang='lat'><strong>-—</strong></span> <span class='ocrx_word' id='word_1_569' title='bbox 2815 1290 3114 1362; x_wconf 84' lang='lat' dir='ltr'><strong>Regenerati</strong></span> <span class='ocrx_word' id='word_1_570' title='bbox 3160 1297 3426 1352; x_wconf 88' lang='lat' dir='ltr'><strong>morientes</strong></span> <span class='ocrx_word' id='word_1_571' title='bbox 3469 1307 3586 1355; x_wconf 87' lang='lat' dir='ltr'><strong>ante</strong></span> <span class='ocrx_word' id='word_1_572' title='bbox 3618 1318 3765 1356; x_wconf 90' lang='lat' dir='ltr'><strong>usum</strong></span> 
     </span>
    </p>
   </div>
   <div class='ocr_carea' id='block_1_75' title="bbox 2178 1371 3765 1455">
    <p class='ocr_par' dir='ltr' id='par_1_75' title="bbox 2178 1371 3765 1455">
     <span class='ocr_line' id='line_1_76' title="bbox 2178 1371 3765 1455; baseline 0.016 -34"><span class='ocrx_word' id='word_1_573' title='bbox 2178 1371 2389 1424; x_wconf 84' lang='lat' dir='ltr'><strong>rationis</strong></span> <span class='ocrx_word' id='word_1_574' title='bbox 2437 1389 2536 1428; x_wconf 87' lang='lat' dir='ltr'><strong>non</strong></span> <span class='ocrx_word' id='word_1_575' title='bbox 2573 1387 2798 1445; x_wconf 86' lang='lat' dir='ltr'><strong>pereunt.</strong></span> <span class='ocrx_word' id='word_1_576' title='bbox 2843 1382 3136 1453; x_wconf 85' lang='lat' dir='ltr'><strong>Antequam</strong></span> <span class='ocrx_word' id='word_1_577' title='bbox 3186 1387 3352 1455; x_wconf 89' lang='lat' dir='ltr'><strong>possit</strong></span> <span class='ocrx_word' id='word_1_578' title='bbox 3394 1397 3572 1445; x_wconf 89' lang='lat' dir='ltr'><strong>autem</strong></span> <span class='ocrx_word' id='word_1_579' title='bbox 3604 1392 3765 1447; x_wconf 93' lang='lat' dir='ltr'><strong>homo</strong></span> 
     </span>
    </p>
   </div>
   <div class='ocr_carea' id='block_1_76' title="bbox 2177 1466 3766 1537">
    <p class='ocr_par' dir='ltr' id='par_1_76' title="bbox 2177 1466 3766 1537">
     <span class='ocr_line' id='line_1_77' title="bbox 2177 1466 3766 1537; baseline 0.015 -25"><span class='ocrx_word' id='word_1_580' title='bbox 2177 1474 2345 1531; x_wconf 82' lang='lat' dir='ltr'><strong>capax</strong></span> <span class='ocrx_word' id='word_1_581' title='bbox 2370 1476 2492 1518; x_wconf 91' lang='lat' dir='ltr'><strong>esse</strong></span> <span class='ocrx_word' id='word_1_582' title='bbox 2521 1466 2771 1533; x_wconf 89' lang='lat' dir='ltr'><strong>mandati,</strong></span> <span class='ocrx_word' id='word_1_583' title='bbox 2798 1473 3088 1528; x_wconf 78' lang='lat' dir='ltr'><strong>secundum</strong></span> <span class='ocrx_word' id='word_1_584' title='bbox 3130 1490 3347 1531; x_wconf 90' lang='lat' dir='ltr'><strong>carnem</strong></span> <span class='ocrx_word' id='word_1_585' title='bbox 3375 1479 3517 1533; x_wconf 87' lang='lat' dir='ltr'><strong>vivat</strong></span> <span class='ocrx_word' id='word_1_586' title='bbox 3542 1496 3766 1537; x_wconf 86' lang='lat' dir='ltr'><strong>necesse</strong></span> 
     </span>
    </p>
   </div>
   <div class='ocr_carea' id='block_1_77' title="bbox 2176 1554 3765 1634">
    <p class='ocr_par' dir='ltr' id='par_1_77' title="bbox 2176 1554 3765 1634">
     <span class='ocr_line' id='line_1_78' title="bbox 2176 1554 3765 1634; baseline 0.013 -29"><span class='ocrx_word' id='word_1_587' title='bbox 2176 1561 2260 1605; x_wconf 89' lang='lat' dir='ltr'><strong>est</strong></span> <span class='ocrx_word' id='word_1_588' title='bbox 2294 1571 2307 1607; x_wconf 92' lang='lat'><strong>:</strong></span> <span class='ocrx_word' id='word_1_589' title='bbox 2337 1554 2434 1609; x_wconf 90' lang='lat' dir='ltr'><strong>sed</strong></span> <span class='ocrx_word' id='word_1_590' title='bbox 2474 1555 2516 1609; x_wconf 90' lang='lat' dir='ltr'><strong>si</strong></span> <span class='ocrx_word' id='word_1_591' title='bbox 2552 1556 2661 1626; x_wconf 91' lang='lat' dir='ltr'><strong>jam</strong></span> <span class='ocrx_word' id='word_1_592' title='bbox 2707 1558 3052 1616; x_wconf 85' lang='lat' dir='ltr'><strong>Sacramento</strong></span> <span class='ocrx_word' id='word_1_593' title='bbox 3080 1568 3497 1634; x_wconf 84' lang='lat' dir='ltr'><strong>regenerationis</strong></span> <span class='ocrx_word' id='word_1_594' title='bbox 3528 1569 3765 1625; x_wconf 86' lang='lat' dir='ltr'><strong>imbutus</strong></span> 
     </span>
    </p>
   </div>
   <div class='ocr_carea' id='block_1_78' title="bbox 2177 1643 3761 1729">
    <p class='ocr_par' dir='ltr' id='par_1_78' title="bbox 2177 1643 3761 1729">
     <span class='ocr_line' id='line_1_79' title="bbox 2177 1643 3761 1729; baseline 0.015 -36"><span class='ocrx_word' id='word_1_595' title='bbox 2177 1649 2277 1707; x_wconf 90' lang='lat' dir='ltr'><strong>est,</strong></span> <span class='ocrx_word' id='word_1_596' title='bbox 2311 1643 2443 1698; x_wconf 90' lang='lat' dir='ltr'><strong>nihil</strong></span> <span class='ocrx_word' id='word_1_597' title='bbox 2470 1646 2518 1699; x_wconf 91' lang='lat' dir='ltr'><strong>ei</strong></span> <span class='ocrx_word' id='word_1_598' title='bbox 2559 1647 2730 1702; x_wconf 92' lang='lat' dir='ltr'><strong>oberit</strong></span> <span class='ocrx_word' id='word_1_599' title='bbox 2774 1652 2818 1704; x_wconf 90' lang='lat' dir='ltr'><strong>si</strong></span> <span class='ocrx_word' id='word_1_600' title='bbox 2851 1659 2976 1706; x_wconf 91' lang='lat' dir='ltr'><strong>tunc</strong></span> <span class='ocrx_word' id='word_1_601' title='bbox 3016 1668 3081 1708; x_wconf 79' lang='lat' dir='ltr'><strong>ex</strong></span> <span class='ocrx_word' id='word_1_602' title='bbox 3126 1655 3226 1709; x_wconf 87' lang='lat' dir='ltr'><strong>hac</strong></span> <span class='ocrx_word' id='word_1_603' title='bbox 3269 1658 3374 1711; x_wconf 87' lang='lat' dir='ltr'><strong>vita</strong></span> <span class='ocrx_word' id='word_1_604' title='bbox 3431 1661 3761 1729; x_wconf 88' lang='lat' dir='ltr'><strong>migraverit.</strong></span> 
     </span>
    </p>
   </div>
   <div class='ocr_carea' id='block_1_79' title="bbox 2177 1731 3765 1814">
    <p class='ocr_par' dir='ltr' id='par_1_79' title="bbox 2177 1731 3765 1814">
     <span class='ocr_line' id='line_1_80' title="bbox 2177 1731 3765 1814; baseline 0.013 -30"><span class='ocrx_word' id='word_1_605' title='bbox 2177 1731 2310 1796; x_wconf 86' lang='lat' dir='ltr'><strong>Quia</strong></span> <span class='ocrx_word' id='word_1_606' title='bbox 2339 1734 2450 1789; x_wconf 89' lang='lat' dir='ltr'><strong>ideo</strong></span> <span class='ocrx_word' id='word_1_607' title='bbox 2481 1735 2709 1793; x_wconf 83' lang='lat' dir='ltr'><strong>Christus</strong></span> <span class='ocrx_word' id='word_1_608' title='bbox 2732 1750 2957 1797; x_wconf 89' lang='lat' dir='ltr'><strong>mortuus</strong></span> <span class='ocrx_word' id='word_1_609' title='bbox 2995 1752 3067 1797; x_wconf 84' lang='lat' dir='ltr'><strong>est</strong></span> <span class='ocrx_word' id='word_1_610' title='bbox 3088 1753 3134 1798; x_wconf 88' lang='lat' dir='ltr'><strong>et</strong></span> <span class='ocrx_word' id='word_1_611' title='bbox 3155 1748 3448 1814; x_wconf 74' lang='lat' dir='ltr'><strong>resurrexit,</strong></span> <span class='ocrx_word' id='word_1_612' title='bbox 3474 1758 3528 1802; x_wconf 87' lang='lat' dir='ltr'><strong>ut</strong></span> <span class='ocrx_word' id='word_1_613' title='bbox 3551 1759 3599 1803; x_wconf 91' lang='lat' dir='ltr'><strong>et</strong></span> <span class='ocrx_word' id='word_1_614' title='bbox 3620 1751 3765 1805; x_wconf 79' lang='lat' dir='ltr'><strong>vivo-</strong></span> 
     </span>
    </p>
   </div>
   <div class='ocr_carea' id='block_1_80' title="bbox 2175 1830 3770 1917">
    <p class='ocr_par' dir='ltr' id='par_1_80' title="bbox 2175 1830 3770 1917">
     <span class='ocr_line' id='line_1_81' title="bbox 2175 1830 3770 1917; baseline 0.013 -42"><span class='ocrx_word' id='word_1_615' title='bbox 2175 1839 2287 1876; x_wconf 88' lang='lat' dir='ltr'><strong>rum</strong></span> <span class='ocrx_word' id='word_1_616' title='bbox 2314 1833 2361 1879; x_wconf 91' lang='lat' dir='ltr'><strong>et</strong></span> <span class='ocrx_word' id='word_1_617' title='bbox 2388 1836 2696 1883; x_wconf 87' lang='lat' dir='ltr'><strong>mortuorum</strong></span> <span class='ocrx_word' id='word_1_618' title='bbox 2715 1830 2997 1888; x_wconf 85' lang='lat' dir='ltr'><strong>dominetur</strong></span> <span class='ocrx_word' id='word_1_619' title='bbox 3031 1833 3202 1905; x_wconf 85' lang='lat' dir='ltr'><strong>(Rom.</strong></span> <span class='ocrx_word' id='word_1_620' title='bbox 3231 1851 3343 1902; x_wconf 78' lang='lat' dir='ltr'><strong>xw,</strong></span> <span class='ocrx_word' id='word_1_621' title='bbox 3372 1836 3456 1907; x_wconf 88' lang='lat'><strong>9);</strong></span> <span class='ocrx_word' id='word_1_622' title='bbox 3481 1854 3578 1894; x_wconf 90' lang='lat' dir='ltr'><strong>nec</strong></span> <span class='ocrx_word' id='word_1_623' title='bbox 3609 1850 3770 1917; x_wconf 82' lang='lat' dir='ltr'><strong>tene-</strong></span> 
     </span>
    </p>
   </div>
   <div class='ocr_carea' id='block_1_81' title="bbox 2175 1914 3767 1997">
    <p class='ocr_par' dir='ltr' id='par_1_81' title="bbox 2175 1914 3767 1997">
     <span class='ocr_line' id='line_1_82' title="bbox 2175 1914 3767 1997; baseline 0.012 -28"><span class='ocrx_word' id='word_1_624' title='bbox 2175 1914 2253 1970; x_wconf 91' lang='lat' dir='ltr'><strong>bit</strong></span> <span class='ocrx_word' id='word_1_625' title='bbox 2278 1931 2497 1987; x_wconf 88' lang='lat' dir='ltr'><strong>regnum</strong></span> <span class='ocrx_word' id='word_1_626' title='bbox 2520 1922 2708 1976; x_wconf 89' lang='lat' dir='ltr'><strong>mortis</strong></span> <span class='ocrx_word' id='word_1_627' title='bbox 2722 1937 2863 1990; x_wconf 92' lang='lat' dir='ltr'><strong>eum,</strong></span> <span class='ocrx_word' id='word_1_628' title='bbox 2892 1940 2991 1994; x_wconf 92' lang='lat' dir='ltr'><strong>pro</strong></span> <span class='ocrx_word' id='word_1_629' title='bbox 3015 1941 3118 1997; x_wconf 92' lang='lat' dir='ltr'><strong>quo</strong></span> <span class='ocrx_word' id='word_1_630' title='bbox 3139 1936 3380 1986; x_wconf 91' lang='lat' dir='ltr'><strong>mortuus</strong></span> <span class='ocrx_word' id='word_1_631' title='bbox 3406 1941 3487 1986; x_wconf 91' lang='lat' dir='ltr'><strong>est</strong></span> <span class='ocrx_word' id='word_1_632' title='bbox 3512 1932 3601 1987; x_wconf 93' lang='lat' dir='ltr'><strong>ille</strong></span> <span class='ocrx_word' id='word_1_633' title='bbox 3625 1914 3767 1989; x_wconf 88' lang='lat' dir='ltr'><strong>liber</strong></span> 
     </span>
    </p>
   </div>
   <div class='ocr_carea' id='block_1_82' title="bbox 2176 2007 3049 2088">
    <p class='ocr_par' dir='ltr' id='par_1_82' title="bbox 2176 2007 3049 2088">
     <span class='ocr_line' id='line_1_83' title="bbox 2176 2007 3049 2088; baseline 0.009 -27"><span class='ocrx_word' id='word_1_634' title='bbox 2176 2007 2228 2062; x_wconf 90' lang='lat' dir='ltr'><strong>in</strong></span> <span class='ocrx_word' id='word_1_635' title='bbox 2256 2011 2478 2066; x_wconf 90' lang='lat' dir='ltr'><strong>mortuis</strong></span> <span class='ocrx_word' id='word_1_636' title='bbox 2504 2012 2672 2084; x_wconf 86' lang='lat' dir='ltr'><strong>(Psal.</strong></span> <span class='ocrx_word' id='word_1_637' title='bbox 2706 2031 2939 2083; x_wconf 79' lang='lat' dir='ltr'><strong>Lxxxvn,</strong></span> <span class='ocrx_word' id='word_1_638' title='bbox 2970 2017 3049 2088; x_wconf 85' lang='lat'><strong>6).</strong></span> 
     </span>
    </p>
   </div>
   <div class='ocr_carea' id='block_1_83' title="bbox 2244 2100 3764 2186">
    <p class='ocr_par' dir='ltr' id='par_1_83' title="bbox 2244 2100 3764 2186">
     <span class='ocr_line' id='line_1_84' title="bbox 2244 2100 3764 2186; baseline 0.011 -30"><span class='ocrx_word' id='word_1_639' title='bbox 2244 2100 2467 2159; x_wconf 83' lang='lat' dir='ltr'><strong>CAPUT</strong></span> <span class='ocrx_word' id='word_1_640' title='bbox 2494 2103 2681 2160; x_wconf 88' lang='lat' dir='ltr'><strong>CXXI.</strong></span> <span class='ocrx_word' id='word_1_641' title='bbox 2706 2137 2780 2148; x_wconf 95' lang='lat'><strong><em>—</em></strong></span> <span class='ocrx_word' id='word_1_642' title='bbox 2806 2109 2894 2165; x_wconf 75' lang='lat'><strong>52.</strong></span> <span class='ocrx_word' id='word_1_643' title='bbox 2918 2109 3151 2166; x_wconf 88' lang='lat' dir='ltr'><strong>Charitas</strong></span> <span class='ocrx_word' id='word_1_644' title='bbox 3178 2113 3295 2182; x_wconf 79' lang='lat' dir='ltr'><strong>ﬁnis</strong></span> <span class='ocrx_word' id='word_1_645' title='bbox 3321 2115 3545 2169; x_wconf 89' lang='lat' dir='ltr'><strong>omniunt</strong></span> <span class='ocrx_word' id='word_1_646' title='bbox 3574 2133 3764 2186; x_wconf 67' lang='lat' dir='ltr'><strong>praece-</strong></span> 
     </span>
    </p>
   </div>
   <div class='ocr_carea' id='block_1_84' title="bbox 2175 2195 3760 2272">
    <p class='ocr_par' dir='ltr' id='par_1_84' title="bbox 2175 2195 3760 2272">
     <span class='ocr_line' id='line_1_85' title="bbox 2175 2195 3760 2272; baseline 0.011 -27"><span class='ocrx_word' id='word_1_647' title='bbox 2175 2201 2393 2262; x_wconf 86' lang='lat' dir='ltr'><strong>ptorum.</strong></span> <span class='ocrx_word' id='word_1_648' title='bbox 2437 2195 2627 2252; x_wconf 90' lang='lat' dir='ltr'><strong>Omnia</strong></span> <span class='ocrx_word' id='word_1_649' title='bbox 2671 2198 2830 2269; x_wconf 86' lang='lat' dir='ltr'><strong>igitur</strong></span> <span class='ocrx_word' id='word_1_650' title='bbox 2862 2214 3125 2272; x_wconf 69' lang='lat' dir='ltr'><strong>prtccepta</strong></span> <span class='ocrx_word' id='word_1_651' title='bbox 3158 2204 3334 2260; x_wconf 81' lang='lat' dir='ltr'><strong>divina</strong></span> <span class='ocrx_word' id='word_1_652' title='bbox 3360 2207 3663 2263; x_wconf 87' lang='lat' dir='ltr'><strong>referuntur</strong></span> <span class='ocrx_word' id='word_1_653' title='bbox 3690 2210 3760 2264; x_wconf 88' lang='lat' dir='ltr'><strong>ad</strong></span> 
     </span>
    </p>
   </div>
   <div class='ocr_carea' id='block_1_85' title="bbox 2173 2282 3762 2368">
    <p class='ocr_par' dir='ltr' id='par_1_85' title="bbox 2173 2282 3762 2368">
     <span class='ocr_line' id='line_1_86' title="bbox 2173 2282 3762 2368; baseline 0.011 -33"><span class='ocrx_word' id='word_1_654' title='bbox 2173 2282 2577 2353; x_wconf 89' lang='lat' dir='ltr'><strong>charitatem,de</strong></span> <span class='ocrx_word' id='word_1_655' title='bbox 2592 2304 2692 2357; x_wconf 88' lang='lat' dir='ltr'><strong>qua</strong></span> <span class='ocrx_word' id='word_1_656' title='bbox 2706 2290 2832 2345; x_wconf 91' lang='lat' dir='ltr'><strong>dicit</strong></span> <span class='ocrx_word' id='word_1_657' title='bbox 2844 2294 3155 2363; x_wconf 82' lang='lat' dir='ltr'><strong>Apostolus:</strong></span> <span class='ocrx_word' id='word_1_658' title='bbox 3175 2294 3321 2350; x_wconf 84' lang='lat' dir='ltr'><strong>Finis</strong></span> <span class='ocrx_word' id='word_1_659' title='bbox 3340 2307 3508 2352; x_wconf 84' lang='lat' dir='ltr'><strong>autem</strong></span> <span class='ocrx_word' id='word_1_660' title='bbox 3524 2301 3762 2368; x_wconf 72' lang='lat' dir='ltr'><strong>prcecepti</strong></span> 
     </span>
    </p>
   </div>
   <div class='ocr_carea' id='block_1_86' title="bbox 2173 2375 3763 2458">
    <p class='ocr_par' dir='ltr' id='par_1_86' title="bbox 2173 2375 3763 2458">
     <span class='ocr_line' id='line_1_87' title="bbox 2173 2375 3763 2458; baseline 0.011 -32"><span class='ocrx_word' id='word_1_661' title='bbox 2173 2384 2244 2427; x_wconf 87' lang='lat' dir='ltr'><strong>est</strong></span> <span class='ocrx_word' id='word_1_662' title='bbox 2273 2375 2496 2431; x_wconf 87' lang='lat' dir='ltr'><strong>charitas</strong></span> <span class='ocrx_word' id='word_1_663' title='bbox 2522 2378 2585 2432; x_wconf 90' lang='lat' dir='ltr'><strong>de</strong></span> <span class='ocrx_word' id='word_1_664' title='bbox 2613 2381 2765 2435; x_wconf 88' lang='lat' dir='ltr'><strong>corde</strong></span> <span class='ocrx_word' id='word_1_665' title='bbox 2794 2399 2920 2451; x_wconf 86' lang='lat' dir='ltr'><strong>puro</strong></span> <span class='ocrx_word' id='word_1_666' title='bbox 2941 2424 2957 2449; x_wconf 95' lang='lat'><strong>,</strong></span> <span class='ocrx_word' id='word_1_667' title='bbox 3002 2395 3047 2437; x_wconf 91' lang='lat' dir='ltr'><strong>et</strong></span> <span class='ocrx_word' id='word_1_668' title='bbox 3078 2387 3384 2441; x_wconf 85' lang='lat' dir='ltr'><strong>conscientia</strong></span> <span class='ocrx_word' id='word_1_669' title='bbox 3410 2387 3563 2456; x_wconf 89' lang='lat' dir='ltr'><strong>bona,</strong></span> <span class='ocrx_word' id='word_1_670' title='bbox 3589 2398 3636 2443; x_wconf 88' lang='lat' dir='ltr'><strong>et</strong></span> <span class='ocrx_word' id='word_1_671' title='bbox 3654 2390 3763 2458; x_wconf 81' lang='lat' dir='ltr'><strong>ﬁde</strong></span> 
     </span>
    </p>
   </div>
   <div class='ocr_carea' id='block_1_87' title="bbox 2172 2466 3758 2550">
    <p class='ocr_par' dir='ltr' id='par_1_87' title="bbox 2172 2466 3758 2550">
     <span class='ocr_line' id='line_1_88' title="bbox 2172 2466 3758 2550; baseline 0.011 -32"><span class='ocrx_word' id='word_1_672' title='bbox 2172 2480 2274 2519; x_wconf 89' lang='lat' dir='ltr'><strong>non</strong></span> <span class='ocrx_word' id='word_1_673' title='bbox 2300 2466 2419 2535; x_wconf 79' lang='lat' dir='ltr'><strong>ﬁcta</strong></span> <span class='ocrx_word' id='word_1_674' title='bbox 2446 2468 2498 2539; x_wconf 93' lang='lat' dir='ltr'><strong>(l</strong></span> <span class='ocrx_word' id='word_1_675' title='bbox 2531 2468 2662 2523; x_wconf 84' lang='lat' dir='ltr'><strong>Tim.</strong></span> <span class='ocrx_word' id='word_1_676' title='bbox 2692 2486 2739 2536; x_wconf 90' lang='grc' dir='ltr'>ι,</span> <span class='ocrx_word' id='word_1_677' title='bbox 2771 2472 2850 2543; x_wconf 85' lang='grc'><strong>5).</strong></span> <span class='ocrx_word' id='word_1_678' title='bbox 2877 2473 3065 2531; x_wconf 89' lang='lat' dir='ltr'><strong>Omnis</strong></span> <span class='ocrx_word' id='word_1_679' title='bbox 3114 2477 3292 2548; x_wconf 90' lang='lat' dir='ltr'><strong>itaque</strong></span> <span class='ocrx_word' id='word_1_680' title='bbox 3339 2481 3588 2550; x_wconf 76' lang='lat' dir='ltr'><strong>prmcepti</strong></span> <span class='ocrx_word' id='word_1_681' title='bbox 3632 2479 3758 2537; x_wconf 85' lang='lat' dir='ltr'><strong>linis</strong></span> 
     </span>
    </p>
   </div>
   <div class='ocr_carea' id='block_1_88' title="bbox 2172 2558 3759 2645">
    <p class='ocr_par' dir='ltr' id='par_1_88' title="bbox 2172 2558 3759 2645">
     <span class='ocr_line' id='line_1_89' title="bbox 2172 2558 3759 2645; baseline 0.013 -34"><span class='ocrx_word' id='word_1_682' title='bbox 2172 2567 2255 2612; x_wconf 87' lang='lat' dir='ltr'><strong>est</strong></span> <span class='ocrx_word' id='word_1_683' title='bbox 2276 2558 2541 2627; x_wconf 87' lang='lat' dir='ltr'><strong>charitas;</strong></span> <span class='ocrx_word' id='word_1_684' title='bbox 2567 2562 2618 2617; x_wconf 91' lang='lat' dir='ltr'><strong>id</strong></span> <span class='ocrx_word' id='word_1_685' title='bbox 2638 2572 2739 2631; x_wconf 90' lang='lat' dir='ltr'><strong>est,</strong></span> <span class='ocrx_word' id='word_1_686' title='bbox 2764 2565 2829 2620; x_wconf 90' lang='lat' dir='ltr'><strong>ad</strong></span> <span class='ocrx_word' id='word_1_687' title='bbox 2855 2568 3169 2624; x_wconf 90' lang='lat' dir='ltr'><strong>cbaritatem</strong></span> <span class='ocrx_word' id='word_1_688' title='bbox 3196 2571 3426 2627; x_wconf 82' lang='lat' dir='ltr'><strong>refertur</strong></span> <span class='ocrx_word' id='word_1_689' title='bbox 3443 2587 3602 2629; x_wconf 88' lang='lat' dir='ltr'><strong>omne</strong></span> <span class='ocrx_word' id='word_1_690' title='bbox 3619 2590 3759 2645; x_wconf 73' lang='lat' dir='ltr'><strong>pra:-</strong></span> 
     </span>
    </p>
   </div>
   <div class='ocr_carea' id='block_1_89' title="bbox 2172 2652 3758 2733">
    <p class='ocr_par' dir='ltr' id='par_1_89' title="bbox 2172 2652 3758 2733">
     <span class='ocr_line' id='line_1_90' title="bbox 2172 2652 3758 2733; baseline 0.013 -30"><span class='ocrx_word' id='word_1_691' title='bbox 2172 2660 2404 2720; x_wconf 91' lang='lat' dir='ltr'><strong>ccptum.</strong></span> <span class='ocrx_word' id='word_1_692' title='bbox 2432 2652 2583 2720; x_wconf 89' lang='lat' dir='ltr'><strong>Quod</strong></span> <span class='ocrx_word' id='word_1_693' title='bbox 2618 2671 2747 2711; x_wconf 92' lang='lat' dir='ltr'><strong>vero</strong></span> <span class='ocrx_word' id='word_1_694' title='bbox 2775 2658 2845 2713; x_wconf 90' lang='lat' dir='ltr'><strong>ita</strong></span> <span class='ocrx_word' id='word_1_695' title='bbox 2876 2658 2934 2714; x_wconf 84' lang='lat' dir='ltr'><strong>fit</strong></span> <span class='ocrx_word' id='word_1_696' title='bbox 2964 2661 3046 2716; x_wconf 90' lang='lat' dir='ltr'><strong>vel</strong></span> <span class='ocrx_word' id='word_1_697' title='bbox 3072 2662 3261 2718; x_wconf 89' lang='lat' dir='ltr'><strong>timore</strong></span> <span class='ocrx_word' id='word_1_698' title='bbox 3287 2678 3480 2733; x_wconf 71' lang='lat' dir='ltr'><strong>pmnac,</strong></span> <span class='ocrx_word' id='word_1_699' title='bbox 3532 2667 3615 2723; x_wconf 88' lang='lat' dir='ltr'><strong>vel</strong></span> <span class='ocrx_word' id='word_1_700' title='bbox 3653 2667 3758 2723; x_wconf 90' lang='lat' dir='ltr'><strong>ali-</strong></span> 
     </span>
    </p>
   </div>
   <div class='ocr_carea' id='block_1_90' title="bbox 2171 2746 3758 2817">
    <p class='ocr_par' dir='ltr' id='par_1_90' title="bbox 2171 2746 3758 2817">
     <span class='ocr_line' id='line_1_91' title="bbox 2171 2746 3758 2817; baseline 0.012 -21"><span class='ocrx_word' id='word_1_701' title='bbox 2171 2757 2273 2813; x_wconf 89' lang='lat' dir='ltr'><strong>qua</strong></span> <span class='ocrx_word' id='word_1_702' title='bbox 2316 2746 2611 2803; x_wconf 90' lang='lat' dir='ltr'><strong>intentione</strong></span> <span class='ocrx_word' id='word_1_703' title='bbox 2665 2751 2889 2817; x_wconf 90' lang='lat' dir='ltr'><strong>carnali,</strong></span> <span class='ocrx_word' id='word_1_704' title='bbox 2944 2761 3002 2806; x_wconf 89' lang='lat' dir='ltr'><strong>ut</strong></span> <span class='ocrx_word' id='word_1_705' title='bbox 3049 2769 3153 2809; x_wconf 91' lang='lat' dir='ltr'><strong>non</strong></span> <span class='ocrx_word' id='word_1_706' title='bbox 3203 2755 3467 2813; x_wconf 89' lang='lat' dir='ltr'><strong>referatur</strong></span> <span class='ocrx_word' id='word_1_707' title='bbox 3510 2758 3576 2813; x_wconf 89' lang='lat' dir='ltr'><strong>ad</strong></span> <span class='ocrx_word' id='word_1_708' title='bbox 3610 2760 3758 2815; x_wconf 88' lang='lat' dir='ltr'><strong>illam</strong></span> 
     </span>
    </p>
   </div>
   <div class='ocr_carea' id='block_1_91' title="bbox 2171 2833 3760 2914">
    <p class='ocr_par' dir='ltr' id='par_1_91' title="bbox 2171 2833 3760 2914">
     <span class='ocr_line' id='line_1_92' title="bbox 2171 2833 3760 2914; baseline 0.01 -24"><span class='ocrx_word' id='word_1_709' title='bbox 2171 2833 2485 2892; x_wconf 87' lang='lat' dir='ltr'><strong>charitatem</strong></span> <span class='ocrx_word' id='word_1_710' title='bbox 2513 2854 2671 2908; x_wconf 88' lang='lat' dir='ltr'><strong>quam</strong></span> <span class='ocrx_word' id='word_1_711' title='bbox 2711 2841 2960 2897; x_wconf 79' lang='lat' dir='ltr'><strong>diffundit</strong></span> <span class='ocrx_word' id='word_1_712' title='bbox 3002 2843 3229 2914; x_wconf 90' lang='lat' dir='ltr'><strong>Spiritus</strong></span> <span class='ocrx_word' id='word_1_713' title='bbox 3258 2858 3475 2905; x_wconf 90' lang='lat' dir='ltr'><strong>sanctus</strong></span> <span class='ocrx_word' id='word_1_714' title='bbox 3505 2851 3558 2904; x_wconf 92' lang='lat' dir='ltr'><strong>in</strong></span> <span class='ocrx_word' id='word_1_715' title='bbox 3582 2850 3760 2905; x_wconf 85' lang='lat' dir='ltr'><strong>cordi-</strong></span> 
     </span>
    </p>
   </div>
   <div class='ocr_carea' id='block_1_92' title="bbox 2168 2923 3758 3007">
    <p class='ocr_par' dir='ltr' id='par_1_92' title="bbox 2168 2923 3758 3007">
     <span class='ocr_line' id='line_1_93' title="bbox 2168 2923 3758 3007; baseline 0.01 -28"><span class='ocrx_word' id='word_1_716' title='bbox 2168 2923 2271 2980; x_wconf 86' lang='lat' dir='ltr'><strong>bus</strong></span> <span class='ocrx_word' id='word_1_717' title='bbox 2317 2927 2513 2983; x_wconf 88' lang='lat' dir='ltr'><strong>nostris</strong></span> <span class='ocrx_word' id='word_1_718' title='bbox 2556 2928 2732 2999; x_wconf 82' lang='lat' dir='ltr'><strong>(Rom.</strong></span> <span class='ocrx_word' id='word_1_719' title='bbox 2765 2947 2817 2997; x_wconf 91' lang='lat' dir='ltr'><strong>v,</strong></span> <span class='ocrx_word' id='word_1_720' title='bbox 2855 2933 2935 3002; x_wconf 86' lang='lat'><strong>5),</strong></span> <span class='ocrx_word' id='word_1_721' title='bbox 2966 2931 3199 2990; x_wconf 91' lang='lat' dir='ltr'><strong>nondum</strong></span> <span class='ocrx_word' id='word_1_722' title='bbox 3227 2937 3285 2991; x_wconf 80' lang='lat' dir='ltr'><strong>fit</strong></span> <span class='ocrx_word' id='word_1_723' title='bbox 3309 2938 3758 3007; x_wconf 89' lang='lat' dir='ltr'><strong>quemadmodum</strong></span> 
     </span>
    </p>
   </div>
   <div class='ocr_carea' id='block_1_93' title="bbox 2170 3014 3760 3101">
    <p class='ocr_par' dir='ltr' id='par_1_93' title="bbox 2170 3014 3760 3101">
     <span class='ocr_line' id='line_1_94' title="bbox 2170 3014 3760 3101; baseline 0.012 -32"><span class='ocrx_word' id='word_1_724' title='bbox 2170 3014 2287 3070; x_wconf 78' lang='lat' dir='ltr'><strong>ﬁeri</strong></span> <span class='ocrx_word' id='word_1_725' title='bbox 2314 3026 2545 3086; x_wconf 84' lang='lat' dir='ltr'><strong>oportet,</strong></span> <span class='ocrx_word' id='word_1_726' title='bbox 2578 3021 2821 3089; x_wconf 88' lang='lat' dir='ltr'><strong>quamvis</strong></span> <span class='ocrx_word' id='word_1_727' title='bbox 2850 3022 2965 3077; x_wconf 83' lang='lat' dir='ltr'><strong>fieri</strong></span> <span class='ocrx_word' id='word_1_728' title='bbox 2997 3024 3257 3081; x_wconf 85' lang='lat' dir='ltr'><strong>videatur.</strong></span> <span class='ocrx_word' id='word_1_729' title='bbox 3287 3026 3534 3084; x_wconf 89' lang='lat' dir='ltr'><strong>Charitas</strong></span> <span class='ocrx_word' id='word_1_730' title='bbox 3560 3030 3760 3101; x_wconf 85' lang='lat' dir='ltr'><strong>quippe</strong></span> 
     </span>
    </p>
   </div>
   <div class='ocr_carea' id='block_1_94' title="bbox 2170 3103 3761 3192">
    <p class='ocr_par' dir='ltr' id='par_1_94' title="bbox 2170 3103 3761 3192">
     <span class='ocr_line' id='line_1_95' title="bbox 2170 3103 3761 3192; baseline 0.013 -35"><span class='ocrx_word' id='word_1_731' title='bbox 2170 3103 2270 3158; x_wconf 92' lang='lat' dir='ltr'><strong>ista</strong></span> <span class='ocrx_word' id='word_1_732' title='bbox 2310 3106 2404 3161; x_wconf 92' lang='lat' dir='ltr'><strong>Dei</strong></span> <span class='ocrx_word' id='word_1_733' title='bbox 2435 3116 2519 3163; x_wconf 91' lang='lat' dir='ltr'><strong>est</strong></span> <span class='ocrx_word' id='word_1_734' title='bbox 2551 3120 2605 3163; x_wconf 88' lang='lat' dir='ltr'><strong>et</strong></span> <span class='ocrx_word' id='word_1_735' title='bbox 2636 3111 2861 3180; x_wconf 74' lang='lat' dir='ltr'><strong>proximi</strong></span> <span class='ocrx_word' id='word_1_736' title='bbox 2896 3130 2908 3166; x_wconf 88' lang='lat'><strong>:</strong></span> <span class='ocrx_word' id='word_1_737' title='bbox 2937 3121 2992 3169; x_wconf 90' lang='lat' dir='ltr'><strong>et</strong></span> <span class='ocrx_word' id='word_1_738' title='bbox 3018 3115 3197 3185; x_wconf 91' lang='lat' dir='ltr'><strong>utique</strong></span> <span class='ocrx_word' id='word_1_739' title='bbox 3223 3117 3274 3170; x_wconf 88' lang='lat' dir='ltr'><strong>in</strong></span> <span class='ocrx_word' id='word_1_740' title='bbox 3300 3117 3377 3174; x_wconf 85' lang='lat' dir='ltr'><strong>his</strong></span> <span class='ocrx_word' id='word_1_741' title='bbox 3401 3119 3593 3175; x_wconf 87' lang='lat' dir='ltr'><strong>duobus</strong></span> <span class='ocrx_word' id='word_1_742' title='bbox 3622 3138 3761 3192; x_wconf 73' lang='lat' dir='ltr'><strong>pra:-</strong></span> 
     </span>
    </p>
   </div>
   <div class='ocr_carea' id='block_1_95' title="bbox 2169 3196 3754 3285">
    <p class='ocr_par' dir='ltr' id='par_1_95' title="bbox 2169 3196 3754 3285">
     <span class='ocr_line' id='line_1_96' title="bbox 2169 3196 3754 3285; baseline 0.013 -37"><span class='ocrx_word' id='word_1_743' title='bbox 2169 3196 2326 3266; x_wconf 88' lang='lat' dir='ltr'><strong>ceptis</strong></span> <span class='ocrx_word' id='word_1_744' title='bbox 2370 3205 2475 3251; x_wconf 91' lang='lat' dir='ltr'><strong>tota</strong></span> <span class='ocrx_word' id='word_1_745' title='bbox 2514 3197 2624 3253; x_wconf 72' lang='lat' dir='ltr'><strong>Lex</strong></span> <span class='ocrx_word' id='word_1_746' title='bbox 2652 3202 2832 3271; x_wconf 83' lang='lat' dir='ltr'><strong>pendet</strong></span> <span class='ocrx_word' id='word_1_747' title='bbox 2862 3212 2908 3258; x_wconf 92' lang='lat' dir='ltr'><strong>et</strong></span> <span class='ocrx_word' id='word_1_748' title='bbox 2937 3202 3214 3276; x_wconf 74' lang='lat' dir='ltr'><strong>Propheta:</strong></span> <span class='ocrx_word' id='word_1_749' title='bbox 3238 3206 3451 3279; x_wconf 81' lang='lat' dir='ltr'><strong>(Matth.</strong></span> <span class='ocrx_word' id='word_1_750' title='bbox 3481 3227 3609 3278; x_wconf 62' lang='grc' dir='ltr'>χχιι,</span> <span class='ocrx_word' id='word_1_751' title='bbox 3636 3212 3754 3285; x_wconf 68' lang='grc'><strong>40).</strong></span> 
     </span>
    </p>
   </div>
   <div class='ocr_carea' id='block_1_96' title="bbox 2168 3285 3756 3364">
    <p class='ocr_par' dir='ltr' id='par_1_96' title="bbox 2168 3285 3756 3364">
     <span class='ocr_line' id='line_1_97' title="bbox 2168 3285 3756 3364; baseline 0.011 -24"><span class='ocrx_word' id='word_1_752' title='bbox 2168 3285 2320 3342; x_wconf 85' lang='lat' dir='ltr'><strong>Adde</strong></span> <span class='ocrx_word' id='word_1_753' title='bbox 2350 3287 2715 3359; x_wconf 86' lang='lat' dir='ltr'><strong>Evangelium,</strong></span> <span class='ocrx_word' id='word_1_754' title='bbox 2735 3292 2870 3348; x_wconf 91' lang='lat' dir='ltr'><strong>adde</strong></span> <span class='ocrx_word' id='word_1_755' title='bbox 2888 3294 3175 3364; x_wconf 84' lang='lat' dir='ltr'><strong>Apostolos</strong></span> <span class='ocrx_word' id='word_1_756' title='bbox 3200 3315 3211 3350; x_wconf 91' lang='lat'>:</span> <span class='ocrx_word' id='word_1_757' title='bbox 3238 3312 3343 3353; x_wconf 90' lang='lat' dir='ltr'><strong>non</strong></span> <span class='ocrx_word' id='word_1_758' title='bbox 3372 3301 3511 3355; x_wconf 90' lang='lat' dir='ltr'><strong>enim</strong></span> <span class='ocrx_word' id='word_1_759' title='bbox 3538 3301 3756 3358; x_wconf 89' lang='lat' dir='ltr'><strong>aliunde</strong></span> 
     </span>
    </p>
   </div>
   <div class='ocr_carea' id='block_1_97' title="bbox 2167 3377 3757 3459">
    <p class='ocr_par' dir='ltr' id='par_1_97' title="bbox 2167 3377 3757 3459">
     <span class='ocr_line' id='line_1_98' title="bbox 2167 3377 3757 3459; baseline 0.012 -29"><span class='ocrx_word' id='word_1_760' title='bbox 2167 3391 2270 3431; x_wconf 82' lang='lat' dir='ltr'><strong>vox</strong></span> <span class='ocrx_word' id='word_1_761' title='bbox 2315 3377 2415 3433; x_wconf 88' lang='lat' dir='ltr'><strong>ista</strong></span> <span class='ocrx_word' id='word_1_762' title='bbox 2452 3389 2562 3445; x_wconf 90' lang='lat' dir='ltr'><strong>est,</strong></span> <span class='ocrx_word' id='word_1_763' title='bbox 2610 3380 2758 3435; x_wconf 87' lang='lat' dir='ltr'><strong>Finis</strong></span> <span class='ocrx_word' id='word_1_764' title='bbox 2804 3387 3039 3456; x_wconf 72' lang='lat' dir='ltr'><strong>prterepti</strong></span> <span class='ocrx_word' id='word_1_765' title='bbox 3083 3395 3156 3440; x_wconf 84' lang='lat' dir='ltr'><strong>est</strong></span> <span class='ocrx_word' id='word_1_766' title='bbox 3192 3389 3447 3457; x_wconf 84' lang='lat' dir='ltr'><strong>charitas;</strong></span> <span class='ocrx_word' id='word_1_767' title='bbox 3491 3401 3565 3459; x_wconf 92' lang='lat' dir='ltr'><strong>et,</strong></span> <span class='ocrx_word' id='word_1_768' title='bbox 3616 3392 3757 3449; x_wconf 88' lang='lat' dir='ltr'><strong>Deus</strong></span> 
     </span>
    </p>
   </div>
   <div class='ocr_carea' id='block_1_98' title="bbox 2167 3468 3758 3554">
    <p class='ocr_par' dir='ltr' id='par_1_98' title="bbox 2167 3468 3758 3554">
     <span class='ocr_line' id='line_1_99' title="bbox 2167 3468 3758 3554; baseline 0.012 -34"><span class='ocrx_word' id='word_1_769' title='bbox 2167 3468 2387 3524; x_wconf 76' lang='lat' dir='ltr'><strong>charitas</strong></span> <span class='ocrx_word' id='word_1_770' title='bbox 2413 3479 2483 3525; x_wconf 85' lang='lat' dir='ltr'><strong>est</strong></span> <span class='ocrx_word' id='word_1_771' title='bbox 2511 3470 2566 3541; x_wconf 93' lang='lat' dir='ltr'><strong>(I</strong></span> <span class='ocrx_word' id='word_1_772' title='bbox 2595 3471 2752 3527; x_wconf 85' lang='lat' dir='ltr'><strong>Joan.</strong></span> <span class='ocrx_word' id='word_1_773' title='bbox 2794 3490 2871 3542; x_wconf 83' lang='lat' dir='ltr'><strong>tv,</strong></span> <span class='ocrx_word' id='word_1_774' title='bbox 2918 3475 3031 3548; x_wconf 87' lang='grc'><strong>16).</strong></span> <span class='ocrx_word' id='word_1_775' title='bbox 3062 3476 3419 3551; x_wconf 71' lang='grc' dir='ltr'><strong>Ωυωοιιηιρυθ</strong></span> <span class='ocrx_word' id='word_1_776' title='bbox 3448 3498 3575 3554; x_wconf 83' lang='lat' dir='ltr'><strong>ergo</strong></span> <span class='ocrx_word' id='word_1_777' title='bbox 3604 3498 3758 3538; x_wconf 87' lang='lat' dir='ltr'><strong>man-</strong></span> 
     </span>
    </p>
   </div>
   <div class='ocr_carea' id='block_1_99' title="bbox 2167 3560 3750 3646">
    <p class='ocr_par' dir='ltr' id='par_1_99' title="bbox 2167 3560 3750 3646">
     <span class='ocr_line' id='line_1_100' title="bbox 2167 3560 3750 3646; baseline 0.009 -30"><span class='ocrx_word' id='word_1_778' title='bbox 2167 3560 2256 3616; x_wconf 90' lang='lat' dir='ltr'><strong>dat</strong></span> <span class='ocrx_word' id='word_1_779' title='bbox 2276 3562 2434 3627; x_wconf 91' lang='lat' dir='ltr'><strong>Deus,</strong></span> <span class='ocrx_word' id='word_1_780' title='bbox 2460 3577 2523 3617; x_wconf 81' lang='lat' dir='ltr'><strong>ex</strong></span> <span class='ocrx_word' id='word_1_781' title='bbox 2546 3564 2738 3634; x_wconf 92' lang='lat' dir='ltr'><strong>quibus</strong></span> <span class='ocrx_word' id='word_1_782' title='bbox 2757 3583 2917 3621; x_wconf 92' lang='lat' dir='ltr'><strong>unum</strong></span> <span class='ocrx_word' id='word_1_783' title='bbox 2939 3579 3041 3637; x_wconf 90' lang='lat' dir='ltr'><strong>est,</strong></span> <span class='ocrx_word' id='word_1_784' title='bbox 3062 3570 3182 3625; x_wconf 87' lang='lat' dir='ltr'><strong>Non</strong></span> <span class='ocrx_word' id='word_1_785' title='bbox 3209 3575 3532 3630; x_wconf 77' lang='lat' dir='ltr'><strong>mcechaberis</strong></span> <span class='ocrx_word' id='word_1_786' title='bbox 3554 3574 3750 3646; x_wconf 75' lang='lat' dir='ltr'><strong>(Exod.</strong></span> 
     </span>
    </p>
   </div>
   <div class='ocr_carea' id='block_1_100' title="bbox 2167 3651 3752 3737">
    <p class='ocr_par' dir='ltr' id='par_1_100' title="bbox 2167 3651 3752 3737">
     <span class='ocr_line' id='line_1_101' title="bbox 2167 3651 3752 3737; baseline 0.011 -33"><span class='ocrx_word' id='word_1_787' title='bbox 2167 3666 2256 3713; x_wconf 73' lang='lat' dir='ltr'><strong>xx,</strong></span> <span class='ocrx_word' id='word_1_788' title='bbox 2281 3651 2377 3717; x_wconf 78' lang='lat' dir='ltr'><strong>M;</strong></span> <span class='ocrx_word' id='word_1_789' title='bbox 2408 3651 2598 3707; x_wconf 75' lang='lat' dir='ltr'><strong>Matth.</strong></span> <span class='ocrx_word' id='word_1_790' title='bbox 2628 3671 2679 3721; x_wconf 87' lang='lat' dir='ltr'><strong>v,</strong></span> <span class='ocrx_word' id='word_1_791' title='bbox 2708 3655 2837 3727; x_wconf 75' lang='lat'><strong>27);</strong></span> <span class='ocrx_word' id='word_1_792' title='bbox 2870 3666 2924 3713; x_wconf 92' lang='lat' dir='ltr'><strong>et</strong></span> <span class='ocrx_word' id='word_1_793' title='bbox 2950 3673 3297 3732; x_wconf 72' lang='lat' dir='ltr'><strong>qumcumque</strong></span> <span class='ocrx_word' id='word_1_794' title='bbox 3324 3679 3428 3718; x_wconf 94' lang='lat' dir='ltr'><strong>non</strong></span> <span class='ocrx_word' id='word_1_795' title='bbox 3456 3664 3708 3734; x_wconf 89' lang='lat' dir='ltr'><strong>jubentur</strong></span> <span class='ocrx_word' id='word_1_796' title='bbox 3731 3709 3752 3737; x_wconf 90' lang='lat'><strong>,</strong></span> 
     </span>
    </p>
   </div>
   <div class='ocr_carea' id='block_1_101' title="bbox 2165 3740 3753 3825">
    <p class='ocr_par' dir='ltr' id='par_1_101' title="bbox 2165 3740 3753 3825">
     <span class='ocr_line' id='line_1_102' title="bbox 2165 3740 3753 3825; baseline 0.012 -31"><span class='ocrx_word' id='word_1_797' title='bbox 2165 3740 2261 3796; x_wconf 90' lang='lat' dir='ltr'><strong>sed</strong></span> <span class='ocrx_word' id='word_1_798' title='bbox 2308 3742 2566 3811; x_wconf 91' lang='lat' dir='ltr'><strong>spirituali</strong></span> <span class='ocrx_word' id='word_1_799' title='bbox 2596 3748 2819 3801; x_wconf 89' lang='lat' dir='ltr'><strong>consilio</strong></span> <span class='ocrx_word' id='word_1_800' title='bbox 2849 3759 3133 3805; x_wconf 91' lang='lat' dir='ltr'><strong>monentur</strong></span> <span class='ocrx_word' id='word_1_801' title='bbox 3158 3754 3201 3821; x_wconf 81' lang='grc'><strong>³,</strong></span> <span class='ocrx_word' id='word_1_802' title='bbox 3241 3768 3305 3808; x_wconf 77' lang='lat' dir='ltr'><strong>es</strong></span> <span class='ocrx_word' id='word_1_803' title='bbox 3346 3756 3537 3825; x_wconf 86' lang='lat' dir='ltr'><strong>quibus</strong></span> <span class='ocrx_word' id='word_1_804' title='bbox 3582 3772 3753 3813; x_wconf 91' lang='lat' dir='ltr'><strong>unum</strong></span> 
     </span>
    </p>
   </div>
   <div class='ocr_carea' id='block_1_102' title="bbox 2165 3832 3752 3920">
    <p class='ocr_par' dir='ltr' id='par_1_102' title="bbox 2165 3832 3752 3920">
     <span class='ocr_line' id='line_1_103' title="bbox 2165 3832 3752 3920; baseline 0.011 -34"><span class='ocrx_word' id='word_1_805' title='bbox 2165 3841 2267 3899; x_wconf 88' lang='lat' dir='ltr'><strong>est,</strong></span> <span class='ocrx_word' id='word_1_806' title='bbox 2312 3832 2513 3889; x_wconf 88' lang='lat' dir='ltr'><strong>Bonum</strong></span> <span class='ocrx_word' id='word_1_807' title='bbox 2560 3846 2633 3891; x_wconf 89' lang='lat' dir='ltr'><strong>est</strong></span> <span class='ocrx_word' id='word_1_808' title='bbox 2672 3837 2862 3893; x_wconf 88' lang='lat' dir='ltr'><strong>homini</strong></span> <span class='ocrx_word' id='word_1_809' title='bbox 2904 3842 3160 3897; x_wconf 67' lang='lat' dir='ltr'><strong>mulierem</strong></span> <span class='ocrx_word' id='word_1_810' title='bbox 3189 3860 3286 3898; x_wconf 88' lang='lat' dir='ltr'><strong>non</strong></span> <span class='ocrx_word' id='word_1_811' title='bbox 3314 3853 3517 3917; x_wconf 87' lang='lat' dir='ltr'><strong>tangere</strong></span> <span class='ocrx_word' id='word_1_812' title='bbox 3544 3845 3599 3920; x_wconf 96' lang='lat' dir='ltr'><strong>(I</strong></span> <span class='ocrx_word' id='word_1_813' title='bbox 3628 3846 3752 3903; x_wconf 87' lang='lat' dir='ltr'><strong>Cor.</strong></span> 
     </span>
    </p>
   </div>
   <div class='ocr_carea' id='block_1_103' title="bbox 2164 3920 3752 4009">
    <p class='ocr_par' dir='ltr' id='par_1_103' title="bbox 2164 3920 3752 4009">
     <span class='ocr_line' id='line_1_104' title="bbox 2164 3920 3752 4009; baseline 0.01 -31"><span class='ocrx_word' id='word_1_814' title='bbox 2164 3940 2256 3992; x_wconf 89' lang='lat' dir='ltr'><strong>vu,</strong></span> <span class='ocrx_word' id='word_1_815' title='bbox 2276 3920 2340 3997; x_wconf 67' lang='grc'><strong>’1)</strong></span> <span class='ocrx_word' id='word_1_816' title='bbox 2378 3946 2389 3981; x_wconf 90' lang='lat'><strong>:</strong></span> <span class='ocrx_word' id='word_1_817' title='bbox 2421 3935 2546 3983; x_wconf 92' lang='lat' dir='ltr'><strong>tunc</strong></span> <span class='ocrx_word' id='word_1_818' title='bbox 2576 3939 2720 3985; x_wconf 90' lang='lat' dir='ltr'><strong>recte</strong></span> <span class='ocrx_word' id='word_1_819' title='bbox 2749 3933 2907 3998; x_wconf 84' lang='lat' dir='ltr'><strong>fiunt,</strong></span> <span class='ocrx_word' id='word_1_820' title='bbox 2948 3949 3069 3989; x_wconf 92' lang='lat' dir='ltr'><strong>cum</strong></span> <span class='ocrx_word' id='word_1_821' title='bbox 3098 3935 3402 3991; x_wconf 86' lang='lat' dir='ltr'><strong>referuntur</strong></span> <span class='ocrx_word' id='word_1_822' title='bbox 3428 3937 3493 3992; x_wconf 89' lang='lat' dir='ltr'><strong>ad</strong></span> <span class='ocrx_word' id='word_1_823' title='bbox 3524 3937 3752 4009; x_wconf 84' lang='lat' dir='ltr'><strong>diligen-</strong></span> 
     </span>
    </p>
   </div>
   <div class='ocr_carea' id='block_1_104' title="bbox 2163 4014 3752 4094">
    <p class='ocr_par' dir='ltr' id='par_1_104' title="bbox 2163 4014 3752 4094">
     <span class='ocr_line' id='line_1_105' title="bbox 2163 4014 3752 4094; baseline 0.01 -26"><span class='ocrx_word' id='word_1_824' title='bbox 2163 4014 2290 4069; x_wconf 89' lang='lat' dir='ltr'><strong>dum</strong></span> <span class='ocrx_word' id='word_1_825' title='bbox 2327 4016 2515 4083; x_wconf 90' lang='lat' dir='ltr'><strong>Deum,</strong></span> <span class='ocrx_word' id='word_1_826' title='bbox 2546 4025 2602 4073; x_wconf 91' lang='lat' dir='ltr'><strong>et</strong></span> <span class='ocrx_word' id='word_1_827' title='bbox 2638 4022 2935 4089; x_wconf 80' lang='lat' dir='ltr'><strong>proximum</strong></span> <span class='ocrx_word' id='word_1_828' title='bbox 2982 4034 3201 4094; x_wconf 88' lang='lat' dir='ltr'><strong>pr0pter</strong></span> <span class='ocrx_word' id='word_1_829' title='bbox 3241 4026 3431 4094; x_wconf 91' lang='lat' dir='ltr'><strong>Deum,</strong></span> <span class='ocrx_word' id='word_1_830' title='bbox 3466 4037 3521 4083; x_wconf 90' lang='lat' dir='ltr'><strong>et</strong></span> <span class='ocrx_word' id='word_1_831' title='bbox 3562 4029 3611 4083; x_wconf 91' lang='lat' dir='ltr'><strong>in</strong></span> <span class='ocrx_word' id='word_1_832' title='bbox 3642 4028 3752 4086; x_wconf 86' lang='lat' dir='ltr'><strong>hoc</strong></span> 
     </span>
    </p>
   </div>
   <div class='ocr_carea' id='block_1_105' title="bbox 2163 4107 3753 4190">
    <p class='ocr_par' dir='ltr' id='par_1_105' title="bbox 2163 4107 3753 4190">
     <span class='ocr_line' id='line_1_106' title="bbox 2163 4107 3753 4190; baseline 0.009 -28"><span class='ocrx_word' id='word_1_833' title='bbox 2163 4107 2377 4174; x_wconf 71' lang='lat' dir='ltr'><strong>sarculo,</strong></span> <span class='ocrx_word' id='word_1_834' title='bbox 2405 4117 2460 4164; x_wconf 87' lang='lat' dir='ltr'><strong>et</strong></span> <span class='ocrx_word' id='word_1_835' title='bbox 2486 4110 2536 4164; x_wconf 87' lang='lat' dir='ltr'><strong>in</strong></span> <span class='ocrx_word' id='word_1_836' title='bbox 2563 4109 2767 4178; x_wconf 90' lang='lat' dir='ltr'><strong>futuro;</strong></span> <span class='ocrx_word' id='word_1_837' title='bbox 2801 4130 2941 4170; x_wconf 90' lang='lat' dir='ltr'><strong>nunc</strong></span> <span class='ocrx_word' id='word_1_838' title='bbox 2970 4116 3136 4172; x_wconf 91' lang='lat' dir='ltr'><strong>Deum</strong></span> <span class='ocrx_word' id='word_1_839' title='bbox 3164 4132 3260 4187; x_wconf 89' lang='lat' dir='ltr'><strong>per</strong></span> <span class='ocrx_word' id='word_1_840' title='bbox 3286 4118 3467 4186; x_wconf 86' lang='lat' dir='ltr'><strong>fidem,</strong></span> <span class='ocrx_word' id='word_1_841' title='bbox 3502 4130 3625 4177; x_wconf 91' lang='lat' dir='ltr'><strong>tunc</strong></span> <span class='ocrx_word' id='word_1_842' title='bbox 3654 4137 3753 4190; x_wconf 78' lang='lat' dir='ltr'><strong>per</strong></span> 
     </span>
    </p>
   </div>
   <div class='ocr_carea' id='block_1_106' title="bbox 2162 4200 3748 4279">
    <p class='ocr_par' dir='ltr' id='par_1_106' title="bbox 2162 4200 3748 4279">
     <span class='ocr_line' id='line_1_107' title="bbox 2162 4200 3748 4279; baseline 0.008 -26"><span class='ocrx_word' id='word_1_843' title='bbox 2162 4200 2428 4269; x_wconf 90' lang='lat' dir='ltr'><strong>speciem,</strong></span> <span class='ocrx_word' id='word_1_844' title='bbox 2460 4211 2513 4257; x_wconf 92' lang='lat' dir='ltr'><strong>et</strong></span> <span class='ocrx_word' id='word_1_845' title='bbox 2543 4203 2715 4273; x_wconf 89' lang='lat' dir='ltr'><strong>ipsum</strong></span> <span class='ocrx_word' id='word_1_846' title='bbox 2747 4207 3047 4274; x_wconf 82' lang='lat' dir='ltr'><strong>proximum</strong></span> <span class='ocrx_word' id='word_1_847' title='bbox 3091 4224 3233 4264; x_wconf 90' lang='lat' dir='ltr'><strong>nunc</strong></span> <span class='ocrx_word' id='word_1_848' title='bbox 3273 4226 3371 4279; x_wconf 91' lang='lat' dir='ltr'><strong>per</strong></span> <span class='ocrx_word' id='word_1_849' title='bbox 3412 4212 3589 4267; x_wconf 84' lang='lat' dir='ltr'><strong>fidem.</strong></span> <span class='ocrx_word' id='word_1_850' title='bbox 3628 4211 3748 4266; x_wconf 85' lang='lat' dir='ltr'><strong>Non</strong></span> 
     </span>
    </p>
   </div>
   <div class='ocr_carea' id='block_1_107' title="bbox 2160 4291 3747 4367">
    <p class='ocr_par' dir='ltr' id='par_1_107' title="bbox 2160 4291 3747 4367">
     <span class='ocr_line' id='line_1_108' title="bbox 2160 4291 3747 4367; baseline 0.01 -25"><span class='ocrx_word' id='word_1_851' title='bbox 2160 4292 2301 4345; x_wconf 87' lang='lat' dir='ltr'><strong>enim</strong></span> <span class='ocrx_word' id='word_1_852' title='bbox 2334 4291 2530 4347; x_wconf 90' lang='lat' dir='ltr'><strong>scimus</strong></span> <span class='ocrx_word' id='word_1_853' title='bbox 2561 4294 2811 4349; x_wconf 88' lang='lat' dir='ltr'><strong>mortales</strong></span> <span class='ocrx_word' id='word_1_854' title='bbox 2839 4297 3001 4352; x_wconf 90' lang='lat' dir='ltr'><strong>corda</strong></span> <span class='ocrx_word' id='word_1_855' title='bbox 3032 4301 3355 4367; x_wconf 89' lang='lat' dir='ltr'><strong>mortalium,</strong></span> <span class='ocrx_word' id='word_1_856' title='bbox 3400 4312 3523 4357; x_wconf 88' lang='lat' dir='ltr'><strong>tunc</strong></span> <span class='ocrx_word' id='word_1_857' title='bbox 3566 4313 3747 4358; x_wconf 90' lang='lat' dir='ltr'><strong>autem</strong></span> 
     </span>
    </p>
   </div>
   <div class='ocr_carea' id='block_1_108' title="bbox 2160 4380 3751 4457">
    <p class='ocr_par' dir='ltr' id='par_1_108' title="bbox 2160 4380 3751 4457">
     <span class='ocr_line' id='line_1_109' title="bbox 2160 4380 3751 4457; baseline 0.01 -24"><span class='ocrx_word' id='word_1_858' title='bbox 2160 4380 2462 4436; x_wconf 83' lang='lat' dir='ltr'><strong>illuminabit</strong></span> <span class='ocrx_word' id='word_1_859' title='bbox 2503 4381 2753 4439; x_wconf 87' lang='lat' dir='ltr'><strong>Dominus</strong></span> <span class='ocrx_word' id='word_1_860' title='bbox 2796 4388 3091 4443; x_wconf 88' lang='lat' dir='ltr'><strong>abscondita</strong></span> <span class='ocrx_word' id='word_1_861' title='bbox 3139 4394 3474 4457; x_wconf 85' lang='lat' dir='ltr'><strong>tenebrarum,</strong></span> <span class='ocrx_word' id='word_1_862' title='bbox 3507 4404 3553 4448; x_wconf 91' lang='lat' dir='ltr'><strong>et</strong></span> <span class='ocrx_word' id='word_1_863' title='bbox 3581 4396 3751 4449; x_wconf 84' lang='lat' dir='ltr'><strong>mani-</strong></span> 
     </span>
    </p>
   </div>
   <div class='ocr_carea' id='block_1_109' title="bbox 2160 4471 3750 4554">
    <p class='ocr_par' dir='ltr' id='par_1_109' title="bbox 2160 4471 3750 4554">
     <span class='ocr_line' id='line_1_110' title="bbox 2160 4471 3750 4554; baseline 0.01 -31"><span class='ocrx_word' id='word_1_864' title='bbox 2160 4471 2355 4539; x_wconf 81' lang='lat' dir='ltr'><strong>festabit</strong></span> <span class='ocrx_word' id='word_1_865' title='bbox 2374 4474 2701 4543; x_wconf 85' lang='lat' dir='ltr'><strong>cogitationes</strong></span> <span class='ocrx_word' id='word_1_866' title='bbox 2727 4478 2935 4543; x_wconf 90' lang='lat' dir='ltr'><strong>cordis;</strong></span> <span class='ocrx_word' id='word_1_867' title='bbox 2960 4490 3006 4534; x_wconf 89' lang='lat' dir='ltr'><strong>et</strong></span> <span class='ocrx_word' id='word_1_868' title='bbox 3037 4479 3149 4535; x_wconf 83' lang='lat' dir='ltr'><strong>laus</strong></span> <span class='ocrx_word' id='word_1_869' title='bbox 3174 4484 3265 4535; x_wconf 85' lang='lat' dir='ltr'><strong>erit</strong></span> <span class='ocrx_word' id='word_1_870' title='bbox 3291 4484 3555 4554; x_wconf 82' lang='lat' dir='ltr'><strong>unicuique</strong></span> <span class='ocrx_word' id='word_1_871' title='bbox 3576 4502 3608 4537; x_wconf 92' lang='lat' dir='ltr'><strong>a</strong></span> <span class='ocrx_word' id='word_1_872' title='bbox 3636 4485 3750 4541; x_wconf 86' lang='lat' dir='ltr'><strong>Deo</strong></span> 
     </span>
    </p>
   </div>
   <div class='ocr_carea' id='block_1_110' title="bbox 2161 4561 3751 4646">
    <p class='ocr_par' dir='ltr' id='par_1_110' title="bbox 2161 4561 3751 4646">
     <span class='ocr_line' id='line_1_111' title="bbox 2161 4561 3751 4646; baseline 0.011 -32"><span class='ocrx_word' id='word_1_873' title='bbox 2161 4561 2268 4627; x_wconf 86' lang='lat' dir='ltr'><strong>(Id.</strong></span> <span class='ocrx_word' id='word_1_874' title='bbox 2303 4579 2373 4630; x_wconf 86' lang='lat' dir='ltr'><strong>tv,</strong></span> <span class='ocrx_word' id='word_1_875' title='bbox 2402 4564 2456 4636; x_wconf 82' lang='lat'><strong>5)</strong></span> <span class='ocrx_word' id='word_1_876' title='bbox 2496 4583 2509 4619; x_wconf 90' lang='lat'><strong>:</strong></span> <span class='ocrx_word' id='word_1_877' title='bbox 2539 4567 2660 4636; x_wconf 88' lang='lat' dir='ltr'><strong>quia</strong></span> <span class='ocrx_word' id='word_1_878' title='bbox 2688 4567 2739 4622; x_wconf 93' lang='lat' dir='ltr'><strong>id</strong></span> <span class='ocrx_word' id='word_1_879' title='bbox 2768 4569 3071 4625; x_wconf 88' lang='lat' dir='ltr'><strong>laudabitur</strong></span> <span class='ocrx_word' id='word_1_880' title='bbox 3099 4582 3153 4626; x_wconf 90' lang='lat' dir='ltr'><strong>et</strong></span> <span class='ocrx_word' id='word_1_881' title='bbox 3179 4572 3478 4643; x_wconf 87' lang='lat' dir='ltr'><strong>diligetura</strong></span> <span class='ocrx_word' id='word_1_882' title='bbox 3501 4577 3751 4646; x_wconf 78' lang='lat' dir='ltr'><strong>proximo</strong></span> 
     </span>
    </p>
   </div>
   <div class='ocr_carea' id='block_1_111' title="bbox 2159 4655 3746 4733">
    <p class='ocr_par' dir='ltr' id='par_1_111' title="bbox 2159 4655 3746 4733">
     <span class='ocr_line' id='line_1_112' title="bbox 2159 4655 3746 4733; baseline 0.009 -25"><span class='ocrx_word' id='word_1_883' title='bbox 2159 4655 2211 4709; x_wconf 92' lang='lat' dir='ltr'><strong>in</strong></span> <span class='ocrx_word' id='word_1_884' title='bbox 2241 4657 2504 4726; x_wconf 80' lang='lat' dir='ltr'><strong>proximo,</strong></span> <span class='ocrx_word' id='word_1_885' title='bbox 2530 4660 2671 4728; x_wconf 91' lang='lat' dir='ltr'><strong>quod</strong></span> <span class='ocrx_word' id='word_1_886' title='bbox 2699 4676 2767 4715; x_wconf 91' lang='lat' dir='ltr'><strong>ne</strong></span> <span class='ocrx_word' id='word_1_887' title='bbox 2791 4661 2969 4730; x_wconf 86' lang='lat' dir='ltr'><strong>lateat,</strong></span> <span class='ocrx_word' id='word_1_888' title='bbox 2992 4664 3061 4718; x_wconf 88' lang='lat' dir='ltr'><strong>ab</strong></span> <span class='ocrx_word' id='word_1_889' title='bbox 3080 4664 3596 4733; x_wconf 88' lang='lat' dir='ltr'><strong>ipsoilluminabitur</strong></span> <span class='ocrx_word' id='word_1_890' title='bbox 3609 4668 3746 4723; x_wconf 87' lang='lat' dir='ltr'><strong>Deo.</strong></span> 
     </span>
    </p>
   </div>
   <div class='ocr_carea' id='block_1_112' title="bbox 2158 4748 3753 4825">
    <p class='ocr_par' dir='ltr' id='par_1_112' title="bbox 2158 4748 3753 4825">
     <span class='ocr_line' id='line_1_113' title="bbox 2158 4748 3753 4825; baseline 0.009 -24"><span class='ocrx_word' id='word_1_891' title='bbox 2158 4748 2411 4804; x_wconf 84' lang='lat' dir='ltr'><strong>Minuitur</strong></span> <span class='ocrx_word' id='word_1_892' title='bbox 2435 4750 2456 4782; x_wconf 87' lang='grc'><em>³</em></span> <span class='ocrx_word' id='word_1_893' title='bbox 2478 4761 2654 4807; x_wconf 88' lang='lat' dir='ltr'><strong>autem</strong></span> <span class='ocrx_word' id='word_1_894' title='bbox 2680 4754 2940 4825; x_wconf 88' lang='lat' dir='ltr'><strong>cupiditas</strong></span> <span class='ocrx_word' id='word_1_895' title='bbox 2966 4756 3223 4813; x_wconf 85' lang='lat' dir='ltr'><strong>cbaritate</strong></span> <span class='ocrx_word' id='word_1_896' title='bbox 3252 4769 3544 4825; x_wconf 89' lang='lat' dir='ltr'><strong>crescente,</strong></span> <span class='ocrx_word' id='word_1_897' title='bbox 3572 4760 3753 4817; x_wconf 89' lang='lat' dir='ltr'><strong>donec</strong></span> 
     </span>
    </p>
   </div>
   <div class='ocr_carea' id='block_1_113' title="bbox 2159 4840 3752 4921">
    <p class='ocr_par' dir='ltr' id='par_1_113' title="bbox 2159 4840 3752 4921">
     <span class='ocr_line' id='line_1_114' title="bbox 2159 4840 3752 4921; baseline 0.011 -31"><span class='ocrx_word' id='word_1_898' title='bbox 2159 4841 2336 4895; x_wconf 79' lang='lat' dir='ltr'><strong>veniat</strong></span> <span class='ocrx_word' id='word_1_899' title='bbox 2364 4841 2449 4897; x_wconf 91' lang='lat' dir='ltr'><strong>hic</strong></span> <span class='ocrx_word' id='word_1_900' title='bbox 2472 4840 2494 4874; x_wconf 72' lang='grc'><strong>⁸</strong></span> <span class='ocrx_word' id='word_1_901' title='bbox 2522 4844 2587 4897; x_wconf 90' lang='lat' dir='ltr'><strong>ad</strong></span> <span class='ocrx_word' id='word_1_902' title='bbox 2610 4853 2808 4900; x_wconf 90' lang='lat' dir='ltr'><strong>tantam</strong></span> <span class='ocrx_word' id='word_1_903' title='bbox 2834 4848 3273 4918; x_wconf 88' lang='lat' dir='ltr'><strong>magnitudinem,</strong></span> <span class='ocrx_word' id='word_1_904' title='bbox 3308 4866 3404 4920; x_wconf 85' lang='lat' dir='ltr'><strong>qua</strong></span> <span class='ocrx_word' id='word_1_905' title='bbox 3434 4851 3603 4921; x_wconf 84' lang='lat' dir='ltr'><strong>majnr</strong></span> <span class='ocrx_word' id='word_1_906' title='bbox 3624 4868 3752 4908; x_wconf 90' lang='lat' dir='ltr'><strong>esse</strong></span> 
     </span>
    </p>
   </div>
   <div class='ocr_carea' id='block_1_114' title="bbox 2160 4932 3747 5010">
    <p class='ocr_par' dir='ltr' id='par_1_114' title="bbox 2160 4932 3747 5010">
     <span class='ocr_line' id='line_1_115' title="bbox 2160 4932 3747 5010; baseline 0.008 -26"><span class='ocrx_word' id='word_1_907' title='bbox 2160 4946 2262 4984; x_wconf 86' lang='lat' dir='ltr'><strong>non</strong></span> <span class='ocrx_word' id='word_1_908' title='bbox 2314 4932 2525 5002; x_wconf 88' lang='lat' dir='ltr'><strong>possit:</strong></span> <span class='ocrx_word' id='word_1_909' title='bbox 2562 4933 2812 5006; x_wconf 79' lang='lat' dir='ltr'><strong>Majorem</strong></span> <span class='ocrx_word' id='word_1_910' title='bbox 2845 4938 2976 4989; x_wconf 88' lang='lat' dir='ltr'><strong>enim</strong></span> <span class='ocrx_word' id='word_1_911' title='bbox 3022 4938 3317 4994; x_wconf 87' lang='lat' dir='ltr'><strong>charitatem</strong></span> <span class='ocrx_word' id='word_1_912' title='bbox 3364 4948 3510 4995; x_wconf 77' lang='lat' dir='ltr'><strong>nemo</strong></span> <span class='ocrx_word' id='word_1_913' title='bbox 3556 4943 3747 5010; x_wconf 85' lang='lat' dir='ltr'><strong>habet,</strong></span> 
     </span>
    </p>
   </div>
   <div class='ocr_carea' id='block_1_115' title="bbox 2156 5026 3743 5104">
    <p class='ocr_par' dir='ltr' id='par_1_115' title="bbox 2156 5026 3743 5104">
     <span class='ocr_line' id='line_1_116' title="bbox 2156 5026 3743 5104; baseline 0.008 -28"><span class='ocrx_word' id='word_1_914' title='bbox 2156 5039 2309 5093; x_wconf 81' lang='lat' dir='ltr'><strong>quam</strong></span> <span class='ocrx_word' id='word_1_915' title='bbox 2329 5034 2384 5079; x_wconf 88' lang='lat' dir='ltr'><strong>ut</strong></span> <span class='ocrx_word' id='word_1_916' title='bbox 2406 5026 2629 5079; x_wconf 88' lang='lat' dir='ltr'><strong>animam</strong></span> <span class='ocrx_word' id='word_1_917' title='bbox 2650 5044 2793 5082; x_wconf 87' lang='lat' dir='ltr'><strong>suam</strong></span> <span class='ocrx_word' id='word_1_918' title='bbox 2810 5029 2921 5098; x_wconf 85' lang='lat' dir='ltr'><strong>quis</strong></span> <span class='ocrx_word' id='word_1_919' title='bbox 2942 5040 3098 5101; x_wconf 86' lang='lat' dir='ltr'><strong>ponat</strong></span> <span class='ocrx_word' id='word_1_920' title='bbox 3119 5048 3211 5101; x_wconf 81' lang='lat' dir='ltr'><strong>pro</strong></span> <span class='ocrx_word' id='word_1_921' title='bbox 3231 5033 3406 5086; x_wconf 86' lang='lat' dir='ltr'><strong>amicis</strong></span> <span class='ocrx_word' id='word_1_922' title='bbox 3429 5035 3536 5088; x_wconf 88' lang='lat' dir='ltr'><strong>suis</strong></span> <span class='ocrx_word' id='word_1_923' title='bbox 3558 5032 3743 5104; x_wconf 82' lang='lat' dir='ltr'><strong>(Joan.</strong></span> 
     </span>
    </p>
   </div>
   <div class='ocr_carea' id='block_1_116' title="bbox 2157 5116 3720 5193">
    <p class='ocr_par' dir='ltr' id='par_1_116' title="bbox 2157 5116 3720 5193">
     <span class='ocr_line' id='line_1_117' title="bbox 2157 5116 3720 5193; baseline 0.008 -25"><span class='ocrx_word' id='word_1_924' title='bbox 2157 5130 2244 5181; x_wconf 79' lang='lat' dir='ltr'><strong>xv,</strong></span> <span class='ocrx_word' id='word_1_925' title='bbox 2269 5116 2382 5187; x_wconf 77' lang='grc'><strong>15).</strong></span> <span class='ocrx_word' id='word_1_926' title='bbox 2416 5116 2491 5171; x_wconf 86' lang='lat' dir='ltr'><strong>[hi</strong></span> <span class='ocrx_word' id='word_1_927' title='bbox 2520 5125 2695 5173; x_wconf 86' lang='lat' dir='ltr'><strong>autem</strong></span> <span class='ocrx_word' id='word_1_928' title='bbox 2724 5120 2843 5189; x_wconf 91' lang='lat' dir='ltr'><strong>quis</strong></span> <span class='ocrx_word' id='word_1_929' title='bbox 2871 5122 3101 5191; x_wconf 72' lang='lat' dir='ltr'><strong>explicet</strong></span> <span class='ocrx_word' id='word_1_930' title='bbox 3130 5134 3326 5193; x_wconf 90' lang='lat' dir='ltr'><strong>quanta</strong></span> <span class='ocrx_word' id='word_1_931' title='bbox 3353 5124 3587 5179; x_wconf 87' lang='lat' dir='ltr'><strong>charitas</strong></span> <span class='ocrx_word' id='word_1_932' title='bbox 3613 5125 3720 5181; x_wconf 82' lang='lat' dir='ltr'><strong>erit</strong></span> 
     </span>
    </p>
   </div>
   <div class='ocr_carea' id='block_1_117' title="bbox 2220 5289 3744 5362">
    <p class='ocr_par' dir='ltr' id='par_1_117' title="bbox 2220 5289 3744 5362">
     <span class='ocr_line' id='line_1_118' title="bbox 2220 5289 3744 5362; baseline 0.009 -24"><span class='ocrx_word' id='word_1_933' title='bbox 2220 5289 2409 5362; x_wconf 44' lang='lat' dir='ltr'><strong>ﬁnditi,</strong></span> <span class='ocrx_word' id='word_1_934' title='bbox 2432 5290 2692 5362; x_wconf 65' lang='lat' dir='ltr'><strong>sectandum</strong></span> <span class='ocrx_word' id='word_1_935' title='bbox 2718 5289 3146 5362; x_wconf 80' lang='lat' dir='ltr'><strong>illam_servitutem</strong></span> <span class='ocrx_word' id='word_1_936' title='bbox 3166 5296 3255 5348; x_wconf 87' lang='lat' dir='ltr'><strong>sub</strong></span> <span class='ocrx_word' id='word_1_937' title='bbox 3273 5298 3377 5362; x_wconf 79' lang='lat' dir='ltr'><strong>tege</strong></span> <span class='ocrx_word' id='word_1_938' title='bbox 3399 5311 3500 5350; x_wconf 85' lang='lat' dir='ltr'><strong>esse</strong></span> <span class='ocrx_word' id='word_1_939' title='bbox 3525 5312 3618 5350; x_wconf 82' lang='lat' dir='ltr'><strong>non</strong></span> <span class='ocrx_word' id='word_1_940' title='bbox 3654 5311 3744 5349; x_wconf 51' lang='grc' dir='ltr'><strong>ηοω</strong></span> 
     </span>
    </p>
   </div>
   <div class='ocr_carea' id='block_1_118' title="bbox 2156 5349 3745 5424">
    <p class='ocr_par' dir='ltr' id='par_1_118' title="bbox 2156 5349 3745 5424">
     <span class='ocr_line' id='line_1_119' title="bbox 2156 5349 3745 5424; baseline 0.008 -24"><span class='ocrx_word' id='word_1_941' title='bbox 2156 5349 2336 5424; x_wconf 79' lang='lat' dir='ltr'><strong>t&#39;erint._</strong></span> <span class='ocrx_word' id='word_1_942' title='bbox 2354 5353 2520 5424; x_wconf 73' lang='lat' dir='ltr'><strong>Verius</strong></span> <span class='ocrx_word' id='word_1_943' title='bbox 2543 5359 2668 5413; x_wconf 71' lang='lat' dir='ltr'><strong>Mss,</strong></span> <span class='ocrx_word' id='word_1_944' title='bbox 2689 5354 2986 5424; x_wconf 52' lang='lat' dir='ltr'><strong>sectmdam;</strong></span> <span class='ocrx_word' id='word_1_945' title='bbox 3001 5358 3188 5420; x_wconf 82' lang='lat' dir='ltr'><strong>absque</strong></span> <span class='ocrx_word' id='word_1_946' title='bbox 3207 5349 3391 5424; x_wconf 70' lang='lat' dir='ltr'><strong>verbo,</strong></span> <span class='ocrx_word' id='word_1_947' title='bbox 3556 5370 3745 5424; x_wconf 75' lang='lat' dir='ltr'><strong>Nempe</strong></span> 
     </span>
    </p>
   </div>
   <div class='ocr_carea' id='block_1_119' title="bbox 2155 5412 3743 5485">
    <p class='ocr_par' dir='ltr' id='par_1_119' title="bbox 2155 5412 3743 5485">
     <span class='ocr_line' id='line_1_120' title="bbox 2155 5412 3743 5485; baseline 0.009 -24"><span class='ocrx_word' id='word_1_948' title='bbox 2155 5412 2417 5485; x_wconf 80' lang='lat' dir='ltr'><strong>secundam</strong></span> <span class='ocrx_word' id='word_1_949' title='bbox 2441 5412 2561 5485; x_wconf 71' lang='lat' dir='ltr'><strong>hanc</strong></span> <span class='ocrx_word' id='word_1_950' title='bbox 2582 5412 2795 5485; x_wconf 85' lang='lat' dir='ltr'><strong>appellat</strong></span> <span class='ocrx_word' id='word_1_951' title='bbox 2828 5412 3121 5469; x_wconf 72' lang='lat' dir='ltr'><strong>servitutem</strong></span> <span class='ocrx_word' id='word_1_952' title='bbox 3146 5421 3238 5470; x_wconf 88' lang='lat' dir='ltr'><strong>sub</strong></span> <span class='ocrx_word' id='word_1_953' title='bbox 3260 5412 3406 5485; x_wconf 57' lang='lat' dir='ltr'><strong>lege&#39;,</strong></span> <span class='ocrx_word' id='word_1_954' title='bbox 3432 5436 3579 5485; x_wconf 78' lang='lat' dir='ltr'><strong>quam</strong></span> <span class='ocrx_word' id='word_1_955' title='bbox 3610 5412 3743 5485; x_wconf 51' lang='lat' dir='ltr'><strong>pri}?</strong></span> 
     </span>
    </p>
   </div>
   <div class='ocr_carea' id='block_1_120' title="bbox 2155 5474 2887 5539">
    <p class='ocr_par' dir='ltr' id='par_1_120' title="bbox 2155 5474 2887 5539">
     <span class='ocr_line' id='line_1_121' title="bbox 2155 5474 2887 5539; baseline 0.005 -15"><span class='ocrx_word' id='word_1_956' title='bbox 2155 5474 2304 5539; x_wconf 83' lang='lat' dir='ltr'><strong>cessit</strong></span> <span class='ocrx_word' id='word_1_957' title='bbox 2322 5474 2536 5524; x_wconf 80' lang='lat' dir='ltr'><strong>servitus</strong></span> <span class='ocrx_word' id='word_1_958' title='bbox 2557 5474 2657 5525; x_wconf 78' lang='lat' dir='ltr'><strong>sub</strong></span> <span class='ocrx_word' id='word_1_959' title='bbox 2672 5487 2887 5539; x_wconf 86' lang='lat' dir='ltr'><strong>peccato.</strong></span> 
     </span>
    </p>
   </div>
   <div class='ocr_carea' id='block_1_121' title="bbox 2218 5538 2730 5593">
    <p class='ocr_par' dir='ltr' id='par_1_121' title="bbox 2218 5538 2730 5593">
     <span class='ocr_line' id='line_1_122' title="bbox 2218 5538 2730 5593; baseline 0.012 -11"><span class='ocrx_word' id='word_1_960' title='bbox 2218 5538 2238 5568; x_wconf 80' lang='grc'>¹</span> <span class='ocrx_word' id='word_1_961' title='bbox 2272 5542 2319 5583; x_wconf 89' lang='lat' dir='ltr'><strong>tn</strong></span> <span class='ocrx_word' id='word_1_962' title='bbox 2341 5542 2468 5593; x_wconf 68' lang='lat' dir='ltr'><strong>uss,</strong></span> <span class='ocrx_word' id='word_1_963' title='bbox 2492 5538 2730 5589; x_wconf 76' lang='lat' dir='ltr'><strong>venentur.</strong></span> 
     </span>
    </p>
   </div>
   <div class='ocr_carea' id='block_1_122' title="bbox 2220 5596 3605 5664">
    <p class='ocr_par' dir='ltr' id='par_1_122' title="bbox 2220 5596 3605 5664">
     <span class='ocr_line' id='line_1_123' title="bbox 2220 5596 3605 5664; baseline 0.009 -20"><span class='ocrx_word' id='word_1_964' title='bbox 2220 5598 2240 5664; x_wconf 56' lang='grc' dir='ltr'><em>ξ</em></span> <span class='ocrx_word' id='word_1_965' title='bbox 2274 5604 2379 5645; x_wconf 79' lang='lat' dir='ltr'><strong>I.ov.</strong></span> <span class='ocrx_word' id='word_1_966' title='bbox 2415 5596 2815 5651; x_wconf 87' lang='lat' dir='ltr'><strong>dissentientibus</strong></span> <span class='ocrx_word' id='word_1_967' title='bbox 2831 5603 2974 5654; x_wconf 85' lang='lat' dir='ltr'><strong>editis</strong></span> <span class='ocrx_word' id='word_1_968' title='bbox 2994 5605 3101 5655; x_wconf 88' lang='lat' dir='ltr'><strong>aliis</strong></span> <span class='ocrx_word' id='word_1_969' title='bbox 3124 5612 3177 5655; x_wconf 88' lang='lat' dir='ltr'><strong>et</strong></span> <span class='ocrx_word' id='word_1_970' title='bbox 3198 5611 3325 5664; x_wconf 77' lang='lat' dir='ltr'><strong>Mss.,</strong></span> <span class='ocrx_word' id='word_1_971' title='bbox 3349 5607 3605 5658; x_wconf 84' lang='lat' dir='ltr'><strong>minuetur.</strong></span> 
     </span>
    </p>
   </div>
   <div class='ocr_carea' id='block_1_123' title="bbox 2218 5659 3745 5731">
    <p class='ocr_par' dir='ltr' id='par_1_123' title="bbox 2218 5659 3745 5731">
     <span class='ocr_line' id='line_1_124' title="bbox 2218 5659 3745 5731; baseline 0.009 -25"><span class='ocrx_word' id='word_1_972' title='bbox 2218 5659 2239 5691; x_wconf 71' lang='grc' dir='ltr'><strong>ἰ</strong></span> <span class='ocrx_word' id='word_1_973' title='bbox 2272 5666 2756 5731; x_wconf 69' lang='lat' dir='ltr'><strong>Unusaertnaueusis</strong></span> <span class='ocrx_word' id='word_1_974' title='bbox 2791 5671 2871 5731; x_wconf 61' lang='lat' dir='ltr'><strong>his.</strong></span> <span class='ocrx_word' id='word_1_975' title='bbox 2896 5668 3098 5725; x_wconf 85' lang='lat' dir='ltr'><strong>omittit,</strong></span> <span class='ocrx_word' id='word_1_976' title='bbox 3123 5667 3237 5731; x_wconf 88' lang='lat' dir='ltr'><strong>hic;</strong></span> <span class='ocrx_word' id='word_1_977' title='bbox 3462 5668 3745 5731; x_wconf 66' lang='lat' dir='ltr'><strong>particulam</strong></span> 
     </span>
    </p>
   </div>
   <div class='ocr_carea' id='block_1_124' title="bbox 2156 5722 3742 5795">
    <p class='ocr_par' dir='ltr' id='par_1_124' title="bbox 2156 5722 3742 5795">
     <span class='ocr_line' id='line_1_125' title="bbox 2156 5722 3742 5795; baseline 0.009 -26"><span class='ocrx_word' id='word_1_978' title='bbox 2156 5723 2259 5795; x_wconf 58' lang='lat' dir='ltr'><strong>loco</strong></span> <span class='ocrx_word' id='word_1_979' title='bbox 2283 5723 2431 5795; x_wconf 71' lang='lat' dir='ltr'><strong>movit</strong></span> <span class='ocrx_word' id='word_1_980' title='bbox 2456 5722 2700 5786; x_wconf 75' lang='lat' dir='ltr'><strong>M&#39;ualdus,</strong></span> <span class='ocrx_word' id='word_1_981' title='bbox 2727 5734 2777 5777; x_wconf 85' lang='lat' dir='ltr'><strong>et</strong></span> <span class='ocrx_word' id='word_1_982' title='bbox 2802 5725 2913 5778; x_wconf 87' lang='lat' dir='ltr'><strong>illuc</strong></span> <span class='ocrx_word' id='word_1_983' title='bbox 2937 5722 3176 5780; x_wconf 75' lang='lat' dir='ltr'><strong>transtulit</strong></span> <span class='ocrx_word' id='word_1_984' title='bbox 3199 5722 3473 5795; x_wconf 48' lang='lat' dir='ltr'><strong>{Majorent&#39;</strong></span> <span class='ocrx_word' id='word_1_985' title='bbox 3501 5732 3579 5782; x_wconf 72' lang='lat' dir='ltr'><strong>hic</strong></span> <span class='ocrx_word' id='word_1_986' title='bbox 3612 5732 3742 5783; x_wconf 63' lang='lat' dir='ltr'><strong>enim</strong></span> 
     </span>
    </p>
   </div>
   <div class='ocr_carea' id='block_1_125' title="bbox 2157 5784 2571 5844">
    <p class='ocr_par' dir='ltr' id='par_1_125' title="bbox 2157 5784 2571 5844">
     <span class='ocr_line' id='line_1_126' title="bbox 2157 5784 2571 5844; baseline 0.005 -11"><span class='ocrx_word' id='word_1_987' title='bbox 2157 5784 2453 5844; x_wconf 69' lang='lat' dir='ltr'><strong>charitatem,</strong></span> <span class='ocrx_word' id='word_1_988' title='bbox 2481 5796 2571 5836; x_wconf 72' lang='lat' dir='ltr'><strong>etc.</strong></span> 
     </span>
    </p>
   </div>
  </div>
