4046 6332
492 388 590 443 291

491 511 766 565 coronam,
798 494 841 552 si
870 495 1173 552 viccrimus.
1202 493 1306 550 Sed
1336 510 1402 549 ne
1427 494 1639 564 longum
1660 494 1731 548 sit
1754 492 1912 547 multa
1934 508 2080 548 com-

491 604 827 653 memorare,
869 587 1009 659 apud
1052 586 1347 656 apostolum
1390 584 1612 639 Paulum
1650 583 2083 639 manifestissime

489 681 724 751 legitur:
755 678 900 750 Opus
926 678 1144 749 perfeci,
1176 692 1377 730 cursum
1404 675 1765 740 consummaui,
1795 674 1945 744 [idem
1971 689 2082 727 ser-

487 772 636 836 uaui;
664 770 782 841 jam
820 777 1048 840 superest
1086 767 1213 820 mihi
1255 782 1441 821 corona
1476 766 1693 837 justititz
1732 766 1809 836 (ll
1841 764 1974 818 Tim.
2005 779 2080 827 Iv,

489 862 543 928 7,
572 861 654 934 8).
684 860 948 917 Debemus
984 874 1111 929 ergo
1151 872 1476 929 cognoscere
1506 858 1626 928 quis
1654 858 1724 913 sit
1752 858 1866 927 ipse
1892 856 2081 911 adver-

489 953 684 1016 sarius,
711 966 868 1022 quem
896 951 939 1005 si
966 950 1249 1005 vicerimus
1271 949 1665 1004 coronabimur.
1691 948 1808 1017 Ipse
1832 954 1916 1001 est
1936 947 2080 1002 enim

490 1059 649 1114 quem
679 1044 935 1098 Dominus
959 1052 1139 1097 noster
1168 1042 1311 1111 prior
1336 1042 1482 1107 vicit,
1513 1050 1569 1096 ut
1594 1040 1752 1095 etiam
1783 1054 1881 1095 nos
1910 1039 1963 1094 in
1990 1039 2083 1093 illo

490 1142 865 1203 permanentes
900 1133 1196 1187 vincamus.
1237 1131 1305 1186 Et
1334 1131 1429 1187 Dei
1467 1130 1680 1202 quidem
1712 1129 1889 1184 Virtus
1922 1136 2081 1200 atque

492 1224 783 1293 Sapientia,
811 1230 865 1278 et
892 1222 1124 1277 Verbum
1156 1236 1250 1291 per
1277 1220 1418 1291 quod
1450 1221 1584 1275 facta
1610 1228 1734 1275 sunt
1762 1218 1960 1285 omnia,
1990 1218 2080 1289 qui

489 1315 658 1371 Filius
685 1315 776 1369 Dei
800 1314 987 1369 unicus
1011 1323 1114 1381 est,
1142 1328 1302 1383 super
1320 1328 1531 1368 omnem
1554 1321 1847 1369 creaturam
1868 1326 2083 1382 semper

489 1404 939 1460 incommutabilis
964 1412 1163 1459 manet.
1196 1404 1265 1459 Et
1288 1405 1537 1474 quoniam
1562 1404 1662 1459 sub
1690 1403 1781 1459 illo
1815 1412 1900 1459 est
1932 1417 2085 1457 crea-

491 1506 610 1553 tura
638 1498 798 1554 etiam
838 1512 959 1568 qua:
998 1512 1104 1552 non
1134 1498 1405 1567 peccavit,
1433 1506 1630 1568 quanto
1667 1496 1836 1567 magis
1864 1495 1963 1551 sub
1990 1495 2082 1550 illo

489 1599 573 1646 est
607 1590 781 1645 omnis
809 1599 1051 1645 creatura
1079 1590 1384 1660 peccatrix?
1409 1590 1554 1660 Ergo.
1579 1590 1830 1660 quoniam
1857 1589 1956 1643 sub
1991 1588 2082 1643 illo

492 1688 620 1735 sunt
656 1694 843 1736 omnes
872 1680 1042 1735 sancti
1071 1680 1258 1750 Angeli
1276 1722 1291 1746 ,
1324 1679 1493 1735 multo
1519 1680 1689 1750 magis
1717 1680 1816 1734 sub
1842 1679 1932 1734 illo
1959 1688 2085 1734 sunt

491 1787 681 1829 omnes
707 1773 1140 1844 praevaricatores
1173 1771 1385 1842 angeli,
1417 1786 1642 1841 quorum
1668 1771 1910 1826 diabolus
1941 1770 2085 1839 prin-

491 1879 621 1935 ceps
639 1872 739 1920 est.
762 1863 866 1921 Sed
885 1864 1007 1934 quia
1031 1871 1273 1919 naturam
1294 1870 1533 1918 nostram
1559 1862 1876 1932 deceperat,
1900 1861 2084 1932 digna-

494 1964 580 2011 tus
607 1964 692 2012 est
718 1955 1019 2026 unigenitus
1051 1954 1144 2010 Dei
1171 1954 1338 2008 Filius
1370 1954 1540 2023 ipsam
1571 1964 1814 2009 naturam
1847 1963 2083 2009 nostram

491 2047 797 2117 suscipere,
838 2054 897 2100 ut
932 2044 1000 2100 de
1031 2045 1143 2116 ipsa
1172 2043 1414 2099 diabolus
1450 2044 1785 2110 vinceretur,
1829 2052 1884 2099 et
1922 2059 2083 2114 quem

492 2150 708 2206 semper
736 2135 852 2205 ipse
878 2135 979 2193 sub
1002 2149 1061 2190 se
1087 2135 1279 2201 habet,
1309 2135 1469 2190 etiam
1499 2136 1599 2190 sub
1626 2135 1779 2190 nobis
1813 2150 1936 2191 eum
1964 2149 2086 2193 esse

493 2226 713 2283 faceret.
740 2226 918 2297 Ipsum
942 2226 1204 2296 signiﬁcat
1221 2224 1407 2281 dicens
1430 2243 1443 2279 :
1475 2224 1718 2295 Princeps
1740 2226 1889 2295 hujus
1909 2226 2086 2280 mundi

493 2318 675 2374 missus
704 2325 774 2372 est
802 2320 942 2390 {oras
974 2316 1154 2390 (Joan.
1180 2331 1277 2383 xu,
1308 2314 1419 2388 3|).
1453 2315 1568 2370 Non
1598 2316 1718 2386 quia
1750 2326 1900 2371 extra
1930 2333 2085 2372 mun-

495 2408 621 2463 dum
661 2409 860 2465 missus
897 2417 1015 2476 est,
1044 2406 1311 2479 quomodo
1345 2406 1559 2478 quidam
1590 2406 1824 2462 hzeretici
1863 2417 2082 2478 putant:

495 2499 593 2554 sed
622 2498 766 2555 foras
793 2498 862 2554 ab
888 2499 1083 2555 animis
1110 2513 1296 2555 eorum
1332 2498 1423 2569 qui
1464 2496 1735 2553 cohaerent
1776 2498 1938 2554 verbo
1968 2499 2082 2566 Dei,

497 2598 554 2646 et
577 2603 683 2645 non
708 2589 928 2661 diligunt
953 2589 1231 2657 mundum,
1263 2587 1415 2658 cujus
1440 2588 1528 2644 ille
1554 2588 1798 2660 princeps
1821 2595 1935 2654 est;
1964 2589 2087 2658 quia

496 2679 801 2737 dominatur
822 2679 905 2736 eis
931 2678 1022 2750 qui
1050 2679 1275 2750 diligunt
1304 2679 1615 2751 temporalia
1640 2679 1806 2745 bona,
1837 2693 1956 2749 quae
1985 2678 2089 2734 hoc

501 2771 702 2828 mundo
728 2771 921 2827 visibili
964 2771 1346 2826 continentur:
1378 2787 1483 2826 non
1526 2771 1649 2841 quia
1690 2771 1803 2840 ipse
1842 2770 2088 2826 dominus

499 2870 585 2918 est
609 2861 766 2932 hujus
790 2860 992 2927 mundi,
1018 2860 1111 2916 sed
1134 2861 1378 2931 princeps
1401 2862 1745 2931 cupiditatum
1767 2877 1950 2917 earum
1972 2863 2089 2933 qui-

502 2951 604 3007 bus
622 2951 1014 3021 concupiscitur
1038 2965 1195 3005 omne
1220 2950 1361 3021 quod
1388 2951 1608 3014 transit;
1635 2960 1691 3006 ut
1709 2953 1757 3007 ei
1778 2952 2091 3022 subjaceant

503 3044 593 3114 qtti
621 3042 889 3113 negligunt
911 3051 1172 3098 aeternum
1200 3043 1385 3109 Deum,
1419 3054 1474 3098 et
1497 3043 1722 3113 diligunt
1750 3045 2011 3099 instabilia
2036 3054 2091 3101 et

504 3132 797 3185 mutabilia.
821 3131 995 3187 Radix
1015 3133 1147 3186 enim
1174 3142 1245 3187 est
1271 3133 1497 3187 onmium
1523 3133 1773 3187 malorum
1800 3135 2088 3206 cupiditas;

502 3237 655 3290 quam
680 3222 887 3293 quidam
916 3231 1205 3295 appetentes
1223 3264 1239 3289 ,
1268 3240 1299 3277 a
1322 3225 1424 3293 ﬁde
1451 3234 1759 3291 erraverunt,
1794 3235 1840 3280 et
1867 3226 2093 3281 inserue-

505 3323 621 3367 runt
649 3330 703 3369 se
726 3312 982 3368 doloribus
1012 3313 1183 3370 multis
1215 3316 1258 3389 (l
1276 3315 1417 3370 Tim.
1442 3332 1518 3382 vt,
1554 3317 1663 3388 l0).
1700 3318 1803 3373 Per
1836 3318 1971 3374 hanc
1999 3334 2092 3375 cu-

507 3404 780 3475 piditatem
803 3415 988 3477 regnat
1009 3407 1059 3460 in
1085 3406 1299 3463 homine
1319 3407 1580 3475 diabolus,
1603 3417 1658 3465 et
1675 3423 1769 3465 cor
1787 3410 1901 3481 ejus
1924 3418 2088 3466 tenet.

506 3494 662 3549 Tales
689 3504 812 3550 sunt
837 3511 1023 3551 omnes
1052 3498 1142 3567 qui
1176 3498 1400 3568 diligunt
1426 3499 1582 3553 istum
1614 3501 1889 3556 mundum.
1932 3502 2093 3558 Mitti-

507 3596 591 3641 tur
619 3596 795 3643 autem
825 3587 1069 3643 diabolus
1104 3588 1280 3654 foras,
1310 3590 1523 3659 quando
1551 3605 1618 3646 ex
1657 3599 1768 3646 toto
1804 3594 1966 3649 corde
2002 3610 2090 3650 re-

507 3680 778 3733 nuntiatur
804 3679 926 3734 huic
956 3680 1173 3749 mundo.
1205 3680 1293 3736 Sic
1320 3683 1462 3736 enim
1497 3684 1830 3739 renuntiatur
1856 3685 2089 3755 diabolo,

507 3770 594 3838 qui
624 3771 869 3840 princeps
895 3780 976 3825 est
1005 3770 1160 3840 hujus
1189 3772 1406 3838 mundi,
1445 3788 1566 3829 cum
1605 3777 1940 3832 renuntiatur
1974 3794 2094 3833 cor-

508 3861 731 3930 ruptelis
749 3902 765 3927 ,
793 3870 846 3916 et
865 3862 1075 3932 pompis
1093 3903 1107 3926 ,
1139 3870 1194 3917 et
1216 3864 1421 3934 angelis
1445 3864 1579 3934 ejus.
1608 3865 1835 3935 Ideoque
1857 3868 1969 3937 ipse
1992 3868 2095 3923 Do-

509 3953 683 4006 minus
704 3952 814 4021 jam
842 3951 1255 4021 triumphantem
1296 3964 1537 4009 naturam
1580 3955 1808 4013 hominis
1850 3968 2090 4029 portans,

509 4044 716 4107 Scitote,
749 4044 937 4114 inquit,
973 4045 1089 4113 quia
1114 4061 1202 4116 ego
1231 4046 1326 4099 vici
1353 4048 1595 4099 mundum
1626 4047 1804 4116 (Joan.
1836 4065 1947 4117 xvr,
1974 4050 2091 4124 55).

578 4132 807 4189 CAPUT
838 4132 900 4187 ll.
928 4163 999 4174 —
1021 4133 1075 4187 Ξ.
1115 4134 1376 4202 Quomodo
1413 4137 1625 4190 uincitur
1663 4138 1912 4193 diabolus.
1968 4140 2094 4197 Vin-

507 4233 690 4279 cuntur
714 4223 985 4278 invisibiles
1021 4234 1318 4295 potestates,
1362 4226 1449 4279 ubi
1482 4228 1750 4282 vincuntur
1771 4230 2093 4299 cupiditates.

508 4315 657 4371 Multi
683 4325 860 4371 autem
886 4315 1072 4370 dicunt
1101 4334 1114 4369 :
1144 4316 1424 4383 Quomodo
1446 4333 1725 4388 possumus
1752 4321 1965 4376 vincere
1986 4321 2098 4377 dia-

508 4408 692 4464 bolum
721 4424 878 4479 quem
906 4424 1009 4463 non
1037 4408 1317 4465 videmus?
1343 4410 1450 4468 Sed
1478 4410 1734 4466 habemus
1763 4412 2094 4483 magistrum,

509 4500 599 4570 qui
644 4500 797 4555 nobis
834 4499 1203 4555 demonstrare
1230 4501 1476 4570 dignatus
1505 4510 1588 4556 est
1615 4502 1880 4571 quomodo
1906 4503 2095 4559 invisi-

509 4590 644 4645 biles
685 4590 865 4644 hostes
896 4589 1193 4644 vincantur.
1233 4591 1308 4644 De
1337 4591 1427 4644 illo
1454 4592 1597 4645 enim
1625 4590 1751 4647 dicit
1773 4593 2093 4662 Apostolus:

511 4682 720 4737 Exnens
750 4699 804 4736 se
828 4698 1011 4747 carne,
1045 4682 1355 4752 principatus
1386 4692 1434 4735 et
1469 4692 1733 4753 potestates
1771 4685 2094 4755 exernplavit,

515 4774 820 4843 ﬁducialiter
846 4771 1161 4841 triumphans
1181 4788 1263 4825 eos
1289 4772 1339 4825 in
1365 4774 1625 4843 semetipso
1653 4773 1868 4845 (Coloss.
1893 4791 1951 4842 ιι,
1984 4775 2093 4847 15).

514 4866 587 4920 lbi
613 4881 738 4935 ergo
760 4865 1040 4918 vincuntur
1058 4864 1283 4919 inimica:
1303 4863 1455 4918 nobis
1477 4864 1766 4918 invisibiles
1787 4875 2093 4933 potestates,

513 4957 604 5012 ubi
634 4958 914 5011 vincuntur
943 4956 1235 5011 invisibiles
1260 4955 1575 5025 cupiditates
1602 4971 1615 5008 :
1644 4966 1697 5010 et
1732 4955 1852 5010 ideo
1886 4958 2007 5025 quia
2044 4958 2097 5012 in

512 5048 666 5103 nobis
706 5048 835 5119 ipsis
862 5047 1124 5101 vincimus
1154 5046 1519 5115 temporalium
1554 5060 1727 5101 rerum
1761 5045 2095 5117 cupiditates,

512 5154 733 5195 necesse
760 5148 842 5194 est
861 5147 917 5192 ut
937 5139 992 5192 in
1015 5138 1167 5192 nobis
1194 5137 1320 5206 ipsis
1346 5137 1619 5192 vincamus
1645 5146 1699 5192 et
1724 5137 1869 5191 illum
1896 5138 1982 5206 qui
2005 5152 2099 5207 per

512 5231 657 5300 ipsas
684 5229 1002 5300 cupiditates
1032 5236 1218 5299 regnat
1247 5228 1302 5282 in
1328 5228 1561 5282 homine.
1592 5227 1814 5295 Quando
1840 5228 1981 5283 enim
2012 5227 2097 5283 dio

514 5331 657 5377 ctum
704 5334 787 5377 est
829 5322 1077 5389 diabolo,
1119 5320 1326 5375 Terram
1368 5320 1735 5385 mandueabis;
1774 5319 1972 5373 dictum
2017 5329 2101 5374 est

517 5412 803 5482 peccatori,
833 5412 993 5466 Terra
1020 5429 1089 5476 es,
1120 5422 1164 5466 et
1189 5413 1240 5465 in
1267 5421 1449 5465 terram
1473 5410 1565 5463 ibis
1593 5409 1745 5481 (Gen.
1769 5426 1845 5477 Ill,
1873 5410 1958 5476 l4,
1984 5410 2097 5480 l9).

517 5503 681 5557 Datus
702 5510 784 5558 est
803 5517 932 5573 ergo
953 5504 1002 5556 in
1027 5504 1201 5557 cibum
1224 5501 1433 5556 diabolo
1460 5509 1707 5570 peccatur
1731 5501 1768 5555 ί.
1794 5500 1908 5557 Νοιι
1934 5501 2101 5556 simus

520 5604 689 5656 terra,
719 5594 763 5648 si
795 5595 1039 5648 nolumus
1081 5593 1382 5648 manducari
1413 5608 1444 5647 a
1480 5602 1748 5663 serpente.
1777 5592 1924 5647 Sicut
1956 5591 2097 5646 enim

518 5689 656 5758 quod
702 5688 1115 5753 manducamus,
1153 5688 1205 5742 in
1231 5698 1469 5744 nostrum
1500 5704 1692 5759 corpus
1719 5685 2096 5752 convertimus,

583 5801 599 5832 ¹
638 5797 859 5863 Plerique
883 5808 1009 5859 .\tss.,
1029 5798 1224 5849 diaboli.

1462 383 1547 436 DE
1586 380 1814 437 AGONE
1851 380 2285 450 CliliiSTlANO,
2317 381 2377 439 S.
2418 383 2787 442 AUGUSTINI

3658 392 3764 448 29?.

2190 503 2247 547 ut
2286 494 2433 549 cibus
2474 496 2588 565 ipse
2624 496 2913 553 secundum
2952 513 3147 570 corpus
3188 501 3287 556 hoc
3326 499 3585 558 efﬁciatur
3620 505 3761 575 quod

2187 601 2284 641 nos
2308 602 2495 644 sumus
2524 606 2536 641 :
2565 589 2643 643 sic
2683 589 2835 644 malis
2872 590 3108 646 moribus
3141 608 3235 661 per
3269 594 3559 663 nequitiam
3589 602 3642 649 et
3668 610 3761 649 su-

2186 679 2421 748 perbiam
2469 689 2524 735 et
2571 681 2894 750 impietatem
2941 682 3044 738 hoc
3088 682 3315 739 efﬁcitur
3360 686 3580 756 quisque
3619 688 3758 758 quod

2186 769 2459 837 diabolus,
2490 770 2543 826 id
2572 780 2686 838 est,
2716 772 2908 827 similis
2935 772 3086 844 ejus;
3116 784 3170 829 et
3206 774 3484 845 subjicitur
3511 776 3595 843 ei,
3625 778 3763 832 sicut

2186 862 2478 931 subjectum
2508 872 2589 917 est
2614 864 2769 919 nobis
2791 879 2987 935 corpus
3013 874 3275 921 nostrum.
3302 866 3373 922 Et
3395 867 3496 922 hoc
3518 877 3603 924 est
3622 869 3766 939 quod

2186 950 2407 1019 dicitur,
2439 954 2745 1010 manducari
2770 971 2800 1009 a
2824 965 3093 1027 serpente.
3125 958 3375 1028 Quisquis
3409 960 3585 1031 itaque
3615 961 3767 1017 timet

2187 1042 2335 1097 illum
2371 1045 2546 1115 ignem
2591 1047 2679 1116 qui
2721 1055 2940 1118 paratus
2977 1058 3060 1103 est
3092 1049 3305 1104 diabolo
3338 1059 3392 1105 et
3419 1051 3617 1120 angelis
3648 1052 3765 1122 ejus

2191 1131 2399 1203 (Matth,
2436 1150 2563 1202 xxv,
2592 1137 2683 1207 41)
2704 1179 2719 1203 ,
2749 1137 2841 1193 det
2877 1152 3094 1208 operam
3136 1138 3463 1210 triumphare
3490 1140 3559 1196 de
3591 1141 3682 1195 illo
3712 1143 3767 1196 in

2185 1224 2492 1294 semetipso.
2522 1227 2628 1282 Eos
2653 1226 2794 1282 enim
2824 1230 2912 1297 qui
2947 1227 3077 1285 foris
3113 1244 3210 1284 nos
3247 1239 3583 1301 oppugnant,
3621 1231 3767 1285 intus

2184 1316 2481 1385 vincimus,
2524 1318 2785 1374 vincendo
2827 1321 3286 1391 concupiscentias
3326 1336 3422 1391 per
3451 1336 3582 1392 quas
3612 1322 3767 1376 nobis

2185 1404 2545 1463 dominantur.
2585 1407 2653 1463 Et
2690 1423 2823 1479 quos
2861 1408 3160 1466 invenerint
3197 1411 3278 1466 sui
3317 1410 3551 1478 similes,
3581 1426 3764 1468 secum

2184 1495 2252 1550 ad
2278 1511 2463 1566 pmnas
2489 1498 2725 1553 trahunt.

2256 1588 2484 1645 CAPUT
2526 1590 2613 1644 lll.
2649 1620 2719 1631 —
2753 1592 2805 1646 5.
2842 1589 3110 1646 Daemones
3135 1593 3384 1658 quomodo
3408 1594 3460 1648 in
3485 1594 3765 1649 caelestibus

2184 1688 2335 1746 sunt,
2379 1688 2427 1734 et
2467 1689 2683 1736 rectores
2723 1680 3055 1735 tenebrarum.
3099 1681 3188 1737 Sic
3219 1692 3272 1737 et
3300 1683 3583 1752 Apostolus
3611 1684 3765 1751 dicit,

2186 1770 2328 1840 quod
2357 1770 2409 1825 in
2436 1772 2722 1842 semetipso
2760 1780 2958 1842 pugnat
2992 1771 3246 1828 adversus
3283 1781 3572 1842 potestates
3607 1782 3766 1828 exte-

2186 1861 2375 1916 riores.
2406 1861 2496 1915 Ait
2521 1861 2665 1916 enim
2698 1880 2711 1913 :
2745 1860 2867 1916 Non
2903 1870 2975 1916 est
3014 1861 3154 1917 nobis
3195 1863 3479 1917 colluctatio
3520 1862 3771 1917 adversus

2186 1967 2387 2007 carnem
2417 1961 2464 2008 et
2487 1953 2799 2024 sanguinem,
2828 1954 2917 2008 sed
2940 1954 3178 2009 adversus
3205 1955 3452 2026 principes
3477 1963 3523 2009 et
3544 1964 3768 2022 potesta-

2187 2052 2258 2098 tes
2287 2043 2437 2115 hujus
2464 2044 2669 2111 mundi,
2696 2055 2909 2100 rectores
2938 2045 3119 2099 harum
3148 2045 3457 2099 tenebrarum
3475 2087 3490 2111 ,
3521 2046 3769 2100 adversus

2186 2134 2470 2206 spiritualia
2497 2136 2734 2206 nequitia:
2758 2138 2810 2190 in
2837 2136 3114 2191 ctelestibus
3153 2136 3365 2207 (Ephes.
3393 2152 3478 2203 vt,
3505 2135 3615 2207 12).
3645 2134 3769 2192 Cte—

2189 2227 2298 2281 lum
2336 2228 2478 2282 enim
2517 2227 2709 2283 dicitur
2750 2238 2803 2283 et
2845 2230 2945 2284 iste
2984 2244 3105 2295 aer,
3145 2228 3235 2283 ubi
3273 2228 3414 2283 venti
3442 2236 3496 2283 et
3519 2229 3686 2284 nubes
3710 2237 3768 2284 et

2189 2319 2435 2390 procella:
2460 2327 2515 2374 et
2538 2318 2776 2375 turbines
2798 2320 2965 2384 ﬁunt;
2992 2320 3128 2375 sicut
3154 2318 3311 2374 etiam
3338 2317 3607 2388 Scriptura
3638 2318 3769 2373 dicit

2188 2410 2371 2466 multis
2393 2409 2525 2466 locis
2543 2451 2559 2477 ,
2585 2409 2654 2465 Et
2680 2409 2895 2464 intonuit
2923 2411 2986 2463 de
3013 2409 3137 2463 caelo
3164 2407 3412 2464 Dominus
3440 2407 3610 2478 (Psal.
3631 2424 3765 2477 xvtt,

2190 2500 2317 2575 14);
2355 2511 2442 2570 et,
2477 2519 2594 2557 aves
2633 2502 2746 2557 caeli
2775 2501 2942 2573 (Psal.
2976 2516 3103 2567 vm,
3132 2499 3226 2573 9);
3266 2509 3354 2567 et,
3394 2499 3618 2555 volatilia
3654 2500 3770 2553 cali

2192 2592 2401 2664 (Matth.
2424 2608 2499 2660 vr,
2522 2591 2652 2664 26);
2680 2607 2801 2647 cum
2831 2592 3168 2647 manifestum
3194 2591 3263 2646 sit
3285 2606 3409 2646 aves
3439 2592 3491 2645 in
3519 2605 3641 2646 aere
3670 2604 3767 2645 vo-

2191 2683 2324 2739 lare.
2356 2684 2425 2739 Et
2461 2699 2560 2740 nos
2596 2685 2651 2738 in
2679 2684 3060 2739 consuetudine
3086 2682 3227 2738 hunc
3249 2698 3428 2739 aerem
3457 2682 3647 2738 cmlum
3674 2695 3775 2750 ap—

2192 2774 2451 2842 pellamus
2477 2789 2492 2827 :
2528 2787 2651 2827 nam
2675 2787 2798 2827 cum
2826 2772 2895 2827 de
2920 2786 3111 2828 sereno
3137 2772 3223 2827 vel
3249 2772 3429 2827 nubilo
3460 2771 3769 2841 quaerimus,

2190 2862 2478 2933 aliquando
2506 2862 2763 2929 dicimus,
2789 2863 2969 2931 Qualis
2995 2871 3075 2917 est
3104 2861 3236 2917 aer?
3260 2861 3541 2933 aliquando
3557 2903 3571 2929 ,
3602 2861 3773 2927 Quale

2189 2962 2273 3009 est
2296 2951 2535 3009 caelum?
2559 2953 2671 3009 Hoc
2698 2953 2841 3020 dixi,
2878 2969 2946 3009 ne
2979 2953 3098 3023 quis
3126 2952 3392 3007 existimet
3425 2952 3495 3007 ibi
3530 2951 3774 3006 habitare

2191 3044 2331 3100 mala
2357 3044 2618 3100 dtemonia
2637 3086 2653 3112 ,
2685 3045 2775 3100 ubi
2802 3044 2970 3100 solem
2998 3053 3052 3100 et
3079 3045 3257 3099 lunam
3294 3044 3473 3099 stellas
3510 3044 3649 3099 Deus
3681 3058 3775 3098 or-

2191 3134 2411 3191 dinavit.
2444 3135 2576 3203 Quae
2602 3134 2743 3190 mala
2776 3134 3038 3190 dazmonia
3074 3134 3195 3190 ideo
3223 3134 3506 3204 Apostolus
3538 3132 3776 3203 appellat

2192 3228 2507 3300 spiritualia,
2530 3229 2651 3299 quia
2672 3228 2829 3284 etiam
2852 3227 2976 3283 mali
2996 3226 3172 3298 angeli
3199 3227 3251 3282 in
3274 3226 3557 3296 Scripturis
3574 3225 3775 3280 divinis

2192 3318 2415 3388 spiritus
2432 3318 2784 3389 appellantur.
2809 3316 2931 3372 Ideo
2954 3326 3132 3372 autem
3156 3324 3392 3372 rectores
3415 3317 3598 3369 barum
3623 3323 3777 3370 tene-

2193 3409 2411 3464 brarum
2438 3424 2530 3464 eos
2559 3409 2706 3476 dicit,
2737 3409 2985 3479 quoniam
3015 3416 3321 3480 peccatores
3347 3406 3591 3462 homines
3621 3412 3775 3461 tene-

2195 3498 2318 3555 bras
2346 3499 2611 3570 appellat,
2651 3500 2842 3571 quibus
2884 3498 2969 3553 isti
3008 3497 3367 3553 dominantur.
3411 3497 3535 3552 Ideo
3571 3505 3627 3551 et
3666 3496 3776 3550 alio

2196 3593 2314 3649 loco
2334 3592 2482 3658 dicit,
2514 3591 2705 3646 Fuistis
2727 3592 2859 3645 enim
2884 3590 3157 3662 aliquando
3179 3590 3426 3655 tenebrat;
3450 3604 3581 3643 nunc
3604 3597 3777 3641 autem

2197 3683 2289 3738 tua:
2317 3685 2369 3738 in
2405 3683 2625 3737 Domino
2667 3680 2883 3751 (Ephes.
2918 3696 2974 3746 v,
3011 3680 3066 3751 8)
3095 3697 3109 3733 :
3138 3679 3259 3749 quia
3300 3692 3366 3733 ex
3410 3677 3777 3748 peccatoribus

2192 3774 2464 3846 justiﬁcati
2490 3782 2659 3828 erant.
2686 3773 2802 3827 Non
2828 3786 2955 3842 ergo
2980 3770 3299 3826 arbitremur
3322 3769 3375 3823 in
3403 3781 3613 3822 summo
3634 3766 3778 3822 emlo

2199 3866 2439 3921 habitare
2483 3865 2752 3919 diabolum
2792 3878 2912 3919 cum
2953 3861 3155 3933 angelis
3192 3861 3338 3929 suis,
3382 3858 3522 3915 unde
3566 3859 3779 3929 lapsum

2198 3973 2317 4013 esse
2355 3956 2644 4012 credimus.

2267 4047 2491 4103 CAPUT
2520 4047 2606 4103 Ν.
2636 4076 2707 4086 -
2752 4047 2805 4100 4.
2846 4045 3245 4099 Manichaeorum
3268 4058 3408 4097 error
3444 4041 3507 4095 de
3530 4048 3671 4111 gente
3690 4047 3780 4093 te.

2199 4141 2466 4197 nebrarum
2494 4148 2667 4193 contra
2683 4137 2845 4191 Deum
2872 4136 3162 4190 rebellante.
3189 4134 3278 4189 Sic
3295 4133 3437 4188 enim
3463 4139 3781 4187 erraverunt

2197 4231 2511 4297 Manichtci,
2562 4229 2653 4299 qui
2708 4228 2890 4283 dicunt
2938 4235 3060 4279 ante
3111 4223 3296 4278 mundi
3346 4220 3779 4276 constitutionem

2199 4322 2359 4376 fuisse
2386 4329 2601 4391 gentem
2628 4319 2965 4374 tenebrarum
2990 4356 3005 4382 ,
3048 4330 3167 4384 quae
3195 4321 3379 4367 contra
3404 4312 3565 4365 Deum
3594 4307 3779 4364 rebel-

2200 4412 2368 4465 lavit:
2414 4412 2467 4465 in
2508 4426 2616 4480 quo
2664 4408 2805 4463 bello
2853 4404 3081 4461 credunt
3129 4402 3312 4457 miseri
3360 4401 3782 4469 omnipotentem

2202 4504 2365 4559 Deum
2395 4518 2500 4556 non
2544 4501 2644 4556 sibi
2674 4501 2826 4555 aliter
2863 4496 3099 4567 potuisse
3129 4507 3443 4549 succurrere
3463 4532 3479 4558 ,
3525 4491 3624 4545 nisi
3651 4504 3783 4559 par-

2203 4604 2307 4649 tem
2335 4608 2483 4647 suam
2523 4600 2709 4646 contra
2737 4604 2853 4643 eam
2885 4588 3137 4642 mitteret.
3187 4582 3347 4653 Cujus
3374 4581 3548 4651 gentis
3576 4579 3782 4649 princi-

2201 4700 2295 4757 pes
2319 4725 2336 4752 ,
2382 4684 2515 4739 sicut
2547 4682 2624 4737 illi
2640 4680 2834 4736 dicunt
2856 4718 2872 4745 ,
2916 4677 3308 4732 devoraverunt
3334 4681 3537 4743 partem
3570 4669 3697 4735 Dei,
3725 4680 3787 4723 et

2202 4775 2478 4846 temperati
2517 4781 2641 4828 sunt
2667 4778 2725 4826 ut
2768 4777 2950 4841 posset
2986 4766 3217 4821 mundus
3253 4765 3320 4819 de
3364 4764 3467 4818 illis
3509 4761 3781 4817 fabricari.

2204 4868 2294 4923 Sic
2322 4867 2503 4920 dicunt
2525 4865 2689 4919 Deum
2719 4858 3024 4932 pervenisse
3048 4855 3112 4910 ad
3140 4856 3412 4910 victoriam
3429 4868 3549 4908 cum
3574 4850 3786 4921 magnis

2202 4954 2592 5012 calamitatibus
2617 4961 2674 5009 et
2711 4948 3031 5006 cruciatibus
3057 4954 3113 5002 et
3151 4945 3378 5001 miseriis
3417 4943 3787 4997 membrorum

2204 5062 2462 5103 suorum:
2495 5060 2613 5116 qua:
2652 5040 2890 5097 membra
2929 5038 3114 5092 dicunt
3156 5050 3276 5091 esse
3305 5034 3591 5089 commixta
3632 5041 3789 5086 tene-

2204 5139 2378 5194 brosis
2404 5135 2694 5191 visceribus
2718 5130 3015 5202 principum
3040 5128 3252 5182 illorum
3271 5165 3286 5189 ,
3315 5133 3371 5178 ut
3400 5137 3493 5179 eos
3520 5131 3791 5190 tempera-

2205 5241 2363 5296 rent,
2391 5237 2447 5285 et
2472 5243 2501 5281 a
2533 5226 2711 5281 lurore
2753 5227 3178 5293 compescerent.
3230 5218 3297 5272 Et
3328 5230 3435 5271 non
3482 5214 3787 5283 intelligunt

2205 5334 2315 5379 tam
2342 5320 2653 5389 sacrilegam
2681 5330 2802 5372 esse
2845 5328 2994 5370 suam
3024 5320 3225 5367 sectam
3246 5349 3262 5375 ,
3288 5316 3344 5362 ut
3366 5305 3587 5361 credant
3612 5304 3789 5359 omni-

2205 5423 2473 5486 potentem
2502 5412 2667 5466 Deum
2698 5423 2802 5464 non
2831 5422 2927 5478 per
2952 5411 3249 5459 creaturam
3276 5412 3434 5470 quam
3456 5396 3663 5461 fecerit,
3688 5395 3792 5450 sed

2206 5523 2303 5579 per
2351 5507 2518 5575 ipsam
2575 5512 2818 5557 naturam
2865 5513 3014 5553 suam
3055 5494 3283 5549 bellasse
3330 5505 3451 5546 cum
3501 5487 3737 5579 tenebris
3774 5505 3791 5543 :

2206 5577 2348 5668 quod
2376 5593 2523 5649 nefas
2550 5601 2634 5647 est
2658 5591 2899 5647 credere.
2933 5586 3116 5656 Neque
3155 5583 3260 5637 hoc
3279 5580 3474 5647 solum,
3502 5577 3597 5634 sed
3623 5577 3793 5631 etiam

2208 5691 2329 5747 illos
2363 5688 2452 5759 qui
2490 5685 2614 5741 victi
2639 5693 2795 5746 sunt.
2837 5681 3003 5737 factos
3031 5690 3152 5733 esse
3180 5674 3457 5735 meliores,
3484 5683 3607 5742 quia
3642 5669 3797 5723 furor

2212 5798 2394 5838 eorum
2421 5789 2757 5848 compressus
2794 5784 2875 5830 est
2904 5790 2915 5825 :
2949 5770 3039 5827 Dei
3071 5778 3248 5825 autem
3290 5770 3529 5820 naturam
3554 5775 3673 5832 qua:
3708 5760 3791 5813 vi-
