4046 6332
254 375 351 430 293

250 490 342 553 cit,
388 485 582 541 factam
607 497 733 541 esse
757 480 1132 539 miserrimam.
1180 478 1372 537 Dicunt
1402 475 1563 533 etiam
1583 488 1700 531 eam
1732 489 1827 544 per

250 576 411 646 ipsam
441 571 878 629 commixtionem
914 569 1211 641 perdidisse
1242 566 1568 623 intellectum
1590 574 1644 621 et
1664 564 1832 622 beati-

250 665 482 721 tudinem
527 677 679 720 snam
703 701 721 729 ,
753 670 807 718 et
832 660 1040 732 magnis
1070 658 1342 715 erroribus
1366 666 1418 713 et
1440 656 1680 713 cladibus
1706 670 1827 712 esse

250 757 594 827 implicatam.
641 754 815 825 Quam
853 754 900 808 si
947 750 1234 822 aliquando
1278 750 1362 807 vel
1402 756 1568 805 totam
1615 749 1830 821 purgari

248 847 488 904 dicerent
510 885 528 912 ,
576 859 827 916 magnam
873 852 1051 900 tamen
1089 842 1412 913 impietatem
1449 851 1635 897 contra
1659 842 1835 897 omni-

248 946 515 1011 potentem
548 937 720 994 Deum
747 936 1111 1004 afﬁrmarent,
1136 934 1289 1006 cujus
1318 943 1522 1006 partem
1551 933 1835 989 crederent

249 1039 391 1087 tanto
430 1036 679 1100 tempore
721 1029 774 1083 in
808 1028 1084 1085 erroribus
1120 1035 1176 1082 et
1211 1027 1386 1097 poenis
1420 1039 1543 1081 esse
1578 1024 1833 1095 jactatam

246 1121 359 1178 sine
390 1117 577 1189 aliquo
610 1121 816 1191 peccati
840 1117 1087 1175 crimine.
1132 1115 1287 1172 Nune
1311 1131 1442 1172 vero
1469 1114 1706 1170 infelices
1733 1129 1833 1170 au-

247 1210 369 1267 dent
419 1209 601 1266 adhuc
659 1208 843 1264 dicere
893 1222 996 1263 nec
1049 1216 1215 1263 totam
1263 1222 1421 1277 posse
1476 1206 1721 1277 purgari;
1776 1214 1834 1261 et

247 1301 411 1371 ipsam
460 1311 671 1372 partem
706 1316 825 1370 qua:
864 1300 1077 1371 purgari
1116 1313 1224 1355 non
1263 1297 1527 1368 potuerit,
1570 1296 1835 1368 prolicere

245 1393 306 1449 ad
342 1394 622 1449 vinculum
646 1433 662 1458 ,
688 1401 750 1448 ut
781 1392 906 1448 inde
938 1392 1240 1447 involvatur
1263 1399 1319 1447 et
1345 1391 1579 1463 illigetur
1610 1389 1828 1446 malitia:

247 1484 499 1554 sepulcro
534 1485 593 1551 *ς
635 1492 690 1539 et
729 1484 807 1540 sic
844 1483 919 1539 ibi
958 1498 1173 1555 semper
1198 1483 1269 1540 sit
1305 1498 1427 1554 pars
1469 1483 1583 1555 ipsa
1611 1483 1704 1539 Dei
1733 1481 1834 1537 mi-

247 1588 359 1630 sera
382 1614 400 1641 ,
444 1590 567 1646 qua:
612 1575 744 1629 nihil
784 1574 1054 1646 peccavit,
1093 1582 1149 1629 et
1174 1572 1442 1644 afﬂigatur
1475 1575 1528 1629 in
1566 1583 1831 1628 aeternum

245 1678 459 1721 carcere
490 1665 834 1721 tenebrarum
862 1666 906 1718 '.
948 1665 1061 1720 Hoc
1093 1665 1169 1721 illi
1204 1664 1424 1730 dicunt,
1463 1671 1524 1720 ut
1555 1663 1828 1734 simplices

244 1754 447 1811 animas
471 1752 680 1812 fallant.
709 1753 816 1811 Sed
835 1754 956 1825 quis
982 1763 1090 1810 tam
1119 1755 1346 1825 simplex
1368 1762 1484 1822 est,
1506 1762 1565 1809 ut
1593 1754 1694 1809 ista
1724 1767 1831 1808 non

243 1845 438 1902 sentiat
479 1859 605 1902 esse
650 1844 907 1916 sacrilega
929 1884 946 1911 ,
978 1844 1171 1915 quibus
1196 1842 1465 1900 affirmant
1491 1844 1832 1913 omnipoten-

243 1944 344 1991 tem
393 1935 566 1991 Deum
611 1935 934 1991 necessitate
976 1948 1291 2005 oppressum
1337 1948 1496 2000 esse,
1540 1941 1599 1988 ut
1621 1940 1831 2005 partem

242 2040 384 2080 suam
423 2025 623 2081 bonam
653 2034 709 2081 et
752 2025 1090 2081 innocentem
1133 2023 1293 2080 tantis
1327 2023 1566 2079 cladibus
1593 2023 1829 2077 obruen-

240 2116 355 2173 dam
384 2125 445 2173 et
485 2125 630 2171 tanta
660 2114 994 2171 immunditia
1019 2112 1395 2185 inquinandam
1425 2111 1612 2178 daret,
1640 2120 1696 2166 et
1720 2126 1829 2167 non

242 2218 404 2264 totam
427 2208 657 2264 liberare
685 2216 867 2278 posset
890 2222 907 2273 ;
930 2213 988 2262 et
1010 2205 1153 2276 quod
1183 2205 1411 2260 liberare
1435 2218 1542 2259 non
1573 2202 1826 2273 potuerit,

241 2300 462 2355 aeternis
499 2300 729 2355 vinculis
755 2297 1074 2368 colligaret?
1117 2296 1247 2365 Quis
1284 2308 1415 2365 ergo
1453 2295 1555 2350 ista
1597 2309 1705 2349 non
1734 2309 1829 2350 ex-

239 2391 522 2447 secretur?
549 2390 667 2460 quis
692 2404 802 2445 non
855 2388 1112 2458 intelligat
1135 2386 1297 2457 impia
1325 2400 1445 2442 esse
1476 2393 1532 2441 et
1563 2384 1786 2441 nefanda
1804 2384 1831 2440 ἲ

238 2482 337 2540 Sed
375 2483 455 2539 illi
484 2481 699 2553 quando
723 2481 940 2551 capiunt
960 2479 1239 2545 homines,
1284 2493 1388 2532 non
1424 2477 1524 2533 ista
1569 2477 1715 2547 prius
1742 2476 1828 2531 di-

238 2584 392 2640 cunt;
423 2590 548 2645 qua:
576 2575 619 2628 si
648 2574 914 2640 dicerent,
943 2572 1280 2636 riderentur,
1309 2582 1401 2626 aut
1428 2569 1829 2641 fugerenturab

240 2666 485 2720 omnibus
505 2665 528 2696 ⁸
558 2682 577 2720 :
605 2664 701 2720 sed
748 2664 951 2733 eligunt
995 2662 1222 2733 capitula
1251 2662 1319 2717 de
1360 2660 1648 2732 Scripturis
1666 2701 1682 2726 ,
1708 2675 1829 2731 qua:

241 2755 508 2825 sintplices
549 2753 794 2809 homines
834 2767 940 2807 non
982 2752 1314 2823 intelligunt;
1354 2761 1411 2808 et
1446 2766 1542 2821 per
1571 2751 1659 2806 illa
1685 2749 1830 2806 deei-

240 2848 381 2917 piunt
413 2848 628 2903 animas
656 2846 964 2917 imperitas,
1009 2843 1299 2915 quaerendo
1336 2843 1478 2900 unde
1501 2843 1571 2898 sit
1600 2842 1823 2898 malum.

242 2940 381 2996 Sicut
408 2940 463 2996 in
494 2940 599 2996 isto
626 2938 863 3009 capitulo
890 2936 1110 3005 faciunt,
1141 2936 1287 3007 quod
1311 2935 1379 2992 ab
1403 2935 1661 3007 Apostolo
1691 2934 1827 2990 scri-

240 3042 375 3101 ptum
402 3039 525 3096 est,
578 3030 815 3085 Hectorea
850 3030 1029 3083 harum
1068 3028 1382 3083 tenebrarum
1403 3067 1418 3093 ,
1463 3037 1511 3082 et
1540 3025 1828 3096 spiritualia

240 3123 464 3193 lquitite
490 3123 547 3177 in
575 3122 879 3178 cwtestibus.
925 3120 1182 3190 Quaerunt
1218 3120 1360 3178 enim
1387 3119 1702 3190 deceptores
1728 3118 1825 3186 illi,

241 3223 288 3269 et
312 3214 648 3285 interrogant
673 3212 946 3269 hominem
974 3211 1276 3282 Scripturas
1302 3210 1511 3267 divinas
1528 3224 1636 3266 non
1660 3209 1821 3265 intel-

244 3304 505 3374 ligentem,
550 3304 694 3360 unde
714 3304 823 3360 sint
852 3304 905 3359 in
930 3304 1069 3360 cmlo
1095 3311 1335 3360 rectores
1358 3302 1696 3359 tenebrarum
1724 3318 1739 3356 :
1770 3308 1830 3357 ut

241 3412 349 3452 cum
376 3396 708 3467 respondere
732 3411 841 3452 non
877 3397 1139 3468 potuerit,
1184 3395 1491 3452 traducatur
1523 3396 1593 3453 ab
1623 3395 1702 3452 eis
1732 3411 1828 3467 per

244 3489 636 3553 curiositatem;
666 3488 791 3559 quia
816 3489 992 3544 omnis
1032 3488 1209 3543 anima
1239 3487 1450 3543 indocta
1480 3487 1691 3545 curiosa
1719 3497 1824 3545 est.

243 3578 333 3646 Qui
364 3590 546 3635 autem
592 3579 753 3634 fidem
781 3578 1100 3634 catholicam
1143 3578 1284 3634 bene
1325 3577 1550 3644 didicit,
1581 3588 1637 3634 et
1670 3578 1825 3635 bonis

242 3673 467 3729 moribus
490 3682 549 3728 et
571 3688 696 3726 vera
736 3672 935 3742 pietate
959 3672 1194 3728 munitus
1217 3679 1332 3738 est,
1360 3672 1605 3742 quamvis
1634 3685 1823 3726 eorum

242 3763 477 3820 heresim
521 3764 770 3826 nesciat,
815 3763 1103 3833 respondet
1147 3762 1252 3817 illis
1298 3771 1496 3817 tamen.
1544 3761 1653 3818 Nec
1680 3761 1822 3816 enim

238 3855 397 3926 decipi
445 3862 661 3925 potest,
691 3852 782 3924 qui
805 3852 918 3924 jam
960 3852 1108 3907 novit
1131 3851 1259 3922 quid
1294 3852 1555 3921 pertineat
1590 3851 1655 3906 ad
1676 3849 1822 3906 chri-

234 3945 451 4000 stianam
485 3945 668 4011 ﬁdem,
692 3960 812 4015 qua:
839 3944 1102 3999 catholica
1123 3943 1348 4009 dicitur,
1382 3959 1478 4014 per
1498 3943 1681 3999 orbem
1715 3950 1823 4000 ter-

232 4052 404 4093 rarum
432 4053 644 4106 sparsa,
676 4047 730 4091 et
754 4045 941 4091 contra
964 4050 1151 4091 omnes
1186 4035 1377 4105 impios
1408 4045 1462 4091 ct
1488 4044 1821 4106 peccatores,

230 4129 557 4200 negligentes
585 4137 765 4184 autem
813 4126 974 4183 etiam
1005 4141 1133 4182 suos
1157 4124 1200 4195 ³,
1235 4126 1465 4182 Domino
1492 4126 1822 4199 gubernante

230 4236 435 4276 secura.

293 4312 523 4368 CAPUT
566 4311 631 4366 γ.
671 4341 743 4352 -
784 4310 838 4367 5.
884 4309 1185 4379 Spiritualia
1226 4309 1459 4383 nequitia!
1511 4310 1565 4364 in
1605 4310 1813 4366 cazlesti‘

229 4405 333 4465 bus,
362 4418 464 4472 qua
492 4417 645 4455 sensu
673 4401 885 4453 dictum.
918 4399 1178 4467 Quoniam
1206 4414 1333 4470 ergo
1356 4398 1665 4455 dicebamus
1694 4415 1815 4471 apo-

229 4494 421 4548 stolum
469 4492 699 4548 Paulum
749 4491 951 4547 dixisse
1006 4491 1203 4547 habere
1249 4507 1347 4547 nos
1388 4492 1819 4549 colluctationem

226 4585 482 4641 adversus
516 4594 754 4639 rectores
781 4585 1123 4640 tenebrarum
1151 4593 1203 4640 et
1234 4584 1530 4654 spiritualia
1569 4587 1821 4657 nequitia:

228 4675 276 4729 in
323 4675 676 4740 caelestibus;
731 4683 788 4729 et
835 4673 1176 4743 probavimus
1222 4673 1384 4728 etiam
1428 4674 1589 4729 istum
1636 4690 1818 4731 aerem

228 4775 381 4821 teme
400 4765 715 4836 proximum
743 4764 942 4819 cmlum
986 4765 1162 4819 vocari
1196 4784 1211 4817 :
1241 4774 1450 4834 Oportet
1477 4765 1698 4822 credere
1726 4768 1821 4823 ad-

228 4871 441 4910 versum
480 4854 754 4909 diabolum
784 4862 839 4909 et
873 4853 1091 4926 angelos
1128 4854 1247 4925 ejus
1272 4870 1369 4910 nos
1396 4854 1685 4923 dimicare,
1728 4858 1817 4928 qui

224 4946 454 5016 gaudent
499 4944 989 5016 perturbationibus
1030 4946 1249 5001 nostris.
1301 4944 1433 5001 Nam
1458 4956 1513 5001 et
1540 4947 1651 5017 ipse
1678 4949 1820 5018 Apo-

224 5038 391 5093 stolas
417 5037 527 5094 alio
565 5036 688 5093 loco
720 5035 990 5092 diabolum
1027 5037 1321 5108 principem
1363 5038 1641 5107 potestatis
1677 5041 1817 5097 aeris

282 5263 301 5295 ί
332 5269 520 5312 omnes
538 5267 672 5321 llam,
701 5256 997 5322 sepulcrum.

279 5315 703 5434 :i
718 5315 943 5388 alligatur
967 5315 1094 5385 (vel,
1114 5316 1352 5386 adigitur)
1368 5319 1417 5371 in
1440 5323 1678 5372 uernum
1698 5333 1813 5371 car-

218 5393 320 5436 cert
342 5393 672 5435 latebrarum.

280 5449 303 5480 ³
333 5448 408 5497 sic
420 5454 565 5514 μιν.
610 5452 662 5496 et
684 5443 854 5507 plures
873 5451 981 5514 tiss.
1009 5447 1065 5493 At
1082 5441 1327 5514 editiones
1345 5440 1457 5514 alia;
1469 5477 1485 5503 ,
1525 5442 1813 5508 [agerentur

216 5508 539 5577 abeuntibus.
563 5502 837 5577 uestis?
871 5507 1153 5577 fugarentur
1174 5504 1237 5577 ab
1259 5502 1547 5577 hominibus.

276 5574 300 5602 ⁵
333 5572 451 5622 editi
475 5579 576 5619 Am.
616 5575 690 5617 Er.
726 5575 780 5619 et
815 5565 959 5631 Levi,
999 5565 1471 5631 negligentesautem
1500 5567 1595 5618 sui.
1640 5565 1813 5631 Melius

216 5639 349 5683 Parv.
366 5636 443 5683 cui
460 5640 655 5697 septem
677 5638 785 5681 uss.
813 5626 1154 5692 subiugantur}
1169 5626 1465 5697 negligentes
1487 5636 1645 5680 autem
1665 5628 1813 5697 etiam

212 5709 342 5746 suos.
380 5688 563 5754 Nempe
587 5705 715 5752 suos,
737 5700 905 5754 contra
926 5688 1048 5754 quos
1068 5688 1384 5754 qulig'euies
1421 5703 1641 5754 scutram
1665 5691 1810 5741 ﬁdem

212 5757 327 5807 dicit
343 5796 358 5815 ,
385 5749 711 5813 intelligimus
729 5749 990 5815 catholicos
1020 5749 1442 5815 melészuatuor
1463 5761 1565 5804 Mss.
1593 5753 1775 5804 habent

213 5819 273 5867 de
294 5812 641 5885 negligentibus
662 5825 823 5868 utam:
848 5812 978 5876 suis;
1010 5814 1097 5864 sed
1129 5813 1273 5864 male.

1669 360 1870 416 LIBER
1910 359 2110 420 UNUS.

1943 471 2100 544 hujus
2127 474 2356 544 appellat
2378 472 2594 548 (Ephes.
2615 491 2653 533 ιι
2670 518 2689 545 ,
2712 475 2793 552 9).
2820 478 3074 548 Quamvis
3100 484 3186 542 ille
3213 486 3362 544 locus
3379 529 3395 556 ,
3424 491 3525 548 ubi

1938 566 2045 633 ait,
2077 565 2382 636 Spiritualia
2406 568 2639 641 nequitia:
2662 570 2716 625 in
2738 571 3018 629 caestibus
3036 613 3052 640 ,
3082 579 3251 646 possit
3270 590 3326 635 et
3363 582 3525 639 aliter

1938 655 2194 727 intelligi,
2235 666 2292 711 ut
2315 671 2420 713 non
2450 658 2594 730 ipsos
2617 662 3054 732 praevaricatores
3092 669 3308 739 angelos
3339 672 3390 727 in
3411 687 3526 729 cm-

1938 746 2158 804 lestibus
2188 763 2307 805 esse
2331 748 2563 817 dixerit,
2590 752 2685 808 sed
2715 768 2812 809 nos
2839 755 3015 826 potius
3038 796 3055 823 ,
3101 758 3169 814 de
3201 762 3394 830 quibus
3416 766 3526 822 alio

1937 837 2057 894 loco
2078 838 2240 907 dicit,
2271 838 2592 897 Conversatio
2614 846 2863 901 nostrain
2891 846 3030 901 caelis
3054 858 3127 904 est
3154 849 3411 923 (Philipp.
3441 871 3522 921 In,

1937 928 2036 1000 20)
2066 947 2081 985 :
2112 941 2169 986 ut
2194 947 2294 988 nos
2319 933 2371 988 in
2399 935 2706 992 caelestibus
2731 940 3040 1010 constituti,
3071 942 3123 997 id
3144 952 3245 1012 est,
3286 946 3342 1000 in
3361 948 3521 1017 spiri-

1938 1020 2169 1077 tualibus
2202 1024 2481 1094 prazceptis
2530 1025 2625 1082 Dei
2672 1028 3038 1099 ambulantes,
3080 1032 3397 1093 dimicemus
3425 1038 3523 1092 ad.

1936 1126 2125 1168 versus
2153 1114 2445 1183 spiritualia
2489 1118 2774 1188 nequitiae,
2819 1135 2938 1190 quae
2971 1138 3071 1178 nos
3111 1125 3234 1180 inde
3261 1138 3521 1184 conantur

1936 1203 2270 1261 abstrahere.
2314 1205 2481 1277 Magis
2518 1222 2647 1278 ergo
2685 1209 2816 1265 illud
2854 1213 3200 1281 quaerendum
3227 1226 3344 1284 est,
3392 1233 3527 1287 quo«

1936 1293 2099 1349 modo
2130 1294 2388 1351 adversus
2410 1310 2506 1352 eos
2524 1312 2659 1368 quos
2684 1314 2791 1355 non
2816 1301 3058 1359 videmus
3073 1344 3090 1371 ,
3131 1319 3366 1375 pugnare
3396 1322 3525 1375 pos-

1936 1383 2136 1450 simus,
2176 1394 2231 1441 et
2271 1385 2521 1453 vincere;
2566 1403 2635 1445 ne
2677 1397 2866 1460 putent
2888 1392 3037 1448 stulti
3060 1392 3316 1450 adversus
3342 1410 3525 1451 acrem

1937 1489 2036 1530 nos
2059 1474 2255 1532 debere
2279 1487 2506 1534 certare.

2005 1565 2229 1623 CAPUT
2267 1568 2355 1624 Vl.
2380 1598 2456 1611 —
2483 1569 2537 1626 6.
2566 1569 2763 1641 Corpus
2798 1574 3179 1644 castigandum,
3218 1585 3272 1629 ut
3295 1577 3527 1634 diabolus

1934 1665 1981 1710 et
2003 1657 2219 1712 mundus
2254 1658 2535 1714 uincantur.
2567 1660 2732 1716 Docet
2759 1660 2936 1734 itaque
2956 1665 3243 1734 Apostolus
3266 1666 3402 1737 ipse,
3436 1667 3524 1722 di-

1934 1760 2064 1802 cens
2094 1765 2108 1802 :
2140 1745 2262 1801 Non
2286 1748 2360 1802 sic
2402 1765 2571 1820 pugno
2589 1790 2605 1817 ,
2647 1752 2793 1821 quasi
2832 1768 2997 1807 aerem
3034 1753 3230 1809 cadens
3247 1773 3268 1822 ;
3310 1760 3398 1810 sed
3434 1774 3525 1812 ca-

1933 1838 2063 1909 stigo
2105 1854 2290 1909 corpus
2328 1855 2526 1907 meum,
2567 1851 2615 1895 et
2649 1842 2703 1897 in
2734 1845 3019 1898 seruitutem
3049 1846 3256 1917 redigo,
3292 1864 3356 1902 ne
3396 1851 3527 1920 forte

1937 1927 2054 1980 aliis
2082 1927 2366 1997 prtzdicans
2390 1968 2404 1993 ,
2434 1928 2543 1999 ipse
2568 1932 2811 2000 reprobus
2836 1932 3063 1986 inveniar
3091 1933 3137 2004 (l
3163 1933 3280 1989 Cor.
3307 1952 3362 1991 ix
3385 1977 3400 2001 ,
3429 1936 3523 2005 26,

1935 2017 2054 2089 27).
2105 2018 2235 2073 item
2271 2019 2445 2075 dicit:
2476 2019 2763 2077 Imitatores
2806 2023 2904 2077 mei
2942 2033 3128 2093 estote,
3174 2026 3301 2080 sicut
3347 2036 3393 2081 et
3432 2044 3524 2100 ego

1932 2109 2118 2166 Christi
2162 2110 2274 2182 (Id.
2299 2128 2387 2178 xi,
2418 2112 2497 2185 i).
2550 2113 2726 2180 Quare
2768 2114 3167 2187 intelligendum
3205 2126 3322 2186 est,
3361 2120 3523 2175 etiam

1933 2201 2104 2271 ipsum
2150 2201 2466 2272 Apostolum
2511 2202 2564 2258 in
2604 2205 2893 2274 semetipso
2931 2205 3290 2276 triumphasse
3318 2209 3385 2264 de
3424 2224 3522 2280 po-

1933 2292 2214 2348 testatibus
2272 2292 2431 2363 hujus
2475 2293 2690 2360 mundi,
2743 2295 2883 2350 sicut
2931 2294 2998 2351 de
3040 2297 3267 2353 Domino
3315 2298 3526 2357 dixerat

1937 2382 2004 2453 (ll
2035 2382 2153 2437 Cor.
2185 2385 2355 2449 11,14,
2381 2392 2427 2438 et
2446 2382 2641 2440 Coloss.
2671 2400 2707 2440 ιι
2730 2427 2747 2453 ,
2770 2384 2860 2458 15)
2888 2427 2902 2451 ,
2936 2386 3088 2458 cujus
3111 2402 3171 2444 se
3204 2389 3524 2463 imitatorem

1932 2487 2053 2529 esse
2074 2474 2371 2545 profitetur.
2396 2473 2666 2530 Imitemur
2685 2490 2814 2546 ergo
2842 2484 2897 2531 et
2925 2491 3023 2533 nos
3048 2478 3219 2545 illum,
3247 2480 3386 2535 sicut
3408 2480 3525 2538 hor-

1933 2573 2096 2632 tatur,
2127 2573 2182 2621 et
2205 2566 2527 2636 castigemus
2552 2581 2747 2638 corpus
2761 2576 3024 2636 nostrum,
3054 2580 3110 2624 et
3129 2570 3183 2624 in
3210 2572 3521 2629 servitutem

1930 2658 2235 2730 redigamus
2259 2699 2275 2725 ,
2317 2659 2362 2715 si
2391 2659 2644 2715 mundum
2685 2659 2933 2716 volumus
2969 2660 3205 2717 vincere.
3260 2662 3395 2731 Quia
3419 2679 3517 2734 per

1935 2749 2150 2805 illicitas
2189 2750 2572 2806 delectationes
2609 2765 2737 2806 suas
2760 2759 2814 2806 et
2842 2766 3062 2823 pompas
3088 2761 3141 2808 et
3168 2754 3521 2823 perniciosam

1931 2840 2294 2898 curiositatem
2332 2842 2487 2897 nobis
2529 2841 2793 2897 dominari
2839 2851 3013 2913 potest
3039 2842 3125 2899 hic
3150 2844 3414 2909 mundus,
3466 2845 3521 2901 id

1930 2939 2051 2997 est,
2103 2946 2167 2987 ea
2208 2945 2329 3003 qua:
2372 2931 2423 2986 in
2470 2931 2574 2987 hoc
2598 2931 2801 2988 mundo
2846 2933 3143 3003 perniciosa
3168 2934 3523 2992 delectatione

1932 3021 2190 3093 colligant
2225 3030 2492 3078 amatores
2540 3038 2721 3082 rerum
2772 3025 3184 3094 temporalium,
3231 3034 3285 3082 et
3308 3026 3522 3084 diabolo

1935 3121 2100 3185 atque
2146 3114 2349 3185 angelis
2388 3113 2505 3185 ejus
2547 3115 2750 3171 servire
2789 3128 2985 3186 cogunt
3017 3134 3032 3172 :
3060 3118 3251 3187 quibus
3274 3119 3523 3177 omnibus

1928 3203 1977 3259 si
2005 3204 2422 3260 renuntiavimus
2444 3244 2460 3271 ,
2506 3204 2809 3277 redigamus
2842 3208 2859 3239 ⁸
2889 3207 2941 3262 in
2976 3207 3284 3263 servitutem
3321 3224 3520 3280 corpus

1929 3302 2194 3349 DOSll‘llll).

1998 3383 2224 3441 CAPUT
2250 3383 2361 3439 VII.
2387 3414 2460 3425 —
2489 3386 2541 3439 7.
2578 3383 2644 3440 Ut
2670 3401 2854 3457 corpus
2877 3386 3018 3441 nobis
3046 3388 3372 3459 subjiciatur,
3402 3391 3520 3447 sub-

1919 3476 2164 3548 jiciamus
2193 3492 2284 3531 nos
2305 3476 2447 3545 ipsos
2475 3474 2580 3530 Dea
2599 3518 2613 3541 ,
2645 3477 2727 3531 cui
2759 3478 2920 3533 omnis
2944 3487 3174 3533 creatura
3197 3479 3346 3534 serrit
3363 3522 3380 3548 ,
3402 3482 3519 3536 velit

1930 3564 2359 3630 nolitJustorum
2379 3574 2425 3621 et
2445 3566 2747 3638 injustorunt
2766 3567 2820 3622 in
2844 3567 2995 3638 hujus
3017 3569 3131 3622 vitae
3157 3570 3301 3624 bonis
3322 3579 3370 3625 et
3398 3588 3516 3625 ma-

1929 3658 1992 3711 tis
2035 3656 2322 3712 discrimen.
2374 3657 2478 3713 Sed
2521 3673 2586 3714 ne
2624 3658 2743 3730 quis
2769 3658 2908 3716 forte
2950 3660 3051 3717 hoc
3089 3660 3263 3731 ipsum
3292 3672 3515 3733 qurerat,

1928 3749 2200 3820 quomodo
2254 3750 2429 3805 ﬁatut
2471 3765 2666 3822 corpus
2702 3763 2942 3808 nostrum
2985 3754 3224 3809 servituti
3264 3755 3518 3825 subjicia-

1930 3854 2086 3906 mus;
2120 3838 2271 3895 facile
2302 3840 2522 3911 intelligi
2548 3849 2602 3896 et
2632 3842 2745 3898 fieri
2775 3851 2967 3913 potest,
2999 3844 3043 3899 si
3072 3845 3222 3916 prius
3247 3861 3344 3900 nos
3368 3847 3513 3916 ipsos

1930 3928 2271 3999 subjiciamus
2296 3930 2405 3986 Deo
2425 3972 2440 3997 ,
2466 3930 2600 3986 bona
2625 3934 2899 3990 voluntate
2924 3942 2979 3990 et
3001 3935 3209 3991 sincera
3232 3937 3513 3993 charitate.

1929 4018 2063 4075 Nam
2087 4022 2262 4077 omnis
2281 4031 2522 4078 creatura
2542 4064 2559 4090 ,
2585 4023 2714 4079 velit
2742 4025 2876 4079 nolit
2897 4066 2912 4093 ,
2942 4026 3030 4081 uui
3060 4027 3169 4082 Deo
3197 4037 3254 4083 et
3290 4028 3517 4084 Domino

1930 4128 2032 4171 suo
2056 4115 2293 4186 subjecta
2316 4123 2416 4171 est.
2457 4115 2561 4171 Sed
2593 4115 2695 4172 hoc
2723 4116 3092 4185 admonemur,
3119 4129 3174 4174 ut
3204 4129 3311 4175 tota
3332 4119 3517 4174 volun-

1933 4213 2040 4261 tate
2070 4205 2364 4261 serviamus
2396 4206 2621 4262 Domino
2652 4206 2760 4261 Deo
2791 4217 2994 4264 nostro.
3044 4209 3302 4278 Quoniam
3341 4210 3519 4280 justus

1929 4297 2217 4352 liberaliter
2256 4298 2454 4365 servit,
2501 4295 2730 4368 injustus
2756 4307 2933 4353 autem
2961 4300 3293 4369 compeditus
3322 4302 3509 4356 servit.

1927 4387 2123 4442 Omnes
2164 4394 2342 4442 tamen
2369 4387 2560 4444 divinae
2598 4388 2945 4460 providentia:
2984 4391 3265 4446 serviunt:
3296 4393 3388 4447 sed
3427 4394 3515 4449 alii

1926 4478 2188 4534 obediunt
2210 4489 2457 4549 tanquam
2482 4480 2595 4548 lilii,
2618 4490 2671 4535 et
2691 4480 2890 4536 faciunt
2914 4497 3033 4537 cum
3063 4498 3125 4538 ea
3153 4484 3292 4554 quod
3319 4484 3515 4540 bonum

1926 4580 2040 4637 est;
2086 4571 2175 4625 alii
2215 4586 2343 4626 vero
2387 4571 2618 4643 ligantur
2655 4580 2906 4643 tanquam
2932 4575 3107 4640 servi,
3140 4585 3194 4630 et
3224 4576 3282 4628 fit
3308 4575 3374 4630 de
3410 4576 3518 4632 illis

1925 4661 2069 4733 quod
2089 4662 2292 4734 justum
2323 4672 2423 4718 est.
2456 4662 2530 4718 ita
2558 4663 2697 4717 Deus
2722 4665 3083 4734 omnipotens,
3114 4665 3371 4721 Dominus
3394 4669 3514 4721 nni-

1925 4768 2095 4807 versa:
2115 4762 2372 4808 creatura:
2392 4794 2406 4818 ,
2434 4751 2524 4823 qui
2554 4753 2670 4824 fecit
2699 4753 2868 4807 omnia
2893 4794 2907 4819 ,
2957 4755 3094 4809 sicut
3121 4756 3378 4825 scriptum
3407 4767 3509 4821 est,

1924 4843 2054 4897 bona
2078 4844 2225 4899 valde
2264 4843 2415 4917 (Gen.
2447 4861 2497 4909 ι,
2544 4844 2635 4918 51)
2661 4885 2676 4911 ,
2724 4846 2800 4899 sic
2826 4860 2889 4901 ea
2920 4847 3219 4915 ordinavit,
3265 4857 3324 4902 ut
3365 4858 3418 4902 et
3448 4848 3516 4903 de

1924 4933 2079 4991 bonis
2117 4934 2261 4990 etde
2299 4936 2451 4990 malis
2490 4936 2626 4991 bene
2665 4936 2839 4991 faciat.
2881 4937 3033 5006 Quod
3082 4940 3224 4993 enim
3264 4939 3407 5008 juste
3436 4940 3512 5001 tit,

1922 5025 2060 5081 bene
2094 5026 2169 5081 fit.
2222 5026 2372 5083 Juste
2413 5038 2590 5083 autem
2631 5039 2752 5082 sunt
2778 5028 2918 5085 beati
2953 5030 3076 5084 boni
3098 5071 3113 5096 ,
3144 5040 3197 5085 et
3221 5031 3360 5100 juste
3390 5031 3514 5084 mali

1923 5132 2111 5188 poenas
2141 5120 2431 5189 patiuntur.
2478 5119 2619 5190 Ergo
2652 5119 2796 5175 etde
2823 5120 2978 5175 bonis
3005 5130 3058 5175 et
3086 5121 3152 5176 de
3194 5121 3347 5174 malis
3373 5119 3514 5178 bene

1923 5206 2050 5263 facit
2076 5209 2215 5265 Deus
2243 5251 2259 5277 ,
2285 5210 2534 5281 quoniam
2560 5211 2704 5281 juste
2741 5212 2918 5266 omnia
2941 5210 3082 5265 facit.
3111 5210 3242 5265 Boni
3272 5220 3396 5266 sunt
3420 5228 3516 5267 au-

1922 5308 2031 5356 tem
2056 5342 2071 5369 ,
2104 5302 2194 5372 qui
2232 5312 2338 5357 tota
2370 5302 2643 5359 voluntate
2677 5302 2787 5356 Deo
2827 5301 3099 5367 serviunt;
3146 5302 3272 5356 mali
3306 5310 3501 5359 ‘autem

1922 5395 2241 5449 necessitate
2278 5395 2515 5450 serviunt
2548 5412 2562 5449 ι
2591 5408 2747 5448 nemo
2790 5393 2933 5447 enim
2965 5393 3109 5464 leges
3156 5393 3505 5468 Omnipoten»

1923 5484 1989 5537 tis
2017 5485 2215 5540 evadit.
2256 5486 2360 5541 Sed
2385 5486 2528 5540 aliud
2554 5493 2638 5539 est
2666 5484 2839 5539 facere
2869 5485 3008 5556 quod
3038 5486 3122 5543 lex
3146 5488 3333 5559 jubet,
3361 5491 3504 5546 aliud

1921 5578 2027 5647 pati
2059 5579 2200 5649 quod
2228 5579 2312 5633 lex
2336 5577 2508 5649 jubet.
2532 5576 2868 5647 QuaprOpter
2896 5577 3020 5633 boni
3042 5583 3333 5639 secundum
3366 5583 3508 5654 lcgcs

3522 3290 3549 3318 ο

1985 5756 1998 5786 ί
2038 5755 2187 5812 mliti.
2231 5752 2277 5805 si
2300 5752 2659 5820 renuntiamus,
2685 5752 2968 5820 redigimus.
2996 5765 3049 5809 At
3072 5767 3175 5809 Mss.
3201 5772 3372 5810 clunes
3427 5772 3502 5807 re-

1921 5816 2141 5875 digamus
2164 5829 2181 5864 :
2210 5824 2259 5865 et
2285 5827 2348 5864 ex
2370 5814 2542 5864 iisdem
2569 5815 2761 5878 lii-tres,
2794 5814 3185 5873 Fanmtiavimus.
