4046 6332
481 367 586 425 295

479 481 699 547 faciunt,
728 477 853 534 mali
882 475 1173 533 secundum
1204 473 1347 544 leges
1375 471 1663 542 patiuntur.

551 572 606 628 8.
638 570 749 625 Nec
791 582 891 624 nos
930 576 1146 623 moveat
1185 563 1326 635 quod
1371 563 1425 617 in
1472 562 1575 618 hac
1615 564 1722 616 vita
1766 559 2060 615 secundum

480 676 700 718 carnem
739 674 896 732 quam
925 667 1171 729 portant,
1210 654 1337 726 justi
1381 654 1544 709 multa
1576 652 1754 723 gravia
1785 661 1839 707 et
1872 665 2065 720 aspera

483 756 737 811 tolerant.
764 755 906 810 Nihil
935 756 1077 811 enim
1105 752 1227 807 mali
1260 751 1558 819 patiuntur,
1590 747 1680 818 qui
1710 750 1820 817 jam
1845 754 2069 816 possunt

483 844 664 901 dicere
689 845 829 915 quod
871 845 959 900 ille
997 844 1077 898 vir
1120 841 1407 911 spiritualis
1438 839 1670 893 exsultat
1715 847 1770 892 et
1814 836 2069 907 praedicat

482 937 792 1008 Apostolus,
813 935 994 990 dicens
1018 952 1030 987 :
1061 933 1351 988 Gloriamur
1377 932 1428 983 iu
1455 929 1859 984 tribulationibus
1877 943 1897 992 ,'
1917 928 2071 981 scieno

484 1038 560 1084 tes
594 1027 832 1099 quoniam
880 1025 1133 1079 tribulatio
1178 1022 1470 1093 patientiam
1517 1029 1789 1089 operatur,
1830 1018 2072 1088 patientia

485 1121 860 1191 probationem,
890 1116 1117 1187 probatio
1138 1131 1253 1168 vero
1283 1130 1423 1182 spem
1443 1154 1457 1178 ,
1486 1128 1600 1183 spes
1622 1121 1790 1165 autem
1819 1127 1919 1164 non
1947 1126 2070 1163 con-

486 1211 657 1285 fundit
683 1226 702 1264 :
728 1210 847 1281 quia
870 1208 1093 1263 Charitas
1118 1206 1213 1261 Dei
1242 1204 1430 1273 di/fusa
1462 1214 1533 1258 est
1557 1204 1609 1257 in
1634 1203 1865 1257 cordibus
1891 1201 2072 1255 nostris

483 1317 576 1372 per
622 1299 875 1369 Spiritum
916 1308 1146 1352 sanctum
1192 1297 1275 1366 qui
1321 1294 1469 1350 datus
1518 1304 1589 1349 est
1630 1294 1772 1347 nobis
1799 1291 1972 1362 (Rom.
2003 1307 2067 1357 v,

484 1387 630 1463 3—5).
683 1388 740 1445 Si
775 1403 903 1459 ergo
943 1389 997 1443 in
1028 1388 1127 1443 hac
1152 1386 1255 1441 vita
1278 1428 1293 1453 ,
1334 1386 1423 1440 ubi
1465 1392 1609 1439 tanta
1637 1391 1899 1439 tormenta
1926 1391 2069 1448 sunt,

484 1489 712 1553 possunt
752 1480 877 1536 boni
908 1490 964 1535 et
986 1480 1116 1551 justi
1147 1478 1290 1546 viri,
1319 1492 1441 1534 cum
1484 1476 1608 1532 talia
1639 1477 1939 1546 patiuntur,
1967 1487 2072 1528 non

483 1573 660 1629 solum
685 1586 840 1643 mquo
868 1571 1046 1626 animo
1091 1572 1321 1627 tolerare
1344 1610 1361 1637 ,
1388 1568 1482 1624 sed
1508 1568 1668 1624 etiam
1695 1568 1748 1622 in
1778 1567 1873 1621 Dei
1899 1566 2075 1621 chari-

485 1672 597 1721 tate
622 1663 840 1737 gloriari
870 1665 887 1696 ¹
914 1681 929 1730 ;
958 1664 1085 1734 quid
1112 1663 1454 1734 cogitandum
1481 1672 1564 1718 est
1591 1661 1658 1717 de
1686 1661 1777 1716 illa
1796 1661 1925 1726 vita,
1957 1676 2075 1731 qua:

484 1756 643 1812 nobis
669 1755 1017 1826 promittitur,
1046 1754 1138 1809 ubi
1166 1754 1366 1809 nullam
1412 1753 1478 1808 de
1508 1766 1735 1821 corpore
1773 1751 2073 1806 molestiam

486 1847 817 1905 seatiemus?
845 1845 1105 1914 Quoniam
1134 1860 1239 1900 non
1265 1845 1331 1899 ad
1372 1844 1476 1899 hoc
1500 1850 1748 1912 resurget
1774 1856 1968 1911 corpus
1991 1842 2077 1911 ju-

486 1947 693 1996 storum
719 1980 735 2006 ,
776 1938 843 1993 ad
870 1938 1011 2009 quod
1058 1946 1302 2007 resurget
1347 1950 1542 2005 corpus
1582 1934 1865 2003 impiorum
1898 1951 1911 1986 :
1941 1933 2077 1986 sicut

486 2032 745 2102 scriptum
768 2039 870 2096 est,
906 2030 1093 2084 Omnes
1114 2044 1451 2098 resurgemus,
1478 2028 1567 2081 sed
1588 2042 1687 2079 non
1710 2041 1880 2079 omnes
1902 2024 2078 2077 immu-

492 2122 730 2180 tabimur.
762 2120 829 2175 Et
855 2136 923 2176 ne
947 2121 1227 2190 quisquam
1270 2125 1419 2189 putet
1440 2132 1544 2172 non
1569 2116 1727 2186 justis
1750 2113 2076 2170 immutatio-

491 2228 617 2269 nem
659 2213 813 2268 istam
842 2211 1113 2281 promitti,
1141 2209 1236 2265 sed
1269 2210 1444 2280 potius
1469 2207 1709 2277 injustis,
1740 2215 1795 2261 et
1827 2220 1946 2261 eam
1966 2204 2078 2259 exi-

489 2305 674 2361 stimet
712 2319 833 2361 esse
871 2302 1137 2373 pmnalem
1158 2343 1173 2370 ,
1220 2300 1459 2371 sequitur
1504 2308 1559 2354 et
1591 2298 1760 2355 dicit:
1790 2298 1858 2353 Et
1894 2298 2079 2353 mortui

489 2405 752 2469 resurgent
792 2394 1104 2464 incorrupti,
1136 2400 1181 2447 et
1218 2409 1310 2447 nos
1348 2391 1723 2446 immutabimur
1769 2390 1811 2462 (Ι
1836 2390 1955 2445 Cor.
1984 2406 2074 2457 xv,

491 2489 582 2554 51,
610 2486 723 2561 52).
752 2486 1083 2556 Quicumque
1109 2499 1237 2554 ergo
1256 2483 1380 2538 mali
1402 2491 1546 2549 sunt,
1565 2483 1643 2539 sic
1667 2482 1892 2537 ordinati
1913 2491 2035 2536 sunt
2059 2500 2073 2536 :

490 2578 615 2650 quia
646 2586 700 2634 et
729 2576 1093 2647 unusquisque
1117 2574 1217 2629 sibi
1242 2614 1257 2640 ,
1295 2580 1350 2629 et
1385 2586 1572 2628 omnes
1597 2572 1821 2627 invicem
1850 2571 1951 2627 sibi
1978 2588 2078 2627 ns-

493 2677 638 2724 cent.
689 2667 801 2722 lloc
831 2668 973 2722 enim
1004 2671 1263 2735 appetunt
1304 2663 1447 2735 quod
1490 2663 1787 2734 perniciose
1820 2662 2076 2733 diligitur,

491 2771 548 2818 et
572 2761 713 2832 quod
740 2761 816 2816 eis
846 2759 1004 2815 facile
1028 2758 1223 2815 auferri
1252 2766 1463 2828 potest;
1496 2766 1548 2813 et
1582 2756 1683 2811 hoc
1706 2756 1805 2811 sibi
1834 2757 2083 2811 auferunt

491 2854 740 2919 invicem,
769 2852 981 2923 quando
1002 2869 1058 2908 se
1086 2859 1494 2923 persequuntur.
1541 2851 1610 2906 Et
1637 2849 1757 2906 ideo
1777 2850 2081 2905 cruciantur

490 2945 683 3015 quibus
710 2944 1022 3000 auferuntur
1061 2943 1373 3012 temporalia
1399 2983 1415 3008 ,
1456 2941 1579 3013 quia
1617 2941 1844 3011 diligunt
1870 2954 1933 2995 ea
1962 2957 1977 2995 :
2005 2940 2081 2995 illi

489 3049 667 3093 autem
692 3038 782 3109 qui
808 3037 1083 3103 auferunt,
1115 3037 1366 3106 gaudent.
1411 3034 1516 3091 Sed
1557 3035 1675 3089 talis
1699 3035 1881 3089 laetitia
1910 3033 2070 3089 caeci-

491 3139 573 3185 tas
602 3137 685 3185 est
704 3171 717 3197 ,
746 3112 799 3184 et
823 3143 1029 3184 summa
1055 3128 1271 3184 miseria
1299 3144 1312 3180 :
1346 3128 1456 3197 ipsa
1484 3126 1626 3181 enim
1652 3126 1819 3196 magis
1844 3124 2083 3196 implicat

458 3222 721 3295 ,animam
748 3263 762 3287 ,
804 3228 858 3277 et
885 3220 951 3276 ad
988 3220 1190 3291 majora
1215 3227 1477 3275 tormenta
1508 3216 1769 3289 perducit.
1794 3216 1925 3271 Nam
1954 3232 2084 3288 gau-

490 3312 583 3368 det
606 3322 659 3368 et
684 3313 840 3381 piscis
861 3352 876 3379 ,
908 3312 1120 3382 quando
1158 3311 1375 3365 hamum
1401 3327 1507 3366 nou
1528 3311 1742 3376 videns,
1773 3325 1952 3366 escam
1982 3309 2079 3365 de-

490 3412 643 3458 vorat
674 3422 686 3458 :
713 3402 807 3457 sed
837 3417 957 3457 cum
1000 3402 1230 3471 piscator
1254 3416 1377 3455 eum
1407 3401 1671 3455 adducere
1699 3402 1943 3471 coeperit,
1975 3402 2082 3455 vis-

491 3510 614 3552 cera
652 3496 768 3567 ejus
805 3502 1119 3566 torquentur
1159 3494 1367 3563 primo;
1407 3492 1600 3548 deinde
1624 3492 1693 3548 ab
1717 3494 1861 3548 omni
1897 3493 2080 3549 lzetitia

491 3603 583 3645 sua
612 3604 709 3660 per
733 3589 903 3658 ipsam
929 3603 1105 3643 escam
1149 3586 1218 3642 de
1243 3601 1347 3656 qua
1373 3586 1582 3641 laztatus
1607 3595 1709 3651 est,
1737 3587 1805 3642 ad
1832 3601 2079 3642 consum-

490 3681 724 3749 ptioncm
759 3679 1005 3733 trahitur.
1047 3678 1137 3733 Sic
1174 3686 1297 3732 sunt
1322 3692 1509 3733 omnes
1537 3677 1625 3747 qui
1660 3677 1727 3732 de
1754 3678 1910 3732 bonis
1939 3685 2078 3733 tem-

492 3772 764 3841 poralibus
788 3772 971 3827 beatos
996 3785 1053 3825 se
1069 3780 1257 3841 putant
1287 3788 1300 3824 :
1334 3770 1548 3825 hamum
1570 3770 1713 3825 enim
1735 3778 2076 3840 acceperunt,

491 3870 547 3917 et
570 3878 688 3917 cum
729 3862 819 3917 illo
845 3863 946 3917 sibi
970 3870 1264 3932 vagantur;
1308 3862 1485 3917 veniet
1523 3870 1736 3931 tempus
1764 3869 1821 3915 ut
1844 3861 2079 3917 sentiant

491 3963 688 4023 quanta
716 3963 975 4010 tormenta
1002 3970 1125 4010 cum
1151 3954 1407 4009 aviditate
1440 3954 1833 4010 devoraverint.
1864 3955 1932 4009 Et
1960 3954 2078 4009 ideo

491 4046 647 4103 bonis
682 4048 812 4102 nihil
856 4056 1089 4112 nocent;
1138 4047 1261 4116 quia
1302 4046 1403 4103 hoc
1428 4048 1506 4103 eis
1530 4046 1779 4103 auferunt
1804 4047 1947 4117 quod
1970 4062 2073 4102 non

491 4138 755 4208 diligunt:
786 4155 907 4195 nam
933 4138 1074 4209 quod
1102 4138 1345 4209 diligunt,
1387 4147 1438 4193 et
1469 4139 1609 4194 unde
1639 4139 1776 4193 beati
1807 4147 1949 4204 sunt,
1977 4154 2074 4193 au-

491 4228 633 4284 ferre
663 4230 764 4285 illis
794 4245 950 4285 nemo
971 4238 1166 4300 potest.
1196 4228 1474 4286 Cruciatus
1494 4246 1622 4286 vero
1645 4233 1886 4301 corporis
1909 4230 2075 4287 malas

492 4321 696 4375 animas
748 4321 1120 4376 miserabiliter
1166 4320 1382 4391 afﬂigit,
1433 4323 1602 4378 bonas
1645 4332 1822 4379 autem
1867 4322 2077 4380 fortiter

492 4422 700 4484 purgat.
748 4412 836 4469 Sic
864 4411 922 4467 tit
961 4420 1022 4468 ut
1056 4422 1112 4468 et
1152 4414 1325 4468 malus
1354 4414 1516 4469 homo
1556 4423 1610 4469 et
1652 4416 1821 4469 malus
1857 4416 2075 4486 angelus

492 4504 685 4559 divinae
713 4504 1057 4573 providentia:
1098 4504 1363 4570 militent;
1404 4505 1498 4560 sed
1526 4506 1767 4561 nesciunt
1796 4506 1919 4576 quid
1953 4506 2075 4560 boni

492 4595 561 4650 de
586 4596 690 4650 illis
715 4605 966 4666 operetur
994 4597 1153 4651 Deus.
1191 4595 1306 4652 Non
1336 4598 1511 4667 itaque
1547 4612 1642 4667 pro
1669 4599 1872 4654 meritis
1890 4599 2071 4668 ofﬁcii,

493 4685 588 4741 sed
620 4702 715 4756 pro
743 4687 946 4742 meritis
976 4686 1190 4741 malitia:
1216 4678 1624 4756 stipendiantur.

562 4777 787 4833 CAPUT
822 4777 951 4831 Vlll.
974 4807 1043 4817 —
1071 4777 1125 4832 9.
1158 4777 1340 4832 Onmia
1356 4778 1526 4833 divina
1556 4766 1867 4848 providentia
1895 4779 2075 4850 gubera

493 4870 626 4924 nari.
685 4868 789 4924 Sed
835 4880 893 4923 ut
942 4871 1024 4924 ha:
1066 4870 1296 4937 animm,
1351 4888 1469 4941 qua:
1514 4871 1710 4926 habent
1750 4872 2075 4926 voluntatem

492 4962 719 5019 nocendi
763 4971 818 5018 et
856 4962 1117 5018 rationem
1157 4963 1464 5033 cogitandi,
1516 4964 1615 5019 sub
1643 4964 1836 5018 divinis
1867 4964 2075 5034 legibus

489 5058 749 5114 Ordinatm
775 5065 917 5125 sunt,
947 5071 1013 5111 ne
1041 5055 1239 5126 aliquid
1269 5056 1519 5126 injustum
1546 5056 1771 5127 quisque
1802 5058 2072 5126 patiatur;

491 5150 563 5205 ita
590 5151 765 5206 omnia
796 5158 850 5205 et
890 5148 1141 5203 animalia
1177 5157 1231 5204 et
1258 5148 1554 5220 corporalia
1592 5149 1646 5204 in
1670 5165 1867 5220 genere
1903 5165 2001 5205 suo
2022 5159 2077 5207 et

492 5244 545 5297 in
576 5242 764 5302 ordine
791 5257 887 5298 suo
912 5241 1106 5297 divina:
1128 5241 1477 5314 providentiae
1504 5241 1707 5313 legibus
1742 5243 1947 5298 subdita
1975 5243 2073 5297 ad-

495 5335 882 5390 miuiSIrantur.
912 5335 1037 5391 ldeo
1054 5334 1309 5390 Dominus
1328 5334 1454 5390 dicit
1483 5350 1497 5387 :
1528 5331 1712 5388 Nonne
1734 5334 1834 5389 duo
1851 5352 2075 5407 passeres

493 5446 605 5483 asse
630 5438 877 5496 veneunt,
924 5438 969 5484 et
995 5446 1127 5483 unus
1164 5444 1339 5483 eorum
1375 5443 1475 5482 non
1500 5426 1635 5480 cadit
1668 5428 1719 5481 in
1760 5438 1941 5489 terram
1967 5430 2075 5484 sine

493 5520 747 5573 uoluntate
766 5519 938 5574 Putris
958 5521 1104 5573 vestri
1127 5517 1335 5592 (Matth.
1364 5532 1422 5583 χ,
1449 5514 1541 5588 29)
1564 5516 1588 5571 ?
1610 5515 1723 5572 Hoc
1748 5519 1887 5573 enim
1919 5517 2071 5585 dixit,

503 5611 687 5664 volens
723 5610 1005 5667 ostendere
1045 5608 1302 5682 quidquid
1344 5608 1661 5665 vilissimum
1700 5608 1944 5665 homines
1971 5625 2071 5680 pu-

490 5809 538 5872 qi
540 5748 690 5861 (1⁸3)(ιῂ
721 5755 853 5797 Parv.
902 5752 955 5799 et
975 5752 1083 5801 MSS.
1110 5751 1168 5800 Αι
1203 5753 1305 5799 Am.
1348 5752 1425 5798 Br.
1448 5753 1584 5812 Lov.,
1624 5744 1855 5799 ςὴιιήιαερ
1887 5745 1941 5799 in
1973 5754 2071 5800 Deo

1439 358 1526 414 DE
1567 355 1793 416 AGONE
1831 350 2264 420 CllRlSTlANO,
2303 350 2362 409 S.
2402 349 2762 410 AUGUSTlNl

3651 361 3759 421 296

2172 475 2314 536 tant,
2362 470 2743 539 omnipotentia
2776 469 2867 525 Dei
2894 470 3198 541 gubernari.
3250 474 3337 531 Sic
3365 478 3507 532 enim
3529 486 3583 534 et
3607 481 3759 536 vola-

2174 556 2283 611 tilia
2304 558 2428 614 ctnli
2457 559 2526 613 ab
2551 575 2618 615 eo
2640 562 2805 629 pasci,
2835 571 2890 616 et
2918 562 3026 617 lilia
3047 565 3158 635 agri
3184 566 3253 620 ab
3281 582 3347 622 eo
3373 570 3578 640 vestiri,
3603 572 3758 629 Veri-

2174 655 2254 702 tas
2298 650 2531 720 loquitur
2556 649 2768 724 (Matth.
2796 669 2847 708 v1
2866 693 2880 719 ,
2909 654 3001 722 26,
3033 655 3132 721 28,
3160 657 3254 725 29,
3284 657 3397 732 50),
3444 677 3563 731 quae
3586 665 3757 734 capil-

2171 739 2253 794 los
2280 740 2439 796 etiam
2483 750 2694 798 nostros
2732 755 3040 801 numeratos
3068 762 3190 803 esse
3229 748 3360 805 dicit
3386 751 3512 823 .(ld.
3543 769 3577 808 x
3598 795 3613 820 ,
3644 754 3760 826 30).

2173 828 2279 885 Sed
2309 832 2559 901 quoniam
2597 833 2823 890 mundas
2848 836 3054 891 animas
3082 840 3370 896 rationales
3414 857 3510 912 per
3549 859 3609 899 se
3648 846 3764 915 ipse

2174 919 2315 976 Deus
2338 932 2528 990 curat,
2580 924 2693 980 sive
2724 924 2775 978 in
2798 927 3015 995 optimis
3043 937 3099 983 et
3130 931 3336 1002 magnis
3363 933 3581 1002 Angelis
3606 976 3620 999 ,
3650 937 3765 991 sive

2173 1012 2228 1066 in
2259 1013 2562 1069 hominibus
2584 1023 2695 1071 tota
2722 1018 2821 1073 sibi
2851 1019 3123 1076 voluntate
3151 1022 3537 1090 servientibus;
3567 1034 3761 1087 czetera

2174 1119 2302 1159 vero
2328 1120 2425 1175 per
2452 1106 2595 1176 ipsos
2622 1108 2918 1179 gubernat;
2970 1113 3251 1169 verissime
3276 1115 3379 1170 dici
3401 1117 3571 1184 potuit
3599 1119 3763 1173 etiam

2176 1194 2303 1249 illud
2341 1195 2410 1249 ab
2444 1198 2734 1266 Apostolo,
2784 1200 2906 1255 Non
2946 1204 3082 1256 enim
3114 1204 3178 1257 de
3218 1204 3372 1260 bobus
3408 1223 3532 1261 cura
3556 1218 3628 1261 est
3652 1207 3764 1264 Deo

2176 1284 2218 1356 (Ι
2242 1284 2361 1341 Cor.
2396 1303 2469 1353 ix,
2502 1288 2585 1359 9).
2631 1290 2687 1345 In
2713 1291 3002 1363 Scripturis
3028 1296 3171 1351 enim
3199 1299 3397 1354 sanctis
3420 1300 3558 1355 Deus
3585 1300 3765 1356 bomi-a

2175 1393 2271 1433 nes
2296 1377 2454 1435 docet
2498 1383 2767 1451 quomodo
2797 1400 2919 1440 cum
2959 1386 3266 1445 hominibus
3312 1400 3505 1461 agant,
3559 1402 3613 1449 et
3662 1394 3763 1464 ipsi

2178 1470 2288 1525 Deo
2308 1472 2542 1527 serviant
2573 1491 2586 1527 :
2618 1477 2887 1545 quomodo
2915 1488 3094 1535 autem
3135 1491 3293 1552 agant
3320 1498 3442 1539 cum
3477 1486 3765 1555 pecoribus

2176 1563 2290 1619 suis
2309 1606 2325 1632 ,
2354 1564 2453 1635 ipsi
2479 1566 2693 1635 sciunt,
2726 1569 2777 1623 id
2804 1578 2920 1637 est,
2964 1573 3235 1647 quomodo
3255 1576 3479 1632 salutem
3507 1592 3766 1648 pecorum

2178 1668 2394 1710 suorum
2429 1655 2730 1727 gubernent
2756 1674 2853 1715 usu
2879 1669 2934 1716 et
2963 1663 3153 1732 peritia
3179 1675 3235 1719 et
3259 1665 3467 1722 ratione
3496 1669 3724 1723 naturali
3748 1685 3764 1736 ;

2176 1762 2296 1817 qua:
2324 1748 2537 1818 quidem
2574 1752 2750 1806 omnia
2776 1752 2844 1808 de
2882 1754 3089 1824 magnis
3132 1756 3214 1810 sui
3260 1755 3533 1814 Creatoris
3574 1760 3770 1830 Opibus

2178 1848 2520 1909 acceperunt.
2575 1842 2677 1910 Qui
2727 1859 2856 1915 ergo
2905 1857 3080 1915 potest
3133 1848 3436 1920 intelligere
3492 1854 3772 1922 quomodo

2178 1930 2442 1986 universa:
2483 1943 2743 1991 creatum
2780 1938 3027 1995 conditor
3055 1941 3196 1996 Deus
3218 1943 3483 2012 gubernet
3512 1960 3632 2000 eam
3665 1961 3769 2015 per

2180 2022 2385 2077 animas
2420 2034 2666 2095 sanctas,
2705 2042 2824 2097 qua:
2858 2031 3152 2087 ministeria
3186 2034 3203 2064 ί
3234 2034 3350 2104 ejus
3376 2044 3502 2090 sunt
3529 2038 3580 2090 in
3615 2038 3771 2093 caelis

2180 2119 2234 2165 et
2286 2112 2338 2166 in
2381 2115 2579 2182 terris;
2628 2118 2751 2187 quia
2795 2126 2850 2174 et
2900 2120 3030 2191 ipsae
3074 2134 3275 2179 sanctas
3316 2127 3509 2181 anima:
3534 2127 3603 2182 ab
3646 2129 3766 2199 ipso

2181 2200 2334 2258 facta:
2382 2212 2545 2271 sunt,
2592 2216 2647 2262 et
2691 2207 2743 2263 in
2774 2210 2891 2280 ejus
2933 2222 3179 2269 creatura
3217 2216 3502 2284 primatum
3542 2227 3765 2275 tenent:
3824 2208 3827 2209 ⁷

2180 2294 2271 2363 qui
2318 2309 2445 2365 ergo
2488 2303 2667 2364 potest
2707 2299 3008 2372 intelligere
3032 2346 3047 2370 ,
3077 2305 3375 2377 intelligat,
3416 2317 3471 2363 et
3512 2308 3672 2365 intret
3710 2311 3770 2365 in

2180 2386 2429 2454 gaudium
2460 2388 2667 2445 Domini
2692 2392 2773 2446 sui
2807 2392 3016 2463 (Matth.
3044 2411 3175 2462 xxv,
3203 2396 3313 2467 2t).

2253 2475 2476 2532 CAPUT
2515 2478 2605 2532 IX.
2630 2511 2704 2521 —
2731 2481 2819 2536 10.
2853 2481 3091 2538 Ilortatio
3114 2485 3183 2538 ad
3200 2486 3506 2556 gustandam
3535 2487 3770 2543 dulcedi-

2182 2582 2296 2620 nem
2319 2567 2437 2623 Dei.
2470 2568 2526 2624 Si
2555 2580 2733 2626 autem
2770 2571 2873 2628 hoc
2900 2588 3004 2628 non
3037 2590 3318 2644 possumus
3337 2618 3352 2645 ,
3398 2578 3649 2648 quamdiu
3678 2594 3773 2634 su—

2185 2675 2303 2714 mus
2333 2660 2385 2714 in
2425 2676 2653 2732 corpore
2674 2704 2691 2731 ,
2722 2672 2776 2719 et
2821 2667 3220 2735 peregrinamur
3244 2683 3274 2721 a
3306 2668 3530 2724 Domino
3553 2668 3617 2739 (ll
3646 2669 3768 2725 Cor.

2183 2766 2251 2817 v,
2279 2749 2373 2822 6),
2421 2761 2693 2823 gustemus
2722 2754 2910 2811 saltem
2958 2772 3115 2826 quam
3166 2759 3343 2813 suavis
3368 2768 3452 2815 est
3492 2760 3768 2825 Dominus,

2184 2842 2357 2913 (Psal.
2383 2859 2587 2910 χχχιιι,
2637 2844 2693 2918 9)
2723 2847 2841 2917 quia
2870 2846 3017 2902 dedit
3061 2848 3214 2903 nobis
3243 2851 3265 2881 ⁸
3289 2850 3477 2921 pignus
3514 2851 3772 2922 Spiritum

2187 2935 2252 3009 (ll
2277 2934 2395 2992 Cor.
2428 2953 2475 3004 ι,
2505 2937 2576 2991 22
2596 2980 2611 3006 ,
2639 2948 2686 2993 et
2716 2954 2787 3008 v,
2818 2938 2875 3012 ὅ)
2895 2981 2910 3006 ,
2952 2941 3003 2995 in
3040 2957 3146 3012 quo
3173 2943 3467 2999 sentiamus
3508 2944 3623 3015 ejus
3648 2944 3774 3000 dul-

2183 3027 2425 3083 cedinem
2473 3046 2486 3083 :
2532 3038 2585 3085 et
2627 3029 2994 3087 desideremus
3039 3032 3213 3103 ipsum
3241 3035 3364 3090 vitae
3394 3034 3624 3102 fontem,
3675 3037 3772 3091 ubi

2183 3120 2358 3175 sobria
2378 3121 2635 3177 ebrietate
2657 3121 2980 3178 inundemur
3006 3133 3062 3179 et
3082 3125 3378 3196 irrigemur,
3402 3127 3538 3183 sicut
3565 3128 3772 3199 lignum

2184 3213 2323 3284 quod
2357 3214 2648 3283 plantatum
2674 3223 2757 3269 est
2779 3215 3071 3271 secundum
3104 3217 3361 3274 decursus
3389 3232 3643 3288 aquarum
3666 3260 3683 3284 ,
3712 3226 3775 3275 et

2182 3305 2274 3359 dat
2302 3304 2531 3360 fructum
2570 3306 2622 3360 in
2667 3315 2908 3376 tempore
2937 3322 3070 3376 suo,
3102 3318 3157 3365 et
3191 3310 3310 3365 folia
3349 3310 3463 3382 ejus
3487 3326 3592 3366 non
3618 3310 3772 3366 deci-

2182 3397 2312 3454 dent
2336 3398 2507 3470 (Psal.
2539 3415 2586 3465 ι,
2612 3398 2712 3471 5)?
2739 3400 2875 3455 Dicit
2893 3402 3033 3455 enim
3054 3402 3284 3471 Spiritus
3337 3412 3550 3460 sanctus
3586 3419 3599 3456 :
3641 3402 3771 3458 Filii

2182 3499 2351 3543 autem
2379 3491 2640 3544 hominum
2667 3491 2723 3545 in
2748 3494 2964 3563 tegmine
2981 3494 3177 3548 alarum
3202 3503 3402 3548 tuarum
3424 3494 3694 3565 sperabunt
3749 3511 3771 3549 :

2181 3581 2558 3636 inebriabuntur
2607 3582 2670 3637 ab
2698 3583 2920 3639 ubertate
2946 3586 3126 3641 domus
3171 3596 3302 3654 tute,
3341 3594 3388 3641 et
3415 3596 3632 3642 torrente
3675 3603 3771 3641 no-

2183 3672 2390 3743 luptatis
2415 3683 2516 3728 tua:
2552 3675 2745 3744 potabis
2771 3693 2875 3730 eos.
2917 3677 3168 3744 Quoniam
3194 3679 3335 3748 apud
3359 3688 3407 3732 te
3424 3688 3497 3732 est
3520 3680 3636 3748 fons
3654 3679 3774 3734 vitae

2182 3765 2357 3837 (Psal.
2400 3782 2579 3834 xxxv,
2626 3767 2800 3841 8-10).
2831 3770 2973 3825 Talis
2994 3770 3222 3826 ebrietas
3253 3785 3356 3825 non
3395 3772 3587 3827 evertit
3610 3788 3772 3828 men-

2182 3865 2326 3925 tem,
2369 3857 2464 3912 sed
2510 3867 2688 3914 tamen
2726 3861 2863 3930 rapit
2887 3876 3127 3928 sursum,
3172 3871 3227 3917 et
3254 3861 3576 3918 oblivionem
3623 3880 3771 3935 pra:-

2179 3966 2285 4013 stat
2313 3957 2548 4012 omnium
2576 3966 2909 4014 terrenorum
2943 3975 2958 4013 :
2988 3959 3082 4015 sed
3102 3959 3146 4014 si
3176 3974 3456 4029 possumus
3483 3967 3597 4015 toto
3635 3959 3772 4015 ail‘c-

2179 4058 2266 4105 ctu
2302 4049 2411 4120 jam
2440 4049 2653 4116 dicere,
2705 4049 3143 4118 Quemadmodum
3182 4050 3431 4105 desiderat
3477 4067 3650 4106 cervus
3696 4052 3777 4105 ad

2181 4144 2342 4213 fontes
2382 4158 2661 4215 aquarum,
2704 4143 2777 4196 ita
2804 4141 3056 4197 desiderat
3094 4144 3263 4197 anima
3292 4159 3401 4197 mea
3426 4142 3494 4197 ad
3520 4152 3595 4211 te,
3626 4142 3776 4199 Deus

2180 4232 2351 4303 (Psal.
2377 4250 2496 4301 xu,
2520 4232 2601 4306 2).

2248 4322 2476 4381 CAPUT
2512 4324 2582 4380 X.
2610 4355 2683 4366 —
2703 4326 2789 4380 Η.
2820 4324 2989 4381 Filius
3016 4326 3112 4382 Dei
3150 4336 3352 4398 propter
3376 4344 3469 4382 nos
3508 4327 3655 4381 homo
3677 4328 3773 4397 fn—

2178 4418 2304 4471 ctus.
2347 4415 2584 4471 Liberum
2607 4416 2890 4472 arbitrium.
2927 4417 3077 4487 Quod
3103 4420 3145 4473 si
3178 4418 3314 4474 forte
3344 4418 3519 4473 adhuc
3546 4426 3777 4489 propter

2178 4507 2517 4577 mgritudines
2541 4508 2765 4577 animae,
2804 4525 2937 4579 quas
2972 4511 3041 4566 de
3075 4511 3253 4565 smculi
3278 4525 3462 4565 amore
3482 4510 3726 4579 concepit
3750 4552 3770 4579 ,

2178 4614 2278 4653 nec
2303 4608 2519 4669 gustare
2543 4614 2727 4656 sumus
2769 4601 2945 4656 idonei
2974 4617 3130 4672 quam
3160 4602 3332 4657 dulcis
3358 4612 3439 4656 est
3469 4600 3724 4655 Dominus
3752 4643 3773 4670 ,

2178 4691 2263 4747 vel
2292 4690 2573 4747 credamus
2612 4691 2805 4748 divinae
2829 4693 3161 4759 auctoritati,
3192 4708 3348 4762 quam
3375 4692 3541 4747 voluit
3562 4706 3681 4747 esse
3711 4691 3773 4747 in

2179 4781 2468 4853 Scripturis
2493 4784 2693 4839 sanctis
2715 4782 2782 4838 de
2802 4783 2938 4837 Filio
2964 4798 3060 4837 suo
3081 4824 3096 4850 ,
3128 4783 3213 4850 qui
3238 4784 3402 4854 factus
3430 4791 3502 4836 est
3531 4782 3578 4835 ei
3599 4798 3661 4836 ex
3686 4797 3776 4835 se-

2179 4874 2314 4929 mine
2345 4874 2512 4930 David
2537 4875 2812 4931 secundum
2848 4891 3047 4928 carnem
3067 4917 3082 4941 ,
3111 4875 3250 4929 sicut
3275 4874 3563 4945 Apostolus
3589 4874 3774 4944 loqui-

2180 4976 2265 5021 tur
2290 4968 2464 5039 (ltom.
2491 4984 2536 5034 ι,
2578 4967 2657 5038 5).
2691 4965 2874 5020 Omnia
2900 4966 3033 5018 enim
3073 4981 3162 5033 per
3207 4966 3375 5029 ipsum
3421 4969 3561 5035 facta
3611 4974 3771 5031 sunt,

2180 5058 2318 5112 sicut
2346 5059 2395 5111 in
2427 5058 2711 5127 Evangelio
2754 5054 3009 5123 scriptum
3036 5064 3152 5121 est,
3196 5064 3242 5109 et
3286 5056 3394 5109 sine
3438 5056 3549 5125 ipso
3572 5053 3774 5124 factum

2180 5157 2252 5202 est
2281 5147 2410 5201 nihil
2450 5147 2623 5218 (Joan.
2650 5163 2697 5213 ι,
2732 5147 2811 5215 5).
2867 5144 2969 5212 Qui
3001 5154 3195 5200 nostrae
3240 5145 3619 5201 imbecillitatis
3660 5148 3774 5201 mi-

2179 5252 2353 5296 sertus
2394 5250 2501 5307 est;
2532 5255 2688 5310 quam
2717 5239 3134 5296 imbecillitatem
3170 5255 3274 5295 non
3301 5240 3417 5310 ejus
3439 5255 3637 5311 opere,
3672 5242 3775 5297 sed

2181 5339 2361 5387 nostra
2408 5330 2678 5386 voluntate
2724 5331 3035 5386 meruimus.
3092 5331 3222 5387 Nam
3288 5332 3427 5387 Deus
3492 5330 3772 5387 hominem

2180 5422 2694 5484 inextermiuabilem
2725 5421 2850 5478 fecit
2903 5422 3065 5493 (Sap.
3087 5439 3121 5477 ιι
3144 5463 3157 5487 ,
3181 5422 3312 5492 25),
3363 5431 3419 5477 et
3456 5422 3504 5477 ei
3536 5422 3770 5477 liberum

2180 5511 2467 5569 voluntatis
2496 5512 2774 5568 arbitrium
2810 5512 2980 5567 dedit.
3009 5511 3124 5567 Non
3151 5513 3291 5568 enim
3319 5521 3463 5568 esset
3489 5514 3724 5581 optimus
3751 5554 3772 5579 ,

2179 5608 2223 5662 si
2254 5606 2345 5661 Dei
2373 5605 2648 5676 praeceptis
2685 5606 3039 5672 necessitate,
3068 5619 3176 5659 non
3214 5604 3488 5660 voluntate
3516 5606 3770 5662 serviret.

2243 5750 2259 5780 ί
2294 5745 2367 5795 sic
2388 5751 2523 5795 Parv.
2546 5755 2656 5794 cum
2677 5751 2784 5795 ns.
2809 5742 2937 5793 Editf
2951 5752 3073 5792 vero
3092 5737 3192 5801 alii,
3212 5741 3460 5803 mysteria.

2243 5812 2264 5843 ³
2297 5814 2431 5862 Pan.
2460 5814 2512 5859 et
2535 5804 2760 5872 plerique
2783 5816 2914 5870 Mss,
2945 5802 3192 5866 Donatius,
3322 5802 3460 5856 dedit
3486 5800 3639 5855 nobis.

3002 5941 3047 5981 δ
