4046 6332
252 482 413 540 Facile
434 489 522 538 est
567 483 822 549 omnino,
867 492 1121 552 quantum
1147 473 1393 537 existimo
1425 492 1439 535 :
1466 478 1609 551 quod
1635 480 1832 537 intelli-

253 587 366 646 gere
392 572 626 641 nolunt,
657 572 749 643 qui
794 572 1112 627 catholicam
1160 571 1513 627 deseruerunt
1539 570 1733 638 ﬁdem,
1776 579 1833 627 et

250 664 516 720 christiani
565 663 745 719 vocari
783 664 986 718 volunt.
1024 663 1157 718 Nam
1196 664 1242 718 si
1271 663 1550 719 nobiscum
1596 660 1833 719 fatentur

249 763 481 810 naturam
534 764 777 821 nostram
820 769 928 809 non
974 755 1153 809 sanari
1195 753 1299 809 nisi
1337 762 1481 810 recte
1545 752 1827 821 faciendo;

247 846 501 904 fateantur
529 863 653 904 eam
683 863 789 903 non
837 848 1095 903 inﬁrmari
1150 846 1252 902 nisi
1282 848 1573 918 peccando.
1603 848 1670 902 Et
1711 847 1832 903 ideo

245 948 447 995 nonest
490 938 823 994 credendum
863 939 1096 993 animam
1122 948 1358 994 nostram
1384 939 1486 994 hoc
1526 954 1647 996 esse
1687 938 1831 1010 quod

248 1033 377 1088 Dens
400 1040 488 1088 est
517 1050 532 1087 :
565 1032 688 1099 quia
716 1031 762 1087 si
799 1032 900 1087 hoc
928 1040 1100 1101 esset,
1137 1046 1237 1087 nec
1270 1047 1365 1087 sua
1396 1032 1664 1088 voluntate
1683 1073 1699 1100 ,
1730 1046 1830 1087 nec

241 1124 405 1195 aliqua
449 1126 777 1181 necessitate
820 1124 877 1179 in
904 1124 1141 1180 deterius
1164 1133 1463 1180 mutaretur
1489 1126 1543 1191 ¹;
1574 1124 1829 1195 quoniam

240 1216 373 1273 omni
403 1217 569 1272 modo
598 1217 1048 1272 incommutabilis
1086 1216 1397 1288 intelligitur
1428 1216 1602 1284 Deus,
1634 1216 1729 1272 sed
1759 1215 1828 1271 ab

239 1308 423 1379 eisqui
472 1324 582 1363 non
628 1308 683 1363 in
713 1309 1058 1364 contentione
1102 1316 1159 1363 et
1185 1308 1528 1363 aemulatione
1574 1316 1630 1364 et
1675 1322 1828 1363 vanae

239 1400 408 1471 gloria:
447 1400 742 1471 cupiditate
794 1409 976 1456 amant
1005 1401 1148 1471 loqui
1200 1400 1343 1470 quod
1396 1400 1674 1468 nesciunt,
1731 1399 1828 1455 sed

238 1491 530 1548 humilitate
556 1491 847 1547 christiana
874 1492 1112 1547 sentiunt
1137 1491 1205 1547 de
1232 1491 1462 1547 Domino
1489 1492 1541 1546 in
1564 1492 1823 1558 bonitate,

237 1585 358 1640 etin
401 1584 750 1655 simplicitate
800 1584 979 1640 cordis
1028 1591 1274 1655 quaerunt
1302 1598 1424 1639 eum
1468 1582 1623 1657 (Sap.
1665 1600 1713 1649 ι,
1744 1584 1822 1654 1).

238 1675 371 1732 Hanc
397 1691 530 1747 ergo
558 1674 977 1731 imbecillitatem
1015 1684 1251 1730 nostram
1281 1675 1551 1744 suscipere
1580 1673 1825 1744 dignatus

236 1779 307 1826 est
328 1768 501 1825 Filius
532 1769 662 1835 Dei,
690 1777 736 1824 et
770 1767 986 1823 Verbum
1011 1785 1127 1821 caro
1148 1771 1336 1839 factum
1366 1777 1438 1821 est
1458 1808 1472 1832 ,
1509 1778 1557 1821 et
1586 1767 1826 1822 habitauit

235 1861 280 1915 in
299 1861 440 1915 ηοὺίε
465 1859 647 1932 (Joan.
680 1876 730 1924 ι,
765 1859 852 1931 ii)
883 1876 895 1912 :
924 1874 1030 1914 non
1060 1860 1183 1929 quia
1212 1859 1483 1914 aeternitas
1510 1859 1595 1915 illa
1622 1868 1822 1914 mutata

235 1959 340 2019 est,
371 1951 468 2006 sed
495 1951 625 2021 quia
664 1950 973 2005 mutabilem
1020 1958 1319 2004 creaturam
1350 1950 1693 2006 mutabilibus
1724 1950 1822 2006 ho-

235 2043 425 2098 minum
465 2043 641 2099 oculis
668 2041 937 2109 ostendit,
968 2056 1132 2113 quam
1176 2041 1599 2097 incommutabili
1650 2042 1820 2113 maje-

233 2142 358 2190 state
382 2135 644 2203 suscepit.

292 2225 520 2282 CAPUT
560 2225 654 2280 XI.
681 2253 755 2266 ——
783 2225 870 2280 12.
914 2225 1102 2280 Modus
1147 2225 1398 2281 liberandi
1436 2226 1691 2282 hominem
1732 2244 1824 2298 per

233 2316 421 2371 Filium
444 2315 546 2371 Dei
582 2318 908 2372 incantatam
948 2334 1100 2388 quam
1124 2318 1444 2373 conveniens.
1474 2318 1613 2374 Sunt
1644 2328 1822 2375 autem

233 2410 368 2465 stulti
408 2412 502 2481 qui
555 2408 912 2477 dicunt,Non
960 2420 1168 2481 poterat
1204 2412 1359 2467 aliter
1404 2411 1675 2482 Sapientia
1726 2411 1823 2469 Dei

232 2499 467 2557 homines
495 2502 763 2568 liberare,
794 2501 897 2557 nisi
954 2502 1249 2573 susciperet
1284 2501 1592 2570 hominem,
1624 2512 1678 2558 et
1721 2518 1821 2557 na-

232 2601 463 2649 sceretur
487 2592 563 2649 de
602 2592 799 2649 femina
818 2636 834 2659 ,
866 2601 927 2649 et—
961 2608 993 2648 a
1023 2593 1391 2664 peccatoribus
1414 2594 1593 2649 omnia
1619 2594 1708 2649 illa
1730 2610 1824 2665 pa-

232 2688 461 2744 teretur?
513 2686 722 2756 Quibus
766 2686 993 2742 dicimus
1026 2703 1041 2740 :
1070 2686 1290 2743 Poterat
1341 2687 1560 2743 omnino
1582 2727 1596 2753 ,
1629 2687 1725 2743 sed
1773 2688 1821 2743 si

234 2780 379 2836 aliter
408 2780 648 2848 faceret,
684 2780 931 2836 similiter
977 2790 1172 2837 vestrae
1212 2780 1453 2838 stultitiae
1493 2780 1818 2852 displiceret.

235 2870 287 2926 Si
323 2872 473 2927 enim
502 2886 613 2927 non
665 2879 950 2949 appareret
996 2871 1165 2927 oculis
1213 2882 1591 2942 peccatorum,
1640 2872 1822 2930 lumen

235 2963 340 3035 eius
364 2972 636 3021 aeternum
658 2964 874 3035 utique,
906 2964 1050 3035 quod
1089 2981 1185 3036 per
1222 2966 1503 3023 interiores
1528 2966 1713 3023 oculos
1738 2968 1820 3021 vi-

235 3054 407 3122 detur,
439 3056 735 3127 inquinatis
780 3054 1046 3110 mentibus
1093 3055 1265 3111 videri
1294 3072 1399 3112 non
1427 3069 1627 3128 posset.
1671 3058 1823 3115 Nunc

236 3156 400 3203 autem
430 3147 557 3217 quia
587 3147 872 3202 visibiliter
906 3162 1007 3203 nos
1035 3162 1379 3205 commonere
1419 3149 1669 3221 dignatus
1698 3159 1818 3218 est,

238 3236 372 3292 utad
413 3238 707 3293 invisibilia
761 3246 1118 3308 praepararet,
1164 3238 1412 3310 displicet
1458 3242 1667 3307 avaris,
1700 3244 1821 3312 quia

238 3343 334 3383 non
358 3343 581 3383 aureum
612 3343 808 3399 corpus
836 3328 1055 3396 habuit;
1084 3328 1329 3400 diSplicet
1356 3330 1635 3402 impudicis
1654 3374 1669 3400 ,
1699 3334 1822 3403 quia

236 3417 297 3475 de
320 3419 513 3475 femina
542 3430 701 3474 natus
729 3428 813 3475 est
842 3420 1087 3492 (multum
1117 3421 1262 3476 enim
1291 3421 1519 3477 oderunt
1546 3423 1819 3492 impudici,

237 3510 367 3580 quod
390 3511 703 3581 concipiunt
727 3520 782 3565 et
810 3512 1025 3581 pariunt
1057 3509 1328 3585 feminte);
1357 3512 1602 3583 displicet
1631 3530 1818 3585 super-

236 3599 346 3671 bis,
372 3602 521 3673 quod
560 3603 916 3657 contumelias
945 3604 1335 3673 patientissime
1365 3605 1611 3674 pertulit;
1639 3605 1825 3676 displi-

235 3700 315 3749 cet
354 3693 603 3749 delicatis
624 3736 641 3762 ,
670 3694 794 3765 quia
841 3695 1108 3751 cruciatus
1137 3704 1253 3762 est;
1302 3696 1546 3766 displicet
1585 3698 1781 3754 timidis
1804 3742 1818 3767 ,

233 3785 350 3854 quia
372 3794 621 3840 mortuus
664 3793 766 3840 est.
800 3784 867 3839 Et
897 3793 954 3840 ut
979 3801 1087 3841 non
1117 3786 1243 3841 vitia
1290 3802 1386 3842 sua
1409 3788 1692 3844 videantur
1730 3790 1825 3846 de-

233 3872 447 3931 fendere
468 3917 485 3943 ,
512 3889 624 3931 non
654 3874 709 3930 in
741 3873 960 3931 homine
987 3874 1173 3931 dicunt
1215 3877 1317 3933 sibi
1346 3876 1450 3934 hoc
1496 3879 1779 3951 displicere
1802 3922 1818 3949 ,

231 3964 320 4020 sed
349 3966 407 4020 in
432 3965 577 4022 Filio
604 3965 719 4021 Dei.
763 3964 882 4021 Non
908 3966 1050 4022 enim
1089 3968 1389 4039 intelligunt
1410 3970 1537 4041 quid
1566 3972 1634 4026 sit
1667 3982 1823 4028 teter-

230 4056 365 4111 nitas
390 4056 524 4126 Dei,
578 4071 699 4127 quae
743 4056 1016 4113 hominem
1066 4060 1386 4129 assumpsit;
1443 4071 1497 4116 et
1533 4061 1661 4132 quid
1707 4064 1823 4133 ipsa

232 4146 460 4203 humana
508 4158 754 4203 creatura
776 4188 791 4215 ,
823 4164 943 4219 quae
989 4149 1375 4207 mutationibus
1402 4152 1512 4207 suis
1542 4153 1598 4208 in
1642 4155 1822 4224 pristi-

231 4256 350 4296 nam
380 4241 692 4298 ﬁrmitatem
723 4242 1074 4299 revocabatur
1093 4285 1108 4312 ,
1137 4253 1197 4300 ut
1219 4244 1570 4316 disceremus,
1598 4248 1823 4307 docente

230 4334 343 4404 ipso
373 4335 642 4402 Domino,
673 4336 1009 4391 inﬁrmitates
1034 4352 1166 4408 quas
1192 4338 1465 4407 peccando
1488 4340 1819 4412 collegimus,

230 4434 373 4480 recte
398 4423 650 4481 faciendo
693 4441 851 4495 posse
880 4426 1076 4481 sanari.
1117 4424 1509 4483 Ostendebatur
1535 4431 1678 4486 enim
1722 4448 1823 4487 no-

230 4513 307 4571 bis
325 4516 398 4572 ad
423 4531 592 4587 quam
622 4514 959 4588 fragilitatem
985 4515 1146 4572 homo
1180 4532 1276 4572 sua
1297 4518 1451 4589 culpa
1481 4522 1821 4589 pervenerit,

230 4618 275 4661 et
301 4622 375 4662 ex
401 4621 511 4678 qua
556 4606 844 4678 fragilitate
888 4606 1066 4663 divino
1104 4609 1300 4665 auxilio
1339 4608 1613 4666 liberetur.
1642 4610 1824 4683 Itaque

229 4695 397 4753 Filius
424 4698 526 4754 Dei
572 4698 849 4754 hominem
898 4701 1218 4771 assumpsit,
1269 4710 1324 4757 et
1366 4703 1421 4757 in
1465 4703 1555 4758 illo
1591 4703 1823 4759 humana

231 4804 525 4861 perpessus
563 4799 665 4845 est.
730 4791 857 4845 Haec
908 4792 1169 4847 medicina
1213 4792 1489 4849 hominum
1547 4804 1690 4851 tanta
1718 4806 1821 4866 est,

230 4891 425 4950 quanta
445 4897 557 4938 non
586 4890 766 4952 potest
788 4885 1029 4954 cogitari.
1060 4884 1192 4940 Nam
1223 4901 1344 4957 quae
1374 4889 1621 4957 superbia
1648 4891 1823 4945 sanari

232 4984 441 5043 potest,
496 4974 547 5030 si
598 4976 894 5032 humilitate
942 4975 1062 5032 Filii
1090 4978 1186 5034 Dei
1239 4994 1347 5034 non
1389 4982 1643 5036 sanatur?
1696 4981 1826 5051 Quae

229 5066 454 5121 avaritia
480 5068 659 5121 sanari
685 5075 894 5137 potest,
923 5067 969 5122 si
994 5078 1301 5139 paupertate
1339 5069 1455 5125 Filii
1486 5072 1579 5127 Dei
1609 5087 1714 5128 non
1738 5089 1826 5130 sa-

231 5159 431 5213 natur?
455 5158 589 5224 Qua:
617 5158 893 5215 iracundia
916 5162 1093 5215 sanari
1124 5170 1333 5232 potest,
1357 5164 1401 5218 si
1426 5165 1676 5233 patientia
1705 5165 1826 5223 Filii

230 5248 327 5306 Dei
354 5267 469 5308 non
494 5254 747 5308 sanatur?
775 5252 905 5321 Quae
933 5254 1177 5325 impietas
1205 5257 1381 5311 sanari
1414 5268 1604 5327 potest,
1633 5260 1675 5314 si
1701 5260 1829 5315 cha-

228 5343 394 5399 ritate
419 5343 549 5399 Filii
577 5345 673 5400 Dei
712 5361 820 5401 non
844 5348 1101 5402 sanatur?
1128 5346 1404 5404 Postremo
1431 5366 1548 5420 qua:
1576 5353 1828 5408 timiditas

230 5434 418 5489 sanari
444 5444 656 5505 potest,
705 5437 751 5490 si
795 5438 1184 5495 resurrectione
1212 5441 1452 5510 corporis
1493 5440 1688 5499 Christi
1726 5445 1830 5499 Do-

230 5524 366 5580 mini
392 5527 416 5558 ²
445 5542 555 5582 non
597 5528 852 5583 sanatur?
879 5528 1059 5599 Erigat
1084 5543 1231 5600 spem
1261 5546 1409 5585 suam
1434 5547 1603 5603 genus
1641 5535 1830 5593 huma—
1860 5564 1867 5571 -

235 5628 362 5671 num
382 5659 401 5684 ,
429 5630 485 5673 et
510 5630 863 5690 recognoth
893 5630 1136 5676 naturam
1166 5636 1313 5678 suam
1334 5638 1350 5691 ;
1374 5624 1553 5681 videat
1574 5637 1829 5697 quantum

297 5753 315 5816 ξ
341 5760 530 5816 onmes
550 5753 660 5805 fere
681 5762 811 5816 uss,
834 5763 1120 5807 uacuaretur.

294 5813 317 5844 ²
349 5814 475 5864 miti
500 5823 764 5883 Parv._Atn.
784 5813 957 5883 _Er._et
1118 5819 1371 5883 omittunt,
1419 5821 1596 5877 clum
1615 5824 1824 5879 mm.

230 5877 725 5931 mamenoodex
750 5881 857 5942 ejus
876 5878 983 5930 loco
1004 5880 1171 5942 habet,
1195 5883 1305 5937 ﬁlii

528 5960 756 6029 Sacr.
801 5964 1080 6027 Aususr.
1109 5966 1216 6029 Vl.

1659 363 1865 428 LIBER
1902 368 2107 427 UNUS.

1936 479 2113 538 locum
2138 478 2327 537 habeat
2362 476 2415 537 in
2445 480 2697 552 Operihus
2720 480 2837 540 Dei.
2879 480 3052 542 Nolite
3076 501 3175 543 vos
3199 489 3344 561 ipsos
3388 505 3528 549 con.

1941 579 2206 637 temnere,
2230 571 2363 636 viri;
2415 571 2580 627 Filius
2607 572 2701 628 Dei
2746 574 2920 630 virum
2946 578 3199 647 suscepit.
3228 578 3401 637 Nolite
3430 592 3526 638 vos

1938 661 2080 732 ipsas
2124 670 2499 731 contemnere,
2550 664 2792 732 feminae;
2834 666 3001 723 Filius
3054 668 3148 723 Dei
3181 681 3421 728 natusex
3443 672 3525 727 fe-

1936 752 2080 805 mina
2109 760 2211 809 est.
2239 751 2413 808 Nolite
2436 763 2613 809 tamen
2640 770 2821 811 amare
2845 757 3115 825 carnalia;
3147 761 3268 830 quia
3298 761 3352 815 in
3381 760 3521 819 Filio

1935 842 2027 896 Dei
2058 857 2159 898 nec
2198 844 2469 899 masculus
2506 859 2605 901 nec
2652 844 2849 901 femina
2891 863 3096 905 sumus.
3130 849 3302 906 Nolite
3342 864 3528 909 amare

1936 933 2283 1002 temporalia;
2312 934 2432 1003 quia
2454 935 2498 989 si
2522 936 2661 992 bene
2685 946 2992 995 amarentur
3009 982 3024 1006 ,
3046 952 3248 998 amaret
3275 959 3337 999 ea
3359 944 3523 1003 homo
3602 956 3605 957 '

1934 1036 2093 1093 quem
2122 1025 2355 1095 suscepit
2383 1023 2549 1082 Filius
2590 1025 2709 1083 Dei.
2740 1028 2915 1085 Nolite
2945 1031 3134 1089 timere
3170 1036 3524 1093 contumelias

1932 1119 1988 1166 et
2030 1127 2218 1169 cruces
2246 1123 2300 1168 ct
2328 1126 2589 1183 mortem;
2621 1119 2743 1188 quia
2770 1119 2815 1175 si
2853 1133 3111 1180 nocerent
3148 1125 3384 1194 homini,
3412 1144 3527 1184 non

1931 1219 1997 1259 ea
2025 1214 2297 1274 pateretur
2341 1206 2503 1264 homo
2530 1225 2691 1279 quem
2739 1215 2974 1284 suscepit
3020 1214 3185 1272 Filius
3228 1218 3342 1273 Dei.
3393 1219 3524 1275 Haec

1932 1297 2107 1353 omnis
2144 1297 2376 1354 hortatio
2394 1341 2409 1366 ,
2439 1316 2558 1370 quae
2579 1301 2689 1372 jam
2718 1303 2914 1375 ubique
2944 1307 3292 1376 praedicatur,
3322 1310 3522 1382 ubique

1932 1398 2251 1457 veneratur,
2279 1408 2398 1463 quae
2435 1408 2648 1450 omnem
2688 1395 3027 1455 obedientem
3065 1400 3301 1456 animam
3329 1412 3522 1473 sanat,

1932 1497 2039 1537 non
2074 1492 2218 1540 esset
2244 1485 2298 1539 in
2324 1486 2487 1541 rebus
2514 1485 2795 1555 humanis,
2827 1489 3001 1546 sinon
3040 1504 3224 1549 essent
3252 1496 3389 1550 facta
3430 1495 3524 1554 illa

1930 1574 2111 1629 omnia
2162 1590 2281 1645 qua:
2324 1576 2652 1634 stultissimis
2703 1579 3004 1651 displicent.
3053 1583 3222 1653 Quem
3273 1586 3522 1659 dignatur

1930 1662 2125 1719 imitari
2152 1665 2342 1721 vitiosa
2366 1666 2640 1737 iactantia,
2673 1679 2730 1725 ut
2758 1671 2825 1726 ad
2850 1674 3100 1730 virtutem
3121 1677 3525 1749 percipiendam

1929 1755 2101 1824 possit
2135 1756 2358 1823 adduci,
2405 1759 2450 1813 si
2493 1761 2764 1816 erubescit
2806 1762 3003 1819 imitari
3032 1781 3154 1821 eum
3190 1768 3258 1823 de
3304 1785 3410 1841 quo
3436 1771 3524 1827 di-

1928 1854 2073 1902 ctum
2097 1858 2178 1903 est
2206 1857 2489 1919 antequam
2514 1862 2826 1907 nasceretur
2844 1896 2859 1920 ,
2887 1855 3031 1925 quod
3060 1855 3229 1913 Filius
3259 1859 3526 1921 Altissimi

1928 1939 2204 1995 vocabitur
2246 1937 2397 2012 (Luc.
2444 1957 2496 2010 ι,
2528 1942 2656 2015 52),
2705 1954 2759 1999 et
2786 1959 2882 2016 per
2917 1962 3105 2003 omnes
3142 1949 3254 2019 jam
3298 1962 3525 2022 gentes,

1929 2030 2073 2100 quod
2104 2046 2300 2102 negare
2325 2048 2486 2088 nemo
2525 2043 2733 2103 potest,
2766 2036 2932 2092 Filius
2962 2038 3222 2095 Altissimi
3260 2045 3525 2100 vocaturi

1928 2119 1987 2177 Si
2014 2120 2240 2176 multum
2260 2122 2329 2177 de
2357 2123 2512 2179 nobis
2540 2126 2803 2182 sentimus
2823 2168 2838 2193 ,
2864 2128 3146 2199 dignemur
3171 2131 3367 2188 imitari
3394 2150 3525 2191 eum

1925 2212 2015 2281 qui
2038 2206 2203 2266 Filius
2238 2212 2500 2269 Altissimi
2544 2226 2763 2271 vocatur
2794 2235 2807 2272 :
2837 2220 2880 2273 si
2909 2234 3095 2291 parum
3117 2223 3184 2279 de
3212 2225 3366 2283 nobis
3388 2242 3522 2283 sen-

1926 2303 2124 2372 timus,
2168 2303 2459 2360 audeamus
2500 2306 2695 2362 imitari
2737 2309 3032 2379 piscatores
3066 2323 3123 2369 et
3168 2315 3524 2390 publicanos,

1926 2395 2018 2465 qui
2058 2409 2181 2451 eum
2220 2395 2411 2450 imitati
2441 2407 2587 2453 sunt.
2620 2398 2665 2455 Ο
2688 2401 3009 2459 medicinam
3052 2407 3301 2463 omnibus
3328 2424 3528 2469 consu-

1927 2485 2163 2565 lentem,
2192 2488 2371 2542 omnia
2420 2491 2673 2546 tumcntia
2715 2495 3192 2566 comprimentcm,
3222 2501 3401 2557 omnia
3442 2510 3528 2558 ta-

1926 2576 2201 2632 bescentia
2239 2577 2570 2635 reﬁcientetu
2591 2622 2606 2647 ,
2638 2583 2815 2638 omnia
2840 2586 3104 2655 superflua
3150 2601 3482 2650 resecantem
3501 2634 3523 2664 ,

1926 2668 2104 2723 omnia
2133 2670 2434 2726 necessaria
2459 2673 2844 2730 custodientem
2865 2717 2879 2742 ,
2908 2681 3085 2734 omnia
3113 2681 3321 2751 perdita
3358 2700 3524 2758 repa-

1924 2769 2168 2825 rantem,
2210 2761 2387 2815 omnia
2429 2761 2713 2833 depravata
2741 2767 3126 2839 corrigentem!
3159 2771 3291 2841 Quis
3311 2774 3425 2845 jam
3457 2792 3522 2835 se

1927 2850 2144 2906 extollat
2171 2863 2358 2907 contra
2388 2852 2580 2909 Filium
2608 2855 2739 2910 Dei?
2764 2857 2894 2925 Quis
2914 2859 2983 2915 de
3016 2877 3077 2919 se
3105 2863 3393 2936 desperet,
3422 2884 3524 2939 pro

1928 2956 2036 3012 quo
2075 2951 2184 2997 tam
2226 2943 2442 3000 humilis
2478 2961 2599 3002 esse
2638 2949 2805 3004 voluit
2834 2950 3001 3009 Filius
3045 2952 3179 3011 Dei?
3219 2959 3351 3027 Quis
3393 2960 3547 3017 bes-7

1928 3039 2037 3086 tam
2067 3032 2230 3088 vitam
2276 3048 2397 3089 esse
2432 3036 2720 3093 arbitretur
2762 3042 2813 3095 in
2854 3042 2920 3096 iis
2964 3060 3083 3114 qua:
3125 3053 3523 3110 contemnenda

1924 3137 2046 3178 esse
2075 3122 2256 3179 docuit
2280 3124 2450 3182 Filius
2490 3128 2618 3182 Dei?
2644 3129 2848 3196 Quibus
2881 3133 3292 3195 adversitatibus
3326 3143 3520 3215 cedat,

1926 3214 2019 3284 qui
2048 3222 2293 3270 naturam
2331 3216 2565 3272 hominis
2611 3220 2771 3275 tantis
2802 3222 2820 3251 ί
2850 3226 3313 3291 persecutionibus
3338 3214 3523 3289 custo-

1926 3303 2092 3359 ditam
2116 3305 2290 3360 credit
2318 3306 2370 3360 in
2400 3306 2534 3362 Filio
2558 3307 2692 3363 Dei?
2720 3311 2851 3377 Quis
2892 3312 2992 3368 sibi
3021 3329 3142 3372 esse
3166 3318 3406 3377 clausum
3432 3339 3522 3380 re-

1926 3411 2087 3467 gnum
2125 3397 2383 3453 cmlorum
2422 3409 2605 3469 putet,
2647 3404 2736 3471 qui
2783 3409 3057 3475 cognoscit
3098 3411 3408 3479 publicanos
3460 3428 3521 3474 et

1926 3488 2238 3544 meretrices
2295 3489 2529 3544 imitatos
2558 3506 2677 3547 esse
2719 3493 2910 3549 Filium
2962 3497 3055 3553 Dei
3083 3501 3104 3531 ²
3132 3500 3342 3572 (Matth.
3384 3521 3518 3576 ut,

1927 3577 2058 3652 51)?
2092 3579 2204 3648 Qua
2239 3581 2588 3651 perversitate
2634 3598 2739 3639 non
2767 3596 2982 3655 careat,
3008 3590 3099 3659 qui
3136 3590 3272 3648 facta
3302 3604 3357 3650 et
3375 3594 3525 3654 dicta

1925 3669 2162 3727 intuetur
2212 3680 2268 3726 et
2326 3671 2497 3743 diligit
2552 3682 2606 3728 et
2654 3685 2889 3732 sectatur
2943 3678 3088 3736 illius
3144 3680 3410 3753 hominis,
3460 3686 3522 3746 in

1925 3777 2032 3833 quo
2076 3777 2138 3818 se
2186 3762 2343 3818 nobis
2405 3762 2474 3819 ad
2526 3767 2829 3838 exemplum
2884 3769 3009 3826 vitat
3064 3773 3290 3843 praebuit
3350 3778 3521 3837 Filius

1928 3853 2023 3910 Dei
2038 3854 2061 3908 ?

1998 3945 2225 4002 CAPUT
2262 3946 2378 4002 XII.
2407 3977 2479 3988 —
2507 3949 2595 4004 l5.
2625 3947 2915 4007 Christiana
2949 3955 3077 4025 [idea
3113 3960 3296 4031 ubique
3318 3965 3449 4035 viget
3469 3975 3521 4021 et

1926 4037 2097 4090 vincit.
2125 4036 2305 4108 Itaque
2355 4038 2462 4109 iam
2515 4050 2572 4094 et
2613 4043 2836 4097 masculi
2865 4054 2922 4099 et
2960 4044 3201 4118 feminae,
3247 4061 3301 4107 et
3340 4056 3519 4112 omnis

1926 4136 2091 4194 tetas,
2142 4138 2198 4183 et
2237 4130 2413 4185 omnis
2454 4130 2612 4200 hujus
2638 4135 2818 4189 saeculi
2847 4134 3077 4205 dignitas
3107 4140 3173 4195 ad
3214 4156 3364 4212 spem
3391 4146 3519 4202 vitae

1927 4229 2140 4276 aeterna:
2182 4231 2447 4277 commota
2487 4233 2570 4280 est
2596 4224 2639 4277 ³.
2692 4226 2793 4280 Alii
2824 4229 3082 4300 neglectis
3130 4239 3519 4304 temporalibus

1928 4312 2084 4367 bonis
2112 4314 2397 4369 convolant
2438 4315 2504 4369 ad
2533 4316 2735 4373 divina.
2767 4320 2870 4374 Alii
2896 4322 3092 4379 cedunt
3120 4340 3310 4382 eorum
3343 4333 3515 4388 virtu-

1926 4403 2067 4459 tibus
2116 4404 2207 4474 qui
2248 4403 2363 4459 haec
2392 4403 2622 4473 faciunt,
2658 4421 2709 4463 et
2740 4410 2956 4467 laudant
2981 4415 3124 4485 quod
3166 4417 3361 4475 imitari
3407 4438 3516 4480 non

1928 4494 2145 4550 audent.
2186 4494 2350 4550 Pauci
2376 4506 2553 4551 autem
2590 4498 2764 4555 adhuc
2792 4516 3151 4574 murmurant,
3182 4522 3238 4565 ct
3281 4511 3423 4568 inani
3452 4516 3519 4570 li-

1928 4603 2057 4645 vore
2086 4597 2432 4660 torquentur;
2484 4601 2577 4646 aut
2614 4593 2705 4663 qui
2735 4611 2829 4649 sua
2873 4610 3119 4667 quierunt
3147 4602 3198 4657 in
3240 4605 3513 4676 Ecclesia,

1928 4682 2170 4752 quamvis
2194 4681 2478 4738 videantur
2505 4683 2786 4753 catholici,
2819 4699 2911 4744 aut
2946 4704 3013 4746 ex
3043 4692 3160 4762 ipso
3189 4696 3387 4751 Christi
3419 4715 3518 4755 no-

1927 4775 2074 4831 mine
2103 4774 2323 4846 gloriam
2353 4786 2656 4847 quaerentes
2682 4779 2955 4852 haeretici,
2982 4793 3073 4840 aut
3109 4799 3388 4858 peccatum
3415 4792 3518 4846 im-

1930 4868 2143 4939 pietatis
2183 4883 2293 4924 sua:
2320 4869 2605 4927 defendere
2633 4873 2910 4944 cupientes
2937 4875 3104 4933 Judaei
3126 4920 3140 4942 ,
3172 4892 3261 4935 aut
3290 4883 3513 4940 curiosi:

1846 4970 1863 4983 '
1930 4967 2093 5015 tatem
2121 4975 2271 5015 vana:
2315 4960 2544 5017 licentia:
2569 4961 2591 4994 ⁸
2616 4964 2841 5033 perdere
2871 4967 3117 5025 timentes
3155 4971 3369 5041 Pagani.
3404 4975 3512 5032 Sed

1930 5048 2171 5105 Ecclesia
2215 5051 2477 5107 catholica
2506 5067 2603 5123 per
2649 5062 2817 5111 totum
2868 5058 3051 5115 orbem
3103 5060 3256 5132 longe
3300 5064 3513 5136 lateque

1932 5138 2158 5207 ditl'usa,
2204 5141 2434 5212 impetus
2470 5157 2658 5198 eorum
2690 5147 2953 5216 prioribus
2995 5152 3322 5220 temporibus
3369 5156 3515 5214 fran-

1934 5246 2101 5303 gens,
2134 5235 2301 5305 magis
2325 5238 2599 5308 magisque
2622 5239 2869 5295 roborata
2906 5251 3023 5307 cst;
3060 5258 3163 5299 non
3190 5249 3515 5323 resistendo,

1939 5324 2034 5379 sed
2081 5324 2423 5394 perferendo.
2470 5327 2622 5383 Nunc
2645 5345 2773 5385 vero
2820 5331 3098 5389 insidiosas
3141 5350 3326 5394 eorum
3373 5361 3521 5413 qua:-

1934 5414 2137 5471 stiones
2178 5416 2283 5472 ﬁde
2323 5417 2543 5486 irridet,
2589 5419 2860 5491 diligentia
2897 5422 3143 5493 discutit,
3168 5428 3517 5505 intelligentia

1935 5504 2180 5562 dissolvit
2212 5523 2226 5561 :
2257 5508 2630 5565 criminatores
2656 5510 2922 5580 palearum
2949 5527 3167 5573 suarum
3194 5536 3300 5578 non
3329 5504 3515 5594 curat;

1998 5643 2019 5734 Ξ
2052 5642 2188 5734 Ξὲἱὶίν
2212 5641 3439 5734 ἐξ.εέξξὲίξλῗῗξέαοηιὲἔέξέἓὲξμίὲιζὲΜιῖξεροξίιίοηθν
3465 5675 3517 5712 α·

2053 5710 2185 5754 Parv.
2213 5712 2264 5754 et
2282 5703 2465 5766 aliquot
2486 5713 2614 5766 Mss,
2636 5704 2898 5770 multo,“
2920 5725 3021 5766 esse
3042 5703 3286 5770 ﬁlii—ba:

1933 5765 2184 5878 "gata?
2210 5765 2496 5816 contundam
2531 5772 2617 5818 est.
2659 5768 2827 5821 Melius
2851 5773 2968 5826 editi
3003 5765 3090 5827 alii
3123 5765 3343 5843 efﬁgi,
3381 5795 3515 5834 eam.

1998 5860 2183 5938 Tum;
2204 5900 2235 5941 e
2256 5888 2492 5941 Vaticanis
2520 5898 2649 5957 Mss,
2674 5895 2901 5950 aciemin}.

3012 5985 3240 6067 (βίω.)
