4046 6332
495 412 601 473 805

493 542 581 590 tus
606 536 672 590 de
692 534 963 602 columba,
995 532 1442 607 quemadmodum
1468 533 1711 589 Christus
1735 532 1802 589 de
1843 531 2038 587 femina
2065 573 2080 598 ,

492 627 582 681 illa
619 642 777 683 causa
817 637 928 695 est,
970 628 1092 697 quia
1143 642 1249 680 non
1280 624 1556 680 columbos
1600 625 1827 680 liberare
1865 632 2087 678 venerat

494 719 726 791 Spiritus
750 730 968 775 sanctus
986 760 1004 789 ,
1028 719 1122 775 sed
1151 717 1454 773 hominibus
1496 717 1797 787 signiﬁcare
1823 716 2083 771 innocen-

495 816 623 870 tiam
654 826 710 871 et
733 830 971 869 amorem
999 814 1354 885 spiritualem,
1374 812 1514 883 quod
1540 812 1593 866 in
1624 812 1886 867 columba:
1906 812 2085 881 specie

489 907 771 963 visibiliter
802 906 1083 977 ﬁguratum
1115 914 1217 960 est.
1248 905 1500 959 Dominus
1539 913 1716 959 autem
1741 903 1898 958 Jesus
1922 902 2082 958 Chri-

489 1008 627 1066 stus,
659 999 749 1070 qui
781 1008 998 1054 venerat
1036 997 1103 1052 ad
1148 998 1393 1053 homines
1439 997 1775 1063 liberandos,
1808 998 1861 1051 in
1892 997 2085 1067 quibus

491 1099 544 1145 et
568 1104 744 1145 mares
770 1097 824 1145 et
862 1090 1071 1145 feminae
1100 1090 1369 1159 pertinent
1408 1089 1477 1143 ad
1504 1089 1751 1154 salutem,
1785 1103 1882 1143 nec
1909 1103 2083 1143 mares

489 1182 779 1247 fastidivit,
808 1184 931 1252 quia
975 1198 1177 1237 marem
1222 1183 1492 1251 suscepit;
1526 1197 1626 1236 nec
1653 1182 1877 1236 feminas
1901 1223 1915 1247 ,
1958 1182 2081 1250 quia

489 1276 556 1329 de
583 1275 777 1330 femina
809 1284 962 1330 natus
983 1285 1083 1330 est.
1117 1276 1229 1330 Huc
1257 1275 1461 1330 accedit
1488 1290 1740 1347 magnum
1779 1289 2083 1329 sacramen-

490 1373 624 1433 tum,
649 1376 704 1420 ut
724 1367 975 1436 quoniam
1006 1382 1102 1438 per
1130 1368 1377 1421 feminam
1406 1366 1557 1421 nobis
1598 1381 1742 1420 mors
1774 1365 2077 1431 acciderat,

488 1458 596 1513 vita
624 1460 778 1514 nobis
807 1476 901 1529 per
929 1460 1177 1514 feminam
1201 1470 1510 1515 nasceretur
1536 1478 1549 1513 :
1573 1469 1628 1515 ut
1648 1459 1715 1515 de
1742 1469 1962 1530 utraque
1988 1477 2082 1516 na-

490 1557 628 1618 tura,
661 1549 711 1604 id
738 1559 816 1604 est
837 1549 1089 1605 feminina
1110 1560 1163 1605 et
1189 1550 1500 1617 masculina,
1522 1550 1690 1604 victus
1707 1550 1950 1604 diabolus
1961 1566 2081 1605 eruo

486 1641 736 1709 ciaretur,
771 1642 1021 1712 quoniam
1050 1642 1116 1697 de
1155 1643 1431 1697 ambarum
1474 1642 1822 1696 subversione
1866 1642 2081 1698 laetaba-

488 1742 593 1800 tur;
623 1731 709 1788 cui
735 1748 920 1801 parum
962 1732 1136 1788 fuerat
1176 1733 1242 1788 ad
1289 1748 1499 1803 pcenam
1523 1732 1569 1787 si
1588 1732 1761 1787 ambae
1794 1741 1998 1789 natura:
2024 1735 2079 1788 in

488 1826 641 1883 nobis
666 1824 1039 1891 liberarentur,
1061 1826 1161 1879 nisi
1187 1826 1346 1881 etiam
1377 1840 1472 1895 per
1498 1825 1681 1879 ambas
1704 1824 2075 1879 liberaremur.

485 1917 671 1988 Neque
694 1920 794 1972 hoc
822 1917 891 1971 ita
921 1916 1168 1982 dicimus,
1201 1924 1259 1970 ut
1290 1916 1569 1970 Dominum
1599 1915 1778 1970 Jesutn
1807 1915 2076 1970 Christum

484 2010 727 2064 dicamus
756 2009 925 2063 solum
950 2023 1132 2064 verum
1157 2024 1351 2077 corpus
1383 2007 1651 2073 habuisse,
1682 2007 1936 2078 Spiritum
1956 2024 2080 2063 san-

483 2111 628 2158 ctum
673 2110 849 2157 autetu
892 2100 1151 2157 fallaciter
1194 2101 1503 2171 apparuisse
1550 2102 1717 2156 oculis
1757 2103 2074 2157 hominum:

484 2194 579 2248 sed
600 2195 759 2247 ambo
788 2193 874 2246 illa
905 2208 1148 2263 corpora,
1177 2208 1301 2247 vera
1332 2208 1559 2263 corpora
1603 2194 1890 2248 credimus.
1922 2194 2073 2249 Sicut

484 2285 629 2340 enim
658 2300 764 2339 non
786 2283 1066 2353 oportebat
1111 2291 1168 2337 ut
1204 2282 1450 2338 homines
1489 2282 1690 2338 falleret
1737 2283 1899 2337 Filius
1939 2283 2074 2349 Dei,

482 2376 561 2431 sic
613 2391 719 2430 nou
762 2374 995 2429 decebat
1034 2382 1095 2428 ut
1143 2373 1388 2429 homines
1433 2372 1643 2427 falleret
1687 2373 1915 2442 Spiritus
1956 2388 2079 2429 san-

481 2476 600 2523 ctus
628 2485 642 2521 :
666 2466 761 2522 sed
786 2465 1138 2536 omnipotenti
1171 2465 1299 2532 Deo,
1324 2466 1412 2535 qui
1442 2466 1742 2519 universam
1774 2474 2074 2521 creaturam

481 2559 550 2615 de
578 2558 745 2614 nihilo
774 2557 1052 2613 fabricavit
1076 2598 1091 2624 ,
1126 2572 1231 2612 non
1260 2564 1377 2612 erat
1423 2556 1642 2612 difﬁcile
1670 2572 1855 2612 verum
1882 2574 2077 2629 corpus

480 2652 744 2708 columbae
788 2650 904 2705 sine
932 2650 1159 2704 aliorum
1186 2648 1556 2703 columborum
1605 2650 1905 2705 ministerio
1944 2649 2079 2721 ﬁgu-

479 2759 601 2799 rare
621 2785 635 2808 ,
665 2743 802 2798 sicut
831 2742 877 2795 ei
907 2755 1011 2795 non
1036 2740 1135 2795 fuit
1162 2740 1379 2797 difficile
1399 2756 1583 2796 verum
1607 2757 1803 2812 corpus
1830 2743 1883 2796 in
1922 2751 2076 2799 utero

478 2834 657 2889 Maria:
687 2834 802 2888 sine
833 2832 971 2887 virili
995 2832 1202 2887 semine
1249 2831 1548 2899 fabricare;
1574 2848 1695 2888 cum
1742 2841 1930 2889 natura
1957 2849 2077 2889 cor-

478 2927 680 2997 porea'
713 2926 838 2981 etin
868 2923 1164 2979 visceribus
1187 2924 1399 2979 femina:
1420 2925 1487 2980 ad
1525 2924 1863 2981 formandum
1904 2925 2075 2980 homi-

478 3034 641 3084 nem,
687 3025 741 3073 et
778 3018 831 3071 in
878 3016 995 3085 ipso
1040 3016 1241 3071 mundo
1285 3016 1352 3071 ad
1388 3016 1719 3072 formandam
1772 3016 2072 3072 columbam

477 3109 703 3179 imperio
734 3108 947 3163 Domini
977 3106 1344 3178 voluntatique
1377 3109 1619 3163 serviret.
1648 3108 1753 3163 Sed
1801 3108 1947 3163 stulti
1979 3110 2073 3164 ho-

477 3203 674 3267 mines,
698 3210 751 3256 et
779 3203 961 3256 miseri
982 3246 998 3271 ,
1032 3201 1173 3274 quod
1203 3210 1293 3254 aut
1337 3201 1435 3270 ipsi
1467 3200 1643 3255 facere
1676 3216 1784 3255 non
1812 3210 2067 3274 possunt,

475 3301 569 3347 aut
616 3292 671 3346 in
703 3294 809 3347 vita
838 3309 933 3348 sua
981 3308 1256 3364 nunquam
1295 3292 1753 3373 viderunt,'etiam
1796 3293 1864 3348 ab
1893 3299 2070 3351 omni-

474 3396 695 3459 potente
725 3388 834 3443 Deo
860 3388 973 3443 ﬁeri
1003 3388 1238 3458 potuisse
1260 3384 1366 3441 non
1393 3386 1641 3441 credunt.

543 3478 771 3537 CAPUT
807 3479 995 3535 XXIII.
1023 3511 1097 3521 —
1127 3480 1217 3535 25.
1263 3479 1384 3534 Non
1419 3481 1698 3548 audiendi,
1744 3483 1830 3552 qui
1870 3482 2068 3539 Filium

471 3570 571 3627 Dei
597 3585 877 3627 creaturam
916 3572 1087 3625 dicunt
1107 3613 1122 3638 ,
1151 3574 1270 3641 quia
1296 3587 1474 3640 passus
1493 3579 1584 3625 est.
1619 3570 1667 3624 F
1668 3573 1811 3626 ilium
1838 3574 1936 3628 Dei
1959 3575 2069 3630 sine

472 3665 749 3719 divinitatis
772 3666 1048 3719 mutatione
1071 3681 1275 3735 passum
1296 3679 1419 3718 esse.
1447 3663 1555 3718 Nec
1571 3679 1664 3719 cos
1677 3666 1951 3722 audiamus
1973 3669 2062 3739 qui

475 3770 755 3830 propterea
785 3759 970 3812 volunt
997 3772 1189 3828 cogere
1221 3767 1276 3810 ut
1296 3757 1434 3812 inter
1458 3766 1730 3813 creaturas
1750 3758 1941 3813 Filium
1966 3760 2064 3816 Dei

471 3865 837 3915 numeremus,
871 3849 993 3919 quia
1016 3862 1205 3919 passus
1232 3857 1335 3903 est.
1364 3848 1556 3903 Dicunt
1584 3849 1724 3902 enim
1750 3866 1765 3903 :
1792 3848 1849 3905 Si
1872 3865 2061 3919 passus

472 3951 558 3999 est
577 3982 592 4008 ,
620 3941 889 3996 mutabilis
917 3949 1039 4006 est;
1070 3947 1126 3995 et
1147 3938 1193 3995 si
1219 3940 1487 3995 mutabilis
1512 3949 1595 3995 est
1615 3982 1629 4005 ,
1668 3950 1913 3996 creatura
1941 3953 2023 3998 est
2041 3983 2060 4011 ,

471 4034 597 4105 quia
636 4033 727 4087 Dei
757 4032 1052 4087 substantia
1082 4046 1188 4085 non
1220 4038 1396 4101 potest
1425 4031 1713 4085 immutari.
1761 4032 1894 4086 Cum
1938 4033 2060 4103 qui-

474 4128 579 4183 bus
602 4127 759 4181 etiam
783 4140 879 4179 nos
905 4124 1134 4179 dicimus
1162 4130 1219 4179 et
1247 4122 1337 4177 Dei
1359 4123 1709 4177 substantiam
1742 4125 2058 4181 commutari

470 4234 577 4274 non
606 4233 796 4288 posse,
837 4226 890 4272 et
917 4225 1215 4271 creaturam
1257 4229 1377 4270 esse
1410 4216 1741 4271 mutabilem.
1780 4216 1887 4272 Sed
1913 4217 2058 4273 aliud

468 4319 552 4365 est
579 4324 700 4365 esse
721 4318 1042 4373 creaturam,
1076 4319 1128 4362 et
1150 4306 1294 4362 aliud
1324 4308 1596 4377 suscipere
1618 4319 1939 4364 creaturam.
1968 4310 2058 4364 Fi-

468 4402 572 4457 lius
599 4416 729 4471 ergo
754 4400 1058 4471 unigenitus
1088 4399 1180 4454 Dei
1206 4442 1221 4466 ,
1245 4399 1335 4470 qui
1364 4409 1446 4454 est
1490 4400 1667 4456 Virtus
1705 4409 1759 4455 et
1784 4400 2054 4471 Sapientia

466 4495 585 4562 Dei,
618 4503 674 4549 et
704 4493 934 4549 Verbum
969 4508 1061 4562 per
1089 4491 1232 4562 quod
1263 4490 1398 4546 facta
1422 4502 1545 4546 sunt
1568 4492 1767 4559 omnia,
1805 4493 1923 4562 quia
1952 4494 2052 4548 im-

468 4587 663 4644 mutari
692 4602 797 4640 non
841 4594 1017 4655 potest
1045 4585 1283 4649 omnino,
1316 4585 1551 4654 suscepit
1588 4584 1872 4639 humanam
1898 4602 2052 4642 crea-

465 4688 659 4745 turam,
688 4694 843 4750 quam
868 4678 1070 4749 lapsam
1095 4677 1320 4747 erigere,
1342 4686 1502 4747 atque
1523 4677 1869 4732 inveteratam
1890 4694 2050 4734 reno-

462 4786 591 4827 vare
624 4771 872 4842 dignatus
899 4778 999 4824 est.
1031 4769 1140 4823 Nec
1180 4768 1234 4823 in
1265 4783 1329 4823 ea
1365 4782 1461 4838 per
1502 4768 1806 4839 passionem
1840 4770 1953 4838 ipse
1995 4770 2051 4825 in

462 4865 699 4921 deterius
724 4871 1078 4919 commutatus
1118 4869 1231 4923 est,
1263 4860 1357 4916 sed
1383 4876 1500 4916 eam
1530 4861 1705 4931 potius
1740 4877 1836 4931 per
1873 4877 2051 4917 resur-

461 4958 755 5013 rectionem
788 4956 838 5009 in
870 4955 1062 5010 melius
1085 4955 1451 5009 commutavit.
1474 4951 1583 5007 Nec
1605 4960 1887 5022 propterea
1912 4952 2048 5008 Ver-

460 5050 589 5106 bum
619 5051 812 5117 Patris,
844 5049 896 5103 id
926 5058 1008 5103 est
1041 5048 1255 5102 unicum
1287 5048 1382 5103 Dei
1412 5047 1623 5113 Filium,
1657 5062 1752 5118 per
1779 5063 1937 5118 quem
1967 5048 2047 5101 fa-

461 5151 545 5199 cta
574 5151 697 5197 sunt
718 5142 917 5207 omnia,
946 5142 1249 5211 negandum
1275 5149 1359 5196 est
1388 5149 1572 5196 natum
1603 5149 1657 5196 et
1684 5156 1898 5211 passum
1926 5156 2047 5196 esse

462 5251 562 5306 pro
592 5235 766 5290 nobis.
791 5235 858 5290 Et
883 5240 1145 5306 martyres
1172 5233 1313 5288 enim
1339 5247 1528 5303 passos
1557 5231 1781 5287 dicimus
1817 5242 1870 5286 et
1901 5248 2045 5287 mor-

462 5340 581 5386 tuos
615 5340 834 5402 propter
863 5346 1023 5401 regna
1062 5331 1350 5396 caelorum;
1390 5344 1490 5385 nec
1530 5339 1704 5383 tamen
1737 5329 1790 5383 in
1826 5345 1886 5384 ea
1916 5345 2044 5400 pas-

459 5423 611 5478 sione
638 5431 691 5478 et
716 5432 887 5478 morte
914 5425 1103 5478 animm
1134 5439 1320 5478 eorum
1347 5421 1536 5478 occisaa
1567 5431 1709 5475 sunt.
1740 5421 1876 5475 Dicit
1902 5423 2044 5477 enim

460 5516 719 5571 Dominus
743 5534 757 5570 :
785 5516 958 5570 Nolite
978 5518 1149 5570 timere
1169 5532 1251 5569 eos
1271 5517 1358 5587 qui
1378 5530 1564 5583 corpus
1586 5513 1835 5577 occidunt,
1860 5514 2044 5567 anima:

458 5619 626 5664 autem
653 5607 784 5663 nihil
802 5616 1008 5679 possunt
1029 5606 1196 5676 facere
1247 5606 1465 5679 (Matth.
1489 5621 1543 5672 x,
1565 5604 1691 5674 28).
1720 5603 1866 5659 Sicut
1915 5620 2043 5675 ergo

457 5709 720 5771 martyres
737 5713 924 5768 passos
936 5705 992 5754 et
1007 5706 1247 5754 mortuos
1265 5699 1491 5752 dicimus
1511 5700 1562 5749 in
1595 5696 1903 5765 corporibus
1923 5712 2042 5766 quae

455 5794 776 5865 portabant,
810 5791 925 5846 sine
965 5791 1263 5847 animarum
1312 5791 1682 5851 interiectione
1712 5790 1795 5844 vel
1832 5798 2037 5856 morte;

516 5909 536 5940 ⁸
569 5914 705 5961 Pan.
734 5915 786 5959 et
809 5913 939 5970 Mss,
962 5910 1187 5958 creatura
1209 5917 1454 5969 corporea.

1467 409 1552 465 DE
1591 408 1823 468 AGONE
1854 407 2289 477 CHRISTIANO,
2331 408 2388 466 S.
2432 408 2804 469 AUGUSTINI

2201 532 2278 586 sic
2304 529 2497 587 Filium
2525 532 2619 587 Dei
2643 547 2858 603 passum
2881 541 2935 588 et
2952 540 3225 589 mortuum
3250 532 3478 592 dicimus
3493 535 3551 593 in
3573 535 3795 595 homine

2199 639 2358 695 quem
2401 625 2664 694 portabat,
2698 626 2813 679 sine
2843 623 3135 711 divinitatis
3160 625 3335 697 aliqua
3368 629 3791 688 commutatione

2197 720 2286 776 vel
2313 728 2507 775 morte.

2270 810 2495 867 CAPUT
2523 810 2715 867 XXIV.
2737 838 2807 851 —-
2825 810 2916 866 26.
2942 804 3069 865 Non
3088 812 3349 879 audiendi,
3371 814 3458 882 qui
3482 825 3667 886 negant
3684 816 3792 891 «tale

2199 920 2383 975 corpus
2408 902 2617 956 Domini
2637 904 2991 972 resurrexisse,
3016 905 3166 974 quale
3187 908 3352 976 fuerat
3376 907 3651 975 sepultum.
3674 905 3786 965 Nec

2196 1010 2291 1050 eos
2320 994 2621 1062 audiamus,
2654 995 2741 1064 qui
2772 1006 2967 1066 negant
3003 995 3108 1051 talc
3135 1011 3331 1066 corpus
3360 996 3573 1053 Domini
3603 1014 3786 1054 resur-

2192 1086 2396 1141 rexisse
2418 1128 2432 1154 ,
2468 1085 2626 1156 quale
2659 1087 2887 1156 positum
2929 1095 3011 1142 est
3042 1089 3094 1141 in
3131 1097 3497 1144 monumento.
3539 1090 3595 1145 Si
3632 1092 3778 1148 enim

2192 1180 2298 1235 tale
2323 1194 2428 1234 non
2459 1179 2679 1246 fuisset,
2717 1195 2821 1233 non
2861 1179 2975 1249 ipse
3016 1180 3238 1236 dixisset
3268 1190 3386 1250 post
3426 1183 3779 1237 resurrectio-

2191 1285 2313 1326 nem
2346 1270 2619 1340 discipulis
2645 1288 2659 1324 :
2692 1270 2916 1341 Palpate
2938 1313 2953 1338 ,
2996 1282 3042 1325 et
3086 1271 3276 1337 videte,
3306 1273 3547 1343 quoniam
3572 1274 3784 1344 spiritus

2203 1379 2317 1418 ossa
2334 1372 2379 1417 et
2400 1380 2601 1417 carnem
2620 1365 2637 1395 ³
2663 1380 2763 1419 non
2783 1365 2944 1430 habet,
2969 1365 3100 1417 sicut
3118 1381 3196 1418 me
3221 1364 3394 1419 videtis
3419 1365 3601 1421 habere
3621 1366 3775 1441 (Luc.

2191 1472 2315 1511 xxiv
2340 1499 2354 1524 ,
2403 1456 2527 1528 59).
2566 1457 2892 1527 Sacrilegum
2924 1466 3006 1512 est
3050 1458 3194 1511 enim
3237 1457 3459 1514 credere
3498 1459 3785 1517 Dominum

2188 1562 2451 1617 nostrum,
2494 1566 2617 1606 cum
2652 1552 2764 1621 ipse
2793 1551 2863 1606 sit
2890 1551 3123 1619 Veritas,
3156 1552 3208 1606 in
3232 1552 3413 1622 aliquo
3440 1552 3601 1609 fuisse
3626 1570 3784 1610 men-

2188 1640 2368 1695 titum.
2400 1641 2509 1696 Nec
2534 1657 2633 1696 nos
2660 1652 2873 1696 moveat
2897 1642 3038 1711 quod
3059 1641 3254 1698 clausis
3282 1643 3432 1699 ostiis
3459 1645 3633 1700 subito
3658 1661 3786 1703 eum

2187 1732 2501 1801 apparuisse
2526 1731 2806 1801 discipulis
2834 1724 3095 1802 'scriptum
3117 1743 3200 1788 est
3231 1732 3418 1806 (Joan.
3449 1751 3540 1800 xx,
3570 1735 3695 1808 26),
3725 1746 3787 1793 ut

2185 1830 2470 1890 propterea
2514 1836 2769 1891 negemus
2812 1821 2941 1876 illud
2994 1822 3157 1878 fuisse
3198 1837 3393 1893 corpus
3444 1825 3783 1897 humanum,

2186 1912 2309 1981 quia
2334 1920 2516 1967 contra
2546 1924 2789 1967 naturam
2824 1913 2981 1982 hujus
3008 1915 3250 1983 corporis
3269 1915 3510 1971 videmus
3530 1932 3649 1972 esse
3679 1932 3781 1986 per

2184 2003 2364 2058 clausa
2394 2005 2531 2058 ostia
2565 2005 2785 2059 intrare.
2816 2003 3005 2060 Omnia
3042 2006 3185 2060 enim
3215 2006 3487 2075 possibilia
3513 2015 3639 2062 sunt
3667 2008 3785 2065 Deo

2186 2095 2206 2166 (
2228 2094 2417 2150 Matth.
2441 2112 2517 2163 ix,
2539 2097 2609 2152 26
2627 2095 2667 2169 ).
2693 2096 2824 2151 Nam
2852 2106 2905 2152 et
2925 2098 3200 2154 ambulare
3219 2113 3380 2169 super
3397 2114 3562 2170 aquas
3591 2111 3782 2160 contra

2185 2198 2431 2244 naturam
2462 2189 2619 2259 hujus
2660 2192 2900 2261 corporis
2929 2207 3050 2247 esse
3079 2191 3423 2247 manifestum
3453 2202 3574 2260 est;
3606 2203 3662 2249 et
3690 2202 3779 2248 ta-

2184 2296 2309 2336 men
2335 2296 2440 2335 non
2476 2283 2649 2337 solum
2682 2284 2795 2353 ipse
2826 2284 3080 2339 Dominus
3107 2294 3231 2339 ante
3255 2286 3562 2356 passionem
3589 2286 3781 2341 ambu-

2184 2370 2331 2436 lavit,
2383 2371 2480 2427 sed
2535 2373 2693 2427 etiam
2751 2374 2963 2427 Petrum
3026 2375 3301 2430 ambulare
3354 2375 3631 2449 fecit(ld.
3663 2392 3776 2446 xlv,

2182 2460 2429 2533 25,99).
2462 2463 2537 2517 lta
2564 2478 2691 2533 ergo
2726 2472 2779 2518 ct
2812 2474 2932 2533 post
2966 2466 3417 2521 resurrectionem
3459 2466 3526 2522 de
3550 2481 3779 2537 corpore

2182 2567 2281 2607 suo
2315 2552 2442 2608 fecit
2465 2553 2605 2623 quod
2633 2553 2818 2607 voluit.
2857 2554 2914 2609 Si
2940 2557 3082 2609 enim
3113 2560 3288 2626 potuit
3320 2568 3444 2613 ante
3472 2558 3777 2627 passionem

2182 2645 2481 2701 clariﬁcare
2510 2644 2637 2699 illud
2666 2646 2804 2700 sicut
2826 2647 3166 2716 splendorem
3197 2647 3469 2722 solis(1d.
3499 2665 3631 2718 xvn,
3662 2651 3776 2722 2);

2181 2753 2346 2807 quare
2377 2753 2483 2793 non
2517 2739 2688 2808 potuit
2716 2748 2770 2793 et
2796 2749 2914 2809 post
2946 2742 3248 2809 passionem
3273 2741 3341 2796 ad
3369 2753 3623 2812 quantam
3657 2743 3778 2798 vel-

2180 2827 2250 2883 let
2274 2828 2619 2884 subtilitatem
2646 2830 2697 2884 in
2724 2832 2981 2900 temporis
3006 2842 3280 2889 momento
3303 2833 3565 2906 redigere,
3592 2844 3651 2889 ut
3676 2849 3776 2905 per

2179 2919 2358 2976 clausa
2388 2923 2524 2977 ostia
2556 2933 2739 2993 posset
2766 2922 3008 2978 intrare?

2249 3021 2475 3079 CAPUT
2494 3021 2835 3079 XXV.—27.
2865 3023 2972 3077 Nec
2988 3033 3224 3095 negantes
3240 3042 3423 3098 corpus
3439 3025 3628 3083 Christi
3641 3028 3772 3084 sub-

2179 3114 2339 3167 latum
2372 3114 2423 3167 in
2452 3104 2657 3168 emtum.
2688 3114 2798 3170 Nec
2816 3104 2911 3170 eos
2937 3116 3236 3183 audiamus,
3259 3118 3349 3188 qui
3379 3129 3573 3189 negant
3592 3119 3770 3191 ipsum

2174 3219 2371 3275 corpus
2400 3220 2579 3260 secum
2603 3206 2810 3261 levasse
2833 3207 3095 3264 incretum
3122 3209 3400 3264 Dominum
3429 3220 3691 3280 nostrum,
3711 3221 3771 3270 et

2175 3305 2600 3351 commemorant
2626 3298 2676 3351 in
2710 3297 3002 3369 Evangelia
3028 3300 3169 3370 quod
3196 3304 3449 3372 scriptum
3472 3313 3571 3365 est.
3599 3302 3771 3360 Nemo

2173 3388 2400 3443 ascendit
2421 3389 2474 3443 in
2497 3391 2696 3457 emtum,
2722 3392 2818 3445 nisi
2844 3393 2929 3461 qui
2951 3394 3013 3446 de
3033 3394 3158 3448 caelo
3181 3395 3434 3449 descendit
3462 3394 3657 3469 (Joan.
3684 3413 3767 3468 nt,

2174 3482 2285 3549 l3);
2305 3492 2359 3536 ct
2382 3482 2580 3547 dicunt,
2607 3483 2727 3552 quia
2753 3499 2949 3553 corpus
2967 3500 3074 3540 non
3098 3488 3373 3542 descendit
3393 3489 3461 3543 de
3480 3489 3637 3557 casio,
3654 3505 3766 3548 nou

2172 3573 2409 3643 potuisse
2434 3574 2725 3629 ascendere
2753 3576 2805 3628 in
2847 3577 3063 3631 coelum.
3094 3576 3213 3633 Non
3239 3579 3380 3633 enim
3412 3579 3762 3651 intelligunt,

2176 3666 2427 3735 quoniam
2463 3681 2660 3735 corpus
2707 3682 2813 3721 non
2857 3670 3100 3724 ascendit
3140 3672 3193 3725 in
3228 3673 3421 3726 caelum
3461 3691 3474 3726 :
3507 3674 3767 3731 Dominus

2169 3757 2313 3811 enim
2343 3757 2607 3824 ascendit,
2631 3772 2827 3827 corpus
2858 3770 3034 3816 autem
3064 3777 3171 3817 non
3197 3764 3456 3830 ascendit,
3488 3766 3583 3822 sed
3611 3767 3765 3823 leva-
3848 3778 3861 3783 ‘

2168 3857 2279 3903 tum
2321 3857 2404 3904 est
2432 3850 2482 3904 in
2522 3852 2718 3906 coelum
2748 3853 2840 3907 illo
2870 3855 3081 3910 levante
3109 3856 3197 3925 qui
3225 3856 3484 3911 ascendit.
3514 3846 3586 3914 'Si
3614 3861 3765 3918 enim

2165 3940 2283 4010 quis
2310 3940 2639 4011 descendat,
2669 3945 2818 3999 verbi
2849 3947 3037 4014 gratia,
3070 3946 3136 4001 de
3166 3957 3345 4002 monte
3386 3949 3560 4005 nudus
3581 3992 3595 4016 ,
3635 3967 3763 4007 cum

2164 4038 2342 4086 autem
2398 4033 2774 4102 descenderit,
2819 4038 3012 4092 vestiat
3062 4053 3150 4105 se,
3196 4047 3251 4094 et
3293 4042 3512 4098 vestitus
3565 4044 3762 4100 iterum

2164 4123 2449 4190 ascendat,
2485 4134 2631 4180 recte
2658 4127 2841 4196 utique
2869 4127 3098 4183 dicimus
3120 4170 3135 4194 ,
3174 4129 3342 4185 Nemo
3366 4133 3626 4200 ascendit,
3649 4135 3760 4193 nisi

2161 4215 2254 4285 qui
2283 4216 2600 4273 descendit:
2642 4234 2743 4275 nec
2782 4230 2990 4275 vestem
3036 4222 3439 4280 consideramus
3466 4242 3622 4296 quam
3661 4244 3758 4284 se-

2162 4319 2281 4359 cum
2314 4307 2527 4375 lcvavit,
2567 4308 2660 4363 sed
2690 4309 2865 4379 ipsum
2895 4311 2986 4381 qui
3014 4313 3239 4368 vestitus
3268 4322 3370 4383 est,
3410 4317 3580 4371 solum
3615 4318 3756 4374 dici-

2160 4410 2279 4451 mus
2309 4399 2637 4455 ascendisse.

2232 4496 2457 4552 CAPUT
2480 4496 2669 4552 XXVI.
2686 4527 2757 4539 --
2779 4498 2871 4554 28.
2905 4498 3016 4554 Nec
3042 4512 3281 4573 negantes
3308 4504 3560 4559 Christum
3580 4508 3758 4563 sedere

2157 4585 2228 4639 ad
2248 4586 2505 4642 dexteram
2528 4586 2723 4643 Patris.
2746 4588 2966 4645 Dextera
2988 4602 3035 4646 et
3051 4594 3257 4648 sinistra
3280 4594 3376 4649 Dei
3394 4596 3516 4666 quid
3532 4597 3597 4651 sit
3639 4598 3756 4656 Nec

2158 4697 2253 4737 eos
2281 4683 2582 4748 audiamus,
2612 4684 2700 4753 qui
2731 4694 2927 4756 negant
2956 4686 3022 4741 ad
3057 4688 3329 4743 dexteram
3360 4690 3531 4745 Patris
3560 4678 3758 4749 sedere

2156 4773 2368 4829 Filium.
2402 4775 2596 4830 Dicunt
2620 4778 2761 4831 enim
2788 4796 2800 4830 :
2831 4777 3098 4848 Numquid
3135 4779 3275 4834 Deus
3309 4780 3468 4837 Pater
3495 4783 3652 4838 habet
3671 4784 3755 4840 la-

2156 4879 2241 4925 tus
2271 4871 2517 4925 dextrum
2546 4880 2636 4926 aut
2675 4872 2947 4927 sinistrum
2969 4913 2984 4937 ,
3017 4874 3172 4928 sicuti
3201 4877 3464 4945 corpora?
3502 4875 3609 4932 Nec
3647 4894 3755 4936 nos

2156 4961 2261 5016 hoc
2291 4963 2357 5018 de
2399 4964 2507 5018 Deo
2547 4963 2704 5017 Patre
2743 4964 3003 5019 sentimus
3033 4982 3047 5017 :
3081 4966 3225 5019 nulla
3251 4967 3391 5021 enim
3420 4965 3589 5022 forma
3618 4984 3749 5024 cor-

2159 5054 2304 5122 poris
2334 5054 2474 5109 Deus
2500 5053 2755 5107 deﬁnitur
2777 5054 2797 5084 ²
2822 5063 2981 5123 atque
3004 5055 3360 5111 concluditur.
3388 5056 3493 5112 Sed
3528 5059 3751 5117 dextera

2153 5144 2330 5199 Patris
2357 5155 2439 5200 est
2466 5143 2743 5200 beatitudo
2783 5154 3037 5215 perpetua
3060 5189 3075 5214 ,
3104 5162 3222 5217 quae
3256 5150 3453 5204 sanctis
3482 5151 3752 5219 promitti-

2154 5245 2239 5290 tur
2264 5236 2285 5267 ³
2319 5254 2332 5301 ;
2378 5237 2517 5290 sicut
2546 5236 2762 5291 sinistra
2807 5237 2923 5307 ejus
2964 5238 3260 5295 rectissime
3299 5241 3490 5295 dicitur
3527 5241 3749 5302 miseria

2152 5336 2431 5398 perpetua,
2460 5344 2578 5397 qua:
2609 5328 2785 5399 impiis
2816 5330 2973 5385 datur
3004 5350 3017 5385 :
3050 5340 3107 5385 ut
3136 5348 3240 5387 non
3271 5333 3323 5387 in
3350 5333 3465 5403 ipso
3492 5334 3621 5399 Deo,
3645 5336 3748 5395 sed

2152 5420 2202 5474 in
2232 5420 2491 5474 creaturis
2512 5420 2611 5475 hoc
2636 5423 2817 5489 modo,
2844 5437 2950 5493 quo
2971 5422 3227 5491 diximus,
3257 5424 3584 5495 intelligatur
3610 5424 3748 5482 dex-

2153 5521 2268 5568 tera
2298 5521 2350 5566 ct
2380 5512 2616 5567 sinistra.
2640 5513 2774 5582 Quia
2806 5524 2860 5570 et
2889 5527 3081 5585 corpus
3112 5515 3327 5584 Christi,
3356 5515 3501 5586 quod
3531 5525 3615 5573 est
3638 5516 3745 5574 Ec-

2214 5718 2230 5749 ι
2266 5724 2538 5778 Parv.,_ossa_
2559 5720 2604 5764 et
2623 5715 2898 5778 nemos._s_ic
2914 5716 3063 5778 etiam
3082 5713 3308 5778 plerique
3331 5722 3459 5778 Mss.,
3486 5722 3540 5778 et.
3561 5729 3628 5768 ex
3660 5718 3744 5775 ω.

2148 5777 2330 5843 plures
2361 5776 2483 5825 infra
2527 5775 2663 5843 Ioco_,
2693 5775 3020 5843 sacrilegum;
3051 5775 3260 5837 habent,
3297 5775 3624 5843 sacrilegium

2212 5842 2232 5871 ⁸
2266 5840 2453 5898 Aliquot
2464 5846 2597 5901 Mss,
2617 5837 2802 5901 ﬁnitur.

2214 5902 2234 5933 ³
2265 5900 2408 5962 witi,
2438 5900 2599 5949 datur.
2618 5899 2787 5951 Plures
2809 5912 2928 5951 vero
2948 5907 3075 5963 Mss,
3098 5904 3408 5963 pronaum.
