4046 6332
266 428 355 487 505

263 547 430 611 clesia,
456 544 511 598 in
540 542 652 613 ipsa
676 542 923 603 dextera,
951 540 1053 594 hoc
1079 546 1160 593 est
1188 538 1239 593 in
1266 539 1381 609 ipsa
1408 536 1737 591 beatitudine
1761 535 1841 589 l'u-

264 650 424 695 turum
440 645 543 699 est.
568 636 708 691 sicut
734 635 1022 705 Apostolus
1050 634 1194 691 dicit,
1222 633 1342 702 quia
1374 643 1419 685 ct
1443 631 1594 684 simul
1621 645 1710 682 nos
1737 644 1849 681 sus-

262 730 449 796 citavit,
500 738 545 783 et
576 728 733 782 simul
774 727 948 781 sedere
982 726 1098 797 fecit
1133 725 1182 777 in
1215 722 1494 778 cwlestibus
1523 718 1749 793 (Ep/tes.
1787 734 1845 786 ιι,

263 824 344 896 6).
387 822 645 892 Quamvis
674 822 821 876 enim
853 834 1047 889 corpus
1078 826 1317 872 nostrum
1358 816 1590 870 nondum
1624 815 1694 869 ibi
1738 814 1841 880 sit,

262 925 427 971 tamen
454 930 584 985 spes
614 924 797 968 nostra
822 913 929 982 jam
960 912 1029 966 ibi
1059 920 1159 967 est.
1196 912 1480 979 Propterea
1514 918 1565 963 et
1604 912 1716 979 ipse
1746 909 1848 961 Do-

260 1010 426 1065 minus
454 1016 579 1077 post
608 1005 1057 1060 resurrectionem
1094 1004 1254 1074 jussit
1283 1002 1561 1072 discipulis
1588 1015 1722 1071 quos
1762 1001 1847 1071 pi-

261 1108 461 1153 scantes
482 1097 708 1161 invenit,
745 1107 801 1151 ut
830 1098 881 1150 in
911 1097 1183 1151 dexteram
1214 1106 1415 1164 partem
1447 1095 1724 1149 mitterent
1756 1110 1845 1148 rc-

256 1192 347 1266 tia.
375 1189 530 1259 Quod
566 1205 686 1244 eum
719 1188 990 1254 iecissent,
1020 1197 1276 1257 ceperunt
1317 1187 1510 1253 pisces,
1539 1185 1631 1255 qui
1660 1200 1847 1241 omnes

259 1282 425 1352 magni
463 1288 621 1335 erant
649 1277 845 1350 (Joan.
882 1295 994 1345 xxt,
1019 1279 1141 1332 6—H
1172 1278 1211 1347 ),
1246 1277 1295 1331 id
1326 1288 1426 1343 est,
1453 1277 1626 1347 justos
1647 1276 1851 1347 signiﬁ-

258 1375 462 1437 cabant,
509 1372 701 1443 quibus
740 1370 959 1427 deitera
1004 1370 1345 1439 promittitur.
1390 1369 1501 1423 Hoc
1546 1368 1841 1438 signiﬁcat,

260 1464 395 1536 quod
425 1464 590 1519 etiam
634 1463 690 1516 in
730 1462 931 1531 judicio
975 1460 1107 1516 dixit
1146 1477 1205 1516 se
1245 1476 1408 1532 agnos
1437 1461 1503 1514 ad
1539 1459 1842 1526 dexteram,

261 1555 434 1611 haedos
475 1564 654 1610 autem
699 1553 769 1609 ad
809 1554 1080 1609 sinistram
1123 1566 1243 1609 esse
1285 1553 1577 1624 positurum
1622 1551 1842 1626 (Matth.

258 1665 377 1716 xxv,
409 1649 480 1705 53
497 1649 541 1720 ).

321 1738 551 1796 CAPUT
592 1737 807 1794 XXVII.
828 1767 901 1779 —
920 1737 1012 1793 29.
1037 1735 1151 1793 Nec
1171 1736 1411 1791 audiendi
1433 1746 1673 1808 negantes
1692 1736 1842 1807 judi-

259 1830 382 1885 cium
424 1834 679 1902 futurum.
724 1829 833 1885 Nec
871 1844 966 1885 eos
1006 1828 1316 1892 audiamus,
1349 1828 1437 1898 qui
1477 1838 1673 1898 negant
1702 1827 1842 1881 diem

258 1922 438 1994 jndicii
480 1922 717 1977 futurum
739 1965 754 1990 ,
787 1931 840 1977 et
866 1930 1288 1977 commemorant
1311 1920 1453 1990 quod
1480 1922 1531 1976 in
1560 1921 1844 1992 Evangelio

258 2016 509 2086 scriptum
535 2024 617 2070 est
637 2058 651 2082 ,
683 2031 821 2093 eum
843 2015 931 2085 qui
958 2015 1128 2070 credit
1158 2015 1208 2068 in
1240 2013 1539 2081 Christum,
1567 2030 1672 2068 non
1703 2014 1846 2084 judi-

256 2109 401 2172 cari;
442 2110 532 2179 qui
568 2118 748 2164 autem
784 2124 891 2163 non
921 2109 1089 2163 credit
1119 2109 1171 2162 in
1209 2107 1379 2173 illum,
1404 2106 1513 2177 jam
1548 2107 1841 2177 judicatum

256 2214 376 2255 esse
403 2200 596 2271 (.loan.
629 2215 708 2266 ιιι,
739 2199 863 2269 18).
893 2200 1084 2257 Dicunt
1112 2200 1253 2255 enim
1286 2217 1299 2255 :
1331 2198 1387 2254 Si
1415 2208 1467 2254 et
1496 2198 1583 2253 ille
1612 2200 1700 2270 qui
1728 2214 1845 2255 cre-

254 2294 350 2361 dit,
380 2311 487 2350 non
511 2292 688 2351 veniet
707 2296 758 2349 in
776 2294 1057 2366 judicium,
1086 2303 1141 2349 et
1160 2295 1247 2349 ille
1272 2294 1359 2363 qui
1388 2309 1491 2348 non
1520 2293 1708 2357 credit,
1730 2293 1842 2363 jam

250 2389 523 2459 judicatus
546 2401 661 2454 est;
686 2388 776 2443 ubi
804 2398 925 2443 sunt
951 2404 1085 2459 quos
1106 2387 1437 2458 judicaturus
1462 2396 1544 2441 est
1572 2387 1623 2440 in
1655 2386 1741 2441 die
1758 2386 1843 2455 ju-

252 2481 413 2535 dicii?
440 2481 557 2535 Non
580 2482 878 2551 intelligunt
906 2480 983 2535 sic
1012 2481 1152 2551 loqui
1184 2480 1508 2550 Scripturas,
1538 2488 1595 2533 ut
1623 2490 1844 2549 prauor-

254 2573 380 2627 itum
429 2583 641 2643 tempus
683 2589 780 2642 pro
824 2571 1001 2627 futuro
1042 2581 1282 2641 tempore
1328 2572 1602 2626 insinuent
1646 2589 1659 2624 :
1707 2572 1843 2625 sicut

255 2680 412 2735 supra
443 2664 678 2719 diximus
699 2705 714 2730 ,
742 2664 883 2734 quod
910 2664 1198 2733 Apostolus
1229 2663 1363 2718 dixit
1400 2663 1468 2718 de
1494 2662 1667 2726 nobis,
1700 2662 1841 2733 quod

254 2757 403 2811 simul
429 2774 525 2811 nos
554 2755 727 2810 sedere
762 2756 880 2825 fecit
922 2757 974 2810 in
1017 2755 1297 2809 caelestibus
1318 2796 1331 2820 ,
1378 2753 1612 2809 nondum
1644 2753 1839 2808 factum

252 2859 361 2913 est;
394 2850 492 2904 sed
524 2849 648 2919 quia
688 2849 988 2903 certissime
1022 2857 1105 2903 est
1136 2847 1400 2914 futurum,
1434 2847 1503 2900 ita
1531 2846 1730 2902 dictum
1760 2856 1842 2901 est

251 2943 399 3013 quasi
423 2942 541 3011 jam
566 2941 762 2995 factum
791 2942 879 2996 sit.
905 2940 1054 2996 Sicut
1078 2952 1133 2996 et
1156 2940 1270 3011 ipse
1299 2941 1551 2995 Dominus
1570 2939 1842 3010 discipulis

250 3033 398 3100 dixit,
436 3033 626 3087 Omnia
654 3048 770 3104 qua:
810 3033 984 3087 audivi
1009 3050 1040 3086 a
1072 3031 1231 3086 Patre
1255 3049 1395 3098 meo,
1434 3043 1553 3086 nota
1582 3033 1678 3104 feci
1705 3031 1843 3086 vobis

252 3125 369 3196 (ld.
412 3142 513 3193 xv,
544 3127 649 3197 15)
680 3144 693 3179 :
724 3134 779 3181 ct
820 3124 977 3195 paulo
1004 3134 1123 3195 post
1147 3124 1294 3189 dicit,
1327 3125 1497 3179 Multa
1522 3124 1680 3179 habeo
1706 3124 1843 3178 vobis

253 3219 448 3284 dicere;
478 3220 569 3273 sed
604 3236 703 3273 non
732 3220 938 3289 potestis
958 3218 1047 3273 illa
1072 3229 1273 3291 portare
1292 3220 1440 3273 modo
1462 3217 1571 3292 (Id.
1597 3235 1704 3283 xvn,
1730 3218 1838 3290 12).

251 3309 533 3376 Quomodo
572 3326 702 3382 ergo
742 3310 992 3376 dixerat,
1043 3310 1227 3364 Omnia
1263 3327 1376 3378 qua:
1404 3310 1573 3364 audivi
1612 3327 1642 3363 a
1692 3308 1843 3364 Patre

250 3418 375 3469 meo,
409 3413 532 3456 nota
554 3404 655 3472 feci
679 3404 836 3468 vobis,
866 3404 966 3458 nisi
998 3404 1120 3473 quia
1152 3404 1280 3458 illud
1308 3404 1445 3473 quod
1472 3419 1567 3473 per
1586 3403 1841 3472 Spiritum

251 3504 495 3550 sanctum
523 3497 829 3551 certissime
860 3497 1091 3550 facturus
1122 3506 1255 3561 erat,
1288 3498 1436 3567 quasi
1464 3497 1572 3566 jam
1602 3496 1837 3563 fecisset,

250 3587 456 3642 locutus
499 3588 626 3643 est?
668 3588 757 3644 Sic
785 3603 915 3658 ergo
951 3604 1073 3644 cum
1115 3589 1393 3655 audimus,
1443 3589 1543 3656 Qui
1587 3589 1742 3642 credit
1788 3589 1843 3643 in

251 3680 505 3737 Christum
527 3726 544 3750 ,
591 3700 695 3737 non
740 3684 900 3736 veniet
932 3684 983 3735 in
1011 3684 1308 3753 judicium,-
1341 3683 1691 3752 intelligamus
1720 3682 1841 3753 quia

249 3791 351 3829 non
391 3776 574 3831 veniet
611 3774 679 3828 ad
712 3774 1131 3829 damnationem.
1175 3774 1376 3828 Dicitur
1417 3774 1558 3829 enim
1584 3773 1840 3843 judicium

249 3882 345 3936 pro
372 3867 743 3933 damnatione,
778 3866 915 3920 sicut
952 3865 1080 3921 dicit
1103 3867 1408 3935 Apostolus,
1445 3865 1544 3933 Qui
1573 3882 1671 3918 non
1701 3882 1846 3919 man-

249 3960 432 4026 ducat,
480 3960 872 4013 manducantem
902 3976 1000 4013 non
1036 3959 1231 4027 judice!
1266 3958 1457 4028 (Rom.
1501 3974 1613 4023 xlv,
1643 3955 1709 4027 5)
1745 3975 1756 4011 :
1791 3957 1841 4011 id

249 4060 363 4114 est,
396 4064 508 4103 non
544 4049 613 4104 de
650 4050 741 4103 illo
784 4049 923 4103 male
953 4049 1244 4103 existimet.
1282 4047 1347 4101 Et
1375 4048 1631 4101 Dominus
1667 4047 1794 4101 dicit
1824 4062 1839 4112 ;

252 4138 424 4193 Nolite
445 4139 709 4210 Judicare,
740 4155 802 4191 ne
817 4138 1075 4210 judicetur
1111 4139 1174 4191 de
1211 4139 1348 4192 vobis
1376 4137 1595 4208 (Matth.
1629 4154 1721 4205 vn,
1750 4137 1840 4209 1).

252 4230 363 4285 Non
392 4232 543 4286 enim
567 4230 707 4284 tollit
731 4230 889 4285 nobis
913 4230 1310 4298 intelligentiam
1329 4229 1624 4298 judicandi,
1649 4245 1767 4284 cum
1792 4238 1845 4284 et

250 4323 513 4392 propheta
542 4322 718 4388 dicat,
754 4321 817 4377 Si
845 4337 957 4376 uere
986 4323 1241 4392 justitiam
1270 4322 1511 4392 diligitis,
1551 4333 1684 4376 recta
1699 4323 1847 4394 judi-

250 4425 374 4477 cate,
407 4415 510 4481 ﬁlii
546 4414 810 4467 hominum
841 4412 1028 4486 (Psal.
1061 4430 1191 4481 Lvn,
1220 4414 1256 4467 2
1278 4414 1325 4483 );
1354 4422 1407 4468 et
1437 4415 1549 4484 ipse
1589 4414 1845 4469 Dominus

249 4506 407 4571 dicat,
442 4505 625 4560 Nolite
637 4508 876 4577 judicare
906 4508 1252 4576 personaliter,
1283 4508 1371 4561 sed
1383 4509 1580 4578 justum
1591 4509 1845 4579 judicium

248 4599 476 4668 iudicate
511 4598 707 4666 (Joan.
734 4614 827 4665 vn,
866 4597 935 4652 24
956 4597 996 4671 ).
1032 4598 1135 4653 Sed
1163 4599 1254 4653 illo
1284 4599 1402 4653 loco
1435 4599 1519 4653 ubi
1544 4608 1683 4654 vetat
1704 4599 1847 4668 judi-

248 4703 391 4755 care,
417 4690 553 4745 illud
576 4689 851 4756 admonet,
876 4707 943 4745 ne
964 4690 1281 4745 damnemus
1308 4690 1558 4761 aliquem,
1588 4690 1739 4759 cujus
1761 4690 1845 4744 vel

250 4784 510 4853 Cogitatio
558 4782 715 4838 nobis
744 4797 852 4836 non
883 4790 964 4835 est
990 4793 1205 4851 aperta,
1244 4782 1327 4837 vel
1370 4781 1634 4836 nescimus
1675 4779 1848 4851 qualis

252 4883 434 4940 postea
481 4875 553 4929 sit
587 4873 818 4930 futurus.
863 4873 952 4930 Sic
985 4889 1113 4944 ergo
1148 4890 1268 4929 cum
1312 4873 1474 4939 dixit,
1504 4873 1573 4925 ad
1598 4872 1848 4940 iudicium

254 4982 352 5020 non
388 4968 555 5022 veniet
573 4986 595 5035 ;
637 4968 740 5022 hoc
764 4968 932 5034 dixit,
975 4968 1098 5037 quia
1126 4982 1232 5021 non
1262 4965 1438 5021 veniet
1463 4965 1527 5018 ad
1554 4964 1850 5019 damnatio-

254 5071 396 5112 nem.
424 5059 528 5125 Qui
548 5068 719 5112 autem
746 5074 847 5112 non
873 5058 1065 5125 credit,
1097 5058 1207 5129 jam
1223 5057 1483 5127 judicatus
1505 5065 1574 5110 est
1601 5056 1619 5125 (
1645 5054 1730 5108 ld.
1760 5070 1845 5121 ιιι,

260 5149 387 5220 18);
422 5151 527 5204 hoc
574 5149 743 5213 dixit,
782 5149 903 5218 quia
938 5147 1048 5219 jam
1079 5148 1362 5202 damnatus
1396 5156 1477 5201 est
1516 5145 1849 5216 prmscientia

257 5240 371 5307 Dei,
401 5243 496 5313 qui
528 5243 677 5296 novit
706 5241 831 5311 quid
866 5241 1138 5294 immineat
1165 5256 1267 5293 non
1290 5238 1647 5293 credentibus.

319 5332 554 5391 CAPUT
597 5331 1049 5388 XXVIll.—50.
1097 5329 1208 5386 Nec
1254 5331 1341 5403 qui
1387 5330 1558 5383 dicunt
1600 5327 1851 5399 Spiritum

255 5429 561 5495 promissum
584 5426 780 5480 venisse
802 5426 857 5478 in
884 5424 1073 5489 Paulo,
1100 5434 1186 5478 aut
1209 5423 1477 5490 Montano,
1500 5432 1596 5477 etc.
1626 5421 1734 5478 Nec
1759 5436 1852 5476 eos

253 5517 568 5585 audiamus,
614 5518 705 5588 qui
748 5517 935 5571 dicunt
971 5517 1227 5588 Spiritum
1276 5524 1555 5582 sanctum,
1600 5529 1757 5584 quem
1796 5514 1849 5568 in

252 5607 544 5679 Evangelio
575 5608 839 5665 Dominus
878 5608 1121 5676 promisit
1160 5606 1460 5676 discipulis,
1490 5613 1581 5659 aut
1608 5606 1659 5658 in
1689 5604 1852 5659 Paulo

252 5704 501 5771 apostolo
525 5703 743 5759 venisse
766 5743 785 5764 ,
821 5710 913 5755 aut
944 5700 998 5755 in
1040 5699 1289 5753 Montano
1318 5708 1373 5754 et
1401 5698 1673 5765 Priscilla,
1716 5697 1855 5751 sicut

253 5791 622 5868 Cataphryges
648 5795 859 5861 dicunt,
884 5800 977 5846 aut
1002 5793 1054 5846 in
1076 5792 1256 5847 nescio
1276 5807 1382 5863 quo
1407 5791 1613 5845 Maneto
1637 5788 1721 5843 vel
1744 5787 1853 5842 Ma-

252 5888 462 5946 nichaee
481 5933 497 5959 ,
527 5892 670 5948 sicut
703 5886 990 5945 Manichtei
1017 5886 1223 5942 dicunt.
1248 5884 1382 5943 Tam
1412 5884 1552 5941 enim
1577 5883 1706 5942 caeci
1731 5889 1857 5939 sunt

1584 408 1597 413 ’
1676 417 1881 475 LIBER
1919 417 2121 475 UNUS.

1959 536 2067 604 isti,
2101 546 2155 592 ut
2179 538 2481 607 Scripturas
2508 538 2817 596 manifestas
2835 554 2943 595 non
2970 541 3298 613 intelligant;
3320 550 3415 599 aut
3433 552 3546 601 tam

1957 630 2283 700 negligentes
2314 631 2498 685 salutis
2528 646 2637 686 suae
2658 674 2671 696 ,
2717 640 2774 685 ut
2797 634 3019 687 omnino
3045 650 3151 687 non
3179 635 3375 705 legant.
3406 635 3543 704 Quis

1954 723 2129 788 enim,
2162 739 2278 777 eum
2328 724 2551 793 legerit,
2598 740 2701 778 non
2733 724 2993 795 intelligat
3031 726 3112 778 vel
3154 726 3207 780 in
3251 725 3541 796 Evangelio

1952 814 2094 885 quod
2136 825 2256 885 post
2299 816 2505 870 Domini
2548 818 2995 873 resurrectionem
3026 818 3282 888 scriptum
3309 826 3429 887 est,
3460 818 3546 875 di-

1953 917 2106 961 cente
2133 908 2376 975 Domino,
2400 908 2514 981 Ego
2537 911 2681 964 mitto
2705 912 3005 981 promissum
3030 911 3203 968 Patris
3224 915 3319 966 mei
3340 913 3391 966 in
3419 928 3544 979 vos;

1952 1018 2039 1056 vos
2068 1012 2234 1057 autem
2272 1004 2436 1056 sedete
2474 1005 2554 1057 hic
2590 1004 2641 1057 in
2680 1006 2905 1071 civitate,
2946 1022 3203 1077 quousque
3255 1005 3543 1061 induamini

1952 1096 2132 1147 virtute
2160 1112 2224 1148 ea:
2254 1095 2355 1149 alto
2382 1095 2530 1166 (Luc.
2560 1112 2707 1164 xxrv,
2731 1097 2801 1153 49
2821 1098 2872 1167 )?
2895 1098 2959 1152 Ει
2984 1099 3039 1151 ἱιι
3065 1097 3283 1152 Actibus
3312 1100 3545 1168 Aposto-

1954 1185 2145 1251 lorum,
2178 1196 2520 1257 posteaquam
2547 1189 2799 1244 Dominus
2824 1189 3083 1245 abscessit
3102 1205 3130 1243 a
3158 1190 3541 1261 discipulorum

1952 1278 2125 1332 oculis
2152 1278 2203 1332 in
2241 1279 2433 1334 etelum
2460 1321 2475 1346 ,
2503 1279 2689 1334 decem
2722 1280 2907 1335 diebus
2935 1280 3185 1352 peractis,
3228 1280 3315 1335 die
3348 1280 3545 1335 Pente-

1952 1378 2128 1424 costes
2172 1385 2277 1425 non
2317 1370 2599 1425 attendunt
2646 1371 2981 1441 apertissime
3028 1371 3241 1427 venisse
3281 1370 3541 1441 Spiritum

1951 1471 2226 1526 sanctum;
2255 1473 2309 1517 et
2334 1479 2454 1519 cum
2484 1472 2663 1518 essent
2690 1462 2765 1517 illi
2792 1463 2841 1516 in
2869 1462 3105 1529 civitate,
3138 1464 3273 1518 sicut
3295 1479 3387 1518 eos
3414 1471 3541 1518 ante

1951 1563 2250 1618 monuerat,
2280 1554 2581 1623 implevisse
2606 1555 2746 1619 illos,
2776 1554 2845 1608 ita
2868 1562 2929 1609 ut
2949 1555 3297 1625 loquerentur
3323 1556 3538 1626 linguis.

1950 1645 2083 1699 Nam
2105 1645 2332 1700 diversa:
2362 1646 2606 1700 nationes
2625 1661 2742 1715 qua:
2764 1654 2889 1700 tunc
2908 1645 3149 1713 aderant,
3177 1648 3542 1717 unusquisque

1950 1738 2279 1793 audientium
2310 1754 2459 1793 suam
2491 1740 2720 1808 linguam
2748 1739 3265 1810 intelligebant(Act.
3286 1756 3341 1801 ιι.
3362 1738 3536 1813 1-H).

1949 1831 2053 1887 Sed
2078 1832 2162 1887 isti
2190 1832 2434 1886 homines
2460 1831 2731 1902 decipiunt
2756 1847 2849 1886 eos
2879 1833 2969 1901 qui
2999 1832 3328 1902 negligentes
3352 1832 3540 1887 catho-

1950 1924 2104 1979 licam
2130 1923 2286 1979 ﬁdem
2312 1925 2351 1989 ¹,
2384 1935 2436 1977 ει
2463 1924 2630 1993 ipsam
2654 1922 2811 1978 ﬁdem
2841 1936 2989 1976 suam
3020 1938 3137 1993 qua:
3166 1922 3217 1977 in
3247 1920 3538 1993 Scripturis

1950 2019 2231 2075 manifesta
2258 2028 2358 2085 est,
2394 2019 2580 2073 nolunt
2603 2019 2810 2073 discere
2834 2019 2880 2086 ’,
2926 2026 2981 2073 et
3029 2017 3168 2088 quod
3195 2026 3277 2073 est
3320 2018 3539 2089 gravius

1949 2122 2004 2169 et
2034 2114 2257 2166 multum
2288 2111 2573 2167 dolendum
2599 2153 2613 2177 ,
2653 2126 2775 2166 cum
2816 2111 2869 2164 in
2912 2110 3183 2165 Catholica
3210 2110 3228 2141 ³
3260 2110 3539 2181 negligen-

1951 2215 2031 2260 ter
2054 2214 2335 2259 versentur
2356 2244 2372 2271 ,
2407 2202 2671 2258 haereticis
2700 2218 2882 2257 aurem
2912 2202 3195 2272 diligenter
3228 2215 3539 2257 accommo-

1948 2300 2096 2354 dant
2394 2324 2399 2331 ~
2490 2303 2504 2311 ‘

2012 2390 2235 2446 CAPUT
2263 2388 2622 2445 XXIX—51.
2642 2388 2748 2443 Nec
2760 2388 3540 2461 audiendiDonatisttenegantes

1947 2484 2228 2540 Ecclesia»:
2260 2500 2347 2553 per
2389 2484 2557 2537 orbem
2579 2499 2685 2537 esse
2700 2482 2960 2549 diffusam.
2993 2482 3224 2537 Donatus
3246 2485 3404 2553 ipsea
3432 2483 3540 2537 suis

1948 2578 2155 2631 divisus.
2185 2574 2415 2630 Donatus
2444 2574 2620 2629 Romae
2647 2592 2761 2628 cum
2788 2572 3058 2629 Caeciliano
3096 2590 3303 2628 causam
3327 2574 3496 2628 dicens
3519 2614 3537 2642 ,

1948 2670 2076 2724 nihil
2107 2668 2300 2740 probat.
2336 2667 2616 2721 Donatista:
2652 2664 2971 2736 Baptismum
3004 2666 3101 2719 nisi
3136 2665 3235 2736 ipsi
3281 2664 3531 2731 dederint,

1946 2764 2149 2818 inanem
2187 2780 2293 2816 esse
2332 2761 2522 2816 volunt.
2564 2760 2673 2815 Nec
2700 2775 2793 2815 eos
2822 2758 3122 2824 audiamus,
3164 2758 3253 2829 qui
3296 2767 3537 2812 sanctam

1948 2856 2262 2921 Ecclesiam,
2308 2871 2425 2926 quae
2456 2870 2559 2909 una
2586 2852 2849 2909 catholica
2873 2861 2973 2915 εει,
3004 2859 3196 2922 negant
3224 2865 3321 2921 per
3350 2850 3537 2905 orbem

1948 2963 2068 3004 esse
2109 2948 2377 3013 ditl‘usam,
2424 2945 2517 3001 scd
2563 2946 2613 2999 in
2642 2945 2753 2999 sola
2796 2943 2994 3009 Africa,
3026 2943 3129 2997 hoc
3153 2952 3257 3009 εει,
3292 2943 3345 2997 in
3386 2950 3541 3011 parte

1894 3072 1901 3083 ο
1949 3040 2137 3095 Donati
2182 3039 2382 3108 pollere
2422 3037 2767 3093 arbitrantur.
2812 3035 2884 3089 Ita
2933 3034 3079 3090 surdi
3119 3041 3242 3090 sunt
3279 3033 3540 3088 adversus

1948 3133 2261 3204 prophetam
2306 3130 2592 3195 dicentem,
2637 3126 2806 3180 Filius
2852 3142 2991 3179 meus
3033 3141 3085 3179 es
3133 3133 3207 3192 tu,
3255 3139 3347 3194 ego
3391 3123 3542 3176 hodie

1946 3224 2097 3298 genui
2124 3233 2169 3278 te
2188 3238 2207 3276 :
2232 3222 2434 3293 postulo
2456 3238 2487 3273 a
2512 3235 2609 3286 me,
2648 3228 2693 3271 et
2719 3217 2847 3271 dabo
2879 3217 2964 3269 tibi
2989 3225 3160 3287 gentes
3196 3214 3541 3268 hwreditatem

1948 3323 2107 3381 tuam,
2146 3326 2190 3368 et
2221 3314 2578 3385 possessionem
2621 3321 2759 3364 tuam
2789 3311 3025 3364 terminos
3074 3319 3219 3363 terrm
3248 3306 3422 3367 lPsal.
3460 3321 3537 3375 ιι,

1949 3410 2000 3475 7,
2035 3407 2113 3480 8).
2155 3408 2221 3461 Ει
2241 3406 2338 3460 alia
2370 3405 2554 3471 multa,
2584 3402 2694 3457 sive
2722 3404 2773 3456 in
2800 3400 3029 3466 Veteris,
3060 3399 3172 3453 sive
3197 3401 3248 3453 in
3276 3398 3408 3452 Novi
3436 3398 3540 3455 Te-

1948 3501 2195 3556 stamenti
2228 3499 2399 3565 libris,
2442 3514 2561 3567 qua:
2588 3496 2783 3564 scripta
2814 3504 2956 3557 sunt,
2987 3504 3048 3548 ut
3071 3492 3407 3562 apertissime
3436 3491 3539 3547 de-

1947 3592 2150 3647 clarent
2176 3588 2468 3645 Ecclesium
2498 3585 2691 3641 Christi
2721 3601 2817 3655 per
2842 3584 3025 3639 orbem
3054 3594 3212 3638 terrm
3235 3597 3356 3637 esse
3382 3580 3540 3636 ditiu-

1948 3700 2082 3740 sam.
2124 3683 2275 3750 Quod
2305 3697 2426 3737 cum
2455 3681 2533 3734 eis
2558 3678 2857 3749 objicitnus,
2885 3676 3067 3731 dicunt
3088 3674 3196 3745 jam
3218 3674 3318 3728 ista
3358 3672 3539 3728 omnia

1947 3778 2110 3832 fuisse
2158 3775 2455 3845 completa,
2504 3782 2787 3842 antequam
2832 3778 2978 3826 esset
3024 3784 3145 3839 pars
3185 3768 3393 3831 Donati,
3443 3767 3540 3823 sed

1949 3876 2130 3941 postea
2183 3876 2345 3921 totam
2405 3866 2698 3920 Ecclesiam
2726 3864 2950 3933 perisse,
2984 3870 3039 3915 et
3092 3861 3145 3914 in
3190 3859 3304 3913 sola
3348 3858 3540 3914 Donati

1948 3976 2099 4038 parte
2139 3964 2392 4033 reliquias
2438 3961 2554 4031 ejus
2600 3958 2918 4013 remansisse
2959 3954 3305 4010 contendunt.
3349 3952 3393 4010 O
3437 3953 3542 4007 lin-

1947 4075 2105 4130 guam
2146 4056 2427 4127 superbam
2466 4063 2519 4110 et
2543 4052 2832 4108 nefariam!
2881 4065 2978 4105 nec
3006 4050 3049 4103 si
3089 4063 3215 4104 vere
3267 4050 3345 4103 sic
3394 4048 3541 4101 vive-

1948 4159 2088 4215 rent,
2122 4156 2180 4202 ut
2205 4148 2288 4202 vel
2317 4148 2451 4201 inter
2479 4160 2537 4198 se
2564 4160 2747 4214 pacem
2793 4149 2973 4211 postea
3005 4140 3354 4195 custodirent.
3387 4138 3539 4192 Nunc

1949 4252 2125 4298 autem
2155 4258 2259 4295 non
2290 4239 2567 4294 attendunt
2589 4240 2698 4306 jam
2735 4237 2786 4289 in
2829 4235 2943 4304 ipso
2986 4235 3189 4288 Donato
3212 4230 3538 4300 completum

1954 4336 2115 4392 fuisse
2140 4334 2278 4405 quod
2309 4333 2507 4386 dictum
2535 4337 2638 4395 est,
2667 4328 2731 4382 In
2760 4345 2861 4398 qua
2882 4344 3114 4379 mensura
3134 4323 3291 4406 mensi
3318 4322 3538 4396 fueritis,

1948 4430 2002 4483 in
2024 4445 2082 4482 ea
2102 4426 2384 4482 rcmetietur
2403 4424 2538 4477 vobis
2564 4420 2778 4493 (Matth.
2808 4435 2901 4483 vn,
2929 4418 3007 4489 ἓ).
3050 4417 3198 4471 Sicut
3218 4416 3357 4469 enim
3378 4412 3539 4467 Chri-

1951 4531 2089 4577 stum
2118 4517 2357 4574 dividere
2385 4521 2608 4571 conatus
2631 4521 2731 4577 est,
2763 4513 2840 4567 sic
2880 4512 2993 4581 ipse
3037 4525 3064 4562 a
3094 4508 3203 4562 suis
3231 4505 3540 4575 quotidiana

1951 4614 2257 4669 concisione
2303 4611 2574 4665 dividitur.
2634 4608 2715 4663 Ad
2766 4607 2868 4661 hoc
2927 4606 3085 4659 etiam
3131 4603 3365 4675 pertinet
3409 4598 3541 4655 illud

1951 4706 2093 4779 quod
2117 4705 2371 4759 Dominus
2400 4703 2546 4767 dicit,
2592 4702 2692 4767 Qui
2715 4702 2845 4756 enim
2873 4698 3043 4769 gladio
3077 4694 3395 4767 percusserit,
3424 4692 3541 4763 gla-

1953 4799 2037 4853 dio
2080 4799 2320 4851 morietur
2349 4795 2461 4864 (Id.
2508 4810 2655 4857 xxvr,
2687 4792 2797 4862 52).
2839 4790 3059 4846 Gladius
3095 4788 3236 4841 enim
3269 4786 3363 4841 illo
3393 4785 3534 4847 loco,

1953 4889 2213 4959 siquidem
2263 4888 2313 4940 in
2341 4886 2482 4940 malo
2528 4884 2731 4952 positus
2761 4890 2862 4943 est,
2894 4878 3276 4935 discordiosam
3302 4875 3539 4943 linguam

1954 4981 2235 5051 signiﬁcat,
2266 4994 2369 5049 qua
2417 4987 2541 5031 tunc
2571 4975 2657 5029 ille
2702 4973 2883 5029 infelix
2912 4972 3204 5027 Ecclesiam
3235 4964 3537 5037 percussit,

1954 5074 2046 5129 sed
2078 5087 2182 5126 non
2208 5068 2421 5125 occidit.
2451 5067 2567 5121 Non
2610 5065 2751 5121 enim
2776 5064 2915 5119 dixit
2957 5062 3235 5122 Dominus,
3266 5054 3366 5123 Qui
3392 5053 3542 5107 occi-

1954 5166 2093 5221 derit
2130 5164 2325 5234 gladio,
2356 5162 2535 5232 gladio
2576 5160 2872 5224 morietur;
2918 5155 3031 5219 sed,
3081 5150 3179 5217 Qui
3206 5147 3378 5219 gladio
3416 5162 3541 5200 usus

1956 5258 2125 5329 fuerit,
2154 5256 2343 5326 inquit,
2374 5254 2544 5326 gladio
2567 5251 2823 5305 morietur.
2864 5247 3005 5314 Ergo
3034 5242 3120 5296 ille
3150 5237 3413 5310 percussit
3432 5237 3541 5293 Ec-

1955 5352 2171 5409 clesium
2207 5350 2383 5419 lingua
2411 5347 2658 5418 litigiosa,
2687 5358 2789 5413 qua
2818 5353 2960 5395 nunc
2990 5337 3103 5407 ipse
3130 5334 3448 5400 conciditur,
3480 5341 3540 5389 ut

1957 5445 2173 5500 omnino
2197 5443 2465 5511 dispereat
2483 5450 2642 5507 atque
2663 5434 2935 5490 moriatur.
2967 5429 3030 5483 Et
3056 5438 3230 5483 tamen
3260 5426 3388 5480 illud
3416 5434 3541 5481 tunc

2022 5579 2039 5610 ι
2074 5577 2213 5639 editi,
2239 5574 2324 5639 qui
2338 5572 2744 5639 negligentesth
2759 5562 3079 5639 in_catholical
3089 5563 3208 5639 fide.
3233 5568 3447 5639 At,

2022 5594 2039 5610 ³
2076 5594 2213 5637 ιελαιῑι,
2239 5594 2323 5639 (fit!
2338 5594 2622 5639 m’gugcuwa
2636 5594 2744 5618 διυη
2761 5594 2811 5617 ue
2833 5594 3067 5637 ausurae“;
3089 5594 3208 5634 Ioue.
3233 5594 3293 5634 ab.
3311 5594 3417 5611 ιιωο.
3459 5594 3542 5634 uc...

1957 5638 2244 5705 negligentes
2264 5636 2545 5687 catholicum
2565 5630 2711 5695 ﬁdem
2725 5643 2741 5691 ;
2760 5627 2856 5689 vel,
2874 5641 2957 5691 qui
2972 5627 3259 5692 negligentes
3274 5636 3328 5675 ιη
3340 5594 3542 5674 culimu-

1957 5702 2299 5812 mins-Imb.
2350 5766 2403 5809 et
2444 5756 2612 5817 plures
2630 5762 2738 5805 Mss.
2762 5761 2818 5805 At
2856 5762 2955 5802 Am.
2980 5759 3055 5801 Er.
3089 5759 3219 5817 Lov.,
3265 5745 3447 5817 dicere.

1932 5849 1938 5855 ~
1997 5826 2193 5896 _'_l-:diti
2224 5823 2423 5882 addunt,
2447 5812 2545 5885 'Irde
2574 5833 2591 5871 :
2616 5821 2752 5883 cujus
2796 5818 2901 5867 loco
2943 5815 3191 5865 subaudiri
3215 5815 3406 5872 potest,
3449 5812 3540 5859 £0-

1961 5885 2124 5939 etesia.
