4046 6332
484 464 587 549 301

486 602 761 678 apOstolus
805 600 1018 674 Petrus,
1070 623 1175 661 nou
1228 607 1477 676 superbia
1525 621 1641 673 sua,
1694 604 1787 659 sed
1831 604 2069 683 quamvis

483 690 707 768 carnali,
740 698 917 756 tamen
943 694 1125 755 amere
1168 690 1374 753 Domini
1418 696 1636 753 fecerat.
1673 697 1853 766 Itaque
1880 694 2067 749 admo-

481 790 628 847 nitus
668 792 911 848 recondit
937 789 1168 862 gladium
1201 808 1213 842 :
1254 790 1351 843 iste
1395 798 1569 843 autem
1616 804 1715 843 nec
1760 778 1930 841 victus
1970 785 2070 839 hoc

485 880 629 937 fecit.
673 884 945 954 Siquidem
972 900 1091 939 cum
1126 883 1376 952 episcopo
1397 880 1679 937 CLDClli'JHO
1709 896 1923 937 causam
1947 894 2068 933 cum

482 963 706 1044 diceret,
755 968 1089 1031 audientibus
1116 976 1379 1045 episc0pis
1418 964 1621 1039 Ronan,
1652 988 1786 1045 quos
1832 974 1943 1041 ipse
1970 988 2066 1042 pe-

484 1058 693 1136 iivera‘t,
741 1050 870 1123 nihil
907 1064 1089 1122 eorum
1120 1056 1237 1137 qua:
1264 1056 1565 1120 intenderat
1612 1066 1782 1134 potuit
1806 1064 2064 1134 probare;

481 1169 534 1212 et
554 1158 629 1213 sic
652 1160 904 1215 remansit
927 1146 1310 1227 insehismate,
1343 1154 1395 1212 ut
1420 1150 1518 1212 suo
1544 1146 1718 1227 gladio
1746 1164 2063 1210 moreretur.

478 1230 715 1318 POpulu‘s
755 1258 932 1303 autem
973 1223 1166 1321 ipsius,
1212 1248 1423 1319 quando
1452 1223 1569 1302 non
1588 1238 1734 1301 audit
1773 1238 2069 1315 Prophetas

481 1342 537 1391 et
576 1336 948 1409 Evangelium,
997 1338 1050 1393 in
1094 1332 1283 1409 quibus
1331 1336 1667 1408 apertissime
1698 1340 1953 1409 scriptum
1985 1346 2068 1392 cst

478 1412 776 1485 Ecclésiam
808 1414 1002 1498 Christi
1031 1447 1124 1501 per
1150 1440 1333 1486 omnes
1362 1444 1547 1501 gentes
1575 1446 1693 1486 esse
1718 1420 1983 1494 diITUsam,
2013 1438 2068 1484 et

477 1520 626 1578 audit
669 1512 1055 1589 sehismaticOs,
1091 1542 1196 1578 non
1226 1516 1320 1578 Dei
1348 1523 1569 1593 gloriam
1612 1533 1935 1592 qumrentcs,
1970 1520 2066 1575 sed

478 1635 652 1688 suam,
686 1622 814 1676 satis
840 1606 1097 1691 signiﬁcat
1122 1608 1333 1674 servum
1356 1635 1413 1674 se
1439 1633 1579 1682 esse,
1610 1634 1713 1672 non
1736 1606 2064 1689 liherum,ret

477 1720 660 1768 aurem
709 1704 980 1768 dexteram
1010 1728 1068 1767 se
1112 1712 1309 1787 habere
1355 1712 1646 1781 prmcisam.
1691 1700 1878 1764 Petrus
1922 1710 2063 1764 enim

477 1802 666 1859 errans
698 1806 750 1858 in
778 1802 960 1859 amore
1002 1798 1235 1871 Demini,
1285 1796 1459 1870 servo,
1512 1818 1617 1856 non
1660 1803 1848 1867 lihero,
1880 1816 2065 1875 aurem

479 1888 751 1952 dexteram
783 1886 1042 1967 praecidit.
1082 1886 1165 1951 Ex
1203 1913 1308 1967 quo
1339 1896 1616 1966 signiﬁcat,
1647 1911 1739 1950 eos
1771 1895 1857 1963 qui
1889 1894 2065 1964 gladio

476 1984 780 2044 Schismatis
828 1990 1111 2053 feriuntur,
1144 1997 1197 2042 et
1242 2002 1425 2042 servos
1454 1988 1571 2041 esse
1603 1978 1892 2039 carnalium
1923 1980 2063 2038 desi—

475 2064 779 2147 deriorum,
831 2081 1064 2135 nondum
1114 2076 1334 2135 eductos
1387 2080 1436 2132 in
1492 2070 1791 2132 libertatem
1834 2076 2063 2146 Spiritus

475 2173 668 2235 Sancti,
712 2181 769 2226 ut
791 2172 899 2241 jam
946 2188 1050 2225 non
1081 2162 1351 2227 confidant
1377 2171 1426 2224 in
1456 2164 1708 2233 homine;
1740 2165 1791 2222 et
1818 2186 1921 2221 non
1966 2184 2062 2220 an-

480 2260 596 2315 dire
621 2248 763 2331 quod
810 2262 1054 2315 dextrum
1086 2258 1189 2327 est,
1223 2261 1272 2315 id
1316 2264 1418 2327 est,
1452 2244 1660 2314 Domini
1705 2260 1925 2329 gloriam
1970 2272 2063 2326 per

474 2353 791 2409 catholicam
813 2355 1101 2409 Ecclesium
1120 2355 1376 2408 latissime
1396 2364 1752 2423 pervagatum,
1769 2354 1861 2408 sed
1879 2350 2063 2407 audire

470 2438 754 2498 Sinistrum
810 2445 1053 2500 humana:
1102 2426 1391 2499 inflationis
1434 2438 1693 2498 errorem.
1734 2442 1838 2498 Sed
1885 2453 2061 2498 tamen

470 2540 597 2591 eum
644 2530 898 2590 Dominus
940 2530 1081 2590 dicat
1126 2534 1178 2591 in
1214 2524 1524 2606 Evangelio,
1572 2550 1692 2589 cum
1739 2550 1832 2604 per
1876 2548 2062 2589 omnes

464 2626 659 2698 'genles
708 2609 1051 2697 hi’va'ngelium
1112 2624 1271 2682 fuerit
1328 2618 1691 2696 praedicatum,
1741 2634 1867 2681 tunc
1902 2626 2059 2680 Iinem

468 2723 594 2774 bSSe
620 2706 854 2773 hiturum
881 2706 1089 2792 (Matth.
1113 2718 1261 2785 ΠΝ,
1288 2710 1378 2790 li)
1404 2737 1417 2785 ;
1443 2719 1708 2789 quomodo
1740 2714 1828 2773 isti
1876 2718 2061 2773 dicunt

468 2806 617 2881 quod
638 2800 747 2880 jam
776 2806 985 2866 creterra
1014 2816 1201 2865 Omnes
1232 2808 1415 2881 gentes
1452 2810 1761 2865 ceciderunt
1792 2826 1821 2864 a
1854 2808 1976 2876 ﬁde,
2009 2812 2063 2865 cl

468 2888 532 2956 in
567 2892 677 2957 Sola
711 2894 861 2972 parte
884 2890 1074 2957 Donati
1105 2904 1356 2957 remansit
1386 2900 1640 2968 Ecclesia,
1671 2908 1790 2957 cu‘m
1834 2886 2057 2957 manife-

475 2994 615 3047 ‘stum
660 2992 747 3059 sit,
794 3009 857 3047 ex
896 2984 1002 3064 quo
1026 2982 1131 3049 ista
1173 3002 1294 3065 pars
1325 2995 1390 3048 ab
1440 2996 1638 3048 unitate
1682 2993 1902 3064 praecisa
1932 2992 2012 3071 est
2041 3036 2057 3061 ,

468 3076 763 3139 ‘nonnuiias
791 3095 977 3156 gentes
1006 3096 1188 3156 postea
1217 3076 1526 3152 credidisse,
1548 3096 1598 3139 et
1628 3074 1801 3140 adhuc
1826 3092 1943 3141 cisse
1967 3080 2061 3138 ali-

472 3172 604 3247 quas
631 3192 749 3245 qua:
780 3175 1016 3230 nondum
1044 3164 1404 3241 crediderunt,
1447 3176 1638 3247 quibus
1682 3168 1915 3246 quotidie
1955 3186 2057 3231 non

474 3258 756 3322 ecssa'tur‘
800 3260 1147 3339 Evangelinm
1177 3265 1493 3341 prsetlicari?
1532 3260 1662 3336 Quis
1708 3274 1810 3322 non
1843 3269 2062 3324 iniretur

466 3365 596 3416 iesse
627 3356 855 3431 aliquem
898 3362 987 3433 qui
1014 3379 1071 3418 se
1101 3356 1444 3417 christianum
1475 3350 1579 3416 diei
1608 3354 1751 3429 Velit,
1783 3369 1837 3416 et
1869 3352 2057 3417 a'dveré

472 3446 567 3508 stis
591 3449 789 3509 Christi
822 3450 1043 3524 gloriam
1082 3452 1226 3509 tanta
1271 3453 1541 3524 impietate
1585 3454 1841 3524 rapiatur,
1877 3456 1933 3507 ut
1962 3458 2055 3507 au-

474 3534 598 3601 deat
622 3534 799 3602 dicere
825 3554 1012 3602 omnes
1036 3547 1258 3619 pepnlos
1286 3547 1546 3621 gentium,
1578 3545 1667 3620 qui
1697 3544 1855 3627 modo
1886 3543 2062 3606 adhuc

472 3632 740 3696 aecedunt
779 3636 1035 3698 Ecclesiae
1080 3638 1199 3711 Dei,
1232 3650 1286 3697 et
1310 3643 1361 3696 in
1397 3640 1489 3697 Dei
1514 3638 1707 3696 Filium
1748 3642 2060 3701 festinanter

478 3733 720 3799 credunt,
766 3732 994 3789 inaniter
1022 3732 1217 3798 facere,
1260 3722 1379 3803 quia
1409 3748 1512 3786 non
1541 3749 1633 3787 eos
1663 3730 1850 3803 aliquis
1891 3734 2057 3788 dona-

472 3812 598 3874 ti‘sla
621 3814 890 3891 baptizat?
910 3823 1037 3877 Sine
1053 3808 1212 3877 dubio
1239 3823 1336 3876 ista
1360 3828 1765 3877 exsecrarentur
1784 3808 2054 3889 homines,

471 3910 532 3964 ‘et
558 3920 650 3966 eos
677 3911 791 3966 sine
817 3912 1069 3968 dilatione
1110 3914 1489 3984 relinquerent,
1520 3908 1563 3968 si
1606 3913 1869 3968 Christum
1910 3933 2058 3986 quee-

468 4001 675 4069 ‘rerent,
724 3998 766 4058 si
801 4004 1089 4059 Ecclesiam
1140 4002 1435 4076 diligerent,
1491 4006 1535 4059 si
1582 4002 1731 4068 liberi
1781 4014 1979 4072 essent,
2014 4006 2058 4062 si

470 4094 663 4149 inirem
684 4092 961 4150 dexteram
994 4097 1249 4166 integram
1285 4099 1595 4153 retinerent.

546 4170 772 4240 CAPUT
811 4174 979 4240 XXX.
1008 4216 1079 4227 -—-
1102 4180 1188 4243 δί.
1218 4187 1337 4242 Νοη
1363 4189 1599 4243 audiendi
1621 4182 1949 4259 Luciferiani,
1973 4186 2058 4260 qui

474 4262 591 4329 tinet
630 4282 729 4330 non
763 4266 1090 4348 rebap‘tizent,
1121 4281 1454 4349 prwcidcrunt
1494 4292 1547 4334 δε
1567 4282 1628 4334 a'b
1657 4268 1908 4348 Ecclesia,
1941 4284 2058 4352 t/uia

473 4366 824 4437 ﬁtipis‘ceit'tes
848 4370 910 4422 ab
937 4366 1126 4423 Ariana
1152 4371 1330 4426 haeresi
1366 4364 1652 4440 recipiebat.
1692 4371 1800 4428 Nec
1827 4376 1919 4428 e’os
1954 4382 2054 4428 au-

474 4456 704 4526 ditunus,
750 4450 839 4531 qui
870 4462 1113 4531 quamius
1154 4460 1424 4518 neminem
1472 4460 1820 4533 rebaptizent,
1864 4456 2055 4533 praci-

474 4542 669 4612 der‘un't
697 4560 957 4635 setamen
983 4548 1050 4612 ab
1078 4555 1300 4625 unitate,
1334 4560 1387 4613 et
1406 4542 1728 4613 Luciferiani
1750 4554 1926 4628 inagis
1952 4546 2054 4614 dici

475 4658 633 4721 quam
672 4634 930 4706 Catholici
960 4644 1277 4706 maiuerunt.
1316 4639 1377 4705 tn
1400 4660 1464 4707 eo
1485 4650 1623 4706 enim
1670 4649 1811 4720 quod
1861 4640 2057 4707 in‘telli;

472 4738 602 4815 gun’t
642 4724 901 4813 haptisma
945 4730 1140 4799 Christi
1186 4758 1291 4799 non
1335 4754 1455 4799 esse
1496 4734 1866 4813 repetendum,
1909 4751 2053 4798 recte

472 4824 689 4890 faciunt.
728 4822 977 4893 Sentiun't
1021 4836 1160 4890 enim
1203 4836 1605 4891 Sacramentum
1649 4836 1816 4890 sancti
1854 4834 2053 4890 lavacri

470 4926 732 4999 imsq‘na’m
777 4932 915 4993 esse,
962 4922 1061 4981 nisi
1090 4932 1157 4983 ex
1180 4924 1446 4983 catholica
1472 4927 1748 4994 Ecclesia;
1800 4920 1894 4981 sed
1934 4942 2051 4984 eam

470 5017 695 5074 formam
732 5026 912 5075 secum
958 5010 1160 5075 habere
1202 5026 1468 5075 Sarmenta
1510 5019 1749 5089 praecisa,
1800 5028 1956 5089 quam
2000 5020 2050 5073 in

471 5106 583 5181 ipsa
626 5110 753 5179 vite,
806 5116 1090 5181 an‘tequa‘m
1132 5111 1561 5181 prmeideren‘tu‘r,
1607 5119 1944 5181 acceperant.
1987 5100 2051 5166 Ili

472 5200 598 5259 sum
623 5202 763 5258 enim
784 5205 857 5259 “de
883 5204 1075 5275 quibus
1121 5204 1405 5273 Apostolus
1432 5204 1562 5259 dicit
1590 5223 1603 5259 :
1638 5194 1892 5259 Habentes
1934 5220 2051 5276 spe-

470 5286 594 5348 Ei‘e’m
624 5290 842 5363 pietatis,
871 5295 1100 5349 virtutem
1136 5302 1304 5349 autem
1328 5295 1437 5366 ejus
1462 5288 1761 5367 ahnegante‘s
1796 5284 1875 5368 (Π
1916 5294 2046 5351 Tim.

471 5392 550 5453 in,
698 5376 797 5442 'Est
825 5390 965 5442 enim
986 5396 1173 5459 magna
1188 5387 1358 5443 'virtns
1383 5389 1613 5458 pietatis,
1643 5398 1743 5459 pax
1766 5398 1817 5445 et
1841 5390 2048 5459 unitas;

471 5477 590 5548 quia
616 5486 749 5532 unus
766 5488 847 5534 ρει
866 5478 1025 5535 Deus.
1059 5480 1207 5536 Hanc
1224 5479 1301 5535 illi
1323 5490 1430 5535 non
1450 5478 1673 5547 habent,
1698 5481 1817 5551 quia
1841 5482 2050 5551 prmcisi

468 5569 759 5625 tit-unitate
779 5580 920 5625 sunt.
961 5571 1163 5643 Imque,
1192 5573 1236 5629 si
1264 5574 1351 5644 qui
1378 5589 1443 5628 ex
1466 5573 1601 5644 ipsis
1626 5573 1694 5627 ad
1720 5573 2049 5629 Catholicam

470 5652 821 5725 ῡὲὴῗῖῐὴιπιοη
846 5660 1039 5716 iterant
1054 5660 1284 5732 speciem
1309 5660 1694 5735 pietatis’tptam
1709 5660 1925 5729 habent;
1940 5662 2041 5718 sed

469 5753 736 5826 accipiunt
761 5753 1009 5809 virtutem
1030 5756 1249 5825 pietatis
1271 5774 1428 5827 quam
1455 5770 1559 5813 non
1583 5758 1797 5814 habent.
1833 5757 1965 5813 Nam
1994 5768 2049 5813 et

468 5838 767 5917 impunitos
802 5858 981 5903 ramos
1006 5846 1182 5904 denuo
1209 5858 1367 5920 poese
1394 5852 1577 5922 inseri,
1596 5851 1643 5907 si
1670 5862 1772 5909 nan
1801 5864 2046 5925 perman-

532 5963 550 5993 ί
584 5968 714 6014 unus
735 5975 767 6015 e
786 5961 1023 6015 Vaticanis
1049 5970 1178 6029 Uss,
1201 5975 1297 6016 non
1317 5971 1486 6017 cessat.

1177 490 1266 547 DE
1306 488 1533 547 AGONE
1572 470 2002 553 cnmsreixo,
2043 484 2099 543 s.
2144 486 2509 543 AUGUSTINI
2562 485 2758 543 LIBER
2802 484 3006 545 unus.

3655 484 3761 546 508

2182 603 2349 658 serint
2374 605 2426 659 in
2453 604 2843 672 incredulitate,
2886 603 3220 675 apertissime
3268 600 3552 674 Apostolus
3606 604 3765 661 docet

2185 695 2376 767 (Rom.
2420 715 2494 764 xx,
2535 698 2663 769 25).
2704 696 2862 768 Quod
2905 715 3023 753 cum
3063 696 3382 754 Luciferiani
3435 698 3757 771 intelligunt,

2181 794 2234 840 et
2261 803 2362 859 non
2394 790 2740 858 rebaptizant,
2768 805 2870 844 non
2892 789 3254 860 improhamus
3278 808 3291 844 :
3316 790 3407 844 sed
3440 791 3582 860 quod
3600 793 3762 847 etiam

2181 876 2279 948 ipsi
2310 880 2521 947 prmcidi
2542 895 2568 932 a
2597 881 2774 935 radice
2795 881 3095 947 voluerunt,
3125 882 3241 952 quis
3263 896 3367 936 non
3387 880 3761 937 detestandum

2180 985 2298 1026 esse
2328 972 2651 1042 cognoscat?
2683 973 2749 1027 Et
2777 973 2894 1028 ideo
2917 974 3166 1039 maxime,
3195 975 3313 1043 quia
3346 974 3446 1028 hoc
3470 974 3548 1028 eis
3574 974 3764 1043 diSpli-

2178 1061 2281 1114 cuit
2312 1062 2363 1115 in
2404 1062 2642 1117 Ecclesia
2673 1064 2954 1129 catholica,
2986 1064 3125 1134 quod
3159 1080 3279 1119 vere
3327 1064 3599 1122 catholica:
3631 1081 3763 1121 san-

2177 1152 2371 1208 ctitatis
2398 1163 2498 1208 cst.
2539 1154 2807 1225 Nusquam
2835 1156 2973 1211 enim
2998 1164 3104 1210 tam
3133 1157 3307 1226 vigere
3330 1157 3527 1212 debent
3552 1157 3764 1214 viscera

2176 1236 2575 1313 misericordi-.12,
2600 1264 2755 1318 quam
2784 1250 2833 1303 in
2859 1249 3119 1303 catholica
3142 1250 3400 1318 Ecclesia,
3426 1260 3486 1304 ut
3512 1260 3764 1323 tanquam

2176 1354 2297 1393 vera
2339 1350 2508 1395 mater
2535 1356 2633 1396 nec
2672 1343 3014 1411 peccantibus
3042 1342 3166 1398 ﬁliis
3220 1344 3452 1413 superbe
3495 1342 3762 1411 insultet,

2176 1448 2274 1487 nec
2304 1436 2559 1490 correctis
2600 1436 2812 1492 difﬁcile
2843 1438 3099 1509 ignoscat.
3141 1438 3258 1493 Non
3284 1440 3425 1495 enim
3455 1440 3571 1495 sine
3594 1455 3763 1496 causa

2175 1524 2312 1579 inter
2336 1541 2524 1582 omnes
2554 1530 2839 1597 Apostolus
2870 1530 3026 1600 hujus
3054 1531 3308 1587 Ecclesia:
3334 1533 3611 1588 catholica:
3636 1550 3765 1604 per-

2175 1622 2359 1672 sonam
2406 1620 2634 1675 sustinet
2662 1620 2851 1677 Petrus
2884 1642 2895 1677 :
2928 1621 3049 1678 huic
3093 1624 3237 1679 enim
3286 1625 3536 1679 Ecclesiae
3582 1625 3762 1682 claves

2174 1710 2321 1779 regni
2342 1713 2597 1767 caelorum
2614 1713 2750 1768 data:
2768 1724 2911 1781 sunt,
2930 1730 3052 1769 cum
3072 1715 3230 1771 Petro
3245 1716 3380 1771 date
3400 1726 3523 1771 sunt
3544 1716 3759 1787 (Matt/2.

2174 1815 2283 1863 XVI,
2314 1800 2424 1870 19).
2468 1794 2535 1855 Ει
2557 1818 2677 1856 eum
2718 1804 2765 1857 ei
2793 1805 3004 1868 dicitur,
3034 1804 3101 1860 ad
3132 1820 3318 1860 omnes
3347 1807 3560 1873 dicitur,
3602 1808 3762 1862 Amas

2173 1892 2293 1944 me?
2326 1880 2485 1946 Pasce
2514 1908 2624 1948 oves
2670 1912 2805 1948 mea:
2851 1894 3044 1966 (Joan.
3094 1913 3205 1964 nl,
3247 1897 3373 1967 17).
3416 1898 3585 1960 Debet
3630 1914 3763 1970 ergo

2174 1970 2410 2036 Ecclesia
2454 1972 2711 2037 catholica
2754 1987 3010 2040 correctis
3059 1998 3112 2040 ct
3144 1989 3340 2055 pietate
3382 1988 3606 2043 ﬁrmatis
3634 1990 3761 2045 ﬁliis

2172 2074 2399 2129 libenter
2446 2074 2757 2144 ignoscere;
2803 2094 2923 2133 cum
2966 2080 3065 2149 ipsi
3110 2072 3269 2135 Petro
3312 2097 3593 2152 personam
3640 2083 3761 2153 ejus

2171 2168 2420 2235 gestanti,
2451 2178 2504 2221 et
2533 2184 2651 2227 cum
2684 2170 2733 2223 in
2764 2173 2898 2225 mari
2928 2173 3204 2228 titubasset
3233 2173 3447 2244 (Matth.
3482 2191 3593 2241 xw,
3637 2176 3757 2248 50),

2171 2268 2223 2311 et
2270 2276 2388 2312 cum
2422 2259 2704 2316 Dominum
2750 2266 3035 2320 carnaliter
3085 2282 3115 2320 a
3172 2269 3415 2336 passione
3454 2280 3760 2326 revocasset

2172 2346 2281 2419 (Id.
2311 2366 2418 2417 xw,
2451 2350 2568 2423 ‘22),
2594 2363 2786 2409 etcum
2813 2372 2998 2411 aurem
3028 2360 3169 2412 servi
3198 2360 3375 2429 gladio
3402 2363 3755 2431 praecidisset,

2168 2448 2366 2494 etcum
2400 2442 2569 2510 ipsum
2618 2445 2897 2501 Dominum
2929 2458 3007 2503 ter
3036 2461 3284 2522 negasset
3322 2451 3431 2525 (Id.
3463 2469 3609 2518 xxvr,
3640 2455 3751 2522 51,

2169 2530 2383 2605 70-74),
2412 2543 2604 2589 etcum
2629 2538 2681 2591 in
2709 2538 3100 2596 simulationem
3120 2554 3305 2613 postea
3333 2547 3758 2614 superstitiosam

2170 2620 2349 2696 lapsus
2394 2640 2535 2684 esset
2586 2629 2781 2701 (Galat.
2828 2650 2886 2701 ιι,
2934 2634 3044 2705 12),
3096 2638 3366 2692 videamus
3396 2640 3602 2694 veniam
3633 2655 3757 2696 esse

2168 2728 2495 2787 concess-am,
2517 2738 2746 2794 eumque
2770 2736 3069 2782 correctum
3110 2737 3268 2799 atque
3300 2730 3563 2786 ﬁrmatum
3584 2748 3757 2804 usque

2167 2812 2234 2868 ad
2282 2813 2562 2871 dominica:
2607 2819 2872 2887 passionis
2917 2822 3143 2891 gloriam
3193 2824 3518 2893 pervenisse.
3573 2826 3755 2896 Itaque

2167 2917 2288 2977 post
2316 2910 2738 2979 persecutionem
2767 2928 2887 2983 qua:
2915 2929 3010 2982 per
3048 2916 3273 2969 Arianos
3302 2915 3584 2973 haereticos
3610 2918 3752 2975 facta

2166 3008 2301 3067 erat,
2334 3011 2674 3079 posteaquam
2701 3019 2824 3072 pax,
2857 3020 3014 3075 quam
3042 3006 3256 3077 quidem
3285 3007 3551 3064 Catholica
3576 3010 3628 3064 in
3654 3010 3755 3067 D0-

2166 3092 2311 3145 mino
2343 3101 2505 3155 tenet,
2556 3094 2716 3148 etiam
2748 3110 2778 3149 a
2804 3096 3138 3166 principibus
3179 3098 3359 3154 saeculi
3389 3099 3591 3155 reddita
3622 3110 3707 3157 est
3729 3140 3750 3171 ,

2166 3185 2402 3255 episcopi
2423 3186 2511 3255 qui
2535 3186 2769 3255 perﬁdia:
2798 3190 3115 3243 Arianorum
3144 3191 3195 3244 in
3215 3191 3300 3246 illa
3330 3192 3699 3261 persecutione
3725 3194 3747 3227 ⁸

2165 3266 2563 3341 consenserant,
2612 3279 2762 3333 multi
2814 3282 3039 3336 correcti
3095 3283 3269 3339 redire
3309 3285 3361 3339 in
3413 3284 3747 3343 Catholicam

2166 3368 2497 3440 delegerunt,
2542 3372 2857 3429 damnantes
2896 3377 3007 3430 sive
3049 3377 3191 3450 quod
3232 3377 3587 3449 crediderant,
3632 3383 3752 3442 sive

2165 3462 2306 3533 quod
2333 3478 2392 3523 se
2419 3463 2711 3525 credidisse
2736 3470 3130 3525 simulaverant.
3160 3472 3269 3528 Hos
3293 3471 3531 3529 Ecclesia
3556 3474 3748 3530 catho-

2165 3544 2267 3616 iica
2294 3570 2536 3617 materno
2565 3565 2764 3633 recepit
2793 3566 2932 3629 sinu,
2978 3574 3225 3636 tanquam
3257 3567 3472 3624 Petrum
3500 3578 3620 3638 post
3644 3567 3750 3627 ﬂe.

2165 3657 2275 3704 tum
2306 3653 2600 3722 negationis
2627 3669 2722 3723 per
2747 3657 2865 3725 galli
2888 3665 3102 3712 cantum
3132 3658 3482 3726 admonitum,
3504 3669 3599 3715 aut
3626 3671 3751 3716 tunc

2165 3756 2323 3811 quam
2349 3742 2594 3799 eumdem
2622 3757 2742 3815 post
2778 3761 2995 3815 pravam
3023 3748 3409 3804 simulationem
3437 3750 3590 3804 Pauli
3615 3766 3751 3808 voce

2164 3843 2483 3888 correctum.
2521 3836 2669 3891 Hanc
2702 3837 2777 3891 illi
2808 3841 2991 3894 matris
3017 3839 3325 3895 charitatem
3352 3843 3580 3911 superbe
3605 3845 3753 3901 acci-

2164 3927 2390 3996 pientes,
2440 3938 2493 3983 et
2534 3922 2693 3999 impie
2740 3932 3205 4001 reprehendentes,
3252 3933 3376 4003 quia
3419 3934 3577 3991 Petro
3622 3947 3751 4005 post

2162 4018 2286 4098 galli
2314 4028 2526 4074 cantum
2548 4023 2783 4091 surgenti
2809 4038 2911 4077 non
2937 4024 3183 4093 gratulati
3209 4032 3333 4080 sunt
3351 4023 3563 4098 (Matth.
3588 4043 3744 4096 χχιιι,

2164 4096 2275 4176 759,
2306 4128 2425 4167 cum
2467 4114 2730 4180 Lucifero,
2770 4117 2858 4184 qui
2902 4131 3058 4173 mane
3085 4096 3376 4186 oriebatur»,
3407 4119 3599 4176 cadere
3622 4134 3749 4176 me-

2163 4215 2386 4261 ruerunt
2426 4206 2573 4274 (Isai.
2604 4223 2716 4273 xw,
2752 4206 2858 4280 iii).

2233 4298 2456 4355 CAPUT
2494 4300 2685 4355 XXXI.
2722 4333 2792 4340 —
2833 4304 2921 4358 55.
2966 4302 3074 4357 Nec
3120 4305 3359 4360 audiendi
3393 4304 3601 4362 σαυππε
3645 4323 3745 4363 nc-

2161 4401 2335 4460 gantes
2362 4391 2640 4447 Ecclesium
2671 4410 2814 4463 posse
2856 4396 3026 4449 omnia
3056 4404 3259 4465 peccata
3281 4397 3551 4465 dimittere,
3577 4408 3624 4452 et
3660 4413 3749 4454 ve-

2162 4492 2321 4537 tantes
2363 4485 2539 4539 viduas
2583 4486 2785 4541 nubere.
2823 4486 2934 4543 Nec
2962 4503 3056 4543 eos
3099 4488 3396 4556 audiamus,
3420 4491 3516 4561 qui
3546 4500 3748 4562 negant

2160 4572 2452 4629 Ecclesiam
2490 4576 2581 4630 Dei
2609 4578 2785 4631 omnia
2815 4589 3029 4647 peccata
3058 4592 3216 4649 posse
3244 4581 3527 4636 dimittere.
3556 4582 3747 4653 {tam

2159 4668 2373 4735 miseri,
2418 4668 2545 4724 dum
2593 4670 2646 4724 in
2696 4669 2853 4725 Petro
2890 4678 3101 4739 petram
3149 4686 3255 4727 non
3300 4673 3626 4742 intelligunt,
3684 4684 3747 4731 et

2160 4760 2349 4815 nolunt
2376 4762 2594 4817 credere
2622 4763 2773 4818 datas
2799 4763 3051 4819 Ecclesia:
3076 4764 3255 4820 claves
3279 4767 3426 4835 regni
3453 4768 3741 4833 calorum;

2159 4855 2259 4927 ipsi
2300 4871 2395 4912 eas
2420 4856 2488 4911 de
2515 4856 2760 4911 manibus
2784 4858 3097 4912 amiserunt.
3122 4857 3221 4911 ‘lsti
3254 4866 3381 4912 sunt
3406 4859 3493 4927 qui
3527 4858 3739 4923 viduas,

2157 4949 2203 5006 si
2230 4950 2531 5019 nupserim,
2579 4958 2825 5019 tanquam
2871 4948 3141 5005 adulteras
3182 4950 3454 5016 damnant,
3492 4960 3548 5007 et
3574 4966 3745 5021 super

2157 5042 2454 5098 doctrinam
2497 5041 2839 5117 apostolicam
2869 5056 2927 5095 se
2966 5041 3257 5110 prmiicant
3285 5058 3404 5099 esse
3432 5044 3746 5104 mundiores

2158 5132 2222 5204 (Ι
2254 5133 2383 5187 Ttm.
2420 5149 2472 5195 v,
2523 5132 2648 5202 M).
2688 5132 2787 5199 Qui
2843 5148 3037 5187 nomen
3078 5148 3232 5189 suum
3261 5136 3306 5189 si
3346 5136 3541 5191 vellent
3567 5150 3745 5208 agno-

2157 5240 2328 5289 scere,
2358 5224 2653 5279 mundauos
2678 5239 2737 5279 se
2764 5225 2964 5295 potius,
3007 5240 3164 5295 quam
3206 5228 3430 5283 mundos
3461 5242 3740 5287 vocarent.

2156 5316 2410 5373 Nolentes
2441 5317 2603 5382 enim,
2652 5317 2698 5371 si
2736 5317 3103 5385 peccaverint,
3150 5320 3360 5389 corrigi,
3413 5320 3545 5374 nihil
3592 5321 3742 5379 aliud

2156 5411 2453 5481 elegerunt,
2513 5408 2614 5463 nisi
2663 5424 2783 5464 eum
2849 5411 2953 5465 hoc
3021 5410 3219 5466 arundo
3279 5411 3537 5466 domari.
3595 5412 3735 5468 Nam

2157 5504 2348 5576 quibus
2394 5502 2599 5557 veniam
2644 5511 2979 5572 peccatorum
3014 5514 3233 5573 negant,
3280 5513 3385 5558 neu
3425 5519 3519 5558 eos
3554 5504 3740 5573 aliqua

2156 5593 2766 5659 sanitate'custodiunt,
2799 5594 2891 5649 sed
2939 5595 3094 5663 aegris
3142 5595 3460 5649 subtrahunt
3508 5595 3740 5650 medici-

2155 5704 2317 5755 nam;
2360 5697 2414 5743 et
2439 5687 2623 5741 viduas
2662 5702 2788 5742 suas
2816 5688 2898 5742 uri
2945 5698 3159 5759 cogunt,
3208 5705 3337 5759 quas
3372 5690 3581 5744 (nubere
3612 5705 3737 5745 tm

2155 5781 2485 5852 permittunt.
2531 5777 2644 5834 Non
2692 5779 2832 5834 enim
2877 5778 3246 5848 prandentium
3282 5781 3517 5837 habendi
3558 5790 3737 5849 sunt,

2210 5897 2236 5930 ε
2270 5893 2490 5945 amuli
2506 5894 2736 5957 'codioep,

2188 5961 2242 6019 1
2274 5966 2375 6010 Duo
2397 5953 2809 6020 Mss.,swwtitatc.
