4046 6332
442 347 544 408 3H

444 470 604 536 pacto
644 463 927 521 commode
965 463 1316 521 intimandum
1344 465 1445 530 sit;
1489 464 1631 520 unde
1672 461 2032 527 exordienda,

444 571 726 627 quousque
750 557 822 612 sit
847 556 1188 628 perducenda
1212 556 1481 621 narratio;
1505 566 1681 610 utrum
1706 553 2034 610 exhortatio-

444 642 571 703 nein
602 648 835 719 aliquam
879 650 1162 704 terminata
1204 648 1510 703 narratione
1553 646 1809 702 adhibere
1846 644 2039 700 debea-

443 759 569 799 mus
588 786 604 813 ,
654 760 723 799 an
754 753 1021 815 praecepta
1047 745 1157 799 sola
1176 785 1191 809 ,
1241 742 1435 813 quibus
1464 740 1810 797 observandis
1834 738 1921 795 cui
1959 739 2033 793 lo«

445 837 664 906 quimur
703 837 917 891 noverit
953 836 1302 891 christianam
1343 835 1506 889 vitam
1545 833 2039 904 professionemque

447 929 672 1005 retineri
698 931 738 983 ι.
785 929 941 1000 Saepe
968 936 1143 983 autem
1172 926 1267 981 tibi
1295 926 1553 982 accidisse
1579 924 1854 980 confessus
1883 931 2040 991 atque

448 1029 779 1091 conquestus
800 1036 877 1085 es,
909 1028 967 1075 ut
994 1020 1047 1074 in
1075 1033 1325 1074 sermone
1344 1018 1502 1087 l0ngo
1530 1025 1584 1071 et
1610 1016 1789 1087 tepido
1810 1014 1905 1068 tibi
1928 1014 2041 1083 ipse

448 1113 741 1169 vilescercs
793 1127 1046 1182 essesque
1096 1111 1331 1177 fastidio,
1388 1110 1584 1165 nedum
1632 1108 1709 1162 illi
1755 1122 1914 1178 quem
1957 1105 2043 1160 lo-

448 1205 668 1274 quendo
697 1204 1000 1269 imbuebas,
1030 1213 1086 1259 et
1112 1205 1323 1259 caeteris
1349 1203 1438 1273 qui
1466 1202 1745 1257 audientes
1769 1200 1992 1256 aderant
2024 1216 2037 1253 :

450 1310 625 1365 caque
671 1305 722 1351 te
766 1297 1087 1351 necessitate
1130 1296 1291 1351 fuisse
1330 1296 1661 1364 compulsum
1687 1333 1702 1358 ,
1753 1301 1811 1346 ιιι
1853 1305 1913 1346 ea
1957 1304 2045 1345 me

449 1400 609 1456 quam
626 1386 717 1441 tibi
738 1387 910 1444 debeo
925 1387 1181 1443 charitatc
1206 1387 1576 1457 compelleres,
1594 1400 1663 1441 ne
1686 1398 1934 1455 gravarer
1957 1381 2044 1437 in-

452 1485 538 1532 ter
566 1478 943 1548 occupationes
969 1494 1116 1533 meas
1142 1479 1235 1534 tibi
1258 1478 1325 1532 de
1351 1478 1449 1532 hac
1475 1493 1533 1531 re
1562 1475 1760 1546 aliquid
1777 1474 2039 1530 scribere.

523 1569 581 1624 2.
618 1570 727 1640 Ego
754 1586 882 1625 vero
909 1586 1014 1625 non
1045 1586 1108 1625 ea
1138 1580 1343 1625 tantum
1373 1585 1531 1640 quam
1560 1568 1890 1623 familiariter
1919 1566 2044 1635 tibi,

450 1662 553 1719 scd
601 1665 762 1719 etiam
810 1680 971 1734 quam
1024 1665 1179 1719 matri
1224 1665 1479 1721 Ecclesiae
1530 1664 1900 1719 universaliter
1950 1662 2046 1718 de-

452 1756 591 1822 beo,
641 1757 903 1813 charitate
938 1773 1003 1814 ac
1038 1759 1291 1814 servitute
1335 1759 1661 1829 compellor,
1703 1759 1747 1814 si
1787 1758 1913 1828 quid
1955 1773 2050 1828 per

455 1862 681 1918 cperam
720 1863 896 1904 meam
927 1865 1086 1919 quam
1109 1851 1321 1905 Domini
1349 1851 1515 1905 nostri
1556 1851 1800 1921 largitate
1833 1866 2049 1920 possum

457 1940 718 1996 exhibere
738 1982 752 2007 ,
786 1942 928 1996 idem
955 1957 1049 1998 eos
1079 1942 1337 1999 Dominus
1362 1959 1496 2014 quos
1528 1943 1659 1997 mihi
1686 1941 1880 1999 fratres
1905 1945 2048 2013 fecit,

458 2031 703 2101 adjuvari
747 2033 929 2102 jubet,
983 2036 1129 2090 nullo
1177 2036 1336 2091 modo
1383 2052 1671 2102 recusare,
1730 2038 1823 2091 sed
1878 2040 2053 2107 potius

456 2132 710 2193 prompta
742 2134 796 2178 et
821 2122 1019 2180 devota
1043 2127 1314 2183 voluntate
1343 2129 1633 2198 suscipere.
1668 2128 1879 2195 Quanto
1909 2129 2053 2183 enim

457 2212 625 2279 cupio
671 2213 830 2269 latius
874 2215 1082 2287 erogari
1108 2219 1128 2249 ²
1176 2219 1457 2288 pecuniam
1500 2218 1861 2285 dominicam,
1909 2227 2087 2273 tanto

457 2302 635 2373 magis
669 2319 757 2361 me
786 2313 1038 2375 oportet,
1080 2308 1124 2362 si
1156 2324 1315 2378 quam
1344 2308 1738 2379 dispensatores
1764 2324 2054 2366 conservos

457 2406 613 2448 meos
659 2393 1035 2453 difﬁcultatem
1085 2398 1138 2453 in
1182 2399 1450 2469 erogando
1498 2400 1700 2455 sentire
1744 2415 2052 2472 cognosco,

458 2497 627 2555 agere
667 2497 925 2559 quantum
957 2490 1010 2544 in
1042 2505 1129 2546 me
1158 2499 1271 2558 est,
1319 2501 1377 2546 ut
1415 2493 1570 2547 facile
1610 2502 1767 2564 atque
1808 2494 2057 2565 expedite

458 2579 709 2648 possint,
738 2581 883 2651 quod
912 2582 1136 2654 impigre
1164 2598 1229 2639 ac
1259 2583 1498 2640 studiose
1527 2585 1735 2640 volunt.

533 2669 764 2727 CAPUT
804 2672 870 2729 ll.
903 2704 973 2715 —
996 2675 1049 2729 '5.
1082 2674 1264 2730 Sermo
1295 2691 1429 2746 sirpe
1464 2678 1552 2747 qui
1590 2677 1820 2732 audienti
1858 2679 2053 2748 placet,

461 2762 701 2833 displicet
732 2764 917 2820 dicenti
943 2783 962 2820 :
987 2767 1122 2821 unde
1146 2767 1199 2820 id
1224 2768 1501 2839 contingat.
1536 2769 1636 2836 Qui
1660 2786 1941 2825 sermonem
1961 2772 2057 2825 ha-

462 2853 550 2909 bet
572 2897 588 2923 ,
618 2865 755 2909 curet
793 2865 844 2909 ut
870 2857 979 2911 sine
1018 2858 1226 2927 fastidio
1257 2868 1302 2912 et
1327 2859 1557 2913 hilariter
1581 2861 1736 2914 dicat.
1777 2860 1884 2918 Sed
1913 2862 2059 2933 quod

460 2948 538 3003 ad
564 2958 708 3004 tuam
752 2953 968 3023 proprie
992 2953 1476 3010 considerationem
1504 2956 1771 3026 pertinet,
1816 2959 1980 3013 nolim
2006 2967 2059 3015 te

464 3043 673 3098 moveri
703 3058 771 3099 ex
800 3059 866 3100 co
894 3046 1036 3115 quod
1062 3062 1205 3118 saepe
1230 3047 1326 3102 tibi
1346 3048 1612 3119 abjectum
1642 3066 1944 3109 sermonem
1976 3053 2058 3109 fa-

462 3136 857 3209 stidiosumque
884 3138 1081 3195 habere
1108 3140 1252 3195 visus
1276 3157 1353 3195 es.
1385 3141 1525 3197 Fieri
1552 3144 1693 3198 enim
1723 3154 1900 3215 potest
1926 3153 1985 3200 ut
2009 3147 2059 3202 ei

464 3242 631 3298 quem
662 3229 966 3285 instruebas
993 3246 1099 3286 non
1141 3234 1212 3287 ita
1249 3234 1319 3293 sit
1345 3234 1519 3289 visum
1546 3276 1560 3300 ,
1591 3236 1686 3291 sed
1729 3238 1850 3308 quia
1884 3247 1937 3293 tu
1963 3239 2061 3294 ali-

463 3320 599 3392 quid
626 3322 819 3377 melius
845 3323 1017 3378 audiri
1046 3324 1389 3381 desiderabas
1408 3370 1422 3395 ,
1460 3344 1525 3383 co
1552 3329 1643 3384 tibi
1671 3331 1812 3401 quod
1842 3331 2059 3387 dicebas

467 3412 744 3470 videretur
782 3415 1056 3488 indignum
1094 3419 1312 3474 auribus
1356 3421 1605 3477 aliorum.
1653 3422 1787 3478 Nam
1829 3432 1883 3479 et
1929 3425 2059 3479 mihi

468 3522 640 3579 prope
675 3525 888 3581 semper
930 3526 1108 3568 sermo
1149 3529 1302 3568 meus
1334 3514 1597 3585 displicet.
1646 3517 1877 3573 Melioris
1916 3519 2057 3574 enim

468 3602 659 3659 avidus
687 3617 828 3671 sum,
857 3620 965 3675 quo
994 3621 1137 3676 saepe
1163 3607 1313 3661 fruor
1338 3608 1561 3664 interius
1580 3651 1595 3675 ,
1623 3620 1909 3681 antequam
1937 3628 2059 3667 eum

469 3694 739 3764 explicare
766 3696 949 3750 verbis
977 3698 1290 3753 sonantibus
1318 3714 1532 3768 coepero
1563 3718 1575 3754 :
1598 3701 1738 3770 quod
1764 3702 1853 3756 ubi
1884 3703 2060 3757 minus

467 3800 633 3856 quam
675 3786 807 3843 mihi
852 3796 1010 3843 notus
1038 3798 1122 3844 est
1166 3789 1454 3857 evaluero,
1497 3792 1784 3846 contristor
1825 3793 2059 3864 linguam

467 3892 648 3933 meam
669 3880 821 3935 cordi
842 3896 962 3936 meo
984 3896 1089 3937 non
1110 3882 1348 3952 potuisse
1369 3883 1390 3914 ³
1412 3883 1678 3940 sufficere.
1704 3885 1894 3941 Totum
1916 3887 2059 3942 enim

467 3971 614 4040 quod
636 3971 896 4043 intelligo,
920 3972 1043 4028 volo
1068 3983 1127 4028 ut
1150 3974 1240 4045 qui
1260 3989 1347 4031 me
1372 3975 1519 4030 audit
1542 3975 1837 4047 intelligat;
1864 3986 1919 4032 et
1939 3993 2063 4033 sen-

468 4065 549 4122 tio
582 4080 671 4121 me
699 4081 806 4121 non
834 4067 907 4121 ita
936 4066 1081 4138 loqui
1105 4109 1121 4133 ,
1150 4076 1210 4123 ut
1238 4067 1342 4124 hoc
1372 4068 1601 4125 efficiam
1637 4088 1651 4125 :
1684 4071 1914 4126 maxime
1939 4072 2063 4140 quia

468 4157 566 4215 ille
608 4159 909 4215 intellectus
947 4162 1098 4231 quasi
1145 4162 1329 4232 rapida
1375 4165 1744 4221 coruscatione
1793 4165 2065 4236 perfundit

467 4252 744 4318 animum;
776 4252 866 4307 illa
891 4260 1067 4307 autem
1110 4253 1311 4311 locutio
1339 4256 1489 4310 tarda
1528 4266 1582 4313 et
1610 4258 1770 4329 longa
1798 4268 1881 4314 est
1900 4303 1915 4327 ,
1943 4261 2062 4315 lon-

466 4356 643 4413 geque
671 4342 945 4399 dissimilis
976 4361 991 4399 :
1023 4353 1077 4400 et
1101 4344 1226 4400 dum
1257 4345 1355 4401 ista
1383 4348 1650 4415 volvitur,
1672 4351 1784 4420 jam
1811 4367 1869 4407 se
1896 4352 1982 4408 ille
2010 4354 2062 4408 in

469 4446 681 4491 secreta
715 4452 807 4490 sua
848 4438 1129 4494 condidit:
1162 4448 1339 4495 tamen
1387 4442 1509 4513 quia
1548 4446 1770 4515 vestigia
1816 4447 2061 4516 quaedam

470 4527 611 4583 miro
642 4528 802 4584 modo
831 4530 1103 4600 impressit
1135 4533 1445 4601 memoriae,
1488 4536 1778 4605 perdurant
1816 4539 1905 4593 illa
1940 4556 2062 4595 cum

469 4620 797 4693 syllabarum
828 4623 1078 4689 morulis;
1106 4633 1266 4694 atque
1291 4640 1355 4681 ex
1380 4626 1582 4682 eisdem
1607 4631 1842 4699 vestigiis
1867 4646 2063 4687 sonan-

472 4712 545 4767 tia
570 4713 719 4784 signa
750 4715 1055 4786 peregimus
1078 4756 1093 4780 ,
1125 4731 1245 4787 qua:
1283 4717 1462 4789 lingua
1509 4720 1703 4776 dicitur
1740 4724 1825 4778 vel
1866 4725 2059 4793 latina,

467 4803 558 4858 vel
585 4818 757 4874 graeca
779 4845 794 4871 ,
836 4806 923 4861 vel
949 4805 1192 4874 hebrrca,
1219 4809 1305 4862 vel
1330 4810 1432 4865 alia
1462 4812 1746 4880 quaelibet;
1770 4814 1881 4870 sive
1909 4817 2060 4888 cogi-

470 4905 652 4953 tentur
676 4898 791 4955 haec
820 4902 968 4972 signa
985 4943 999 4968 ,
1029 4901 1143 4957 sive
1168 4901 1330 4957 etiam
1358 4918 1490 4959 voce
1517 4905 1892 4974 proferantur;
1938 4925 2059 4965 cum

472 4987 564 5046 illa
614 4992 831 5062 vestigia
878 5008 977 5048 nec
1024 4993 1221 5060 latina,
1261 5009 1362 5050 nec
1414 5011 1624 5066 graeca,
1677 5000 1761 5054 vel
1816 5000 2059 5070 hebraea,

470 5095 573 5136 nec
622 5083 881 5153 cujusque
923 5084 1141 5138 alterius
1185 5078 1361 5155 gentis
1408 5087 1516 5141 sint
1563 5091 1798 5159 propria,
1847 5092 1942 5147 sed
1990 5093 2060 5147 ita

469 5175 770 5230 efﬁciantur
812 5176 864 5229 in
912 5176 1123 5240 animo,
1168 5184 1230 5231 ut
1267 5177 1446 5232 vultus
1494 5179 1547 5233 in
1592 5196 1837 5251 corpore.
1892 5183 2065 5240 Aliter

470 5269 617 5325 enim
647 5268 811 5322 latine
835 5267 911 5321 ira
941 5267 1165 5336 dicitur,
1199 5267 1355 5323 aliter
1372 5284 1564 5339 graece,
1594 5273 1748 5329 aliter
1772 5282 1933 5347 atque
1962 5279 2063 5333 ali-

470 5372 553 5416 ter
598 5360 819 5414 aliarum
856 5360 1162 5416 diversitate
1196 5360 1496 5433 linguarum
1530 5381 1543 5418 :
1573 5379 1683 5421 non
1724 5376 1899 5423 autem
1945 5370 2064 5425 lati-

471 5470 573 5511 nus
617 5461 709 5507 aut
746 5468 953 5523 graecus
991 5463 1074 5508 est
1099 5454 1275 5509 vultus
1314 5455 1454 5509 irati.
1495 5454 1610 5511 Non
1650 5457 1829 5530 itaque
1874 5442 2062 5519 omnes

472 5555 657 5618 gentes
680 5543 1005 5614 intelligunt,
1026 5559 1149 5601 cum
1171 5546 1395 5617 quisque
1423 5547 1571 5616 dicit,
1599 5548 1770 5606 iratus
1800 5562 1939 5623 sum,
1968 5556 2062 5611 sed

535 5704 552 5736 ί
589 5704 664 5768 sic
679 5705 729 5754 in
751 5711 860 5755 Mss.
884 5709 942 5755 At.
961 5705 1013 5754 in
1035 5704 1196 5768 editis,
1218 5708 1443 5760 retinere.

535 5769 558 5833 ξ
591 5767 708 5833 miti
721 5800 737 5826 ,
760 5777 977 5830 erogare.
1003 5774 1060 5818 At
1081 5767 1211 5830 Mss,
1234 5770 1443 5833 erogari.

540 5827 561 5859 ⁸
595 5827 732 5888 aditi,
748 5827 1017 5890 non'posse.
1042 5837 1165 5893 Mss,
1184 5827 1280 5883 non
1296 5827 1515 5893 ιῖοωὶεεε.

1329 350 1417 406 DE
1455 346 1990 406 CATECHIZANDIS
2030 344 2347 416 RUDIBUS,
2386 345 2443 405 S.
2486 347 2853 408 AUGUSTINI

2147 461 2320 518 Latini
2344 472 2543 520 tantum
2560 483 2572 519 :
2592 474 2645 521 at
2660 467 2702 521 si
2716 465 2935 520 allectus
2944 463 3383 522 excandescentis
3398 465 3560 523 animi
3571 478 3733 528 exeat

2144 555 2198 610 in
2243 555 2452 621 faciem,
2495 557 2804 628 vultumque
2852 556 3010 613 faciat
3034 554 3131 630 (a),
3159 572 3348 613 omnes
3380 560 3729 632 sentiuntqui

2146 647 2419 704 intuentur
2438 650 2648 705 iratum.
2673 649 2781 705 Sed
2807 665 2980 720 neque
3006 651 3074 704 ita
3097 651 3220 705 licet
3240 649 3470 707 educere
3495 660 3550 708 et
3575 655 3729 724 quasi

2146 742 2488 813 exporrigere
2522 742 2575 797 in
2605 756 2821 797 sensum
2860 741 3184 797 audientium
3218 758 3312 812 per
3350 756 3542 799 sonum
3580 746 3733 801 vocis

2147 832 2238 887 illa
2258 833 2503 903 vestigia,
2526 848 2644 904 quae
2666 833 2923 904 imprimit
2944 833 3244 890 intellectus
3268 830 3565 902 memoriae,
3588 837 3732 892 sicut

2149 935 2364 996 apertus
2382 935 2436 982 et
2461 924 2774 981 manifestus
2793 935 2876 981 est
2899 926 3078 980 vultus
3109 945 3123 981 :
3156 927 3246 981 illa
3271 927 3416 981 enim
3439 936 3565 983 sunt
3588 928 3736 984 intus

2150 1015 2204 1071 in
2230 1018 2429 1085 animo,
2459 1017 2561 1072 iste
2582 1017 2710 1072 foris
2731 1018 2784 1070 in
2806 1031 3050 1087 corpore.
3073 1017 3407 1087 Quapropter
3435 1019 3736 1089 conjicien-

2150 1107 2276 1164 dum
2305 1119 2387 1164 est
2412 1117 2667 1179 quantum
2693 1109 2853 1164 distet
2880 1124 3044 1165 sonus
3070 1111 3179 1165 oris
3200 1110 3372 1165 nostri
3406 1110 3474 1165 ab
3504 1112 3596 1167 illo
3625 1111 3737 1167 ictu

2142 1201 2530 1272 intelligentiae,
2562 1202 2773 1274 quando
2803 1218 2870 1257 ne
2893 1203 2992 1272 ipsi
3016 1203 3229 1274 quidem
3255 1204 3594 1273 impressioni
3623 1220 3743 1259 me-

2151 1294 2337 1349 moriae
2362 1294 2550 1349 similis
2577 1303 2675 1350 est.
2705 1294 2814 1350 Nos
2840 1306 3015 1350 autem
3059 1295 3370 1366 plerumque
3399 1297 3451 1350 in
3480 1295 3745 1352 auditoris

2154 1387 2436 1441 utilitatem
2473 1385 2818 1442 vehementer
2850 1386 3128 1452 ardentes,
3163 1387 3235 1441 ita
3273 1387 3420 1458 loqui
3450 1388 3738 1457 volumus,

2152 1477 2600 1548 quemadmodum
2629 1487 2754 1533 tunc
2786 1477 3148 1549 intelligimus,
3187 1494 3309 1535 cum
3338 1495 3433 1550 per
3461 1480 3631 1551 ipsam
3658 1480 3745 1535 in-

2153 1570 2445 1626 tentionem
2477 1570 2621 1640 loqui
2664 1584 2769 1624 non
2816 1585 3099 1639 possumus
3130 1588 3143 1624 :
3172 1580 3226 1625 et
3250 1572 3374 1642 quia
3404 1587 3511 1626 non
3550 1587 3748 1627 succe-

2154 1660 2264 1730 dit,
2294 1664 2541 1734 angimur
2564 1704 2579 1729 ,
2624 1671 2680 1718 et
2701 1664 2845 1718 velut
2881 1662 3078 1718 frustra
3116 1679 3334 1734 Operam
3364 1665 3701 1721 insumamus
3724 1706 3742 1733 ,

2156 1754 2315 1810 taedio
2353 1754 2764 1817 marcescimus;
2806 1762 2969 1826 atque
2998 1770 3066 1810 ex
3097 1756 3215 1826 ipso
3244 1756 3401 1811 ttedio
3442 1756 3748 1828 languidior

2158 1847 2217 1902 fit
2242 1847 2383 1902 idem
2411 1861 2610 1914 sermo,
2642 1854 2697 1901 et
2722 1845 2965 1902 hebetior
2984 1862 3144 1917 quam
3169 1856 3306 1916 erat,
3330 1847 3470 1904 unde
3493 1848 3748 1919 perduxit

2157 1938 2224 1994 ad
2251 1938 2486 1993 taedium.
3313 2017 3316 2019 Α

2227 2035 2282 2089 4.
2315 2033 2420 2090 Sed
2445 2033 2573 2089 mihi
2617 2048 2760 2104 saepe
2792 2033 2991 2089 indicat
3028 2048 3211 2089 eorum
3240 2034 3473 2090 studium
3494 2075 3507 2100 ,
3540 2036 3631 2105 qui
3656 2050 3749 2092 me

2159 2126 2342 2181 audire
2399 2126 2651 2197 cupiunt,
2717 2141 2823 2181 non
2877 2126 2946 2181 ita
3001 2142 3121 2182 esse
3180 2126 3426 2196 frigidum
3475 2126 3748 2197 eloquium

2159 2234 2374 2288 meum,
2422 2229 2481 2274 ut
2520 2219 2727 2275 videtur
2777 2219 2911 2275 mihi
2947 2236 2961 2273 :
3003 2228 3057 2275 et
3098 2234 3191 2275 eos
3220 2220 3345 2275 inde
3388 2219 3586 2290 aliquid
3616 2221 3749 2276 utile

2159 2327 2382 2383 capere,
2436 2328 2502 2367 ex
2543 2327 2729 2368 eorum
2771 2311 3121 2368 delectatione
3166 2327 3463 2382 cognosco;
3508 2328 3751 2369 mecum-

2160 2419 2265 2475 que
2303 2419 2402 2476 ago
2445 2404 2664 2472 sedulo,
2712 2412 2769 2458 ut
2809 2403 2935 2459 huic
2971 2403 3271 2459 exhibendo
3309 2404 3602 2460 ministerio
3634 2419 3748 2461 non

2161 2496 2330 2553 desim
2356 2540 2369 2563 ,
2402 2498 2454 2552 in
2486 2514 2591 2569 quo
2621 2499 2740 2553 illos
2781 2498 2935 2554 video
2972 2498 3110 2554 bene
3137 2498 3381 2568 accipere
3417 2498 3560 2569 quod
3597 2498 3753 2554 exhi-

2159 2586 2337 2643 betur.
2370 2588 2458 2643 Sic
2490 2598 2545 2643 et
2588 2600 2676 2654 tu,
2714 2604 2779 2644 eo
2808 2589 2925 2659 ipso
2960 2588 3103 2658 quod
3140 2588 3207 2643 ad
3239 2599 3291 2645 te
3338 2590 3535 2659 saepius
3582 2589 3754 2645 addu-

2162 2688 2355 2733 cuntur
2383 2680 2472 2749 qui
2504 2680 2608 2735 fide
2638 2680 2906 2736 imbuendi
2932 2689 3087 2749 sunt,
3121 2681 3285 2736 debes
3311 2682 3604 2753 intelligere
3642 2697 3753 2739 non

2164 2773 2236 2827 ita
2262 2773 2545 2842 displicere
2584 2774 2702 2828 aliis
2741 2789 3043 2830 sermonem
3072 2784 3220 2829 tuum
3246 2784 3303 2830 ut
3326 2775 3572 2846 displicet
3597 2776 3691 2831 tibi
3734 2794 3749 2831 :

2162 2879 2264 2919 nec
2314 2864 2697 2920 infructuosum
2746 2873 2797 2921 te
2840 2866 3005 2922 debes
3048 2876 3273 2939 putare,
3329 2868 3583 2938 quodvea
3631 2884 3753 2939 quae

2164 2956 2340 3012 cernis
2377 2972 2483 3011 non
2529 2958 2764 3028 explicas
2812 2959 2883 3013 ita
2932 2967 2991 3013 ut
3026 2960 3213 3029 cupis;
3258 2959 3471 3030 quando
3516 2959 3652 3016 forte
3693 2969 3755 3016 ut

2164 3050 2314 3120 cupis
2340 3064 2438 3105 nec
2476 3064 2698 3105 cernere
2724 3050 2925 3105 valeas.
2952 3050 3083 3118 Quis
3119 3052 3263 3106 enim
3292 3052 3348 3106 in
3389 3051 3488 3106 hac
3514 3051 3618 3105 vita
3646 3052 3753 3107 nisi

2164 3141 2218 3197 in
2248 3142 2527 3213 mnigmate
2566 3151 2622 3197 et
2658 3157 2753 3212 per
2785 3142 3057 3213 speculum
3097 3142 3238 3198 videt
3265 3143 3309 3216 (Ι
3333 3142 3447 3198 Cor.
3477 3159 3590 3209 xui,
3616 3141 3755 3213 12)?

2164 3234 2274 3291 Nec
2300 3236 2415 3304 ipse
2438 3251 2589 3290 amor
2613 3244 2790 3290 tantus
2815 3245 2935 3302 est,
2963 3245 3022 3290 ut
3046 3236 3223 3291 carnis
3250 3235 3481 3307 disrupta
3522 3234 3755 3305 caligine

2165 3337 2409 3399 penetret
2447 3330 2499 3383 in
2528 3337 2786 3383 mternum
2812 3343 3092 3397 serenum,
3138 3328 3281 3385 unde
3317 3336 3606 3398 utcumque
3644 3327 3753 3382 ful-

2164 3429 2291 3491 gent
2321 3421 2486 3476 etiam
2514 3422 2613 3476 ista
2642 3436 2762 3491 qua:
2798 3428 3093 3476 transeunt.
3139 3420 3244 3476 Sed
3283 3421 3406 3491 quia
3454 3420 3577 3475 boni
3622 3433 3752 3489 pro-

2166 3512 2349 3568 ﬁciunt
2374 3513 2441 3569 de
2474 3514 2559 3568 die
2602 3514 2654 3567 in
2682 3514 2821 3568 diem
2847 3514 2914 3568 ad
2940 3513 3226 3569 videndum
3263 3514 3405 3569 diem
3440 3513 3557 3569 sine
3598 3512 3754 3567 volu-

2166 3606 2309 3662 mine
2338 3608 2457 3662 coeli
2483 3617 2537 3662 et
2561 3608 2677 3663 sine
2715 3609 2885 3663 noctis
2926 3609 3171 3674 incursu,
3213 3622 3370 3678 quem
3413 3606 3598 3661 oculus
3644 3620 3757 3661 non

2165 3699 2336 3767 vidit,
2373 3714 2474 3755 nec
2496 3699 2640 3754 auris
2666 3700 2900 3768 audivit,
2929 3714 3032 3755 nec
3059 3700 3110 3753 in
3139 3714 3232 3753 cor
3255 3698 3485 3753 hominis
3511 3696 3757 3753 ascendit

2167 3792 2280 3865 (Id.
2314 3810 2371 3856 ιι,
2399 3793 2475 3865 9);
2503 3794 2645 3848 nulla
2676 3793 2847 3862 major
2873 3807 3031 3847 causa
3050 3801 3132 3848 est
3145 3807 3240 3846 cur
3258 3790 3409 3845 nobis
3432 3790 3482 3844 in
3512 3790 3760 3845 imbuen-

2167 3884 2250 3939 dis
2277 3884 2498 3940 rudibus
2522 3895 2707 3940 noster
2734 3900 2912 3941 sermo
2948 3885 3199 3951 vilescat,
3238 3883 3338 3937 nisi
3368 3882 3490 3953 quia
3519 3882 3646 3937 libet
3672 3882 3760 3936 in-

2168 3975 2362 4030 usitate
2386 3990 2606 4031 cernere
2626 4018 2641 4041 ,
2671 3984 2726 4032 et
2754 3976 2911 4031 taedet
2939 3976 3133 4033 usitate
3162 3974 3425 4046 proloqui.
3458 3975 3525 4029 Et
3550 3989 3609 4029 re
3638 3974 3760 4044 qui-

2168 4066 2290 4123 dem
2316 4083 2438 4123 vera
2470 4068 2638 4122 multo
2662 4069 2863 4140 gratius
2889 4069 3135 4123 audimur
3154 4111 3170 4130 .
3204 4083 3324 4123 cum
3354 4077 3408 4123 et
3433 4082 3531 4122 nos
3563 4065 3759 4121 eodem

2168 4173 2332 4230 opere
2378 4160 2706 4217 delectamur
2752 4180 2765 4216 :
2811 4161 3041 4217 afficitur
3085 4163 3228 4217 enim
3272 4160 3417 4215 tilum
3473 4159 3761 4215 locutionis

2168 4260 2367 4307 nostrae
2394 4252 2509 4321 ipso
2555 4260 2738 4307 nostro
2761 4252 2956 4323 gaudio
2977 4293 2994 4320 ,
3025 4260 3080 4307 ct
3108 4254 3214 4307 exit
3245 4252 3451 4308 facilius
3492 4260 3648 4323 atque
3673 4264 3764 4304 ac-

2169 4345 2394 4413 ceptius.
2425 4344 2759 4415 Quapropter
2790 4361 2895 4400 non
2939 4345 3160 4401 arduum
3206 4354 3288 4400 est
3331 4345 3599 4415 negotium
3624 4384 3641 4409 ,
3688 4356 3763 4396 ea

2169 4453 2288 4508 qua:
2318 4437 2581 4493 credenda
2611 4438 2945 4494 insinuantur
2966 4480 2980 4503 ,
3011 4440 3301 4510 praecipere
3345 4437 3486 4493 unde
3530 4445 3586 4493 et
3631 4451 3764 4506 quo-

2168 4544 2339 4600 usque
2367 4530 2631 4585 narranda
2660 4532 2799 4596 sint;
2842 4546 2940 4586 nec
2964 4530 3232 4601 quomodo
3256 4530 3326 4584 sit
3361 4527 3610 4583 varianda
3640 4542 3764 4582 nar-

2168 4622 2326 4686 ratio,
2358 4629 2417 4675 ut
2444 4621 2726 4691 aliquando
2754 4621 2965 4677 brevior
2983 4663 2997 4687 ,
3024 4621 3307 4691 aliquando
3336 4620 3545 4690 longior
3564 4659 3578 4682 ,
3611 4633 3763 4673 sem-

2169 4727 2267 4783 per
2307 4720 2487 4770 tamen
2516 4714 2673 4784 plena
2698 4723 2856 4784 atque
2902 4704 3135 4784 perfecta
3172 4714 3276 4778 sit;
3308 4722 3364 4768 et
3404 4712 3615 4782 quando
3640 4711 3767 4766 bre-

2168 4805 2317 4861 viore
2339 4846 2355 4873 ,
2399 4813 2455 4861 et
2493 4806 2706 4877 quando
2732 4806 2973 4878 longiore
3007 4805 3077 4861 sit
3113 4804 3369 4861 utendum
3403 4823 3415 4859 :
3442 4803 3536 4859 sed
3565 4803 3766 4872 quibus

2169 4898 2345 4955 modis
2384 4898 2679 4955 faciendum
2708 4901 2810 4967 sit,
2836 4908 2894 4955 ut
2934 4899 3171 4971 gaudens
3214 4898 3440 4969 quisque
3466 4896 3769 4953 catechizet

2174 4986 2344 5060 (tanto
2364 4991 2507 5045 enim
2529 4994 2743 5047 suavior
2764 4992 2885 5058 erit,
2909 5000 3107 5063 quanto
3127 4992 3295 5063 magis
3317 4991 3368 5045 id
3396 4988 3671 5061 potuerit),
3696 5004 3767 5046 ea

2168 5094 2295 5136 cura
2322 5081 2551 5135 maxima
2580 5093 2682 5137 est.
2715 5082 2784 5136 Et
2814 5091 3136 5152 praeceptum
3168 5082 3383 5153 quidem
3411 5083 3489 5138 rei
3519 5081 3677 5151 hujus
3706 5082 3765 5137 in

2169 5182 2419 5243 promptu
2456 5181 2557 5228 est.
2605 5173 2663 5229 Si
2700 5174 2841 5228 enim
2878 5174 2931 5228 in
2965 5176 3189 5244 pecunia
3236 5174 3535 5244 corporali,
3563 5182 3768 5244 quanto

2169 5264 2338 5335 magis
2362 5264 2417 5319 in
2446 5263 2711 5334 spirituali
2751 5265 2975 5321 hilarem
3019 5266 3262 5322 datorem
3297 5267 3468 5337 diligit
3508 5265 3649 5320 Deus
3695 5263 3770 5337 (ΙΙ

2170 5356 2288 5413 Cor.
2320 5374 2373 5413 rx
2390 5399 2405 5425 ,
2438 5358 2532 5429 7)?
2559 5358 2665 5415 Sed
2686 5359 2802 5416 btec
2824 5361 3061 5417 hilaritas
3080 5362 3148 5417 ad
3170 5361 3357 5417 horam
3384 5370 3444 5416 ut
3461 5360 3619 5425 adsit,
3643 5363 3768 5430 ejus

2169 5458 2251 5505 est
2295 5449 2677 5507 misericordiae
2717 5452 2808 5523 qui
2849 5452 2949 5508 ista
2981 5453 3251 5525 praecepit.
3290 5453 3472 5525 Itaque
3502 5452 3649 5523 prius
3694 5451 3773 5507 de

2168 5542 2329 5598 modo
2357 5544 2676 5600 narrationis
2703 5545 2846 5617 quod
2872 5556 2924 5602 te
2952 5546 3093 5602 velle
3116 5551 3361 5618 cognovi,
3393 5555 3502 5601 tum
3524 5545 3593 5601 de
3621 5559 3769 5616 prae-

2170 5633 2414 5705 cipiendo
2442 5643 2601 5707 atque
2643 5624 3007 5705 cohortando,
3051 5648 3233 5709 postea
3263 5638 3331 5694 de
3360 5638 3461 5693 hac
3492 5637 3768 5696 hilaritate

2170 5727 2544 5795 comparanda,
2568 5743 2688 5799 quae
2711 5729 2853 5787 Deus
2881 5731 3224 5803 suggesserit,
3246 5731 3596 5797 di55eremus,

2233 5850 2305 5911 (α)
2327 5858 2482 5915 Forte.
2508 5851 2707 5915 afﬁciet.
