4046 6332
243 401 340 464 315
1687 388 1834 448 LlBE

1947 388 2125 447 JNUS.

308 514 533 575 CAPUT
573 511 662 569 Ill.
697 542 773 555 -
807 513 862 570 5.
904 513 1151 570 Narratio
1192 514 1341 586 plena
1365 526 1477 584 quae
1514 509 1625 581 ﬁeri
1661 506 1836 562 debeat

248 609 617 671 catechisando.
660 608 743 662 Ad
786 609 1049 663 charitatis
1088 608 1240 678 ﬁnem
1284 604 1549 677 dirigenda
1588 602 1832 657 narratio.

250 708 526 776 Scriptura:
562 713 751 759 ueteres
795 710 1001 775 propter
1038 700 1493 756 commendandum
1531 696 1717 753 Christi
1744 695 1839 749 ad-

249 811 476 866 uentum,
502 799 649 870 cujus
675 797 795 867 linis
827 797 1065 851 charitas.
1104 795 1350 851 Narratio
1373 794 1525 863 plena
1558 800 1673 859 est,
1714 805 1835 849 cum

250 892 466 961 quisque
502 891 680 961 primo
714 888 1073 945 catecbizatur
1093 889 1160 943 ab
1188 902 1253 943 eo
1276 886 1418 959 quod
1445 886 1700 956 scriptum
1730 893 1832 950 est,

250 983 310 1038 In
354 984 610 1054 principio
649 983 767 1054 fecit
802 982 942 1037 Deus
969 981 1151 1036 cretum
1178 992 1223 1035 et
1255 991 1437 1036 terram
1466 979 1620 1053 (Cen.
1661 996 1713 1041 ι.
1747 979 1800 1050 1)
1821 1019 1835 1044 ,

250 1089 411 1143 usque
454 1073 524 1128 ad
574 1074 860 1144 praesentia
906 1082 1142 1144 tempora
1188 1073 1465 1129 Ecclesiae.
1497 1071 1613 1126 Non
1659 1079 1837 1125 tamen

250 1174 531 1237 prepterea
576 1165 835 1220 debemus
881 1174 1046 1220 totum
1095 1164 1553 1232 Pentateuchum,
1590 1173 1839 1235 totosque

249 1259 490 1315 Iudicum
539 1268 594 1314 ct
636 1258 939 1328 Regnorum
968 1266 1022 1313 et
1068 1258 1254 1313 Esdrte
1283 1258 1512 1324 ‘libros,
1566 1266 1839 1328 totumque

251 1349 601 1420 Evangelium
625 1358 678 1404 et
699 1350 866 1405 Actus
903 1350 1301 1420 Apostolorum,
1329 1351 1433 1414 vel,
1459 1349 1503 1405 si
1522 1348 1590 1405 ad
1616 1349 1836 1406 verbum

250 1442 565 1498 edidicimus
589 1483 603 1506 ,
636 1443 949 1497 memoriter
989 1442 1217 1497 reddere
1240 1484 1255 1509 ,
1288 1442 1374 1498 vel
1422 1441 1616 1498 nostris
1660 1441 1839 1498 verbis

251 1533 427 1589 omnia
476 1548 599 1604 quae
650 1532 734 1587 bis
783 1534 1124 1589 continentur
1165 1533 1524 1588 voluminibus
1571 1533 1839 1588 narrando

249 1626 494 1682 evolvere
538 1634 591 1680 et
628 1625 931 1695 explicare;
978 1627 1117 1698 quod
1147 1641 1244 1682 nec
1272 1636 1479 1695 tempus
1519 1628 1693 1698 capit,
1741 1642 1840 1682 nec

250 1717 346 1772 ulla
374 1719 672 1773 necessitas
699 1719 937 1788 postulat
966 1736 979 1774 :
1012 1719 1105 1793 sed
1133 1728 1323 1774 cuncta
1349 1721 1655 1775 summatim
1677 1735 1839 1791 gene-

248 1810 512 1879 ratimque
545 1811 857 1879 complecti,
887 1810 956 1865 ita
982 1820 1041 1865 ut
1070 1811 1332 1881 eligantur
1359 1812 1602 1882 qumdam
1632 1811 1840 1866 mirabi-

246 1899 373 1955 liora
402 1916 525 1971 quae
551 1902 768 1956 suavius
796 1902 1116 1969 audiuntur,
1157 1911 1317 1974 atque
1347 1904 1401 1959 in
1429 1904 1558 1974 ipsis
1600 1904 1838 1959 articulis

247 1994 533 2048 constituta
563 2002 684 2048 sunt
708 1992 785 2065 (a)
804 2036 819 2061 ,
850 2002 906 2049 ut
929 2009 992 2050 ea
1021 1996 1041 2026 '
1066 2003 1317 2065 tanquam
1341 1996 1393 2049 in
1428 1994 1717 2050 involucris
1751 2010 1837 2049 os-

246 2085 497 2153 tendere,
537 2087 824 2157 statimque
863 2102 895 2141 a
936 2097 1225 2157 conspectu
1250 2088 1493 2157 abripere
1532 2102 1638 2142 non
1679 2102 1839 2158 opor-

245 2187 376 2243 teat,
400 2179 493 2235 sed
516 2180 842 2250 aliquantum
860 2180 1193 2235 immorando
1210 2179 1361 2250 quasi
1389 2179 1656 2235 resolvere
1677 2188 1838 2250 atque

244 2270 551 2341 expandere
573 2313 588 2339 ,
621 2281 675 2327 et
696 2271 1028 2341 inspicienda
1055 2281 1213 2342 atque
1234 2272 1474 2327 miranda
1502 2271 1697 2326 olIerre
1731 2271 1837 2326 ani-

244 2362 345 2417 mis
370 2362 706 2428 auditorum;
738 2372 933 2419 caetera
965 2378 1093 2419 vero
1120 2363 1283 2419 celeri
1314 2363 1657 2435 percursione
1696 2363 1837 2417 inse-

244 2454 411 2510 rendo
441 2466 749 2511 contexere.
780 2455 855 2509 Ita
882 2464 939 2511 et
962 2455 1052 2509 illa
1079 2470 1197 2526 qua:
1220 2455 1452 2510 maxime
1472 2453 1834 2509 commendari

243 2547 492 2602 volumus
515 2589 531 2614 ,
563 2548 790 2602 aliorum
822 2547 1177 2603 submissione
1208 2547 1376 2618 magis
1414 2546 1688 2612 eminent;
1735 2562 1836 2602 nec

244 2639 303 2695 ad
331 2654 397 2696 ea
425 2640 676 2712 fatigatus
702 2643 964 2711 pervenit,
998 2657 1159 2712 quem
1189 2641 1454 2696 narrando
1483 2642 1725 2697 volumus
1750 2657 1835 2696 ex-

243 2733 439 2798 citare;
482 2749 588 2789 nec
629 2734 769 2789 illius
811 2735 1067 2790 memoria
1107 2733 1485 2801 confunditur,
1534 2750 1693 2805 quem
1737 2733 1835 2789 do-

242 2825 408 2881 cendo
438 2824 703 2881 debemus
733 2826 1015 2882 instruere.

307 2920 361 2975 6.
389 2919 449 2975 In
480 2918 735 2975 omnibus
763 2934 892 2976 sane
917 2934 1022 2975 non
1051 2928 1253 2975 tantum
1284 2934 1383 2975 nos
1402 2926 1614 2990 oportet
1638 2919 1833 2975 intueri

243 3012 489 3083 praecepti
535 3012 695 3067 tinem
718 3052 733 3077 ,
779 3010 919 3081 quod
947 3020 1029 3066 est
1056 3011 1290 3066 cbaritas
1317 3010 1384 3065 de
1412 3010 1577 3065 corde
1620 3025 1753 3080 puro
1779 3020 1835 3065 et

243 3105 564 3161 conscientia
586 3105 724 3159 bona
754 3117 809 3160 et
834 3104 938 3160 ﬁde
966 3120 1071 3160 non
1095 3105 1215 3159 [icta
1245 3103 1286 3174 (1
1312 3103 1440 3158 Tim.
1468 3118 1507 3170 ι,
1532 3103 1611 3175 5),
1640 3118 1746 3173 quo
1769 3117 1832 3157 ea

242 3211 354 3268 qua:
399 3197 673 3267 loquimur
724 3204 910 3251 cuncta
964 3195 1296 3262 referamus;
1344 3195 1438 3249 sed
1486 3195 1647 3250 etiam
1690 3194 1834 3251 illius

242 3306 397 3362 quem
431 3289 702 3361 loquendo
741 3289 1051 3345 instruimus
1073 3330 1089 3356 ,
1121 3287 1189 3344 ad
1219 3288 1271 3343 id
1303 3287 1597 3343 movendus
1626 3286 1648 3319 ³
1673 3295 1833 3357 atque

243 3385 365 3440 illuc
398 3384 713 3457 dirigendus
740 3392 987 3455 aspectus
1026 3390 1128 3438 est.
1160 3381 1343 3452 Neque
1388 3381 1531 3435 enim
1570 3380 1640 3435 ob
1687 3378 1831 3434 aliud

242 3485 360 3532 ante
400 3476 697 3532 adventum
747 3474 957 3529 Domini
985 3474 1181 3543 scripta
1221 3480 1346 3526 sunt
1387 3471 1566 3526 omnia
1611 3485 1730 3541 quae
1777 3469 1833 3523 in

240 3568 434 3624 sanctis
471 3566 766 3635 Scripturis
794 3564 1052 3637 legimus,
1086 3565 1186 3619 nisi
1214 3573 1272 3618 ut
1300 3563 1445 3617 illius
1487 3561 1834 3618 commenda-

241 3671 381 3716 retur
409 3660 674 3715 adventus
693 3700 709 3724 ,
739 3666 793 3714 et
814 3658 987 3713 futura
1022 3657 1434 3728 praesignaretur
1458 3655 1697 3711 Ecclesia
1722 3698 1736 3721 ,
1780 3656 1832 3712 id

240 3762 320 3810 est
338 3795 352 3818 ,
380 3754 616 3825 populus
644 3753 742 3807 Dei
771 3766 867 3823 per
895 3767 1082 3806 omnes
1111 3758 1297 3820 gentes
1316 3792 1331 3816 ,
1363 3749 1505 3820 quod
1533 3756 1617 3803 est
1637 3763 1833 3818 corpus

240 3844 387 3914 ejus;
417 3844 689 3913 adjunctis
718 3851 877 3913 atque
914 3842 1276 3897 annumeratis
1319 3841 1566 3896 omnibus
1592 3840 1791 3895 sanctis
1814 3878 1831 3907 ,

237 3942 510 4015 quietiam
531 3950 659 3996 ante
688 3939 973 3995 adventum
995 3939 1111 4008 ejus
1139 3938 1191 3991 in
1222 3937 1326 3993 hoc
1344 3935 1539 3991 smculo
1562 3937 1829 4001 vixerunt,

238 4036 304 4090 ita
338 4051 466 4091 eum
496 4034 781 4090 credentes
806 4040 1085 4087 venturum
1114 4045 1234 4086 esse
1252 4072 1266 4095 ,
1298 4031 1436 4084 sicut
1471 4044 1571 4084 nos
1598 4029 1830 4083 venisse.

238 4125 385 4182 Sicut
432 4128 581 4181 enim
624 4124 793 4181 Jacob
835 4138 1051 4178 manum
1095 4122 1279 4192 prius,
1319 4121 1445 4176 dum
1485 4129 1828 4189 nasceretur,

236 4220 409 4275 emisit
432 4233 503 4274 ex
539 4225 714 4283 utero,
732 4231 837 4288 qua
858 4216 1016 4270 etiam
1040 4214 1228 4285 pedem
1250 4212 1630 4283 praenascentis
1658 4212 1834 4267 fratris

237 4311 490 4377 tenebat,
538 4308 736 4363 deinde
785 4308 965 4377 utique
1002 4312 1247 4363 secutum
1275 4313 1359 4360 est
1384 4316 1573 4375 caput,
1606 4313 1715 4359 tum
1741 4304 1834 4358 de-

236 4418 379 4458 mum
408 4402 725 4458 necessario
747 4400 984 4455 membra
1009 4408 1206 4454 caetera
1232 4396 1384 4470 (Gen.
1411 4413 1513 4451 xxv
1532 4438 1548 4464 ,
1579 4396 1710 4467 25);
1739 4396 1832 4453 sed

239 4502 415 4549 tamen
437 4488 603 4563 caput
631 4507 737 4546 non
762 4499 966 4545 tantum
989 4504 1052 4544 ea
1079 4484 1315 4543 membra
1336 4504 1456 4559 qua:
1482 4496 1662 4543 secuta
1688 4496 1831 4553 sunt,

237 4585 328 4643 sed
354 4585 525 4642 etiam
558 4584 727 4654 ipsam
762 4596 978 4637 manum
1006 4596 1125 4651 qua:
1152 4580 1205 4634 in
1234 4579 1505 4634 nascendo
1524 4579 1831 4649 praecessit,

238 4679 493 4750 dignitate
518 4691 586 4732 ac
609 4682 877 4748 potestate
897 4672 1170 4745 praecedit;
1199 4680 1253 4727 et
1289 4671 1532 4743 quamvis
1561 4686 1666 4726 non
1698 4680 1835 4726 tem-

238 4785 364 4843 pore
387 4769 691 4843 apparendi
714 4810 730 4835 ,
769 4778 945 4824 tamen
987 4774 1192 4822 naturas
1217 4764 1404 4819 ordine
1433 4764 1578 4834 prius
1603 4772 1685 4818 est
1717 4782 1730 4817 :
1763 4763 1835 4819 ita

237 4876 291 4922 et
326 4867 595 4923 Dominus
623 4864 781 4920 Iesus
808 4861 1053 4918 Christus
1095 4859 1200 4915 etsi
1228 4865 1511 4927 antequam
1554 4866 1836 4927 appareret

239 4961 291 5017 in
315 4976 520 5029 carne,
560 4966 616 5015 et
644 4956 873 5029 quodam
922 4953 1082 5009 modo
1109 4968 1178 5008 ex
1223 4958 1378 5006 utero
1408 4950 1599 5005 secreti
1642 4948 1725 5003 sui
1768 4948 1835 5004 ad

240 5053 515 5112 hominum
544 5053 730 5109 oculos
750 5048 1007 5104 Mediator
1022 5046 1116 5102 Dei
1137 5052 1193 5099 et
1223 5042 1497 5098 hominum
1524 5040 1684 5095 homo
1709 5056 1834 5111 pro-

239 5150 484 5213 cederet,
518 5147 610 5217 qui
637 5153 722 5201 est
748 5157 911 5212 super
936 5151 1124 5194 omnes
1147 5137 1285 5192 Deus
1312 5132 1625 5190 benedictus
1650 5131 1703 5186 in
1731 5147 1836 5187 sa:-

238 5246 354 5302 cula
386 5244 569 5317 (Rom.
593 5254 653 5295 ιχ
674 5280 689 5304 ,
721 5235 778 5308 5)
798 5276 814 5303 ,
846 5232 1100 5304 prmmisit
1128 5230 1180 5284 in
1210 5228 1409 5285 sanctis
1436 5224 1760 5281 Patriarehis
1783 5234 1837 5281 et

246 5340 522 5412 Prophetis
548 5332 835 5408 quamdam
866 5337 1073 5401 partem
1099 5325 1340 5396 corporis
1380 5323 1500 5390 sui,
1546 5338 1649 5393 qua
1691 5321 1837 5377 velut

301 5525 319 5556 ι
357 5528 406 5571 ιιι
427 5528 563 5579 uss,
588 5524 748 5567 Eunt.
1427 5560 1439 5574 ⁸

299 5588 321 5617 ²
355 5591 428 5634 Er.
477 5588 532 5632 et
577 5585 710 5638 Lov.,
734 5577 780 5627 et
818 5576 986 5638 eazAt
1005 5576 1128 5627 Am.,
1169 5562 1823 5638 utea.‘ttt_5tepottor_e,sfuss.

241 5658 303 5711 ex
733 5621 1047 5697 corrigimus,
1068 5621 1165 5681 non
1185 5632 1429 5692 aperteat;
1452 5621 1538 5674 ubi
1560 5623 1679 5673 editi
1703 5621 1835 5673 fere-

741 5772 884 5821 vero,
904 5755 1186 5809 monendus.

240 5854 379 5970 ..ςᾶζ
408 5850 603 5907 Articuli
645 5855 928 5911 temporum
962 5842 1180 5905 qiuuque
1214 5842 1442 5889 notantur
1481 5832 1675 5895 ωτι-ειμι
1719 5831 1751 5882 6
1785 5836 1837 5882 et

3420 399 3533 461 διε

1946 522 2107 562 manu
2133 523 2190 565 se
2218 510 2545 568 nasciturum
2578 525 2700 569 esse
2723 513 3123 587 praenuntiam,
3161 517 3323 575 etiam
3358 533 3534 593 popu-

1945 598 2054 654 lum
2079 602 2467 669 praecedentem
2495 604 2742 675 superbe,
2759 606 2983 662 vinculis
3002 606 3160 680 Legis
3177 619 3428 683 tanquam
3444 612 3534 671 di-

1945 692 2067 762 gitis
2086 692 2318 765 quinque
2346 695 2739 765 supplantavit‘
2763 699 2909 769 (quia
2932 708 2985 755 et
3015 716 3111 771 per
3138 704 3372 774 quinque
3397 714 3533 763 tem-

1944 799 2133 855 porum
2164 787 2414 841 articulos
2444 790 2787 859 prtcnuntiari
2825 800 3082 848 venturus
3117 795 3533 868 prophetarique

1945 891 2052 931 non
2079 877 2300 946 destitit;
2323 887 2375 933 et
2396 878 2518 933 huic
2546 879 2624 935 rei
2654 894 2953 938 consonans
2972 898 3069 954 per
3086 899 3245 954 quem
3275 884 3388 942 Lex
3411 886 3535 943 data

1946 968 2057 1035 est,
2088 969 2323 1041 quinque
2350 970 2514 1026 libros
2538 974 2854 1043 conscripsit
2886 991 2899 1028 :
2925 982 2981 1030 et
3002 976 3218 1045 superbi
3246 977 3537 1035 carnaliter

1947 1062 2270 1129 sentientes,
2315 1072 2371 1118 et
2415 1079 2564 1118 suam
2604 1063 2861 1135 justitiam
2911 1067 3153 1124 volentes
3205 1070 3537 1127 constituere

1950 1151 2123 1226 [Itonn
2152 1171 2207 1222 x,
2237 1153 2313 1227 3],
2332 1171 2438 1211 non
2459 1166 2641 1227 aperta
2664 1173 2821 1213 manu
2849 1160 3047 1215 Christi
3072 1161 3259 1232 repleti
3290 1171 3414 1219 sunt
3434 1163 3535 1221 be‘

1946 1248 2285 1317 nedictione,
2340 1250 2435 1306 sed
2492 1251 2779 1307 constricta
2832 1260 2993 1324 atque
3039 1255 3290 1311 conclusa
3336 1256 3536 1313 retenti

1946 1353 2071 1398 sunt
2099 1361 2113 1398 :
2141 1344 2319 1414 itaque
2340 1344 2441 1399 illis
2468 1346 2681 1416 obligati
2708 1357 2831 1402 sunt
2857 1347 3019 1418 pedes
3042 1389 3057 1414 ,
3099 1357 3155 1404 et
3187 1350 3532 1418 ceciderunt;

1946 1451 2043 1492 nos
2064 1446 2239 1493 autem
2265 1440 2592 1494 surreximus
2618 1448 2670 1496 et
2690 1441 2854 1497 erecti
2876 1455 3061 1497 sumus
3083 1440 3251 1516 [PsaL
3276 1458 3367 1498 xtx
3386 1487 3401 1512 ,
3424 1443 3532 1519 9]):

1946 1531 2189 1600 quamvis
2218 1546 2374 1601 ergo,
2399 1540 2458 1586 ut
2482 1531 2625 1597 dixi,
2656 1533 2986 1603 praemiserit
3002 1533 3261 1591 Dominus
3289 1534 3535 1593 Christus

1945 1623 2227 1693 quamdam
2273 1634 2476 1694 partem
2524 1628 2766 1695 corporis
2794 1629 2875 1682 sui
2918 1629 2972 1683 in
3016 1630 3247 1696 sanctis,
3293 1631 3382 1700 qui
3408 1645 3534 1687 eum

1946 1716 2200 1772 nascendi
2240 1725 2477 1786 tempore
2523 1721 2843 1788 praeierunt;
2896 1731 3069 1778 tamen
3112 1722 3227 1795 ipse
3254 1732 3336 1779 est
3377 1733 3538 1795 caput

1944 1808 2183 1878 corporis
2212 1809 2464 1866 Ecclesia:
2494 1809 2710 1883 (Coloss.
2737 1829 2772 1879 ι,
2800 1813 2913 1885 18);
2942 1815 3123 1884 illique
3144 1830 3330 1871 omnes
3359 1817 3535 1873 eidem

1945 1901 2157 1968 corpori
2184 1901 2335 1970 cujus
2365 1901 2454 1957 ille
2478 1913 2635 1971 caput
2660 1913 2745 1958 est
2773 1905 3147 1972 cohaeserunt,
3178 1906 3448 1962 credendo
3480 1908 3535 1962 in

1944 2008 2067 2049 eum
2112 2008 2268 2063 quem
2316 1996 2757 2064 praenuntiabant.
2804 1996 2921 2051 Non
2966 1999 3108 2052 enim
3158 2000 3537 2068 prmcurrendo

1943 2086 2138 2141 divulsi
2168 2096 2324 2156 sunt,
2366 2090 2459 2144 sed
2504 2089 2738 2160 adiuncti
2781 2089 2958 2161 potius
3002 2090 3367 2162 obsequendo.
3398 2091 3533 2148 Nam

1943 2181 2044 2236 etsi
2072 2195 2262 2235 manus
2294 2196 2323 2234 a
2354 2182 2525 2250 capite
2550 2184 2795 2251 prmmitti
2824 2192 3029 2255 potest,
3062 2185 3323 2239 connexio
3352 2193 3532 2241 tamen

1943 2274 2059 2343 ejus
2101 2274 2199 2327 sub
2247 2274 2420 2343 capite
2472 2283 2574 2330 est.
2625 2274 2964 2345 QuaprOptcr
3010 2277 3187 2331 omnia
3238 2292 3357 2346 quas
3407 2286 3535 2334 ante

1942 2364 2135 2434 scripta
2167 2373 2326 2431 sunt,
2358 2373 2418 2420 ut
2455 2380 2554 2419 nos
2601 2365 2919 2421 doceremur
2962 2366 3157 2437 scripta
3199 2377 3323 2424 sunt
3355 2367 3533 2441 (Rom.

1944 2472 2037 2521 xv,
2060 2457 2117 2527 4)
2140 2500 2153 2523 ,
2178 2469 2231 2511 et
2262 2458 2441 2528 ﬁgura:
2473 2467 2669 2513 nostra:
2697 2458 2948 2525 fuerunt,
2980 2469 3035 2515 et
3060 2460 3112 2513 in
3144 2462 3312 2533 ﬁgura
3338 2462 3537 2516 contin-

1941 2548 2122 2620 gebant
2143 2550 2194 2602 in
2221 2550 2291 2602 eis
2315 2551 2370 2615 ¹;
2401 2551 2587 2620 scripta
2614 2560 2730 2605 sunt
2757 2560 2925 2604 autent
2952 2560 3157 2622 propter
3180 2568 3303 2619 nos,
3330 2553 3383 2607 in
3409 2569 3535 2623 quos

1941 2641 2060 2711 ﬁnis
2084 2643 2384 2698 swculorum
2411 2644 2604 2697 obvenit
2628 2642 2683 2715 ﬂ
2710 2643 2828 2699 Cor.
2861 2661 2918 2710 ι,
2955 2644 3069 2716 Η).

2011 2734 2239 2791 CAPUT
2269 2734 2355 2789 IV.
2374 2766 2444 2775 —
2470 2736 2521 2789 7.
2556 2734 2828 2804 Prwcipua
2857 2753 3011 2790 causa
3035 2737 3277 2792 adventus
3307 2736 3531 2807 Christi,

1940 2825 2203 2879 charitatis
2241 2826 2626 2881 commendatio.
2660 2827 2739 2880 Ad
2769 2827 3085 2883 dilectionem
3124 2830 3387 2901 referenda
3428 2846 3537 2886 esse

1939 2935 2053 2989 qua:
2079 2918 2141 2973 de
2168 2917 2368 2975 Christo
2405 2936 2467 2974 ea:
2496 2919 2775 2990 Scripturis
2802 2931 3079 2975 narrantur
3116 2921 3171 2976 in
3208 2923 3531 2979 catechismo.

1938 3009 2069 3079 Qum
2090 3020 2266 3065 autem
2296 3011 2464 3081 major
2483 3026 2642 3066 causa
2669 3020 2751 3066 est
2779 3012 3040 3068 adventus
3070 3014 3315 3082 Domini,
3347 3015 3448 3070 nisi
3476 3023 3536 3070 ut

1939 3102 2246 3158 ostenderet
2266 3103 2407 3158 Deus
2435 3103 2774 3159 dilectionem
2801 3118 2950 3159 suam
2978 3105 3029 3158 iu
3059 3106 3231 3171 nobis,
3259 3120 3535 3160 commen-

1938 3196 2071 3252 dans
2100 3213 2217 3252 eam
2245 3195 2627 3252 vehementer?
2655 3199 2776 3268 quia
2806 3212 2927 3251 cum
2954 3197 3127 3252 adhuc
3153 3198 3350 3252 inimici
3389 3213 3536 3253 esse-

1938 3303 2059 3343 mus
2079 3329 2093 3354 ,
2120 3287 2361 3343 Christus
2391 3303 2489 3359 pro
2526 3288 2682 3343 nobis
2719 3297 2965 3345 mortuus
2992 3298 3073 3343 est
3096 3288 3273 3360 (Rom.
3306 3306 3356 3354 v,
3389 3290 3531 3363 6—9).

1939 3381 2053 3438 Hoc
2078 3389 2253 3435 autem
2282 3381 2401 3435 ideo
2422 3422 2436 3446 ,
2484 3381 2607 3450 quia
2633 3381 2752 3435 finis
2786 3382 3037 3451 praecepti
3067 3390 3122 3436 et
3152 3382 3425 3451 plenitudo
3451 3382 3534 3437 le-

1938 3473 2041 3546 gis,
2069 3472 2302 3529 charitas
2328 3482 2413 3528 est
2442 3472 2486 3543 (l
2519 3472 2651 3527 Tim.
2685 3489 2722 3539 ι,
2752 3473 2806 3541 5,
2835 3481 2882 3526 et
2912 3473 3061 3526 Rom.
3095 3489 3209 3537 xm,
3238 3472 3327 3545 10)
3360 3491 3372 3527 :
3402 3482 3460 3527 ut
3481 3481 3537 3528 et

1938 3582 2038 3624 nos
2080 3567 2306 3621 invicem
2336 3566 2652 3637 diligamus,
2704 3575 2759 3621 et
2802 3563 3254 3636 quemadmodum
3306 3566 3395 3620 ille
3435 3580 3535 3635 pro

1938 3662 2094 3717 nobis
2129 3661 2357 3715 animam
2403 3675 2551 3715 suam
2586 3660 2799 3729 posuit,
2828 3660 2905 3714 sic
2930 3668 2984 3715 et
3019 3674 3119 3714 nos
3148 3674 3243 3730 pro
3280 3658 3536 3715 fratribus

1937 3755 2170 3810 animam
2196 3768 2457 3823 ponamus
2483 3752 2527 3824 (l
2558 3753 2715 3809 Joan.
2747 3768 2802 3809 ιιι
2823 3796 2838 3819 ,
2870 3751 2960 3826 16)
2984 3770 2999 3818 ;
3024 3762 3078 3808 et
3105 3755 3276 3824 ipsum
3322 3755 3485 3808 Deum
3511 3794 3527 3819 ,

1940 3848 2191 3919 quoniam
2219 3847 2365 3917 prior
2391 3847 2578 3902 dilexit
2615 3863 2710 3901 nos
2739 3844 2851 3920 (Id.
2884 3863 2969 3912 tv,
3000 3848 3089 3920 10)
3116 3889 3129 3909 ,
3172 3856 3226 3903 et
3263 3846 3397 3901 Filio
3439 3862 3536 3903 suo

1940 3940 2096 3995 unico
2134 3954 2244 3994 non
2284 3939 2549 4010 pepercit,
2596 3937 2691 3993 sed
2729 3954 2828 4009 pro
2858 3938 3013 3994 nobis
3038 3938 3287 3993 omnibus
3321 3938 3539 3993 tradidit

1940 4046 2061 4087 eum
2096 4030 2271 4104 (Rom.
2303 4048 2431 4099 vut,
2463 4030 2553 4103 32)
2574 4072 2589 4098 ,
2618 4030 2663 4085 si
2690 4046 2871 4085 amare
2902 4030 3144 4100 pigebat,
3179 4030 3364 4085 saltem
3396 4043 3539 4085 nunc

1939 4124 2218 4179 redamare
2246 4139 2351 4178 non
2381 4123 2557 4193 pigeat
2577 4121 2617 4175 ⁸.
2645 4120 2802 4176 Nulla
2829 4130 2911 4176 est
2933 4120 3076 4175 enim
3108 4120 3277 4191 major
3300 4119 3364 4174 ad
3389 4134 3540 4174 amo-

1942 4230 2053 4272 rem
2078 4216 2317 4270 invitatio
2334 4256 2348 4282 ,
2378 4229 2536 4285 quam
2562 4214 2858 4284 praevenire
2884 4212 3146 4276 amando;
3179 4221 3231 4267 et
3253 4211 3413 4265 nimis
3435 4210 3539 4266 du-

1940 4324 2032 4365 rus
2050 4318 2133 4364 est
2169 4308 2381 4363 animus
2412 4308 2501 4378 qui
2528 4306 2865 4363 dilectionem
2893 4305 2937 4359 si
2960 4305 3174 4359 nolebat
3201 4302 3535 4375 impendere,

1941 4401 2074 4456 nolit
2100 4399 2418 4472 rependere.
2441 4399 2595 4466 Quod
2620 4398 2664 4452 si
2697 4399 2749 4452 in
2776 4398 2905 4467 ipsis
2936 4395 3210 4466 ﬂagitiosis
3232 4404 3285 4449 ct
3310 4394 3541 4451 sordidis

1941 4492 2211 4547 amoribus
2230 4491 2494 4555 videmus,
2524 4491 2656 4545 nihil
2682 4490 2824 4544 aliud
2851 4504 2947 4544 eos
2966 4504 3125 4559 agere
3144 4487 3235 4558 qui
3264 4487 3430 4541 amari
3461 4487 3542 4541 vi-

1942 4585 2122 4640 cissim
2154 4584 2376 4652 volunt,
2405 4585 2508 4639 nisi
2543 4593 2602 4638 ut
2626 4584 2960 4639 documentis
2986 4583 3178 4653 quibus
3202 4581 3383 4636 valent
3408 4595 3541 4651 ape-

1942 4676 2084 4731 riant
2110 4684 2164 4731 et
2189 4675 2477 4731 ostendant
2494 4684 2747 4745 quantum
2770 4682 2970 4739 ament;
2996 4688 3226 4745 eamque
3253 4672 3541 4743 imaginem

1937 4770 2157 4841 justitiae
2183 4768 2515 4841 praetendere
2542 4768 2811 4835 affectant,
2839 4776 2897 4823 ut
2916 4769 3085 4823 vicem
3104 4767 3205 4822 sibi
3227 4765 3376 4821 reddi
3407 4777 3541 4833 quo-

1943 4862 2063 4918 dam
2109 4862 2271 4918 modo
2318 4861 2557 4933 ﬂagitent
2605 4862 2674 4916 ab
2698 4863 2775 4917 eis
2815 4861 3009 4916 animis
3044 4874 3180 4932 quos
3228 4857 3542 4913 illecebrare

1943 4954 2265 5021 moliuntur;
2296 4954 2502 5026 ipsique
2528 4953 2803 5010 ardentius
2831 4961 3093 5018 aestuant,
3130 4967 3251 5007 eum
3276 4950 3383 5019 jam
3418 4960 3541 5001 mo-

1942 5052 2056 5105 veri
2086 5049 2276 5106 eodem
2326 5049 2447 5121 igne
2494 5050 2654 5106 etiam
2700 5048 2816 5103 illas
2856 5055 3063 5103 mentes
3105 5058 3237 5115 quas
3285 5048 3543 5111 appetunt

1944 5141 2183 5197 sentiunt
2213 5158 2226 5195 :
2256 5140 2298 5195 si
2340 5155 2469 5211 ergo
2509 5149 2564 5196 et
2606 5138 2817 5194 animus
2856 5138 2945 5207 qui
2995 5132 3273 5204 torpebat,
3317 5145 3437 5185 cum
3483 5145 3543 5187 se

1944 5238 2111 5293 amari
2140 5235 2370 5292 senserit
2396 5235 2677 5300 excitatur,
2702 5241 2757 5287 et
2780 5224 2870 5301 qui
2892 5231 3003 5299 jam
3031 5224 3304 5290 fervebat,
3328 5238 3450 5278 cum
3482 5240 3544 5280 se

1944 5332 2209 5388 redamari
2234 5328 2481 5386 didicerit
2508 5328 2678 5399 magis
2714 5323 3055 5387 accenditur;
3090 5319 3430 5375 manifestum
3460 5328 3544 5376 est

1944 5424 2145 5480 nullam
2176 5436 2296 5479 esse
2335 5421 2593 5492 majorem
2624 5430 2837 5473 causam
2868 5426 2969 5484 qua
3011 5410 3097 5466 vel
3139 5410 3419 5465 inchnelur
3459 5410 3542 5466 vel

1950 5522 2208 5586 augeatur
2235 5527 2422 5578 amor,
2466 5525 2623 5583 quam
2668 5521 2787 5562 cum
2832 5501 2996 5559 amari
3034 5516 3092 5557 se
3135 5502 3409 5572 cognoscit
3452 5504 3540 5572 qui

2011 5633 2029 5663 ι
2068 5623 2839 5695 Αιιαιιοιιιειηειρρριωιζατειυ,
2904 5694 2907 5695 ν
2984 5688 3043 5695 ,_
3133 5680 3167 5695 ,Α
3467 5685 3508 5695 ,Α
3611 5652 3621 5659 -

2011 5698 2032 5727 ²
2072 5680 2218 5754 Εόὶἰί,
2242 5680 2573 5755 coniugatam
2604 5688 2674 5737 eis
2703 5685 2924 5755 :_omissa
2944 5680 3194 5755 particula,
3218 5680 3292 5755 in,
3312 5691 3423 5755 quae
3467 5685 3540 5729 ta-

1945 5775 2061 5815 men
2092 5761 2172 5809 hic
2188 5750 2434 5817 reperitur
2458 5753 2505 5801 in
2530 5758 2635 5817 Mss.
2664 5759 2716 5800 et
2739 5750 2795 5817 in_
2811 5759 2973 5810 grzeco
2994 5752 3134 5796 textu
3157 5750 3384 5817 apostoli.

2014 5805 2320 5872 insuum-fet
2344 5826 2469 5877 Mss,
2496 5812 2665 5866 saltem
2704 5805 2964 5865 redimam
2998 5824 3093 5863 non
3126 5805 3317 5875 pigeat;
3340 5805 3542 5863 omium,

1947 5898 2094 5941 ηωιε.
