4046 6332
497 416 601 501 sui

492 556 728 619 nondum
753 565 927 625 amat,
959 565 1051 613 aut
1078 556 1338 613 redamari
1380 571 1439 613 se
1460 558 1540 612 vel
1568 572 1726 627 posse
1750 566 1957 627 sperat,
1987 556 2074 612 vel

484 653 597 726 jam
629 652 816 723 probat
840 634 931 722 qui
954 650 1101 720 prior
1124 658 1286 704 amat.
1317 649 1383 704 Et
1409 648 1451 703 si
1497 648 1599 703 hoc
1635 649 1791 704 etiam
1823 650 1873 703 in
1904 649 2071 719 turpi-

488 745 591 800 bus
619 742 888 797 amoribus
908 783 922 806 ,
951 748 1147 810 quanto
1170 740 1288 809 plus
1321 740 1335 771 ⁸
1366 739 1418 794 in
1464 740 1729 793 amicitia?
1754 739 1889 805 Quid
1929 740 2069 794 enim

486 837 635 893 aliud
661 850 909 891 cavemus
934 834 985 888 in
1014 834 1612 900 oii‘eusione'amicitize,
1642 833 1743 887 nisi
1771 848 1837 887 ne
1870 833 2070 888 amicus

486 931 773 987 arbitretur
797 927 937 999 quod
960 942 1079 981 eum
1110 926 1191 980 vel
1221 940 1327 980 non
1352 925 1638 996 diligimus,
1662 925 1742 979 vel
1772 924 1949 978 minus
1985 923 2069 978 di-u

484 1025 699 1096 ligimus
740 1039 895 1095 quam
939 1023 1055 1093 ipse
1087 1035 1189 1076 nos
1226 1020 1430 1093 diligit?
1468 1022 1620 1091 Quod
1656 1022 1702 1077 si
1744 1020 2067 1087 crediderit,

487 1116 724 1189 frigidior
756 1116 858 1171 erit
886 1114 939 1169 in
966 1128 1032 1169 eo
1056 1127 1239 1169 amore
1276 1129 1381 1184 quo
1410 1113 1633 1169 invicem
1661 1112 1907 1169 homines
1948 1129 2068 1167 mu-

483 1218 576 1263 tua
600 1207 956 1263 familiaritate
986 1205 1365 1275 perfruuntur:
1402 1213 1457 1259 et
1485 1206 1529 1258 si
1568 1219 1674 1260 non
1714 1204 1783 1259 ita
1814 1212 1896 1260 est
1918 1203 2069 1259 infir-

484 1315 605 1354 mus
626 1339 644 1365 ,
674 1308 732 1353 ut
761 1298 876 1354 haec
904 1298 1053 1352 illum
1080 1296 1305 1353 otl'ensio
1330 1296 1487 1352 faciat
1515 1296 1582 1351 ab
1611 1297 1755 1352 omni
1783 1295 2069 1353 dilectione

484 1392 805 1460 frigescere;
832 1392 886 1445 in
909 1406 973 1445 ea
996 1405 1054 1445 se
1077 1398 1253 1457 tenet,
1281 1404 1383 1460 qua
1411 1404 1515 1444 non
1540 1397 1596 1444 ut
1621 1387 1861 1453 fruatur,
1893 1389 1987 1445 sed
2015 1395 2072 1444 ut

484 1482 726 1537 consulat
751 1481 939 1552 diligit.
972 1479 1161 1552 Operae
1203 1481 1432 1551 pretium
1474 1489 1557 1536 est
1603 1488 1780 1534 autem
1824 1478 2068 1534 animad-

486 1581 694 1628 vertere
718 1613 731 1637 ,
762 1558 1027 1641 quomodo
1048 1614 1063 1638 ,
1092 1586 1391 1643 quanquam
1419 1579 1473 1627 et
1502 1572 1807 1642 superiores
1826 1571 1990 1627 velint
2011 1586 2069 1626 se

482 1665 552 1720 ab
578 1654 914 1723 inferioribus
937 1664 1118 1735 diligi,
1150 1678 1441 1733 eorumque
1465 1662 1519 1717 in
1558 1678 1617 1718 se
1646 1662 1884 1718 studioso
1913 1665 1934 1695 ²
1975 1663 2070 1719 de-

484 1754 747 1810 lectentur
783 1755 1071 1825 obsequio,
1113 1763 1167 1809 et
1207 1764 1405 1824 quanto
1449 1758 1616 1825 magis
1667 1755 1719 1810 id
1766 1756 2066 1824 senserint,

484 1856 631 1903 tanto
657 1848 823 1918 magis
848 1864 939 1904 eos
969 1848 1222 1919 diligant,
1246 1856 1424 1904 tamen
1452 1857 1649 1918 quanto
1691 1863 1874 1904 amore
1916 1864 2069 1904 exar-

484 1939 665 1995 descat
686 1939 930 2005 inferior,
958 1954 1080 1994 cum
1109 1956 1139 1995 a
1163 1941 1439 2009 superiore
1459 1953 1518 1995 se
1537 1939 1682 2011 diligi
1711 1940 1956 1995 senserit.
1989 1939 2069 1994 lbi

489 2034 625 2088 enim
651 2033 849 2103 gratior
868 2047 1017 2086 amor
1045 2040 1147 2097 est,
1179 2032 1269 2087 ubi
1295 2048 1398 2086 non
1422 2040 1609 2086 aestuat
1630 2032 1932 2102 indigentiae
1959 2032 2068 2087 sic-

483 2123 640 2179 citate
660 2165 673 2190 ,
708 2123 801 2177 sed
831 2122 1072 2178 ubertate
1096 2122 1459 2179 beneficentia;
1482 2123 1503 2156 ⁸
1532 2123 1760 2195 profluit.
1796 2124 1888 2178 llle
1914 2140 2068 2179 nam-

483 2232 588 2286 que
629 2230 779 2269 amor
803 2230 868 2269 ex
894 2215 1107 2269 miseria
1134 2225 1253 2281 est,
1288 2215 1387 2269 iste
1416 2230 1480 2269 ex
1521 2214 1906 2270 misericordia.
1949 2215 2068 2271 Jam

484 2320 612 2361 vero
640 2306 685 2360 si
712 2305 871 2360 etiam
897 2320 953 2359 se
996 2305 1162 2358 amari
1188 2320 1345 2375 posse
1379 2321 1410 2359 a
1450 2307 1723 2376 superiore
1752 2307 2071 2377 desperabat

482 2390 721 2464 inferior,
751 2390 1090 2453 ineliabiliter
1108 2396 1528 2453 commovebitur
1549 2400 1601 2452 in
1632 2414 1891 2467 amorem,
1914 2398 1959 2455 si
1990 2401 2069 2455 ul-

484 2497 571 2546 tro
598 2489 685 2545 ille
715 2489 872 2544 fuerit
894 2489 1137 2561 dignatus
1161 2490 1444 2547 ostendere
1472 2501 1725 2561 quantum
1746 2492 1927 2564 diligat
1948 2508 2068 2548 eum

484 2578 573 2650 qui
601 2578 931 2650 neqanuam
959 2578 1060 2635 sibi
1090 2590 1289 2637 tantum
1316 2580 1514 2637 bonum
1560 2583 1865 2653 promittere
1907 2583 2071 2639 aude-

483 2678 587 2726 ret.
613 2670 749 2737 Quid
778 2680 956 2725 autem
986 2671 1228 2741 superius
1255 2664 1363 2726 Deo
1380 2670 1653 2743 judicante
1671 2714 1686 2739 ,
1727 2682 1781 2728 et
1808 2673 1932 2743 quid
1975 2673 2070 2729 de-

483 2760 747 2832 speratius
779 2760 996 2817 homine
1018 2762 1311 2832 peccante?
1335 2762 1425 2833 qui
1451 2778 1509 2818 se
1548 2773 1692 2818 tanto
1718 2766 1883 2836 magis
1915 2774 2069 2820 tuen-

484 2848 611 2909 dum
637 2862 691 2921 et
718 2844 1103 2926 subjugandum
1133 2854 1380 2925 superbis
1398 2856 1745 2926 potestatibus
1771 2858 2067 2927 addixerat,

485 2962 603 3018 quae
629 2945 931 3003 beatiﬁcare
960 2964 1065 3002 non
1106 2956 1329 3017 possunt
1348 2990 1360 3013 ,
1388 2958 1585 3018 quanto
1612 2949 1779 3019 magis
1814 2949 2069 3019 despera-

484 3032 633 3093 verat
670 3053 827 3108 posse
852 3037 932 3093 sui
958 3054 1139 3093 curam
1182 3038 1292 3111 geri
1324 3037 1391 3093 ab
1417 3053 1477 3093 ea
1524 3048 1781 3109 potestate
1806 3057 1924 3111 qua:
1963 3042 2069 3096 non

482 3128 683 3186 malitia
722 3128 959 3185 sublimis
990 3145 1110 3185 esse
1142 3129 1285 3196 vult,
1314 3127 1407 3185 sed
1435 3128 1668 3186 bonitate
1696 3128 1937 3185 sublimis
1964 3140 2065 3188 est.

556 3219 609 3275 8.
641 3218 695 3275 Si
725 3224 852 3290 ergo
889 3220 1119 3275 maxime
1147 3231 1423 3290 propterea
1466 3212 1710 3277 Christus
1739 3220 1977 3287 advenit,
2012 3220 2071 3277 ut

484 3314 829 3384 cognosceret
854 3312 1015 3369 homo
1036 3322 1288 3384 quantum
1320 3328 1441 3368 eum
1468 3313 1650 3383 diligat
1673 3312 1841 3381 Deus;
1875 3316 1929 3370 et
1950 3315 2069 3370 ideo

483 3413 861 3474 cognosceret,
898 3413 953 3459 ut
980 3404 1033 3459 in
1061 3402 1175 3475 ejus
1202 3404 1540 3461 dilectionem
1580 3421 1606 3458 a
1634 3421 1739 3477 quo
1766 3407 1910 3476 prior
1938 3406 2070 3462 dile-

483 3504 600 3551 ctus
636 3504 738 3561 eSt,
773 3495 1161 3561 inardesceret,
1198 3497 1601 3566 preximumqne
1640 3495 1731 3552 illo
1755 3484 1976 3567 jubentc
2016 3502 2070 3553 et

482 3587 879 3643 demonstrante
899 3586 1161 3658 diligeret,
1188 3590 1277 3657 qui
1301 3603 1403 3643 non
1433 3591 1729 3658 proximum
1754 3631 1771 3658 ,
1800 3590 1893 3647 sed
1912 3592 2069 3662 longe

483 3681 909 3751 peregrinantem
933 3674 1201 3751 diligendo
1221 3679 1391 3735 factus
1422 3688 1504 3735 est
1531 3681 1835 3750 proximus;
1868 3686 2071 3740 omnis-

483 3787 587 3843 que
607 3771 875 3840 Scriptura
901 3771 1077 3825 divina
1097 3788 1215 3842 qua:
1238 3780 1362 3827 ante
1382 3772 1579 3842 scripta
1600 3784 1699 3843 est,
1725 3776 1789 3831 ad
1817 3784 2068 3845 pra-nun;

480 3860 722 3918 tiandum
762 3862 1043 3918 adventum
1087 3860 1296 3919 Domini
1337 3865 1531 3935 scripta
1573 3876 1681 3932 est;
1722 3876 1775 3923 et
1813 3856 2068 3940 quidquid

484 3964 667 4027 postea
699 3952 1000 4009 mandatum
1030 3964 1113 4011 est
1132 3956 1322 4012 litteris
1355 3964 1408 4012 et
1438 3957 1612 4012 divina
1636 3961 1951 4017 auctoritate
1980 3962 2069 4016 fir-

484 4054 707 4114 matum,
730 4040 995 4103 Christum
1022 4054 1231 4113 narrat,
1259 4056 1311 4103 et
1337 4046 1673 4105 dilactionem
1702 4054 1881 4107 monet
1911 4070 1923 4106 :
1953 4069 2069 4108 ma-

485 4138 736 4194 nifestum
784 4146 867 4193 est
912 4155 1015 4193 non
1058 4146 1261 4193 tantum
1302 4146 1462 4194 totam
1504 4140 1696 4213 Legem
1740 4152 1792 4197 et
1832 4132 2070 4213 PrOphe-

484 4236 567 4285 tas
604 4230 656 4283 in
680 4228 785 4285 illis
807 4220 1011 4284 duobus
1050 4229 1282 4299 pendere
1329 4233 1605 4301 praeceptis
1656 4230 1957 4288 dilectionis
1976 4232 2068 4290 Dei

472 4324 539 4377 ‘et
561 4316 1011 4393 proximi(Malth.
1040 4336 1176 4388 χχιι,
1204 4306 1315 4395 40),
1334 4336 1451 4392 quae
1466 4318 1636 4381 adhuc
1663 4325 1773 4379 Sola
1793 4314 2065 4399 Scriptura

483 4423 666 4471 sancta
697 4422 810 4469 erat
835 4430 954 4469 eum
973 4412 1077 4469 hoc
1098 4410 1352 4469 Dominus
1377 4413 1595 4481 diceret,
1619 4415 1711 4473 sed
1742 4421 1898 4475 etiam
1926 4437 2071 4491 qua“:-

487 4523 715 4578 cumque
745 4506 1007 4578 posterius
1035 4505 1316 4561 salubriter
1343 4502 1639 4577 conscripta
1664 4496 1687 4541 δ
1717 4500 1839 4565 sunt
1863 4522 2068 4568 memo—

484 4592 684 4675 riazque
743 4597 989 4655 mandata
1046 4598 1340 4655 divinarum
1402 4601 1667 4657 volumina
1730 4603 2064 4661 Litterarum.

486 4690 819 4761 Quapropter
840 4690 893 4745 in
920 4690 1095 4747 Veteri
1126 4688 1468 4747 Testamento
1494 4700 1576 4747 est
1600 4695 1883 4751 occultatio
1912 4688 2064 4763 Novi,

484 4774 540 4837 in
578 4776 727 4837 Novo
753 4766 1091 4838 Testamento
1117 4790 1199 4839 est
1227 4774 1581 4839 manifesta’tio
1606 4771 1835 4842 Veteris.
1862 4788 2067 4843 Secun—

484 4872 611 4929 dum
636 4870 781 4931 illam
822 4875 1227 4931 occultationem
1254 4876 1541 4931 carnaliter
1562 4877 1919 4948 inte‘lligentes
1947 4897 2067 4937 car-

483 4966 665 5034 nales,
694 4975 749 5022 et
785 4974 910 5021 tunc
948 4974 1001 5021 et
1028 4964 1166 5023 nunc
1196 4967 1393 5039 poenali
1423 4968 1612 5025 timore
1636 4972 1899 5043 subjugati
1924 4983 2065 5030 sunt.

480 5057 784 5115 Secundum
806 5059 944 5114 hanc
960 5067 1136 5114 autem
1162 5060 1645 5118 manifestationem
1668 5064 1988 5135 Spirituales,
2016 5070 2069 5124 et

483 5162 610 5208 tunc
635 5153 826 5224 quibus
856 5152 942 5223 pie
970 5150 1297 5222 pulsantibus
1323 5154 1481 5208 etiam
1517 5157 1721 5211 occulta
1751 5166 2064 5228 patuerunt,

484 5252 539 5299 et
580 5250 719 5299 nunc
749 5245 838 5314 qui
868 5259 973 5299 non
1004 5243 1229 5314 superbe
1267 5256 1513 5315 quierunt
1535 5288 1549 5314 ,
1595 5264 1662 5303 ne
1700 5253 1855 5306 etiam
1886 5268 2065 5323 aperta

483 5335 816 5403 claudantur,
846 5338 1190 5407 spiritualiter
1217 5338 1575 5410 intelligentes
1596 5340 1786 5399 donata
1809 5342 2068 5405 cliaritate

481 5424 691 5481 liberati
714 5437 853 5481 sunt.
878 5428 1008 5495 Quia
1032 5444 1159 5500 ergo
1178 5418 1422 5486 charitati
1454 5430 1585 5487 nihil
1615 5434 1887 5492 adversius
1908 5455 2066 5510 quam

484 5514 809 5586 invidentia;
843 5530 1011 5576 mater
1060 5530 1239 5577 autem
1286 5512 1588 5581 invidentia:
1640 5528 1883 5597 superbia
1927 5541 2008 5588 est
2049 5552 2062 5589 :

546 5684 571 5761 ξ
586 5683 809 5761 uterique
830 5686 1303 5761 Μεεηρηνὴιςζλιη.
1323 5697 1373 5742 et
1396 5694 1500 5743 MSS.
1528 5697 1755 5757 varicare,
1776 5695 2007 5761 pira-ius?

551 5727 1297 5823 :Ei'ciii's‘gﬁéiiﬁﬁéﬁéi

552 5806 574 5880 ξ
604 5816 807 5880 Veteres
830 5811 957 5880 libri,
983 5806 1322 5880 beiwﬁcemiw.

553 5869 709 5947 idm-
733 5881 792 5924 δι’
836 5883 886 5928 ει
908 5869 1076 5942 Plures
1097 5869 1228 5944 MSS»:
1252 5887 1544 5936 consecrata.
1582 5884 1667 5937 Alii
1688 5885 1784 5938 duo
1798 5892 1926 5947 vss,
1953 5886 2066 5938 caii-

1365 437 1453 497 DE
1488 438 2028 497 CATECIIIZANDIS
2064 422 2379 510 ueniens,
2414 442 2474 497 ε.
2514 443 2880 502 AUGUSTINI

3663 444 3775 513 aid

2184 555 2325 611 idem
2348 556 2605 614 Dominus
2632 559 2790 615 Jesus
2819 559 3076 626 Christus,
3104 550 3243 618 Deus
3270 561 3464 634 homo,
3495 570 3551 620 et
3576 564 3774 625 divina!

2181 645 2233 700 in
2263 662 2360 703 nos
2382 648 2678 705 dilectionis
2707 634 2956 705 indicium
2994 661 3111 721 est,
3140 660 3191 708 et
3231 653 3479 710 humanae
3505 657 3643 727 apud
3671 672 3773 715 nos

2180 738 2487 795 humilitatis
2517 743 2813 815 exemplum
2839 786 2854 811 ,
2882 753 2939 799 ut
2968 761 3187 816 magnus
3211 748 3386 802 tumor
3414 758 3600 804 noster
3645 765 3767 805 ma-

2175 831 2293 903 jore
2334 836 2600 891 contraria
2636 838 2898 893 medicina
2942 848 3237 895 sanaretur.
3281 841 3467 912 Magna
3505 851 3586 897 est
3625 844 3771 898 enim

2177 923 2410 991 miseria,
2442 928 2704 998 superbus
2729 929 2909 996 homo;
2939 931 3035 985 sed
3063 930 3233 1002 major
3256 932 3643 997 misericordia,
3668 934 3771 988 hu-

2176 1015 2319 1070 milis
2363 1018 2521 1074 Deus.
2576 1018 2685 1074 llac
2730 1035 2858 1091 ergo
2903 1010 3189 1078 dilectione
3224 1022 3316 1077 tibi
3364 1031 3614 1094 tanquam
3661 1016 3772 1081 line

2176 1108 2479 1177 proposito,
2523 1125 2629 1180 quo
2670 1110 2871 1167 referas
2909 1112 3086 1167 omnia
3129 1128 3248 1183 qua:
3295 1112 3467 1180 dicis,
3510 1113 3771 1185 quidquid

2177 1215 2364 1257 narras
2393 1202 2465 1256 ita
2499 1219 2690 1270 narra,
2724 1214 2781 1259 ut
2810 1205 2897 1259 ille
2939 1206 3025 1261 cui
3056 1206 3289 1278 loqueris
3330 1207 3595 1264 audiendo
3643 1224 3771 1264 cre-

2176 1289 2295 1358 dat,
2328 1293 2595 1349 credendo
2624 1305 2820 1365 speret,
2850 1297 3114 1366 sperando
3135 1307 3297 1353 amet.

2247 1381 2471 1440 CAPUT
2504 1384 2564 1439 V.
2592 1416 2662 1425 —
2690 1380 2743 1441 9.
2765 1385 3017 1442 Accedens
3043 1388 3113 1441 ad
3136 1389 3489 1444 catechismum
3519 1404 3760 1445 scrutan-

2176 1473 2270 1529 dus
2295 1492 2392 1545 quo
2418 1478 2519 1545 ﬁne
2545 1478 2660 1531 velit
2686 1478 2797 1546 ﬁeri
2822 1479 3143 1534 christianus.
3176 1481 3251 1537 De
3281 1481 3393 1550 ipsa
3424 1481 3583 1537 etiam
3610 1496 3770 1538 sevc-

2175 1566 2333 1623 ritate
2364 1568 2481 1636 Dei,
2510 1584 2612 1638 qua
2641 1568 2800 1624 corda
2829 1571 3129 1626 mortalium
3170 1570 3525 1628 saluberrimo
3555 1580 3770 1629 terrore

2175 1658 2516 1728 quatiuntur,
2550 1658 2783 1715 cliaritas
2814 1660 3121 1717 :edilicanda
3151 1671 3269 1728 est;
3322 1670 3380 1717 ut
3406 1662 3472 1717 ab
3507 1679 3571 1718 eo
3601 1679 3769 1735 quem

2177 1748 2346 1815 timet,
2379 1751 2542 1805 amari
2568 1768 2625 1807 se
2653 1748 2912 1825 gaudens,
2934 1769 3056 1809 eum
3080 1750 3358 1811 redamare
3385 1753 3598 1823 audeat,
3627 1754 3771 1826 ejus-

2176 1857 2278 1916 que
2308 1841 2361 1896 in
2410 1858 2469 1898 se
2506 1843 2801 1911 dilectioni,
2849 1845 3059 1901 etiamsi
3106 1844 3320 1916 impune
3346 1856 3548 1918 posset,
3581 1856 3768 1904 tamen

2176 1931 2460 2004 displicere
2490 1946 2758 1990 vereatur.
2809 1932 3100 1992 Rarissime
3148 1938 3345 2007 quippe
3392 1936 3621 2005 accidit,
3656 1938 3769 1993 imo

2176 2039 2304 2079 vero
2331 2040 2620 2096 nunquam,
2653 2035 2710 2081 ut
2739 2026 3019 2099 quisquam
3052 2029 3229 2083 veniat
3254 2028 3442 2084 volens
3472 2028 3587 2083 fieri
3614 2027 3765 2083 chri-

2175 2119 2400 2186 stianus,
2433 2120 2520 2190 qni
2549 2136 2655 2175 non
2696 2119 2763 2174 sit
2802 2120 2979 2191 aliquo
3010 2106 3103 2176 Dei
3132 2121 3325 2176 timore
3364 2120 3659 2192 perculsus.
3706 2114 3768 2176 Si

2176 2211 2315 2267 enim
2346 2210 2560 2283 aliquod
2581 2212 2917 2268 commodum
2946 2212 3307 2285 exspectando
3338 2212 3404 2269 ab
3432 2212 3765 2291 hominibus,

2176 2302 2367 2374 quibus
2407 2319 2465 2358 se
2510 2303 2666 2359 aliter
2704 2302 3023 2374 placiturum
3062 2320 3169 2359 non
3214 2312 3382 2376 putat,
3414 2312 3506 2359 aut
3546 2302 3768 2375 aliquod

2175 2392 2242 2449 ab
2268 2393 2573 2450 hominibus
2602 2395 2995 2450 incommodum
3018 2394 3324 2459 devitando,
3347 2412 3570 2465 quorum
3594 2394 3769 2450 offen-

2176 2483 2381 2540 sionem
2410 2498 2501 2539 aut
2537 2486 2838 2542 inimicitias
2865 2486 3195 2552 reformidat,
3228 2487 3341 2541 vult
3371 2487 3490 2542 fieri
3518 2484 3766 2542 christia-

2174 2592 2309 2643 nus;
2342 2592 2447 2632 non
2482 2577 2595 2632 fieri
2625 2577 2736 2632 vult
2775 2579 2953 2649 potius
2987 2595 3147 2648 quam
3178 2579 3397 2649 ﬁngere.
3429 2577 3591 2635 Fides
3617 2579 3766 2634 enim

2174 2684 2279 2724 non
2310 2684 2397 2724 res
2423 2678 2505 2724 est
2529 2668 2807 2725 salutantis
2833 2672 2848 2702 ¹
2868 2670 3124 2741 corporis,
3149 2672 3247 2727 sed
3274 2671 3547 2727 credentis
3573 2672 3765 2729 animi.

2174 2750 2278 2816 Sed
2310 2762 2465 2831 plane
2500 2777 2642 2833 saepe
2673 2763 2823 2818 adest
2862 2762 3227 2820 misericOrdia
3258 2762 3352 2819 Dei
3382 2782 3478 2835 per
3516 2765 3765 2821 ministe-

2173 2853 2312 2909 rium
2355 2856 2754 2923 catecliizantis,
2788 2865 2845 2910 ut
2872 2856 3119 2914 sermone
3161 2868 3462 2914 commotus
3497 2858 3623 2931 jam
3648 2842 3766 2916 fieri

2175 2944 2306 2997 velit
2334 2944 2474 3014 quod
2504 2944 2816 3002 decreverat
2841 2947 3040 3019 fingere
3069 2968 3082 3003 :
3111 2950 3254 3020 quod
3278 2966 3399 3005 cum
3422 2936 3557 3006 velle
3586 2967 3773 3023 cmpe-

2174 3034 2263 3097 rit,
2300 3044 2425 3089 tunc
2454 3051 2577 3091 eum
2610 3030 2819 3093 venisse
2848 3037 3186 3109 deputemus.
3236 3041 3303 3097 Et
3331 3043 3595 3097 occultum
3639 3043 3765 3114 qui-

2175 3123 2294 3179 dem
2339 3122 2491 3180 nobis
2542 3134 2623 3181 est
2668 3128 2924 3197 quando’
2960 3131 3137 3185 veniat
3183 3132 3382 3200 animo,
3429 3148 3585 3203 quem
3623 3130 3738 3203 jam

2177 3224 2406 3287 corpore
2442 3228 2758 3287 praesentem
2785 3221 3025 3277 videmus
3057 3240 3069 3277 :
3100 3221 3195 3277 sed
3225 3233 3403 3280 tamen
3442 3226 3515 3279 sic
3544 3240 3661 3280 cum
3691 3234 3762 3282 eo

2175 3292 2429 3363 debemus
2458 3324 2637 3379 agere,
2671 3320 2725 3364 ut
2754 3310 2845 3366 fiat
2871 3313 2925 3366 in
2969 3312 3059 3367 illo
3090 3304 3204 3367 hinc
3242 3315 3520 3381 voluntas,
3554 3300 3763 3371 etiamsi

2175 3402 2407 3454 honest.
2449 3400 2590 3454 Nihil
2630 3403 2770 3456 enim
2805 3403 3042 3473 deperit,
3088 3406 3299 3474 quando
3337 3408 3381 3461 si
3422 3416 3534 3473 est,
3577 3396 3763 3479 utique

2177 3491 2269 3545 tali
2300 3499 2483 3545 nostra
2529 3494 2741 3548 actione
2788 3495 3045 3563 firmatur,
3078 3500 3318 3566 quamvis
3348 3514 3454 3570 quo
3500 3496 3760 3570 tempore,

2176 3580 2259 3637 vel
2290 3598 2391 3652 qua
2422 3582 2553 3639 hora
2589 3586 2839 3656 coeperit,
2874 3589 3196 3659 ignoremus.
3241 3584 3382 3646 Utile
3412 3594 3495 3647 est
3535 3606 3663 3647 sane
3703 3598 3768 3648 ut

2175 3686 2601 3743 praemoncamur
2642 3682 2795 3731 antea
2818 3718 2832 3744 ,
2874 3677 2918 3731 si
2948 3668 3064 3733 fieri
3095 3672 3301 3749 potest,
3332 3681 3398 3736 ab
3426 3681 3489 3736 iis
3519 3683 3606 3751 qui
3635 3674 3764 3737 eum

2176 3772 2405 3833 norunt,
2454 3766 2507 3821 in
2554 3782 2659 3837 quo
2709 3777 2846 3823 statu
2884 3770 3045 3824 animi
3088 3773 3190 3836 sit,
3220 3771 3303 3827 vel
3348 3772 3538 3843 quibus
3584 3772 3767 3830 causis

2172 3865 2476 3911 commotus
2500 3856 2566 3911 ad
2594 3858 2985 3928 suscipiendam
3010 3860 3320 3933 religionem
3345 3863 3575 3918 venerit.
3604 3854 3767 3931 Quod

2174 3950 2219 4006 si
2247 3949 2473 4005 defuerit
2502 3951 2636 4006 alius
2680 3967 2709 4006 a
2739 3964 2843 4023 quo
2874 3950 2925 4009 id
2968 3956 3292 4021 noverimus,
3326 3956 3486 4011 etiam
3517 3957 3631 4027 ipse
3672 3958 3769 4011 in-

2173 4043 2523 4114 terrogandus
2550 4052 2633 4100 est
2652 4089 2666 4113 ,
2695 4054 2753 4100 ut
2778 4048 2843 4101 ex
2874 4062 2939 4102 eo
2970 4048 3111 4117 quod
3142 4048 3479 4121 responderit
3505 4044 3773 4108 ducamus

2172 4139 2436 4193 sermonis
2478 4126 2775 4193 exordium.
2828 4139 2941 4195 Sed
2988 4141 3034 4195 si
3080 4130 3203 4197 ilcto
3250 4148 3463 4212 pectore
3514 4144 3767 4212 accessit,

2170 4224 2405 4286 humana
2432 4230 2710 4287 Commoda
2749 4233 2968 4303 cupiens
2994 4274 3007 4299 ,
3036 4234 3120 4290 Vel
3162 4224 3499 4292 incommoda
3528 4234 3766 4306 fugiens,

2174 4324 2358 4395 utique
2388 4325 2707 4380 mentiturus
2733 4332 2815 4382 est
2848 4345 2861 4382 :
2894 4332 3071 4384 tamen
3099 4342 3163 4385 ex
3194 4344 3260 4385 eo
3286 4329 3404 4401 ipso
3434 4322 3575 4401 quod
3606 4344 3768 4386 men-

2174 4401 2688 4485 titur,'capiendum
2726 4422 2809 4474 est
2852 4419 3207 4490 principium;
3255 4432 3360 4476 non
3391 4412 3770 4478 utrefellatur

2172 4506 2291 4585 ejus
2338 4504 2711 4575 mendacium,
2761 4510 2913 4579 quasi
2958 4509 3051 4565 tibi
3090 4512 3293 4566 certum
3340 4512 3429 4578 Sit,
3475 4511 3569 4589 sed
3614 4510 3671 4566 tit
3718 4514 3769 4569 si

2174 4595 2369 4651 dixerit
2395 4606 2459 4651 eo
2488 4599 2763 4668 proposito
2802 4604 2860 4654 Se
2889 4601 3101 4657 venisse
3129 4601 3270 4672 quod
3298 4614 3425 4659 vere
3454 4594 3767 4673 approban-

2174 4686 2300 4743 dum
2342 4697 2443 4756 est,
2494 4690 2605 4745 sive
2648 4678 2738 4750 ille
2764 4707 2946 4747 verum
2979 4693 3091 4748 sive
3134 4693 3325 4749 falsum
3353 4682 3511 4762 dicat,
3546 4695 3651 4750 ta‘ie
3678 4704 3769 4752 ta-

2175 4790 2297 4835 men
2329 4781 2657 4852 propositum
2705 4782 2847 4853 quali
2885 4797 2943 4839 se
2982 4785 3193 4841 venisse
3235 4786 3538 4857 reSpondit,
3568 4776 3772 4858 appro-

2172 4870 2364 4927 bantes
2402 4864 2560 4942 atque
2604 4872 2901 4940 laudantes,
2931 4872 3186 4931 faciamus
3215 4886 3335 4931 eum
3361 4874 3613 4932 delectari
3636 4868 3768 4933 esse

2175 4972 2234 5018 se
2261 4961 2439 5029 talem,
2464 4963 2672 5033 qualem
2701 4958 2869 5019 videri
2898 4967 3059 5036 cupit.
3088 4966 3144 5022 Si
3170 4974 3346 5025 autem
3372 4968 3515 5024 aliud
3544 4968 3764 5036 (ἥξει-11,

2177 5066 2334 5124 quam
2377 5062 2585 5123 oportet
2612 5068 2733 5109 esse
2764 5056 2817 5109 in
2846 5056 3024 5112 animo
3055 5056 3169 5127 eius
3198 5058 3287 5128 qui
3330 5057 3617 5114 christiana
3652 5060 3767 5117 fide

2170 5147 2495 5204 imbuendus
2546 5156 2660 5214 est;
2712 5148 2956 5205 blandius
3004 5148 3057 5205 et
3100 5148 3277 5207 lenius
3320 5150 3765 5223 reprehendendo

2176 5244 2424 5307 tanquam
2453 5236 2641 5293 rudem
2674 5246 2728 5294 et
2767 5238 3006 5309 ignarum
3027 5281 3044 5309 ,
3076 5240 3129 5295 et
3170 5242 3475 5298 christianae.
3501 5236 3764 5301 doctrinae

2177 5324 2340 5383 finem
2391 5328 2737 5384 verissimum
2802 5330 3219 5389 demonstrando
3275 5340 3433 5403 atque
3495 5333 3766 5390 laudando

2177 5420 2409 5475 breviter
2438 5428 2493 5474 et
2519 5423 2772 5490 graviter,
2798 5437 2865 5478 ne
2893 5431 2986 5478 aut
3012 5430 3255 5493 tempera
3280 5423 3473 5480 futura:
3500 5426 3769 5480 narratio-

2176 5511 2258 5566 nis
2306 5525 2569 5581 occupes,
2619 5520 2711 5566 aut
2758 5528 2875 5568 eam
2923 5529 3030 5570 non
3080 5516 3229 5585 prius
3276 5515 3538 5571 collocato
3582 5518 3766 5571 animo

2176 5603 2373 5659 audeas
2417 5603 2712 5672 imponere,
2762 5603 2927 5661 facias
2974 5621 3099 5661 eum
3146 5602 3284 5661 velle
3336 5606 3477 5676 quod
3524 5614 3613 5660 ant
3669 5622 3767 5675 per

2242 5705 2256 5733 ί
2295 5703 2409 5751 ΡΑΙίιὶ
2434 5710 2505 5750 Er.
2543 5709 2593 5752 et
2624 5709 2754 5761 Lov.,
2795 5703 3027 5755 minandi.
3077 5704 3297 5755 Nonnulli
3340 5705 3549 5763 codlces,
3575 5703 3764 5755 salutis.

2176 5766 2386 5822 Quidam,
2406 5763 2645 5827 saltantis.
2667 5765 2755 5811 sed
2781 5766 3000 5827 plerique
3023 5778 3079 5816 ac
3102 5766 3317 5817 melioris
3352 5775 3479 5816 noue
3515 5774 3622 5815 Mss.
3647 5779 3760 5816 cum

2178 5828 2391 5873 Cilitiimc
2419 5834 2535 5885 Am,
2576 5826 2824 5877 salutarius
2866 5841 2882 5876 :
2916 5826 2962 5876 id
3012 5828 3341 5889 est,sttutem
3377 5830 3484 5881 sive
3505 5840 3762 5881 mentun

2178 5895 2323 5951 gestu
2351 5889 2676 5947 significantis.

2243 5952 2261 5983 ³
2296 5950 2367 5999 ait:
2386 5961 2494 6003 ara.
2521 5956 2593 6005 Ετο
2621 5956 2673 6002 et
2694 5956 2802 6004 MSS.
2829 5957 2883 6004 Αι
2904 5958 3033 6015 μοι,
3058 5964 3168 6014 quo.

3795 5970 3813 5995 \
