4046 6332
500 416 612 479 519

496 532 720 589 rudibus
762 532 1093 603 indoctisque
1123 530 1430 587 inculcanda
1475 540 1598 586 sunt
1635 548 1647 583 :
1700 538 1759 584 ut
1806 529 1904 584 etsi
1952 526 2078 598 quid

497 625 647 680 novit
670 625 909 681 eruditus
948 625 1068 691 iste,
1102 639 1209 679 non
1252 633 1498 694 tanquam
1527 639 1557 678 a
1595 624 1813 679 doctore
1859 621 2078 688 audiat;

497 723 553 770 ct
581 715 627 771 si
666 715 789 786 quid
832 715 1004 770 adhuc
1045 715 1253 786 ignorat
1279 716 1320 781 ί,
1349 716 1477 768 dum
1507 729 1570 769 ea
1597 727 2080 770 commemoramus

500 808 790 877 quzeillum
818 822 976 863 nosse
997 807 1106 877 jam
1134 806 1423 873 credimus,
1452 806 1643 861 discat.
1674 806 1784 861 Nec
1808 806 1922 876 ipse
1950 820 2083 860 sane

499 899 759 955 inutiliter
805 901 1193 971 interrogatur,
1243 901 1435 970 quibus
1481 900 1642 954 rebus
1691 909 1869 955 motus
1913 899 1983 953 sit
2024 906 2084 952 ut

497 991 628 1046 velit
646 1006 763 1047 csse
784 990 1103 1047 christianos
1128 1009 1141 1045 :
1170 1000 1226 1045 ut
1251 993 1295 1045 si
1326 992 1474 1046 libris
1501 992 1546 1046 ei
1576 1006 1885 1062 persuasum
1915 992 1935 1021 ¹
1963 1004 2083 1045 esse

500 1082 720 1149 videris,
769 1085 882 1137 sive
932 1081 1219 1146 canonicis,
1248 1082 1363 1151 sive
1388 1082 1593 1136 utilium
1621 1090 1982 1145 tractatorum,
2014 1080 2082 1136 de

500 1170 587 1226 his
624 1172 821 1242 aliquid
851 1173 903 1227 in
946 1172 1208 1242 principio
1247 1172 1499 1241 loquaris,
1533 1171 1838 1226 collaudans
1865 1185 1959 1225 eos
1985 1185 2081 1239 pro

497 1263 805 1319 diversitate
833 1266 1146 1319 meritorum
1175 1264 1445 1319 canonica:
1481 1264 1810 1318 auctoritatis
1834 1270 1890 1317 et
1916 1277 2082 1333 expo-

497 1356 741 1409 nentium
770 1355 790 1386 ³
817 1354 1180 1410 solertissinue
1204 1354 1488 1425 diligentia:
1512 1371 1527 1421 ;
1564 1355 1901 1425 maximeque
1928 1368 2078 1408 com-

498 1446 761 1501 mendans
790 1447 842 1501 in
871 1447 1159 1517 Scripturis
1200 1448 1471 1502 canonicis
1498 1448 1820 1502 admirandae
1845 1445 2079 1501 altitudi-

494 1537 580 1592 nis
630 1538 1036 1593 saluberrimam
1083 1539 1459 1605 humilitatem,
1507 1538 1557 1592 in
1607 1538 1712 1592 illis
1756 1547 1933 1593 autem
1983 1552 2079 1608 pro

491 1644 590 1685 sua
632 1631 890 1702 cujusque
912 1630 1187 1687 lfacultate
1232 1639 1411 1701 aptum
1441 1629 1857 1701 superbioribus,
1890 1638 1940 1685 et
1982 1646 2078 1699 per

492 1723 597 1780 hoc
635 1726 1016 1781 infirmioribus
1042 1726 1231 1780 animis
1251 1766 1265 1789 ,
1294 1726 1472 1780 stilum
1500 1724 1821 1779 sonantioris
1847 1731 1902 1780 et
1926 1723 2078 1794 quasi

490 1817 800 1873 tornatioris
845 1818 1039 1888 eloquii
1084 1817 1125 1871 '*.
1177 1818 1316 1873 Sane
1356 1817 1513 1871 etiam
1558 1817 1961 1886 exprimendum
2009 1816 2078 1870 dc

492 1908 589 1964 illo
615 1918 699 1965 est
740 1919 798 1964 ut
838 1911 1035 1966 indicet
1078 1926 1236 1980 quem
1276 1911 1504 1966 maxime
1548 1910 1755 1979 legerit,
1788 1918 1842 1965 et
1884 1909 2077 1979 quibus

492 1996 646 2053 libris
671 1998 985 2057 familiarius
1028 2002 1317 2065 inhaeserit,
1351 2001 1491 2057 unde
1528 2002 1603 2056 illi
1643 2017 1955 2072 persuasum
1994 2010 2078 2057 est

490 2098 552 2144 ut
579 2091 773 2145 sociari
798 2092 957 2147 vellet
983 2093 1257 2148 Ecclesiae.
1286 2092 1437 2159 Quod
1468 2108 1590 2148 cum
1623 2093 1837 2160 dixerit,
1879 2101 1989 2148 tum
2030 2094 2076 2148 si

486 2181 643 2235 nobis
671 2183 781 2236 noti
806 2191 929 2236 sunt
954 2183 1026 2236 illi
1060 2183 1199 2250 libri,
1224 2193 1314 2239 aut
1333 2184 1693 2239 ecclesiastica
1720 2182 1860 2238 fama
1885 2186 2075 2238 saltem

488 2273 792 2342 accepimus
836 2288 864 2327 a
905 2274 1166 2329 catholico
1208 2276 1385 2345 aliquo
1426 2275 1758 2329 memorabili
1798 2275 1914 2329 viro
1955 2289 2075 2330 csse

488 2366 844 2436 conscriptos,
875 2366 983 2421 lmti
1026 2366 1403 2436 approbemus.
1450 2366 1504 2422 Si
1532 2374 1709 2421 autem
1754 2367 1808 2421 in
1849 2366 2073 2436 alicujus

490 2452 727 2512 hmretici
770 2456 1035 2511 volumina
1081 2456 1335 2523 incurrit,
1368 2467 1422 2511 et
1463 2457 1709 2511 nesciens
1750 2456 1888 2511 forte
1931 2456 2072 2526 quod

481 2557 610 2600 vera
654 2546 788 2602 fides
836 2548 1120 2616 improbat,
1172 2547 1342 2602 tenuit
1390 2547 1606 2611 animo,
1653 2555 1707 2602 et
1748 2546 2071 2602 catholicum

481 2649 605 2693 esse
630 2638 950 2702 arbitratur;
978 2638 1164 2694 sedulo
1190 2638 1495 2693 edocendus
1519 2646 1619 2703 est,
1651 2640 1865 2708 praelata
1888 2648 2072 2694 aucto.

481 2728 641 2784 ritate
666 2731 982 2784 universalis
1005 2731 1259 2787 Ecclesice
1284 2732 1615 2802 aliorumque
1638 2732 2070 2788 doctissimorum

488 2817 768 2875 hominum
794 2830 847 2875 et
888 2821 1333 2893 disputationibus
1371 2833 1426 2880 et
1465 2824 1845 2894 scriptionibus
1872 2826 1924 2879 in
1955 2826 2070 2896 ejus

489 2912 715 2969 veritate
755 2913 1080 2970 ﬂorentium.
1126 2917 1438 2987 Quanquam
1478 2926 1531 2972 et
1575 2918 1649 2972 illi
1693 2919 1781 2987 qui
1824 2918 2068 2974 catholici

481 3016 555 3057 ex
581 3001 810 3061 hacvita
835 3006 1150 3075 migrarunt,
1179 3017 1232 3061 et
1258 3007 1458 3078 aliquid
1499 3008 1795 3063 litterarum
1822 3010 2068 3064 christia-

479 3107 670 3148 narum
698 3095 927 3163 posteris
966 3097 1328 3167 reliquerunt,
1358 3098 1411 3152 in
1440 3099 1751 3169 quibusdam
1780 3101 1912 3155 locis
1936 3116 2067 3170 opu-

479 3183 750 3239 sculorum
797 3200 1037 3254 suorum,
1067 3189 1152 3242 vel
1192 3204 1296 3243 non
1345 3189 1620 3255 intellecti,
1662 3191 1744 3246 vel
1786 3193 1940 3246 sicuti
1985 3202 2067 3249 est

480 3272 713 3331 humana
742 3276 1042 3342 inﬁrmitas,
1087 3280 1262 3333 minus
1286 3280 1525 3335 valentes
1550 3282 1665 3335 acie
1692 3284 1887 3339 mentis
1915 3276 2065 3339 abdi-

483 3363 621 3419 tiora
663 3375 981 3436 penetrare,
1031 3377 1085 3422 et
1132 3369 1243 3421 veri
1293 3370 1639 3424 similitudine
1684 3372 1994 3429 aberrantes
2034 3390 2065 3430 a

477 3455 723 3522 veritate,
754 3459 1227 3528 prmsumptoribus
1258 3469 1311 3514 et
1334 3460 1625 3517 audacibus
1652 3461 1868 3518 fuerunt
1905 3480 2058 3519 occa-

475 3547 615 3602 sioni
647 3549 713 3603 ad
740 3550 969 3620 aliquam
1016 3551 1258 3606 haeresim
1287 3553 1612 3609 moliendam
1645 3563 1804 3625 atque
1837 3558 2063 3628 gignen-

475 3636 621 3691 dam.
649 3639 801 3706 Quod
833 3640 1025 3695 mirum
1071 3658 1174 3695 non
1216 3652 1317 3709 est,
1347 3658 1469 3698 cum
1512 3645 1578 3699 de
1622 3646 1751 3717 ipsis
1793 3650 2063 3705 canonicis

476 3727 716 3797 Litteris,
746 3730 835 3784 ubi
863 3732 1041 3787 omnia
1065 3734 1347 3788 sanissimo
1377 3734 1517 3790 dicta
1544 3747 1683 3801 sunt,
1719 3754 1823 3793 non
1850 3742 2061 3810 quidem

475 3818 632 3873 aliter
676 3821 985 3890 accipiendo
1012 3824 1275 3892 quaedam,
1302 3841 1461 3895 «piam
1488 3828 1571 3881 vel
1602 3829 1831 3899 scriptor
1873 3835 2059 3901 sensit,

474 3910 561 3964 vel
587 3924 645 3965 se
675 3911 789 3981 ipsa
818 3913 1015 3968 veritas
1047 3913 1246 3979 habet;
1277 3915 1423 3987 (nam
1464 3917 1508 3971 si
1551 3916 1650 3973 hoc
1689 3920 1860 3975 solum
1897 3932 2060 3992 esset,

474 4001 595 4072 quis
622 4017 728 4056 non
754 4000 1000 4057 humanae
1039 4003 1333 4060 infirmitati
1360 4007 1426 4061 ad
1460 4009 1832 4080 corrigendum
1863 4024 2062 4083 parata:

472 4091 703 4147 libenter
731 4092 1100 4167 ignosceret?)
1132 4095 1226 4150 sed
1254 4096 1306 4150 id
1332 4098 1471 4166 quod
1508 4113 1757 4168 perverse
1797 4118 1861 4157 ac
1900 4120 2061 4174 prave

473 4183 676 4253 opinati
703 4192 845 4251 sunt,
875 4184 1213 4241 animositate
1250 4189 1507 4243 acerrima
1538 4200 1593 4244 et
1618 4191 1877 4259 pervicaci
1907 4210 2058 4251 arro-

472 4264 649 4345 gantia
670 4273 1073 4342 defensitantes,
1098 4276 1249 4329 multi
1274 4278 1437 4331 multa
1463 4280 1761 4348 perniciosa
1788 4283 2057 4355 dogmata,

471 4364 688 4420 concisa
711 4365 1102 4420 communionis
1128 4367 1331 4423 unitate
1358 4381 1697 4439 pepererunt.
1727 4374 1851 4429 Haec
1880 4380 2059 4435 omnia

472 4468 595 4511 cum
639 4456 733 4511 illo
776 4456 865 4525 qui
909 4456 976 4510 ad
1024 4458 1333 4513 societatem
1380 4462 1560 4530 populi
1605 4464 1901 4532 christiani,
1952 4486 2057 4526 non

470 4548 656 4615 idiota,
685 4557 742 4603 ut
777 4548 945 4613 aiunt,
968 4548 1061 4603 sed
1091 4549 1370 4606 doctorum
1406 4552 1557 4609 libris
1593 4558 1862 4626 expolitus
1898 4571 2057 4632 atque

468 4640 714 4697 excultus
742 4640 965 4704 accedit,
1012 4642 1251 4697 modesta
1286 4644 1570 4703 collatione
1599 4652 1871 4706 tractanda
1896 4666 2051 4711 sunt:

469 4737 675 4787 tantum
704 4742 976 4802 assumpta
1019 4735 1359 4804 prrecipiendi
1405 4740 1739 4806 auctoritate,
1769 4754 1827 4797 ut
1870 4759 2056 4802 caveat

467 4826 898 4897 praesumptionis
923 4841 1134 4883 errores
1159 4843 1174 4892 ;
1220 4837 1474 4898 quantum
1499 4831 1614 4901 ejus
1640 4832 1909 4891 humilitas
1935 4854 2055 4909 qua:

468 4916 621 4973 illum
662 4917 901 4983 adduxit,
931 4919 1038 4989 jam
1083 4920 1312 4974 sentitur
1342 4920 1646 4979 admittere.
1689 4925 1896 4982 Caetera
1924 4946 2052 4985 vero

464 5009 756 5065 secundum
799 5012 1012 5081 regulas
1055 5009 1314 5066 doctrinae
1360 5014 1628 5082 salutaris,
1672 5017 1785 5071 sive
1814 5019 1881 5073 de
1924 5020 2046 5088 fide,

463 5114 814 5171 quacumque
858 5100 1122 5155 narranda
1154 5102 1239 5156 vel
1287 5101 1598 5159 disserenda
1643 5116 1786 5174 sunt,
1828 5110 1939 5165 sive
1982 5113 2051 5169 de

463 5193 722 5260 moribus,
752 5192 866 5247 sive
890 5191 956 5247 de
988 5193 1387 5257 tentationibus,
1412 5210 1477 5249 eo
1504 5196 1663 5251 modo
1689 5204 2049 5268 percurrendo

464 5296 569 5352 quo
614 5282 745 5348 dixi,
791 5282 858 5337 ad
905 5283 1048 5338 illam
1093 5278 1662 5353 supereminen’tiorem
1693 5292 1831 5346 viam
1869 5295 2047 5351 omnia

462 5372 741 5428 referenda
780 5382 923 5429 sunt.
1564 5363 1578 5374 ’

558 5462 784 5521 CAPUT
823 5464 914 5519 IX.
948 5496 1019 5507 -—
1056 5468 1144 5523 15.
1187 5466 1517 5524 Grammatici
1553 5481 1600 5525 et
1657 5483 1879 5531 oratores
1916 5496 2045 5551 quo-

524 5595 716 5680 :Editt,
755 5602 803 5648 et
845 5599 888 5650 si
932 5600 1050 5664 qiu'd
1084 5603 1206 5665 forte
1236 5604 1399 5656 adhuc
1442 5606 1650 5672 ignora:.
1697 5614 1869 5674 Abest,
1903 5617 2042 5680 forte,

458 5670 488 5709 ³
695 5754 712 5781 ,
735 5726 787 5774 ut
807 5720 864 5793 si
875 5721 1011 5776 libris
1028 5739 1139 5793 eum
1160 5742 1459 5793 persuasum.

522 5787 544 5856 ξ
574 5784 745 5856 Plures
761 5785 971 5856 codices,
995 5796 1045 5856 et
1061 5790 1127 5837 ad
1146 5784 1514 5856 exponendum.

518 5844 544 5879 δ
574 5852 706 5909 ων..
729 5846 983 5900 ornatioris
1001 5849 1190 5908 eloquii.

1363 417 1451 473 DE
1488 412 2027 473 CATECHIZANDIS
2065 411 2387 482 RUDIBUS,
2428 414 2488 469 S.
2530 415 2900 475 AUGUSTlNl

3664 432 3780 492 320

2189 529 2340 582 modo
2368 532 2633 585 tractandi.
2669 532 2779 587 Vox
2797 535 2865 588 ad
2890 552 3036 591 aures
3054 536 3169 605 Dei,
3194 541 3350 596 animi
3374 542 3606 611 aﬁ'ectus.
3635 547 3776 605 Sunt

2189 618 2315 673 item
2346 621 2557 690 quidam
2580 622 2650 677 de
2687 625 2883 681 scholis
2908 628 3268 685 usitatissimis
3303 639 3774 703 grammaticorum

2186 722 2565 785 oratorumque
2600 718 2908 788 venientes,
2938 737 3071 791 quos
3099 740 3272 795 neque
3301 728 3438 783 inter
3461 731 3654 789 idiotas
3674 751 3777 791 nu-

2187 820 2396 863 merare
2411 808 2629 876 audeas,
2650 825 2821 881 neque
2850 814 2988 869 inter
3014 816 3134 871 illos
3155 819 3511 891 doctissimos,
3544 842 3776 896 quorum

2189 912 2339 952 mens
2371 914 2681 970 magnarum
2712 918 2891 958 rerum
2918 916 3000 960 est
3036 912 3322 967 exercitata
3366 918 3774 984 quzestionibus.

2186 988 2281 1044 His
2307 1007 2434 1062 ergo
2478 994 2565 1062 qui
2594 994 2841 1065 loquendi
2871 1005 2986 1054 arte
3023 1002 3233 1057 caneris
3263 1003 3565 1062 hominibus
3592 1012 3771 1068 excel-s

2187 1080 2297 1136 lere
2338 1083 2607 1150 videntur,
2647 1102 2768 1141 cum
2807 1090 3027 1145 veniunt
3064 1103 3123 1146 ut
3158 1095 3435 1152 christiani
3477 1100 3624 1165 ﬁant.
3668 1103 3774 1160 hoc

2185 1174 2413 1243 amplius
2428 1178 2706 1246 quantillis
2728 1180 3015 1238 illitteratis
3037 1184 3313 1256 impertire
3332 1189 3605 1259 debemus,
3625 1196 3774 1265 quod

2185 1264 2373 1319 sedulo
2402 1268 2654 1323 monendi
2684 1281 2808 1326 sunt
2836 1282 2892 1327 ut
2920 1274 3217 1332 humilitate
3246 1279 3413 1335 induti
3443 1264 3731 1340 christiana
3750 1328 3772 1355 ,

2184 1356 2391 1412 discant
2420 1374 2525 1414 non
2555 1363 2902 1422 contem'nere
2928 1383 3064 1438 quos
3092 1375 3441 1441 cognoverint
3464 1392 3670 1433 morum
3691 1381 3776 1435 vi-

2183 1448 2256 1502 tia
2282 1465 2442 1519 quam
2470 1454 2751 1510 verborum
2781 1460 3008 1529 amplius
3032 1462 3307 1531 devitarc;
3349 1477 3407 1523 et
3448 1471 3595 1526 cordi
3619 1484 3774 1531 casto

2183 1538 2414 1610 linguam
2454 1548 2794 1603 exercitatam
2835 1565 2934 1606 nec
2971 1553 3218 1610 conferre
3262 1559 3277 1588 '
3304 1560 3570 1631 audeant,
3607 1581 3771 1636 quam

2183 1632 2343 1689 etiam
2374 1636 2627 1704 praeferre
2653 1655 3061 1700 consueverant.
3092 1647 3318 1706 Maxime
3344 1662 3519 1709 autem
3556 1632 3641 1711 isti
3670 1658 3775 1716 do-

2183 1726 2337 1781 cendi
2364 1740 2490 1784 sunt
2517 1730 2819 1802 Scripturas
2844 1737 3029 1793 audire
3070 1740 3296 1809 divinas,
3331 1762 3397 1800 ne
3440 1749 3653 1805 sordeat
3688 1754 3774 1809 eis

2182 1820 2410 1874 solidum
2450 1823 2736 1893 eloquium,
2768 1829 2891 1897 quia
2921 1846 3026 1884 non
3054 1841 3137 1887 est
3167 1834 3439 1901 inﬂatum;
3473 1855 3645 1911 neque
3682 1859 3774 1898 ar-

2180 1910 2447 1969 bitrentur
2502 1919 2806 1974 carnalibus
2867 1922 3246 1994 integumentis
3312 1930 3543 1988 involuta
3607 1945 3773 2007 atque

2181 2015 2365 2073 operta
2393 2008 2534 2065 dicta
2563 2012 2647 2067 vel
2676 2010 2816 2067 facta
2849 2014 3139 2084 hominum,
3162 2037 3280 2090 qua:
3306 2022 3358 2077 in
3387 2025 3490 2080 illis
3514 2026 3663 2082 libris
3693 2031 3773 2084 le-

2181 2108 2395 2167 guntur,
2427 2116 2532 2156 non
2564 2106 2857 2163 evolvenda
2886 2118 3044 2179 atque
3073 2114 3357 2181 aperienda
3384 2126 3440 2171 ut
3467 2117 3774 2189 intelligan-

2181 2195 2288 2255 tur,
2320 2189 2412 2244 sed
2445 2192 2522 2245 sic
2549 2195 2851 2264 accipienda
2883 2209 2940 2253 ut
2971 2201 3161 2258 littera:
3196 2214 3419 2268 sonant;
3452 2208 3623 2279 deque
3651 2210 3769 2281 ipsa

2180 2278 2408 2335 utilitate
2434 2284 2647 2350 secreti,
2690 2287 2833 2343 unde
2861 2290 3020 2345 etiam
3058 2297 3311 2364 mysteria
3337 2278 3610 2368 vocantur,
3640 2278 3769 2373 quid

2178 2369 2389 2425 valeant
2435 2374 2772 2445 aenigmatum
2840 2380 3056 2438 latebrae
3119 2385 3185 2439 ad
3246 2402 3481 2444 amorem
3526 2369 3768 2450 veritatis

2178 2462 2475 2517 acuendum
2494 2506 2508 2530 ,
2540 2467 3021 2543 decutiendumque
3049 2477 3069 2506 ²
3100 2475 3295 2532 fastidii
3325 2486 3619 2550 torporem,
3650 2482 3768 2553 ipsa

2178 2556 2508 2623 experientia
2552 2560 2882 2627 probandum
2912 2576 2995 2620 est
3038 2567 3246 2636 talibus,
3297 2586 3417 2626 cum
3458 2573 3656 2644 aliquid
3685 2576 3767 2632 eis

2176 2644 2317 2713 quod
2347 2646 2399 2700 in
2430 2660 2677 2720 promptu
2706 2654 2938 2722 positum
2973 2673 3078 2711 non
3122 2660 3191 2713 ita
3234 2663 3519 2731 movebat,
3565 2667 3768 2725 enoda-

2176 2735 2323 2793 tione
2366 2740 2633 2811 allegoria:
2676 2746 2899 2817 alicujus
2940 2750 3162 2805 eruitur.
3215 2753 3308 2809 llis
3350 2756 3491 2811 enim
3533 2760 3767 2818 maxime

2175 2827 2309 2881 utile
2332 2839 2413 2884 est
2443 2847 2622 2899 nosse,
2662 2836 2732 2889 ita
2760 2852 2879 2893 esse
2906 2844 3291 2910 przeponendas
3318 2848 3497 2904 verbis
3540 2859 3762 2907 senten-

2175 2918 2296 2987 tias,
2328 2931 2383 2977 ut
2406 2928 2734 2997 praeponitur
2757 2932 2966 2987 animus
2991 2939 3221 3006 corpori.
3268 2940 3342 2994 Ex
3370 2957 3476 3012 quo
3504 2943 3563 2999 ﬁt
3597 2954 3654 3000 ut
3688 2947 3762 3004 ita

2172 3014 2331 3068 malle
2356 3016 2587 3074 debeant
2619 3024 2858 3080 veriores
2896 3042 3057 3097 quam
3095 3032 3408 3089 disertiores
3436 3037 3618 3093 audire
3646 3054 3761 3095 ser-

2171 3120 2381 3176 mones,
2429 3109 2567 3166 sicut
2604 3116 2764 3170 malle
2801 3117 2997 3173 debent
3039 3122 3429 3194 prudentiores,
3462 3142 3617 3197 quam
3649 3130 3761 3186 for-

2170 3201 2433 3256 mosiorcs
2461 3203 2659 3261 habere
2683 3209 2903 3264 amicos.
2928 3210 3185 3269 Noverint
3207 3217 3366 3271 etiam
3395 3232 3499 3273 non
3522 3235 3641 3276 esse
3667 3238 3762 3279 vo-

2169 3307 2287 3348 cem
2314 3294 2378 3349 ad
2405 3310 2563 3351 aures
2590 3299 2703 3367 Dei,
2744 3302 2846 3356 nisi
2876 3304 3038 3359 animi
3066 3306 3315 3364 affectum
3340 3328 3353 3364 :
3384 3311 3453 3365 ita
3479 3313 3621 3368 enim
3649 3330 3758 3371 non

2171 3385 2484 3453 irridebunt,
2516 3391 2560 3445 si
2586 3393 2791 3464 aliquos
2819 3396 3084 3454 antistites
3110 3409 3165 3456 et
3192 3403 3466 3461 ministros
3503 3408 3759 3465 Ecclesia}

2169 3478 2307 3535 forte
2329 3480 2824 3554 animadverterint,
2859 3490 2937 3545 vel
2969 3506 3091 3545 cum
3132 3492 3475 3551 barbarismis
3505 3509 3558 3553 et
3599 3500 3760 3558 solm.

2168 3570 2349 3625 cismis
2376 3571 2542 3627 Deum
2571 3576 2839 3645 invocare,
2867 3581 2952 3635 vel
2982 3582 3167 3637 eadem
3198 3587 3357 3641 verba
3377 3604 3497 3658 qua:
3523 3605 3762 3659 pronun-

2169 3662 2303 3718 tiant
2330 3680 2435 3720 non
2463 3666 2780 3740 intelligere,
2810 3676 3221 3748 perturbateque
3251 3680 3596 3753 distinguere.
3638 3685 3759 3743 Non

2167 3754 2290 3827 quia
2319 3756 2422 3811 ista
2451 3760 2672 3816 minime
2708 3765 3019 3836 corrigenda
3065 3780 3206 3836 sunt,
3241 3781 3299 3827 ut
3330 3776 3556 3845 populus
3587 3777 3654 3833 ad
3702 3778 3760 3835 id

2166 3846 2307 3937 quod
2337 3848 2495 3917 plane
2535 3851 2800 3924 intelligit,
2826 3856 2969 3912 dicat
2990 3861 3191 3927 Amen;
3224 3864 3314 3918 sed
3347 3873 3521 3922 tamen
3555 3868 3644 3937 pie
3672 3878 3761 3925 to-

2167 3935 2386 3994 leranda
2411 3952 2535 3997 sunt
2559 3944 2627 3998 ab
2651 3946 2729 3999 eis
2752 3948 2840 4016 qui
2867 3948 3169 4021 didicerint,
3199 3964 3257 4008 ut
3281 3970 3412 4011 sono
3438 3958 3491 4013 in
3521 3935 3657 4026 foro,
3676 3963 3762 4020 sic

2166 4039 2292 4085 voto
2314 4031 2366 4085 in
2391 4032 2624 4089 Ecclesia
2653 4036 2915 4094 benedici.
2940 4041 3121 4114 itaque
3146 4044 3370 4102 forensis
3397 4049 3482 4104 illa
3510 4067 3761 4111 nonnunv

2166 4137 2325 4192 quam
2362 4124 2501 4182 forte
2538 4128 2676 4183 bona
2725 4130 2908 4197 dictio,
2936 4149 3205 4207 nunquam
3240 4148 3417 4197 tamen
3455 4144 3762 4205 benedictio

2165 4215 2268 4271 diei
2312 4226 2504 4287 potest.
2551 4220 2626 4275 De
2679 4222 3026 4283 Sacramento
3074 4239 3249 4286 autem
3292 4234 3433 4303 quod
3482 4241 3761 4309 accepturi

2166 4319 2307 4375 sunt,
2340 4310 2536 4366 sufficit
2571 4314 3002 4382 prudentioribus
3047 4320 3234 4378 audire
3262 4324 3386 4393 quid
3428 4341 3515 4382 res
3560 4328 3649 4383 illa
3677 4330 3761 4385 si-

2164 4399 2416 4468 gnificet:
2449 4417 2569 4456 cum
2609 4405 2929 4462 tardioribus
2972 4421 3148 4465 autem
3193 4414 3465 4485 aliquanto
3508 4418 3759 4488 pluribus

2163 4493 2341 4547 verbis
2363 4503 2417 4549 et
2440 4496 2876 4555 similitudinibus
2896 4504 3158 4573 agendum
3181 4515 3282 4573 est,
3310 4522 3379 4563 ne
3407 4518 3760 4569 contemnunt

2163 4584 2304 4653 quod
2332 4585 2532 4641 vident.

2232 4695 2459 4755 CAPUT
2482 4699 2549 4754 X.
2579 4733 2649 4742 —
2676 4704 2763 4759 M.
2803 4704 2926 4761 Jam
2972 4708 3036 4762 de
3084 4710 3337 4767 hilaritate
3379 4719 3752 4787 comparanda.

2162 4789 2341 4847 Causm
2367 4809 2457 4848 sea:
2497 4796 2702 4850 taedium
2752 4799 3017 4866 aﬂerentes
3061 4807 3409 4862 careo/rimati.
3452 4810 3757 4871 Remedium

2158 4893 2335 4937 contra
2374 4887 2590 4954 primam
2617 4905 2821 4943 causam
2852 4894 3008 4947 twdii.
3051 4894 3148 4951 llic
3194 4906 3248 4951 tu
3291 4898 3516 4957 fortasse
3560 4888 3756 4960 exem;

2158 4976 2304 5045 plum
2342 4978 2553 5049 aliquod
2598 4986 2861 5039 sermonis
2905 4987 3200 5058 desideras,
3234 5001 3291 5047 ut
3319 4995 3436 5065 ipso
3466 4997 3559 5051 tibi
3585 5014 3758 5069 opere

2157 5070 2434 5125 ostendam
2480 5075 2749 5143 quomodo
2789 5078 3029 5136 facienda
3081 5083 3189 5138 sint
3232 5086 3330 5141 ista
3373 5104 3493 5158 qua;
3539 5094 3753 5148 monui.

2156 5160 2307 5229 Quod
2335 5163 2548 5234 quidem
2578 5164 2788 5233 faciam,
2814 5183 3068 5240 quantum
3097 5175 3322 5233 Domino
3343 5180 3626 5250 adjuvante
3651 5200 3756 5256 po-

2156 5260 2308 5309 tuero
2333 5274 2345 5309 :
2376 5255 2471 5311 sed
2499 5258 2644 5327 prius
2671 5259 2738 5315 de
2766 5262 2849 5316 illa
2881 5263 3152 5322 hilaritate
3181 5275 3556 5341 comparanda,
3603 5255 3750 5346 quod

2152 5349 2421 5420 pollicitus
2446 5370 2584 5422 sum,
2609 5355 2790 5413 dicere
2818 5357 3007 5416 debeo.
3033 5361 3153 5417 Jam
3181 5367 3322 5420 enim
3351 5367 3417 5422 de
3446 5369 3577 5438 ipsis
3606 5388 3750 5441 prce-

2153 5443 2320 5512 ceptis
2363 5447 2660 5515 explicandi
2689 5453 2973 5518 sermonis,
3015 5453 3069 5508 in
3114 5457 3498 5515 catechizando
3540 5476 3607 5517 eo
3652 5466 3746 5533 qui

2152 5535 2230 5590 sic
2260 5540 2406 5595 venit
2432 5552 2485 5595 ut
2517 5541 2837 5601 christianos
2860 5547 2970 5612 fiat,
2997 5558 3251 5619 quantum
3284 5555 3412 5609 satis
3439 5556 3610 5612 visum
3636 5569 3746 5629 est,

2150 5627 2290 5697 quod
2323 5632 2669 5698 promiseram
2699 5639 2919 5693 exsolvi.
2958 5639 3259 5697 lndebitum
3303 5646 3498 5716 quippe
3526 5657 3631 5716 est,
3682 5627 3743 5708 ut

2212 5806 2670 5888 ἷΠέδὲἱξῬΨίξετν
2706 5810 2928 5888 ,ιξηθῖξφη
2951 5826 3232 5888 exercitum
3261 5833 3348 5871 ηεε
3384 5823 3624 5888 conferre
3710 5858 3713 5859 ί

2212 5871 2232 5902 ³
2264 5871 2336 5919 sic
2365 5871 2531 5933 plures
2556 5881 2660 5923 Mss.
2694 5882 2749 5926 At
2768 5871 2903 5938 editi,
2928 5871 3391 5947 discutiendumque.

3832 1719 3859 1733 κ
