4046 6332
246 443 339 505 ω
770 436 775 441 “
1164 412 1187 453 ⁷
1631 440 1835 502 LIBER
1871 443 2072 504 UNUS.

248 563 404 621 etiam
421 558 542 631 ipse
559 557 758 616 faciam
782 558 835 615 in
859 554 961 617 hoc
978 558 1274 628 volumine,
1290 559 1431 630 quod
1454 558 1567 615 ﬁeri
1589 568 1839 631 oportere

248 653 521 727 praecipio.
549 652 608 709 Si
638 667 768 722 ergo
797 651 995 719 fecero,
1028 651 1093 707 ad
1136 654 1407 707 cumulum
1440 652 1640 708 valebit
1682 668 1696 705 :
1745 666 1840 706 cu-

185 760 203 823 s;
251 746 419 800 mulus
447 754 632 802 autem
661 759 769 815 quo
798 755 955 815 pacto
980 760 1011 799 a
1038 761 1125 800 me
1165 743 1477 815 superfundi
1515 752 1709 816 potest,
1744 760 1843 800 an-

252 849 463 909 tequam
490 852 805 893 mensuram
835 837 1001 893 debiti
1029 838 1359 905 eXplevero?
1385 836 1564 908 Neque
1607 837 1746 892 enim
1791 845 1845 893 te

251 933 482 989 maxime
510 931 771 1002 conqueri
799 930 998 997 audivi,
1047 930 1151 985 nisi
1194 930 1335 1001 quod
1366 929 1458 985 tibi
1503 944 1681 985 sermo
1725 936 1846 985 tuus

250 1024 369 1080 vilis
408 1023 761 1093 abjectusque
784 1021 1075 1088 videretur,
1113 1035 1235 1076 cum
1277 1020 1508 1092 aliquem
1552 1021 1845 1076 christiano

252 1116 468 1172 nomine
498 1114 789 1170 imbueres.
821 1113 934 1168 Hoc
959 1108 1134 1167 autem
1166 1113 1311 1178 scio,
1362 1127 1467 1167 non
1512 1121 1618 1165 tam
1664 1127 1844 1167 rerum

251 1223 371 1279 qua:
415 1206 661 1262 dicendae
704 1217 850 1271 sunt,
892 1206 1084 1276 quibus
1120 1215 1170 1261 te
1205 1206 1334 1259 satis
1361 1204 1484 1259 novi
1517 1213 1757 1274 paratum
1791 1213 1847 1258 et

254 1300 596 1364 instructum,
626 1310 802 1367 neque
831 1297 996 1367 ipsius
1020 1292 1302 1351 locutionis
1332 1295 1531 1365 inopia,
1562 1294 1655 1349 sed
1681 1293 1845 1349 animi

253 1391 413 1447 taedio
456 1376 612 1456 ﬁeri;
642 1390 727 1444 vel
751 1389 841 1443 illa
869 1403 1027 1443 causa
1054 1402 1215 1457 quam
1241 1386 1371 1453 dixi,
1401 1386 1523 1456 quia
1555 1385 1723 1455 magis
1748 1398 1847 1440 nos

253 1483 483 1541 delectat
512 1491 568 1538 et
594 1490 759 1547 tenet,
799 1480 942 1553 quod
990 1480 1041 1534 in
1085 1479 1300 1535 silentio
1344 1486 1523 1534 mente
1551 1477 1840 1544 cernimus,

255 1576 356 1633 nec
378 1575 506 1630 inde
529 1573 775 1629 volumus
802 1571 1014 1628 avocari
1045 1570 1112 1626 ad
1147 1571 1433 1627 verborum
1471 1571 1630 1640 longe
1668 1569 1848 1640 dispa-

255 1682 371 1723 rem
396 1665 717 1736 strepitum;
750 1663 833 1719 vel
858 1664 980 1734 quia
1010 1663 1168 1718 etiam
1196 1676 1318 1741 cum
1363 1674 1542 1716 sermo
1579 1658 1848 1729 jucundus

256 1770 360 1825 est,
387 1759 564 1829 magis
588 1772 688 1812 nos
714 1756 845 1811 libet
869 1755 1053 1810 audire
1080 1763 1171 1809 aut
1194 1755 1371 1824 legere
1401 1769 1518 1824 qua:
1544 1754 1737 1810 melius
1761 1752 1847 1808 di-

256 1862 340 1907 cta
364 1862 511 1916 sunt,
540 1859 595 1905 et
619 1865 739 1920 quae
764 1849 881 1904 sine
907 1857 1086 1904 nostra
1113 1864 1235 1903 cura
1264 1857 1315 1902 et
1343 1847 1701 1903 sollicitudine
1726 1861 1851 1917 pro-

256 1954 495 2012 muntur,
540 1958 702 2013 quam
744 1941 811 1996 ad
846 1941 1076 1996 alienum
1118 1956 1334 1996 sensum
1373 1942 1648 2009 repentina
1686 1941 1849 1996 verba

256 2046 511 2108 coaptare
532 2037 738 2090 incerto
763 2034 930 2097 exitu,
959 2033 1071 2087 sive
1097 2042 1274 2086 utrum
1300 2041 1583 2087 occurrant
1610 2046 1707 2101 pro
1736 2047 1851 2087 sen-

257 2131 452 2197 tentia,
483 2130 596 2184 sive
627 2138 807 2183 utrum
842 2128 1168 2196 accipiantur
1190 2125 1424 2191 utiliter;
1466 2125 1551 2180 vel
1596 2126 1719 2195 quia
1760 2125 1851 2181 illa

255 2240 384 2295 qua:
424 2222 644 2278 rudibus
686 2221 1045 2287 insinuantur,
1085 2235 1150 2275 eo
1189 2219 1330 2290 quod
1375 2219 1528 2275 nobis
1574 2219 1849 2274 notissima

256 2323 409 2381 sunt,
459 2323 511 2369 et
540 2313 814 2384 provectui
845 2323 1030 2367 nosuo
1054 2312 1163 2382 jam
1196 2326 1299 2366 non
1330 2311 1627 2367 necessaria
1646 2351 1663 2377 ,
1708 2312 1853 2382 piget

256 2407 325 2463 ad
350 2422 420 2463 ea
446 2405 740 2476 saepissime
766 2403 966 2472 redire,
984 2419 1084 2460 nec
1111 2403 1166 2458 in
1191 2404 1268 2459 eis
1296 2412 1403 2457 tam
1431 2402 1636 2459 usitatis
1660 2413 1714 2458 et
1738 2412 1852 2457 tan-

258 2517 420 2573 quam
465 2499 793 2554 infantilibus
847 2512 971 2553 cum
1020 2498 1195 2568 aliqua
1230 2497 1502 2567 voluptate
1539 2497 1649 2567 jam
1693 2512 1854 2568 gran-

261 2591 536 2648 diusculus
564 2591 776 2647 animus
813 2589 1072 2661 graditur.
1104 2588 1254 2644 Facit
1281 2590 1439 2643 etiam
1473 2589 1708 2659 loquenti
1754 2598 1849 2644 tae.

260 2686 402 2743 dium
443 2685 662 2740 auditor
697 2683 1008 2757 [immobilis
1050 2683 1134 2738 vel
1162 2684 1284 2755 quia
1314 2698 1419 2739 non
1450 2691 1694 2738 movetur
1717 2684 1851 2739 afl‘e-

261 2780 469 2845 ctu,vel
492 2781 617 2849 quia
639 2779 787 2833 nullo
812 2789 960 2833 motu
985 2777 1226 2848 corporis
1246 2776 1445 2832 indicat
1471 2792 1529 2832 se
1550 2776 1851 2847 intelligere

261 2872 345 2927 vel
378 2871 481 2927 sibi
521 2870 739 2941 placere
775 2884 895 2939 quae
924 2866 1250 2942 dicuntur‘]
1280 2886 1295 2923 :
1326 2884 1430 2924 non
1458 2869 1580 2939 quia
1605 2868 1851 2925 humana:

263 2963 432 3019 laudis
454 2978 557 3018 nos
582 2978 707 3019 esse
732 2962 917 3018 avidos
958 2961 1134 3030 decet,
1164 2962 1259 3019 sed
1295 2962 1417 3034 quia
1444 2978 1507 3019 ea
1536 2977 1654 3033 quae
1693 2963 1851 3018 mini-

263 3068 491 3112 stramus
518 3056 617 3111 Dei
644 3065 804 3122 sunt;
826 3065 880 3111 et
908 3065 1107 3127 quanto
1132 3056 1301 3127 magis
1322 3055 1588 3127 diligimus
1612 3070 1703 3112 eos
1726 3055 1848 3128 qni-

264 3148 359 3203 bus
385 3149 681 3219 loquimur,
730 3156 878 3203 tanto
906 3148 1074 3218 magis
1117 3148 1196 3204 eis
1223 3148 1469 3218 cupimus
1513 3156 1570 3203 ut
1607 3150 1852 3219 placeant

263 3258 378 3311 qua:
400 3241 469 3296 ad
487 3256 679 3296 mrum
708 3242 1052 3311 porriguntur
1072 3240 1299 3296 salutem
1325 3259 1339 3295 :
1361 3240 1501 3311 quod
1529 3240 1576 3295 si
1600 3256 1707 3296 non
1731 3257 1852 3298 suco

263 3334 420 3401 cedit,
453 3335 859 3399 contristamur,
886 3342 940 3389 et
977 3333 1031 3388 in
1072 3333 1187 3403 ipso
1224 3347 1383 3387 cursu
1421 3331 1762 3389 debilitamur
1796 3342 1853 3390 et

264 3426 576 3498 frangimur,
615 3427 768 3497 quasi
813 3426 1008 3481 frustra
1045 3440 1263 3496 operam
1309 3434 1670 3484 conteramus.
1700 3424 1848 3482 Non-

256 3525 528 3595 nunquam
569 3523 733 3578 etiam
784 3537 906 3576 cum
944 3522 1237 3576 avertimur
1273 3520 1341 3576 ab
1378 3521 1554 3592 aliqua
1594 3536 1653 3576 re
1690 3537 1848 3592 quam

264 3615 632 3672 desideramus
660 3630 844 3686 agere,
868 3622 924 3669 et
948 3614 1101 3685 cujus
1126 3615 1265 3670 actio
1288 3622 1381 3668 aut
1404 3613 1701 3670 delectabat
1726 3630 1847 3683 nos,

262 3719 353 3765 aut
385 3710 558 3781 magis
586 3708 741 3763 nobis
767 3708 1069 3764 necessaria
1094 3707 1392 3775 videbatur,
1420 3717 1476 3764 et
1499 3710 1737 3779 cogimur
1759 3718 1851 3764 aut

256 3803 405 3873 jussu
434 3803 552 3872 ejus
583 3816 742 3872 quem
786 3800 1056 3857 oﬂ‘cndere
1103 3800 1350 3856 nolumus
1371 3842 1387 3869 ,
1428 3809 1521 3856 aut
1550 3802 1850 3873 aliquorum

262 3895 556 3951 incvitabili
584 3893 835 3949 instantia
862 3892 1193 3949 catechizare
1218 3894 1479 3965 aliquem;
1498 3893 1608 3965 jatn
1635 3903 1851 3952 contur-

260 3987 371 4043 bati
398 3986 709 4043 accedimus
733 3985 801 4040 ad
832 3986 1122 4055 negotium,
1146 3985 1232 4039 cui
1256 4000 1444 4055 magna
1473 3986 1852 4056 tranquillitate

260 4093 394 4149 opus
417 4088 523 4144 est,
552 4077 803 4133 dolentes
826 4077 967 4148 quod
996 4091 1168 4147 neque
1197 4075 1439 4131 ordinem
1462 4077 1727 4132 actionum
1756 4092 1853 4131 no-

260 4175 344 4230 bis
377 4172 695 4229 conceditur
734 4182 917 4227 tenere
957 4185 1114 4241 quem
1157 4169 1423 4238 volumus,
1467 4185 1566 4225 nec
1608 4170 1852 4227 sufficere

260 4268 509 4324 omnibus
538 4279 826 4338 possumus
855 4283 868 4318 :
899 4272 1057 4335 atque
1082 4263 1153 4318 ita
1179 4278 1246 4318 ex
1284 4263 1396 4334 ipsa
1431 4262 1644 4318 tristitia
1671 4278 1852 4320 sermo

259 4359 563 4431 procedens
589 4359 766 4412 minus
788 4367 971 4426 gratus
996 4363 1099 4419 est,
1127 4354 1250 4426 quia
1280 4353 1349 4410 de
1374 4354 1620 4410 ariditate
1647 4356 1853 4411 intesti-

263 4453 351 4508 tizc
384 4453 568 4507 minus
598 4450 875 4506 exuberat.
914 4447 1212 4519 Aliquando
1241 4448 1368 4502 item
1405 4463 1469 4502 ex
1500 4447 1678 4518 aliquo
1706 4463 1854 4503 scan-

260 4543 384 4600 dalo
420 4557 626 4600 maeror
651 4550 839 4611 pectus
864 4538 1137 4605 obsedit',
1184 4547 1238 4594 et
1279 4545 1403 4592 tunc
1433 4538 1585 4593 nobis
1630 4537 1846 4607 dicitur,

262 4635 417 4703 Veni,
462 4636 685 4705 loquere
716 4631 868 4697 huic;
910 4630 1231 4685 christianus
1262 4629 1374 4684 vult
1420 4629 1552 4685 ﬁeri.
1596 4629 1799 4686 Dicitur
1826 4630 1848 4662 ³

259 4728 405 4785 enim
433 4727 504 4781 ab
529 4724 899 4797 ignorantibus
918 4720 1045 4793 quid
1068 4735 1168 4776 nos
1195 4721 1434 4776 clausum
1457 4720 1599 4775 intus
1624 4730 1845 4777 exurat:

259 4822 455 4891 quibus
520 4820 568 4875 si
614 4818 863 4874 allectum
911 4826 1152 4871 nostrum
1198 4814 1407 4885 aperire
1449 4828 1554 4869 non
1602 4824 1846 4885 oportet,

258 4915 586 4985 suscipimus
616 4911 873 4983 ingratius
898 4908 1041 4981 quod
1065 4909 1250 4964 volunt
1273 4907 1328 4972 ⁸;
1373 4916 1428 4962 et
1469 4906 1705 4977 profecto
1736 4907 1851 4963 latt—

257 5006 452 5078 guidus
480 5012 536 5061 et
563 5003 800 5059 insuavis
828 5002 917 5057 ille
946 5015 1126 5057 sermo
1154 4999 1258 5055 erit
1302 5014 1397 5069 per
1436 5014 1625 5054 venam
1672 4999 1850 5055 cordis

256 5106 579 5155 astuantem
606 5095 1004 5163 fumantemque
1032 5091 1303 5162 trajectus.
1327 5090 1430 5145 'l‘ot
1454 5091 1614 5161 igitur
1637 5106 1702 5147 ex
1726 5107 1853 5148 cau-

257 5190 354 5256 sis,
382 5187 636 5260 quaslibet
659 5200 844 5241 earum
868 5184 1210 5240 serenitatem
1237 5191 1433 5238 nostra:
1462 5183 1655 5238 mentis
1680 5184 1851 5239 obnu-

256 5281 412 5350 bilet,
457 5278 753 5336 secundum
785 5279 951 5333 Deum
981 5284 1106 5332 sunt
1132 5274 1417 5346 quaerenda
1444 5275 1699 5342 remedia,
1734 5277 1853 5346 qui-

258 5375 363 5429 bus
388 5374 662 5428 relaxetur
688 5370 780 5426 illa
811 5370 1127 5436 contractio,
1159 5377 1214 5422 et
1254 5368 1466 5423 fervore
1504 5367 1722 5438 spiritus
1750 5383 1852 5423 ex-
1884 5430 1893 5435 ,

258 5464 523 5523 sultemus
544 5474 602 5521 et
623 5462 981 5535 jucundemur
1001 5460 1057 5517 in
1084 5458 1468 5530 tranquillitate
1493 5459 1620 5515 boni
1648 5460 1847 5531 operis.

323 5673 343 5705 ⁸
377 5659 1519 5725 verbalﬁcuncisinclusaabsuntaplerisque
1561 5666 1670 5712 llas.
1707 5660 1853 5713 etab

258 5742 363 5868 ¹“ἒ’
376 5740 531 5868 εἶξαν
548 5794 752 5868 eam
778 5787 1210 5868 Διηθξίβῗδςξθθκάίδ

323 5862 347 5893 ⁸
374 5857 479 5908 Sola
502 5858 653 5908 editio
671 5863 804 5912 l.ov.,
829 5857 1055 5912 nescitur.

319 5925 343 5981 ξ
375 5922 543 5975 Plures
565 5928 695 5983 uss,
711 5911 997 5981 suscipimus
1013 5911 1194 5982 ingrati
1208 5912 1340 5981 quod
1364 5912 1537 5965 volunt.

1953 557 2186 613 Hilarem
2216 557 2346 613 enim
2375 557 2603 615 datorem
2630 560 2796 634 diligit
2824 558 2962 618 Deus
2989 564 3010 635 (
3025 563 3070 620 ll
3100 564 3221 621 Cor.
3255 582 3332 636 lx,
3363 568 3462 644 7).

2023 651 2111 707 15.
2152 651 2208 707 Si
2236 652 2378 706 enim
2405 667 2563 708 causa
2591 652 2678 707 illa
2710 654 3009 724 contristat,
3034 657 3175 727 quod
3203 659 3536 719 intellectum

1948 751 2191 797 nostrum
2213 743 2422 798 auditor
2441 760 2547 799 non
2570 745 2729 815 capit,
2761 762 2791 801 a
2825 746 2980 818 cujus
3004 750 3278 806 cacumine
3298 751 3529 821 quodam

1948 834 2109 889 modo
2135 834 2523 891 descendentes
2549 838 2788 907 cogimur
2812 838 2865 892 in
2898 839 3219 911 syllabarum
3252 842 3409 913 longe
3454 844 3539 899 in-

1948 925 2027 981 fra
2059 925 2367 981 distantium
2398 927 2643 983 tarditate
2669 928 2955 997 demorari,
2989 941 3042 986 et
3080 946 3262 988 curam
3302 935 3537 1005 gerimus

1947 1017 2398 1087 quemadmodum
2428 1020 2598 1090 longis
2623 1030 2677 1075 et
2704 1022 2971 1091 perplexis
2996 1023 3322 1080 anfractibus
3352 1041 3542 1096 proce-

1951 1109 2044 1165 dat
2069 1126 2137 1166 ex
2166 1126 2260 1166 ore
2287 1112 2485 1179 carnis,
2513 1112 2652 1183 quod
2683 1114 2964 1169 celerrimo
2991 1115 3183 1171 haustu
3206 1117 3403 1173 mentis
3435 1118 3539 1173 im-

1949 1202 2166 1267 bibitur,
2190 1212 2245 1259 et
2272 1203 2392 1273 quia
2413 1203 2633 1259 multum
2661 1205 2993 1263 dissimiliter
3021 1208 3152 1273 exit,
3177 1210 3339 1266 taedet
3367 1210 3536 1282 loqui,

1952 1302 2006 1348 et
2032 1294 2162 1349 libet
2191 1304 2400 1361 tacere;
2433 1297 2728 1368 cogitemus
2749 1298 2875 1369 quid
2898 1299 3054 1356 nobis
3083 1312 3438 1373 praerogatum
3470 1305 3542 1360 sit

1949 1385 2018 1440 ab
2044 1385 2138 1439 illo
2167 1386 2256 1453 qui
2298 1385 2685 1443 demonstravit
2723 1390 2879 1445 nobis
2905 1392 3233 1462 exemplum,
3263 1403 3319 1449 ut
3345 1410 3540 1465 sequa-

1950 1490 2074 1530 mur
2097 1475 2319 1546 vestigia
2349 1477 2464 1548 ejus
2488 1478 2506 1549 (
2530 1478 2549 1532 l
2576 1477 2720 1534 Petr.
2747 1495 2807 1546 ιι,
2839 1478 2964 1553 21).
3009 1481 3361 1551 Quantumvis
3397 1486 3541 1542 enim

1951 1565 2161 1623 differat
2200 1569 2476 1625 articulata
2506 1585 2611 1626 vox
2648 1582 2831 1627 nostra
2856 1572 2924 1629 ab
2953 1573 3316 1647 intelligentia:
3344 1588 3543 1637 nostra:

1953 1657 2254 1724 vivacitate,
2281 1659 2437 1732 longe
2461 1660 2793 1718 diﬁ‘erentior
2813 1672 2898 1719 est
2934 1667 3231 1723 mortalitas
3266 1669 3443 1725 carnis
3473 1673 3544 1725 ab

1952 1750 2256 1819 aequalitate
2283 1751 2395 1806 Dei.
2429 1752 2496 1806 Et
2525 1763 2705 1810 tamen
2733 1771 2853 1810 cum
2883 1756 2938 1811 in
2965 1758 3152 1813 eadem
3191 1759 3356 1830 [anna
3393 1772 3541 1832 esset,

1952 1841 2272 1911 semetipsum
2298 1844 2570 1899 exinanivit
2598 1849 2816 1918 formam
2840 1850 2969 1904 servi
2998 1852 3270 1921 accipiens,
3295 1861 3424 1923 etc.,
3450 1871 3540 1910 us-

1952 1947 2056 2001 que
2079 1932 2145 1987 ad
2174 1931 2247 2006 (a)
2273 1945 2481 1989 mortem
2505 1939 2669 1993 crucis
2695 1938 2966 2010 (Philipp.
2997 1957 3064 2008 tt,
3097 1942 3191 1996 6.8
3205 1941 3247 2014 ).
3272 1943 3441 2010 Quam
3470 1946 3543 2002 ob

1952 2038 2192 2093 causam,
2241 2028 2341 2082 nisi
2371 2030 2493 2099 quia
2525 2030 2695 2086 factus
2721 2042 2802 2086 est
2837 2035 3063 2089 infirmis
3092 2036 3353 2105 inﬁrmus,
3381 2048 3438 2096 ut
3459 2041 3545 2095 in-

1954 2115 2139 2173 ﬁrmos
2168 2118 2485 2177 lucriﬁcaret
2519 2122 2538 2195 (
2564 2124 2579 2177 Ι
2612 2124 2731 2178 Cor.
2765 2141 2840 2193 ix,
2869 2125 2941 2179 2‘2
2964 2127 3025 2198 )‘l
3053 2129 3189 2184 Audi
3219 2130 3333 2201 ejus
3362 2132 3542 2187 imita-

1953 2217 2124 2262 torem
2151 2209 2272 2263 alibi
2298 2213 2459 2265 etiam
2491 2213 2754 2269 dicentem
2782 2232 2794 2269 :
2829 2215 2949 2271 Sive
2978 2219 3109 2272 enim
3133 2229 3297 2275 mente
3324 2222 3544 2277 excessi-

1954 2318 2083 2367 mus,
2115 2301 2257 2368 Deo;
2282 2304 2383 2358 sive
2410 2315 2740 2377 temperantes
2758 2325 2949 2376 sumus,
2973 2311 3127 2365 vobis.
3153 2311 3385 2369 Charitas
3408 2316 3545 2371 enim

1952 2389 2143 2447 Christi
2165 2395 2418 2464 compellit
2440 2413 2548 2462 nos,
2565 2399 2857 2468 judicantes
2883 2402 2997 2469 lter,
3014 2403 3131 2473 quia
3158 2422 3287 2461 unus
3318 2423 3409 2477 pro
3434 2425 3545 2462 om-

1954 2483 2099 2538 nibus
2126 2494 2350 2539 mortuus
2377 2498 2449 2540 est
2477 2494 2496 2556 (
2510 2487 2551 2543 ll
2581 2490 2696 2544 Cor.
2717 2507 2769 2557 ν,
2795 2495 2862 2548 15
2885 2504 2930 2547 et
2957 2494 3069 2564 M).
3100 2495 3377 2562 Quomodo
3399 2500 3544 2556 enim

1955 2585 2171 2644 paratus
2198 2589 2341 2632 esset
2372 2579 2607 2648 impendi
2636 2598 2732 2651 pro
2763 2585 3042 2640 animabus
3070 2602 3256 2642 eorum
3285 2587 3304 2661 (
3328 2588 3411 2642 Id.
3443 2607 3542 2660 xu,

1957 2667 2084 2739 15),
2118 2668 2161 2723 si
2206 2684 2326 2724 eum
2372 2673 2578 2742 pigeret
2605 2674 2847 2729 inclinari
2874 2675 2941 2730 ad
2969 2692 3125 2733 aures
3154 2682 3378 2735 eorum?
3409 2682 3546 2737 llinc

1956 2774 2087 2831 ergo
2115 2761 2285 2819 factus
2311 2772 2393 2818 est
2421 2767 2671 2834 parvulus
2701 2767 2753 2821 in
2784 2768 2962 2824 medio
2987 2781 3256 2837 nostrum,
3291 2782 3545 2844 tanquam

1954 2853 2133 2907 nutrix
2162 2854 2346 2909 fovens
2377 2856 2513 2912 ﬁlios
2542 2873 2666 2913 suos
2696 2859 2759 2930 (l
2802 2858 2977 2915 Thess.
3013 2877 3079 2929 tt,
3112 2862 3203 2933 7).
3234 2863 3368 2919 Num
3399 2866 3543 2922 enim

1954 2946 2209 3015 delectat,
2240 2951 2343 3005 nisi
2370 2966 2521 3006 amor
2542 2955 2750 3019 invitet,
2779 2954 3054 3011 decurtata
3086 2966 3139 3012 et
3163 2959 3405 3015 mutilata
3424 2976 3546 3015 ver-

1954 3042 2021 3098 ba
2048 3043 2500 3100 immurmurare?
2527 3046 2594 3101 Et
2625 3056 2799 3102 tamen
2838 3059 3025 3120 optant
3064 3051 3307 3108 homines
3346 3053 3545 3109 habere

1956 3133 2212 3203 infantes,
2252 3136 2446 3206 quibus
2485 3136 2538 3190 id
2575 3138 2865 3194 exhibeant
2894 3157 2907 3192 :
2939 3149 2995 3195 et
3022 3143 3236 3197 suavius
3263 3152 3346 3198 est
3384 3143 3546 3199 matri

1953 3227 2159 3282 minuta
2209 3241 2399 3281 mansa
2437 3227 2686 3297 inspuere
2726 3230 2949 3299 parvulo
2988 3231 3126 3298 ﬁlio,
3167 3247 3325 3302 quam
3371 3232 3544 3301 ipsam

1955 3317 2209 3373 mandere
2239 3333 2301 3373 ac
2330 3318 2587 3374 devorare
2611 3320 2915 3389 grandiora.
2940 3319 3056 3376 Non
3083 3338 3210 3393 ergo
3234 3323 3451 3379 recedat
3474 3323 3546 3380 de

1956 3419 2174 3482 pectore
2212 3412 2371 3466 etiam
2402 3412 2655 3482 cogitatio
2679 3412 2888 3483 gallina:
2919 3413 3082 3479 illius,
3115 3431 3234 3484 qua:
3263 3416 3543 3485 languidu-

1954 3501 2018 3557 lis
2052 3502 2245 3572 plumis
2285 3511 2499 3558 teneros
2543 3501 2681 3558 fetus
2702 3504 2893 3574 operit,
2922 3514 2976 3560 et
3000 3515 3339 3561 susurrantes
3368 3507 3542 3576 pullos

1954 3591 2224 3648 confracta
2253 3608 2384 3648 voce
2407 3592 2663 3660 advocat;
2691 3594 2845 3665 cujus
2882 3595 3103 3649 blandas
3130 3595 3242 3651 alas
3270 3596 3544 3667 refugien-

1961 3695 2041 3741 tes
2070 3685 2306 3756 superbi,
2336 3684 2515 3756 prazda
2544 3684 2677 3740 ﬁunt
2702 3684 2916 3740 alitibus
2946 3686 2965 3755 (
2989 3685 3174 3740 Matth.
3225 3702 3384 3752 χλιιι,
3413 3686 3543 3757 57).

1955 3778 2015 3834 Si
2039 3778 2183 3833 enim
2214 3776 2521 3832 intellectus
2550 3777 2778 3832 delectat
2812 3778 2862 3831 in
2903 3777 3268 3847 penetralibus
3296 3780 3548 3835 sinceris.

1955 3872 2125 3939 simis,
2157 3870 2260 3926 hoc
2284 3871 2445 3927 etiam
2478 3869 2776 3941 intelligere
2799 3870 3050 3937 delectat,
3078 3870 3345 3940 quomodo
3372 3870 3549 3926 chari-

1954 3973 2059 4033 tas,
2092 3972 2292 4035 quanto
2331 3963 2623 4018 ofﬁciosius
2648 3961 2925 4018 descendit
2953 3963 3005 4017 in
3044 3962 3255 4030 inﬁma,
3287 3971 3431 4018 tanto
3458 3979 3549 4018 ro-

1956 4058 2164 4114 bustius
2193 4059 2422 4113 recurrit
2460 4057 2514 4111 in
2553 4056 2739 4111 intima
2787 4071 2883 4125 per
2924 4056 3119 4112 bonam
3162 4056 3547 4112 conscientiam

1956 4150 2087 4204 nihil
2112 4148 2385 4219 quzerendi
2411 4150 2427 4180 ¹
2455 4147 2522 4203 ab
2546 4148 2627 4203 eis
2652 4147 2719 4201 ad
2747 4162 2880 4217 quos
2906 4146 3206 4215 descendit,
3236 4157 3431 4218 praeter
3453 4163 3548 4204 eo-

1955 4257 2074 4296 rum
2104 4241 2479 4309 scmpiternam
2515 4239 2759 4294 salutem.

2028 4330 2254 4388 CAPUT
2282 4328 2547 4387 XL—lﬁ.
2574 4329 2873 4385 Remedium
2901 4338 3077 4383 contra
3104 4329 3378 4384 secundant
3406 4324 3549 4385 (tedii

1957 4439 2185 4477 causam.
2205 4422 2260 4477 Si
2283 4430 2460 4476 autem
2478 4420 2646 4490 magis
2668 4420 2989 4489 appetimus,
3008 4434 3072 4475 ea
3093 4435 3212 4490 quae
3233 4419 3345 4490 jam
3364 4428 3548 4490 parata

1957 4525 2084 4571 sunt
2113 4524 2167 4570 et
2200 4514 2395 4570 melius
2423 4513 2564 4569 dicta
2592 4514 2769 4584 legere
2799 4513 2879 4569 vel
2905 4512 3112 4579 audire,
3155 4521 3210 4567 et
3253 4512 3374 4569 ideo
3404 4514 3550 4584 piget

1958 4609 2165 4664 incerto
2185 4608 2332 4664 exitu
2356 4607 2423 4662 ad
2461 4617 2669 4677 tempus
2691 4614 2942 4676 coaptare
2962 4622 3081 4677 qua:
3102 4605 3370 4677 loquimur
3395 4624 3407 4659 :
3432 4614 3549 4661 tan-

1961 4711 2071 4756 tum
2110 4714 2138 4753 a
2169 4700 2394 4755 veritate
2420 4714 2599 4755 rerum
2623 4714 2728 4754 non
2756 4696 2968 4753 aberret
3003 4698 3236 4766 animus,
3264 4697 3418 4754 facile
3466 4705 3551 4754 est

1957 4804 2014 4850 ut
2037 4794 2079 4849 si
2111 4794 2163 4849 in
2184 4793 2363 4849 verbis
2388 4792 2687 4849 auditorem
2731 4791 2932 4863 aliquid
2957 4792 3240 4848 offenderit
3266 4834 3282 4861 ,
3334 4807 3399 4847 ex
3431 4792 3544 4860 ipsa

1957 4887 2240 4942 occasione
2264 4885 2436 4941 discat
2460 4899 2617 4955 quam
2659 4884 2731 4939 sit
2776 4898 2835 4940 re
2887 4883 3157 4940 intellecta
3185 4891 3541 4939 contemnen-

1957 4979 2104 5044 dum,
2137 4979 2180 5032 si
2206 4977 2381 5032 minus
2407 4976 2635 5048 integre,
2665 4984 2758 5031 aut
2777 4974 2823 5031 si
2862 4975 3039 5030 minus
3096 4974 3310 5044 proprie
3354 4987 3549 5029 sonare

1957 5072 2148 5141 potuit,
2178 5068 2320 5139 quod
2350 5067 2473 5123 ideo
2501 5068 2726 5123 sonabat
2753 5075 2812 5122 ut
2839 5082 2926 5123 res
2958 5066 3360 5136 intelligeretur.
3392 5062 3548 5129 Quod

1958 5162 2003 5217 si
2031 5161 2280 5215 humanae
2308 5158 2635 5214 inﬁrmitatis
2666 5158 2889 5214 intentio
2920 5157 3079 5212 etiam
3115 5154 3181 5209 ab
3203 5153 3314 5223 ipsa
3369 5168 3549 5211 rerum

1959 5253 2183 5310 veritate
2209 5252 2576 5317 aberraverit;
2609 5264 2911 5320 quanquam
2943 5248 2995 5301 in
3018 5243 3413 5303 cateehizandis
3452 5262 3548 5302 ru-

1958 5345 2133 5411 dibus,
2157 5343 2250 5399 ubi
2274 5346 2358 5399 via
2385 5343 2659 5399 tritissima
2689 5339 2913 5396 tenenda
2956 5346 3039 5392 est
3062 5378 3077 5404 ,
3126 5334 3343 5392 difficile
3371 5343 3551 5407 potest

1958 5438 2238 5495 accidere:
2262 5445 2438 5492 tamen
2464 5451 2531 5490 ne
2561 5433 2701 5489 forte
2725 5429 2932 5486 accidat
2961 5438 3021 5485 nt
3040 5430 3200 5484 etiam
3220 5429 3348 5486 hinc
3386 5428 3552 5486 oﬁ'en-

1960 5533 2115 5589 datur
2144 5531 2373 5597 auditor,
2409 5545 2517 5585 non
2560 5524 2774 5581 aliunde
2799 5523 2955 5579 nobis
2982 5523 3144 5581 debet
3192 5523 3367 5580 videri
3407 5522 3551 5580 acci-

1974 5624 2140 5690 disse,
2170 5622 2269 5677 nisi
2288 5622 2409 5692 quia
2442 5620 2582 5674 Deus
2597 5616 2826 5686 experiri
2857 5630 2954 5672 nos
2982 5615 3176 5683 voluit.
3202 5624 3379 5672 utrum
3424 5628 3548 5672 cum

2025 5784 2042 5813 ι
2077 5782 2150 5829 sic
2170 5786 2276 5828 MSS.
2302 5776 2422 5826 Editi
2445 5787 2585 5835 vero,
2608 5771 2729 5824 nihil
2754 5775 3032 5838 quieratdo.

2023 5844 2101 5905 (a),
2130 5847 2234 5890 Ista:
2261 5850 2421 5905 voces,
2449 5831 3165 5905 etc.,'nsqnead,_lib_rarii51mt
3182 5831 3550 5905 praetenuis,

1960 5913 2015 5959 ut
2030 5897 2179 5967 solet,
2198 5900 2350 5952 verba
2372 5897 2663 5951 intermedia
2682 5900 2814 5949 citati
2837 5897 2947 5951 loci.
