4046 6332
202 465 301 527 525

205 587 305 643 tur,
337 572 508 628 libere
534 568 795 645 proferat.
820 552 1175 637 Quaerendum
1200 570 1360 613 etiam
1384 551 1450 608 de
1485 549 1575 605 illo
1601 558 1779 603 utrum

205 668 314 723 hznc
341 662 635 735 aliquando
651 644 761 727 jam
778 646 1025 720 audierit,
1045 661 1099 707 et
1127 647 1366 705 fortassis
1390 657 1511 699 eum
1535 651 1784 709 tanquam

154 802 159 807 .
206 766 325 814 nota
354 764 407 811 et
422 731 735 827 pervulgata
765 764 869 805 non
899 752 1170 810 moveant;
1189 750 1244 796 et
1267 738 1528 812 agendum
1557 748 1653 805 pro
1674 731 1792 801 ejus

207 849 572 920 responsione,
594 853 651 900 ut
703 850 795 897 aut
820 841 1027 911 planius
1072 844 1127 893 et
1175 832 1456 890 enodatius
1484 829 1788 897 loquamur,

209 952 293 997 aut
320 939 631 1009 opinionem
659 932 981 991 contrariam
1003 927 1331 987 refellamus,
1360 929 1451 977 aut
1477 935 1539 977 ea
1566 932 1684 988 quae
1707 913 1789 970 illi

209 1040 328 1088 nota
354 1037 482 1084 sunt
514 1043 621 1082 non
648 1025 978 1096 explicemus
1004 1019 1178 1081 latius,
1220 1015 1313 1071 sed
1360 1010 1593 1068 breviter
1641 1021 1794 1061 com-

211 1124 489 1195 plicemus,
530 1118 897 1188 eligamusque
921 1112 1095 1182 aliqua
1141 1122 1211 1163 ex
1266 1105 1349 1160 his
1402 1117 1520 1173 qua:
1573 1097 1796 1170 mystice

212 1193 344 1268 dicta
376 1209 584 1265 suntin
612 1206 811 1262 sanctis
857 1203 1046 1267 Libris,
1096 1208 1150 1255 et
1192 1195 1421 1252 maxime
1452 1193 1504 1247 in
1532 1193 1642 1262 ipsa
1676 1204 1800 1244 nar-

214 1302 441 1365 ratione,
464 1314 587 1370 qua:
606 1293 895 1367 aperiendo
941 1300 994 1347 et
1049 1287 1337 1345 revelaudo
1385 1290 1570 1340 noster
1622 1295 1799 1336 sermo

214 1392 508 1447 dulcescat.
536 1386 691 1454 Quod
718 1387 762 1439 si
795 1383 948 1439 nimis
976 1379 1156 1436 tardus
1193 1386 1295 1443 est,
1346 1385 1400 1431 et
1438 1373 1505 1428 ab
1530 1372 1674 1427 omni
1708 1370 1798 1424 tali

227 1480 493 1537 suavitate
544 1474 809 1532 absurdus
846 1480 899 1528 et
944 1484 1182 1534 aversus,
1214 1462 1630 1523 misericorditer
1652 1457 1801 1515 suffe-

218 1571 413 1628 rendus
437 1578 545 1635 est,
576 1565 917 1634 breviterque
937 1560 1176 1617 decursis
1207 1556 1439 1623 caeteris,
1471 1569 1532 1610 ea
1554 1569 1671 1623 qua:
1693 1564 1806 1605 ma-

220 1664 358 1718 xime
387 1658 695 1714 necessaria
727 1665 872 1722 sunt,
901 1653 965 1708 de
991 1652 1195 1708 unitate
1215 1648 1503 1704 Catholicae
1528 1646 1568 1712 ⁸,
1588 1644 1655 1699 de
1694 1653 1807 1698 ten-

224 1755 534 1819 tationibus,
565 1753 633 1808 de
661 1750 950 1805 christiana
977 1743 1382 1802 conversatione
1417 1746 1635 1811 preptcr
1663 1736 1802 1803 futu-

222 1845 611 1915 rumjudicium
636 1839 947 1896 terribiliter
985 1833 1295 1890 inculcanda
1340 1838 1464 1885 sunt
1492 1871 1507 1897 ,
1536 1827 1809 1897 magisque

223 1954 319 2011 pro
350 1938 442 1992 illo
471 1932 543 1991 ad
568 1935 760 2001 Deum,
792 1945 950 2002 quam
976 1929 1050 1984 illi
1079 1929 1144 1983 de
1172 1926 1280 1982 Deo
1314 1924 1482 1980 multa
1510 1920 1756 1978 dicenda.

295 2030 382 2085 i9.
408 2027 565 2098 Saepe
584 2025 746 2082 etiam
769 2021 828 2077 fit
848 2031 905 2076 ut
928 2020 1017 2093 qui
1044 2019 1215 2089 primo
1251 2016 1484 2071 libenter
1539 2011 1823 2079 audiebat,

228 2122 307 2177 vel
321 2117 588 2176 audiendo
610 2116 695 2172 vel
720 2112 909 2170 stando
928 2111 1194 2181 fatigatus,
1210 2108 1439 2176 nonjam
1460 2103 1701 2169 laudans,
1717 2098 1811 2155 sed

228 2212 465 2269 oscitans
482 2208 619 2264 labia
645 2206 882 2271 diducat,
910 2212 964 2259 et
989 2218 1048 2258 se
1073 2200 1221 2255 abire
1247 2198 1383 2254 velle
1424 2197 1584 2252 etiam
1616 2193 1813 2248 invitus

229 2302 499 2361 ostendat.
526 2299 675 2368 Quod
702 2297 790 2352 ubi
817 2294 1167 2358 senserimus,
1196 2301 1285 2345 aut
1314 2301 1574 2344 renovare
1602 2290 1814 2356 oportet

231 2395 347 2466 ejus
371 2394 630 2455 animum,
655 2387 886 2445 dicendo
911 2383 1106 2455 aliquid
1129 2383 1350 2437 honesta
1392 2379 1658 2433 hilaritate
1684 2389 1815 2430 con-

232 2487 399 2542 ditum
420 2492 476 2539 et
493 2491 676 2553 aptum
703 2480 779 2537 rei
810 2493 928 2549 qua:
955 2476 1143 2547 agitur,
1176 2473 1262 2529 vel
1300 2469 1503 2541 aliquid
1543 2468 1694 2523 valde
1728 2466 1819 2521 mi-

234 2574 459 2633 randum
485 2581 542 2628 et
566 2570 923 2641 stupendum,
978 2567 1061 2623 vel
1108 2566 1267 2621 etiam
1306 2561 1598 2618 dolendum
1659 2567 1818 2641 atque

240 2664 627 2738 phngendum;
659 2640 715 2718 et
733 2660 903 2730 magis
928 2659 994 2714 de
1015 2658 1130 2728 ipso
1150 2698 1164 2722 ,
1193 2664 1252 2711 ut
1279 2655 1491 2725 propria
1526 2668 1653 2708 cura
1681 2640 1818 2723 pun—

242 2769 350 2814 etus
374 2756 615 2827 evigilet;
645 2752 787 2824 quod
815 2759 993 2806 tamen
1019 2764 1128 2805 non
1150 2745 1385 2803 offendat
1413 2747 1529 2814 ejus
1572 2756 1823 2799 verecun-

242 2852 377 2907 diam
400 2849 696 2919 asperitate
725 2846 922 2916 aliqua,
960 2841 1055 2899 sed
1085 2842 1263 2912 potius
1286 2836 1647 2893 familiaritate
1694 2850 1823 2890 conc

243 2946 380 3001 eiiiet
410 2961 427 3009 ;
453 2952 548 2998 aut
592 2940 770 2997 oblata
817 2937 1056 2994 sessione
1079 2936 1103 2969 ’
1125 2947 1479 2997 succurrere;
1523 2941 1822 2999 quanquam

246 3038 357 3097 sine
371 3032 715 3091 (hibitatione
740 3029 933 3087 melius
959 3027 1069 3092 ﬂat,
1089 3025 1177 3080 ubi
1208 3022 1462 3079 decenter
1488 3020 1600 3075 ﬁeri
1624 3024 1822 3087 potest,

248 3138 343 3188 uta
363 3127 632 3199 principio
660 3124 854 3181 sedens
883 3121 1083 3187 audiat;
1126 3118 1392 3190 longeque
1435 3114 1728 3171 consultius
1772 3112 1825 3166 in

250 3220 566 3292 quibusdam
592 3216 851 3273 Ecclesiis
881 3211 1249 3269 transmarinis
1278 3224 1384 3265 non
1416 3208 1586 3263 solum
1617 3205 1827 3260 antisti-

252 3311 599 3368 tessedentes
625 3309 917 3376 loquuntur
944 3302 1010 3359 ad
1036 3301 1317 3373 pupulum,
1366 3298 1460 3354 sed
1516 3297 1615 3367 ipsi
1668 3292 1830 3351 etiam

251 3404 444 3475 populo
473 3398 665 3456 sedilia
694 3397 996 3466 subiacent,
1018 3409 1086 3449 nc
1105 3393 1384 3463 quisquam
1411 3387 1671 3443 inﬁrmior
1684 3392 1830 3446 stan-

254 3493 575 3549 dolassatus
604 3504 633 3543 a
661 3486 1011 3544 saluberrima
1059 3482 1358 3538 intentione
1397 3486 1692 3544 avertatur,
1743 3483 1832 3531 aut

254 3585 411 3640 etiam
433 3588 659 3653 cogatur
674 3577 979 3635 abscedere.
1009 3575 1079 3631 Et
1107 3582 1283 3629 tamen
1314 3572 1537 3627 multum
1589 3569 1829 3634 interest,

257 3675 301 3730 si
322 3689 381 3729 se
403 3674 691 3744 quisquam
738 3669 806 3724 de
834 3681 1023 3739 magna
1059 3662 1393 3720 multitudine
1444 3659 1721 3717 subtrahat
1766 3657 1835 3714 ad

263 3762 593 3838 reparandas
621 3763 793 3827 vires,
816 3759 907 3830 qui
932 3757 1041 3829 jam
1096 3761 1546 3812 sacramentorum
1582 3749 1836 3807 societate

258 3858 536 3913 devinctus
550 3861 665 3919 est;
684 3860 737 3908 et
759 3851 803 3905 si
825 3851 916 3906 ille
939 3847 1177 3903 discedat
1200 3843 1363 3920 (quod
1404 3844 1714 3914 plerumque
1754 3841 1836 3895 in-

258 3947 581 4007 evitabiliter
608 3953 847 4016 urgetur,
884 3957 951 3998 ne
977 3941 1231 3997 interiore
1250 3939 1459 3995 defectu
1482 3938 1650 3993 victus
1674 3937 1834 3991 etiam

255 4039 427 4112 cadat)
460 4039 552 4109 qui
578 4037 764 4109 primis
792 4034 1142 4090 sacramentis
1168 4029 1490 4088 imbuendus
1517 4036 1633 4085 est:
1668 4036 1720 4084 et
1741 4043 1837 4100 pu-

256 4130 383 4187 dare
403 4131 550 4185 enim
581 4142 688 4184 non
707 4126 837 4182 dicit
857 4140 952 4181 cur
984 4133 1090 4192 eat,
1110 4133 1163 4180 et
1186 4121 1547 4178 imbecillitate
1568 4127 1709 4176 stare
1733 4134 1840 4175 non

505 4222 775 4291 Expertus
797 4221 912 4274 haec
941 4218 1096 4274 dico:
1126 4231 1247 4272 nam
1277 4214 1400 4272 fecit
1438 4213 1544 4269 hoc
1583 4213 1793 4284 quidam
1821 4255 1835 4279 ,

257 4329 377 4379 eam
395 4328 521 4370 eum
544 4310 955 4375 catechizarem,
985 4308 1146 4363 homo
1162 4307 1464 4362 rusticanus
1491 4347 1505 4373 ,
1547 4303 1688 4361 unde
1740 4319 1843 4359 ma-

258 4423 497 4479 gnopere
536 4404 943 4477 pracavendum
997 4416 1117 4457 esse
1142 4401 1321 4456 didici.
1354 4399 1483 4468 Quis
1523 4398 1663 4454 enim
1711 4395 1844 4452 ferat

260 4499 619 4569 arrogantiam
644 4506 883 4552 nostram
904 4535 919 4563 ,
975 4508 1096 4549 cum
1138 4493 1283 4546 viros
1302 4492 1322 4523 ⁸
1354 4490 1547 4545 fratres
1594 4496 1805 4544 nostros
1827 4530 1841 4556 ,

261 4591 345 4659 vei
371 4591 537 4646 etiam
556 4587 701 4659 quod
726 4584 931 4655 majore
946 4582 1304 4639 sollicitudine
1330 4580 1624 4637 curandum
1656 4588 1758 4648 est,
1788 4586 1848 4635 ut

262 4684 369 4741 sint
394 4682 593 4737 fratres
618 4680 806 4747 nostri,
843 4693 1022 4734 coram
1044 4676 1200 4733 nobis
1224 4676 1414 4731 sedere
1438 4689 1546 4730 non
1578 4673 1801 4729 facimus
1828 4688 1844 4739 ;

263 4777 509 4846 etipsum
529 4773 813 4828 Dominum
855 4777 1132 4836 nostrum,
1168 4769 1253 4824 cui
1300 4768 1557 4823 assistunt
1613 4765 1800 4835 Angeli
1828 4805 1846 4832 ,

264 4866 457 4925 sedens
484 4859 1130 4932 mulieraudiebat(Luc.
1177 4875 1253 4926 x,
1299 4857 1426 4928 39)?
1474 4856 1615 4911 Sane
1667 4856 1713 4911 si
1759 4862 1851 4911 aut

265 4959 443 5017 benis
464 4971 646 5015 sermo
666 4954 876 5012 futurus
908 4962 1012 5020 est,
1035 4960 1125 5008 aut
1146 4949 1421 5007 consessui
1452 4948 1602 5004 locus
1624 4962 1731 5002 non
1769 4954 1852 5003 est

268 5064 439 5124 aptus,
466 5058 674 5110 stantes
692 5049 943 5114 audiant;
984 5047 1079 5103 sed
1128 5060 1250 5102 cum
1303 5043 1457 5100 multi
1507 5041 1767 5109 audiunt,
1798 5049 1854 5099 et

268 5158 374 5201 non
398 5153 527 5200 tunc
550 5141 794 5198 initiandi
818 5140 863 5196 δ.
881 5138 1014 5195 Nam
1055 5152 1177 5195 cum
1223 5152 1361 5193 unus
1391 5178 1406 5201 ,
1448 5144 1539 5191 aut
1585 5135 1691 5191 duo
1716 5178 1730 5203 ,
1762 5142 1853 5192 aut

270 5236 445 5306 pauci,
476 5234 570 5307 qui
586 5242 876 5305 propterea
901 5237 1165 5289 venerunt
1193 5236 1254 5285 ut
1266 5228 1544 5287 christiani
1592 5228 1741 5295 ﬂant,
1768 5242 1855 5299 pe-

271 5326 511 5395 riculosa
529 5325 798 5396 loquimur
823 5323 1106 5380 stantibus.
1135 5320 1336 5376 Tamen
1379 5319 1424 5375 si
1448 5320 1557 5390 jam
1596 5320 1675 5377 sic
1697 5320 1853 5391 coepio

272 5433 415 5485 mne,
443 5417 640 5474 saltem
668 5414 1041 5473 animadverso
1085 5412 1343 5469 auditoris
1393 5411 1586 5481 taedio,
1636 5422 1689 5468 et
1731 5411 1856 5470 oﬂ'e-

272 5509 439 5569 nenda
451 5510 627 5575 sessio
639 5517 744 5577 est,
767 5510 876 5565 imo
894 5521 1022 5564 vero
1038 5518 1256 5577 prorsus
1275 5504 1544 5576 urgendus
1568 5512 1624 5559 ut
1646 5504 1851 5574 sedeat,

336 5647 353 5677 ¹
392 5653 525 5707 Lov.,
569 5641 832 5707 Catholica
866 5638 1001 5707 ﬁdei.
1022 5642 1138 5707 Editi
1161 5655 1282 5707 vero
1298 5639 1393 5707 alii
1418 5649 1468 5695 et
1488 5642 1712 5707 plerique
1747 5649 1853 5697 Mss.

271 5718 369 5777 ιεηει
627 5704 1457 5777 Μέυτδίιυίξαὲικὲιιίέίτίᾴθδεέἓθ
1493 5704 1731 5777 sae-sa

334 5768 358 5801 ³
395 5768 524 5831 Apud
544 5766 655 5819 Lov'.
677 5766 1099 5827 adtlitur,siudeat.
1118 5766 1210 5817 Sed
1654 5773 1855 5832 oportet.

336 5831 361 5865 ⁸
395 5830 611 5880 Nonnulli
633 5838 765 5889 uss,
787 5838 938 5878 veros.
1120 5888 1125 5889 ί

335 5897 357 5929 δ
393 5893 495 5953 Sola
512 5894 660 5946 editio
680 5900 817 5953 Low,
838 5894 1093 5955 pomata,
1115 5888 1279 5954 habet,
1305 5894 1430 5942 sunt.

1625 426 1828 487 LIBER
1863 416 1955 493 ΗΝ
1963 418 2061 484 US.

3372 422 3483 485 838

1899 554 1952 601 et
1976 543 2256 615 dicendum
2280 542 2479 629 aliquid
2504 558 2612 616 quo
2635 546 2941 619 renovetur,
2968 556 3077 617 qua
3099 545 3263 617 etiam
3288 559 3418 607 cura
3447 588 3469 619 ,
3556 538 3559 545 ’

1899 637 1941 693 si
1969 654 2070 708 qua
2101 637 2233 693 forte
2256 639 2465 694 irruens
2492 654 2614 693 eum
2636 652 2861 701 avocare
2890 648 3128 708 coeperat
3149 680 3165 705 ,
3198 637 3361 710 fugiat
3408 657 3481 700 ex

1899 730 2097 785 animo.
2130 729 2259 785 Cum
2290 731 2432 787 enim
2461 746 2635 786 causa:
2656 730 2869 795 incertae
2892 729 2999 789 sint
3035 743 3131 785 cur
3151 729 3261 801 jam
3288 730 3485 787 tacitus

1900 835 2113 881 recuset
2134 825 2339 892 audire,
2370 826 2478 895 jam
2505 824 2710 880 sedenti
2743 823 2940 893 aliquid
2964 818 3487 891 adversusinciden-

1906 925 1986 972 tes
2010 917 2357 987 cogitationes
2382 915 2721 971 saecularium
2760 915 3097 987 negotiorum
3137 914 3363 980 dicatur,
3392 923 3489 971 aut

1904 1008 2077 1073 hilari,
2103 1019 2159 1063 ut
2188 1009 2317 1073 dixi,
2346 1017 2434 1067 aut
2465 1009 2601 1063 tristi
2628 1007 2788 1073 modo
2828 1026 2841 1064 :
2873 1008 2995 1065 utsi
3048 1009 3179 1079 ipsa:
3215 1018 3339 1065 sunt
3365 1025 3487 1080 quas

1904 1112 2136 1159 mentem
2168 1111 2582 1174 occupaverunt,
2614 1102 2807 1159 cedant
2847 1102 2995 1173 quasi
3038 1103 3351 1167 nominatim
3393 1117 3487 1158 ac-

1907 1203 2139 1261 cusatm;
2172 1196 2215 1248 si
2235 1203 2412 1253 autem
2440 1195 2567 1264 ipsa:
2598 1208 2703 1249 non
2732 1203 2893 1261 sunt,
2916 1202 2971 1251 et
2998 1194 3266 1250 audiendo
3297 1194 3488 1265 fatiga-

1912 1296 2002 1343 tus
2031 1296 2131 1353 est,
2162 1302 2282 1355 cum
2306 1286 2373 1343 de
2402 1287 2504 1343 illis
2536 1295 2784 1363 tanquam
2816 1288 2944 1361 ipsa:
2972 1288 3079 1353 sint
3124 1288 3488 1360 (quandoqui-

1912 1379 2033 1434 dem
2064 1376 2414 1450 ignoramus),
2442 1379 2769 1455 inopinatttin
2790 1379 2995 1451 aliquid
3024 1388 3081 1449 et
3117 1380 3487 1455 extraordinae

1910 1472 2072 1538 rium,
2099 1487 2165 1529 eo
2189 1471 2347 1529 modo
2372 1487 2476 1543 quo
2506 1471 2636 1549 dixi,
2669 1452 2956 1547 loquimur.
2974 1488 3005 1526 a
3027 1472 3183 1545 tmdio
3205 1452 3497 1537 renonum

1912 1562 2156 1647 intentio.
2178 1562 2282 1627 Sed
2310 1573 2364 1629 et
2384 1563 2546 1619 breve
2571 1564 2662 1631 sit,
2691 1565 2923 1635 maxime
2937 1565 3059 1635 quia
3080 1574 3231 1627 extra
3247 1566 3495 1627 ordinem

1913 1657 2187 1724 inseritur,
2225 1672 2292 1713 ne
2332 1656 2577 1723 morbum
2618 1656 2811 1729 fastidii
2840 1658 2927 1715 cui
2954 1658 3501 1725 subvenirevolumns

1913 1751 2071 1806 etiam
2094 1760 2283 1829 augeat
2299 1751 2410 1820 ipsa
2428 1751 2711 1807 medicina:
2725 1752 3495 1823 etacceiemdawntcatera,

1916 1852 1971 1899 et
2010 1842 2395 1915 promittendus
2434 1854 2595 1919 atque
2628 1842 2961 1911 exhibendas
2984 1842 3103 1907 linis
3130 1844 3500 1915 propinquier.

1989 1933 2212 2007 CAPUT
2248 1931 2389 1991 XIV.
2421 1963 2491 1975 —-
2516 1933 2607 2005 20.
2651 1932 2952 2001 Remedium
2991 1933 3231 1999 adan
3272 1936 3505 2006 quintam

1916 2041 2121 2079 causam
2161 2025 2319 2079 twdii.
2368 2026 2666 2081 Remedium
2702 2035 2877 2093 contra
2896 2035 3088 2087 sextam
3109 2043 3313 2089 causam
3341 2027 3501 2084 twdt'i.

1918 2116 2050 2181 Item
2071 2118 2307 2173 adversus
2337 2134 2543 2173 causam
2569 2128 2784 2173 sextam.
2814 2117 2873 2175 Si
2897 2127 3075 2185 autem
3099 2118 3359 2193 confregit
3382 2119 3505 2179 ani.

1919 2224 2065 2263 mum
2100 2219 2244 2262 tuum
2288 2209 2502 2264 alterius
2536 2208 2792 2283 actionis,
2823 2209 2908 2275 cui
2936 2216 3185 2277 tauquam
3214 2209 3384 2281 magis
3410 2224 3507 2265 nep

1921 2300 2167 2357 cesserim
2190 2302 2300 2369 jam
2330 2314 2625 2369 suspensus
2662 2313 2813 2363 cras.
2855 2299 3092 2365 emissio,
3142 2308 3199 2357 et
3224 2309 3509 2371 propterea

1922 2392 2090 2447 tristis
2127 2391 2414 2445 insuaviter
2439 2390 2769 2456 catcchizas;
2797 2392 3031 2461 cogitare
3065 2390 3257 2459 debes,
3286 2401 3511 2463 excepto

1923 2488 2067 2565 quod
2087 2488 2282 2545 scimus
2305 2486 2721 2555 misericorditer
2747 2486 2903 2547 nobis
2922 2487 3188 2557 agendum
3215 2502 3335 2544 esse
3358 2487 3511 2559 quid-

1924 2581 2048 2655 quid
2076 2596 2195 2639 cum
2242 2580 2547 2649 hominibus
2573 2579 2811 2651 agimus,
2851 2589 2908 2641 et
2949 2595 3017 2637 ex
3054 2578 3233 2637 oﬂicio
3257 2581 3509 2637 sinceris-

1925 2673 2075 2737 sima:
2117 2672 2423 2739 cbaritatis;
2474 2672 2579 2729 hoc
2618 2688 2747 2744 ergo
2782 2681 3038 2743 excepto,
3084 2674 3343 2729 incertum
3388 2690 3511 2732 esse

1927 2762 2052 2849 quid
2084 2763 2263 2819 utilius
2299 2777 2554 2835 agamus,
2593 2771 2648 2818 et
2674 2762 2801 2833 quid
2831 2764 3183 2834 opportunius
3215 2772 3307 2821 aut
3344 2766 3512 2821 inter-

1927 2856 2223 2921 mittamus,
2252 2863 2344 2911 aut
2384 2855 2603 2910 omnino
2628 2854 2955 2927 omiuﬂmtts.
2988 2855 3122 2923 Quia
3151 2855 3293 2919 enim
3324 2858 3516 2912 merita

1930 2942 2205 3009 hominum
2233 2961 2329 3016 pro
2351 2947 2543 3019 quibus
2566 2946 2793 3017 agimus,
2824 2948 3005 3017 qualia
3029 2948 3142 3005 sint
3174 2949 3315 3019 apud
3345 2948 3517 3006 Deum

1932 3054 2042 3109 non
2068 3040 2347 3106 novimus,
2376 3039 2503 3115 quid
2526 3040 2605 3096 eis
2628 3038 2697 3095 ad
2737 3048 2951 3110 tempus
2984 3041 3233 3111 expediat
3255 3049 3346 3097 aut
3373 3042 3519 3100 unua

1933 3140 2025 3187 aut
2045 3130 2356 3195 tenuissima
2376 3139 2467 3187 aut
2492 3131 2849 3193 incertissima
2861 3132 3167 3200 conjectura
3188 3133 3520 3202 suspicamur

1933 3224 2111 3307 potius
2141 3264 2159 3290 ,
2182 3237 2343 3297 quant
2366 3220 2890 3291 comprehendimus.
2928 3221 3267 3292 Quapropter
3293 3238 3381 3279 res
3403 3224 3523 3294 quis

1935 3314 2059 3375 dem
2101 3313 2335 3395 agendas
2376 3327 2475 3385 pro
2505 3320 2691 3377 nostro
2727 3320 2888 3391 captu
2930 3314 3179 3369 ordinare
3219 3315 3517 3372 debemus:

1937 3419 2071 3477 quas
2095 3418 2161 3459 co
2184 3403 2344 3459 modo
2362 3416 2469 3473 quo
2489 3401 2792 3468 statuimus,
2823 3403 2869 3459 si
2896 3417 3149 3473 peragere
3169 3406 3520 3473 potuerimus,

1936 3512 2043 3553 non
2074 3494 2194 3551 ideo
2222 3492 2546 3564 gaudeamus
2574 3492 2696 3562 quia
2724 3493 2898 3557 nobis,
2926 3492 3021 3549 sed
3047 3494 3167 3564 quia
3196 3495 3309 3550 Deo
3333 3496 3412 3550 sic
3431 3510 3525 3551 eas

1938 3586 2022 3658 agi
2051 3586 2246 3656 placuit
2271 3604 2283 3640 :
2311 3586 2356 3647 si
2382 3592 2563 3657 autem
2583 3584 2758 3654 aliqua
2795 3583 3048 3645 inciderit
3072 3586 3361 3647 necessitas
3378 3629 3393 3656 ,
3420 3603 3523 3658 qua

1939 3687 2123 3753 noster
2149 3679 2238 3735 ille
2263 3678 2396 3749 ordo
2422 3678 2698 3747 nubatur;
2735 3677 3013 3739 flectantu-
3042 3678 3227 3745 iacile,
3271 3694 3339 3737 ne
3380 3676 3525 3737 fraus

1938 3787 2125 3845 geniur
2143 3788 2157 3836 ;
2178 3781 2235 3827 ut
2262 3786 2421 3843 quem
2441 3769 2877 3839 uenenostrow)
2891 3771 3195 3840 praposuit,
3216 3771 3331 3841 ipse
3344 3773 3413 3827 sit
3429 3786 3526 3828 no-

1952 3872 2082 3935 ster.
2109 3862 2338 3932 Equius
2356 3870 2440 3919 est
2635 3868 2695 3917 ut
2723 3876 2822 3917 nos
2842 3860 2986 3931 ejus,
3019 3876 3177 3932 quam
3208 3871 3268 3917 ut
3310 3864 3397 3918 ille
3424 3880 3525 3918 tto-

1942 3962 2111 4021 stram
2136 3954 2463 4025 voluntatem
2492 3961 2764 4022 sequatur.
2794 3951 2927 4027 Quia
2954 3959 3011 4008 et
3032 3952 3167 4007 ordo
3199 3954 3525 4023 agendarum

1942 4062 2146 4129 rerum,
2177 4062 2335 4117 quem
2366 4053 2548 4111 nostri).
2569 4044 2793 4107 arbitrio
2814 4052 2997 4101 tenere
3019 4045 3285 4110 volumus,
3310 4046 3401 4100 ille
3425 4047 3529 4100 uti-

1945 4156 2052 4225 que
2093 4139 2471 4212 approbandtts
2505 4146 2622 4203 est,
2668 4137 2759 4195 ubi
2806 4136 3013 4207 potiora
3055 4137 3379 4207 praecedunt.
3424 4139 3532 4195 Cur

1946 4247 2076 4307 ergo
2105 4246 2205 4305 nos
2243 4231 2487 4297 dolemus
2514 4229 2763 4293 homines
2788 4243 2819 4283 a
2866 4228 3091 4285 Domino
3121 4230 3232 4285 Deo
3261 4238 3409 4285 tanto
3432 4244 3533 4301 po-

1949 4323 2085 4385 tiore
2117 4322 2369 4393 przccedi,
2399 4332 2455 4377 ut
2483 4335 2549 4391 eo
2577 4321 2694 4391 ipso
2718 4335 2825 4390 quo
2844 4330 3085 4377 nostrum
3119 4335 3361 4379 matus
3383 4322 3532 4378 ordi-

1949 4430 2090 4480 nem,
2110 4414 2393 4471 inordinati
2420 4428 2539 4471 esse
2553 4411 2861 4483 cupiamus?
2888 4410 3061 4468 Nemo
3082 4413 3225 4468 enim
3241 4413 3432 4473 melius
3445 4429 3537 4470 or-

1950 4504 2095 4579 dinat
2121 4504 2248 4575 quid
2277 4511 2417 4577 agat,
2447 4503 2547 4565 nisi
2569 4502 2659 4572 qui
2688 4501 2921 4571 paratior
2948 4511 3031 4558 est
3057 4518 3165 4558 non
3203 4518 3362 4573 agere
3388 4504 3532 4575 quod

1951 4595 2131 4652 divina
2181 4603 2442 4666 potestate
2485 4593 2828 4664 prohibetur,
2881 4609 3039 4664 quam
3088 4595 3332 4666 cupidior
3373 4611 3539 4667 agere

1952 4686 2097 4761 quod
2131 4686 2359 4755 humana
2386 4684 2708 4756 cogitatione
2734 4683 3037 4743 meditatur.
3067 4685 3207 4753 Quia
3234 4687 3406 4741 υωιιω
3444 4703 3533 4741 co-

1952 4778 2219 4861 gitationes
2254 4784 2370 4839 sunt
2410 4777 2465 4831 in
2491 4774 2643 4831 corde
2685 4774 2815 4841 viri,
2846 4776 3117 4837 consilium
3139 4786 3307 4839 mm
3332 4775 3538 4837 Domini

1954 4879 2121 4935 manet
2150 4870 2202 4923 in
2225 4877 2465 4925 internum
2490 4867 2672 4941 (Prov.
2696 4881 2810 4931 ιιι,
2838 4864 2954 4938 2i).

2027 4958 2117 5015 2i.
2149 4957 2208 5016 Si
2232 4973 2355 5014 vero
2384 4974 2451 5013 ex
2475 4956 2651 5031 aliquo
2676 4956 2927 5023 scandan
2955 4956 3290 5028 perturbatus
3325 4955 3536 5011 animus

1955 5067 2064 5137 non
2091 5052 2233 5107 valet
2265 5050 2427 5107 edere
2474 5064 2721 5117 serenum
2762 5048 3160 5120 iucunditqu
3203 5061 3536 5114 sermonem,

1959 5153 2161 5200 tantam
2202 5157 2323 5200 esse
2359 5141 2670 5201 charitatem
2719 5149 2934 5213 oportet
2978 5142 3033 5201 in
3074 5153 3169 5197 eos
3211 5154 3308 5209 pro
3350 5137 3545 5207 quibus

1956 5234 2199 5292 Christus
2228 5240 2469 5307 mortuus
2494 5242 2575 5297 est
2591 5276 2604 5299 ,
2628 5233 2813 5303 volens
2962 5230 3134 5301 pretio
3157 5230 3431 5307 sanguinis
3457 5232 3541 5288 sui

1957 5327 2025 5383 ab
2047 5340 2287 5382 errorum
2305 5325 2638 5380 saecularium
2659 5332 2828 5379 morte
2848 5322 3143 5384 redimere;
3168 5330 3225 5374 ut
3245 5298 3346 5376 hoc
3367 5320 3542 5391 ipsum

1960 5419 2102 5501 quod
2128 5417 2282 5474 nobis
2308 5416 2552 5483 tristibus
2593 5414 2891 5481 nuntiatur,
2924 5418 3121 5481 praete
3157 5426 3279 5467 esse
3310 5413 3543 5484 aliquem

1959 5513 2050 5585 qui
2071 5512 2341 5568 desideret
2368 5511 2481 5565 fleri
2504 5509 2846 5572 christianus,
2870 5503 2935 5561 ad
2956 5505 3376 5585 consolationem
3405 5507 3547 5579 illius

1960 5576 2458 5679 resolutionemque
2494 5599 2722 5655 tristitia:
2748 5598 2924 5659 valere
2949 5596 3176 5667 debeat,
3208 5578 3345 5655 sicut
3371 5576 3549 5655 solent

1960 5696 2231 5755 lucrorum
2285 5672 2473 5763 gaudia
2530 5690 2767 5746 dolorem
2822 5691 2989 5747 lenire
3037 5690 3375 5749 damnorum.
3426 5672 3545 5747 Non

1961 5789 2102 5846 enim
2145 5783 2451 5840 scandalum
2497 5796 2595 5839 nos
2620 5781 2901 5847 contristat
2942 5782 3198 5854 alicujus,
3242 5782 3346 5840 nisi
3382 5760 3544 5853 quem

2026 5889 2100 5954 (a)
2117 5884 2522 5948 Subaudiendum,
2536 5882 2716 5949 ordini.
