4046 6332
469 458 581 525 327

466 579 649 652 perire
686 584 777 633 aut
805 588 901 646 per
940 581 1098 644 quem
1137 570 1316 642 perire
1356 569 1627 626 inﬁrmum
1666 569 1747 624 vel
1786 566 2053 623 credimus

467 671 553 728 vel
579 670 838 725 videmus.
870 666 963 722 llle
1004 666 1163 735 igitur
1189 664 1279 733 qui
1314 662 1603 718 initiandus
1631 659 1881 724 advenit,
1927 657 2054 712 dum

470 771 716 832 speratur
747 773 904 829 posse
931 748 1218 837 proficere,
1248 754 1489 809 dolorem
1514 754 1809 809 deﬁcientis
1851 751 2060 806 abster-

469 860 579 924 gat.
605 852 739 918 Quia
765 859 817 903 et
842 849 886 903 si
910 849 1067 902 timor
1090 847 1180 901 ille
1204 847 1522 916 suggeritur,
1556 860 1622 900 ne
1649 846 1738 899 fiat
1761 843 2060 914 proselytus

383 992 388 998 .
470 942 613 999 ﬁlius
655 940 913 1011 gehennae
952 938 1166 1008 (Matth.
1204 953 1366 1003 χχιιι,
1402 934 1523 1007 15),
1569 936 1693 991 dum
1743 934 1894 989 multi
1932 933 2062 987 tales

471 1041 755 1090 versantur
783 1041 907 1085 ante
933 1030 1118 1085 oculos
1138 1070 1153 1096 ,
1197 1044 1262 1084 ex
1292 1029 1483 1098 quibus
1509 1028 1751 1081 oriuntur
1780 1040 1843 1080 ca
1869 1024 2061 1095 quibus

472 1126 678 1181 uritnur
713 1122 963 1178 scandala
984 1162 999 1186 ,
1032 1137 1139 1175 non
1175 1121 1242 1175 ad
1274 1120 1623 1175 retardandos
1655 1134 1751 1174 nos
1790 1118 2062 1189 pertinere

471 1216 661 1280 debet,
706 1214 799 1269 sed
830 1213 999 1283 magis
1026 1212 1093 1267 ad
1119 1212 1431 1267 excitandos
1459 1221 1512 1267 et
1538 1211 1806 1267 acuendos
1831 1227 1845 1265 :
1878 1220 2065 1280 quate-

473 1323 574 1363 nus
609 1322 767 1377 quem
795 1304 1081 1361 imbuimus
1107 1320 1454 1371 moneamus,
1499 1315 1556 1359 ut
1594 1314 1779 1361 caveat
1807 1305 2063 1360 imitatio.

472 1414 596 1455 nem
631 1413 818 1455 eorum
858 1398 949 1466 qui
978 1411 1083 1452 non
1129 1397 1242 1468 ipsa
1268 1397 1525 1464 veritate,
1565 1397 1662 1453 sed
1692 1398 1807 1452 solo
1846 1398 2063 1452 nomine

474 1488 750 1545 christiani
799 1495 953 1555 sunt;
1004 1502 1103 1543 nec
1152 1502 1339 1543 eorum
1388 1488 1541 1542 turba
1587 1496 1918 1555 commotus,
1973 1495 2066 1541 aut

477 1581 673 1636 sectari
704 1579 832 1634 velit
857 1594 985 1645 eos,
1017 1587 1109 1633 aut
1144 1577 1419 1633 Christum
1451 1580 1581 1633 nolit
1612 1580 1803 1634 sectari
1848 1586 2066 1649 propter

479 1687 610 1740 eos;
655 1681 709 1728 et
743 1680 833 1727 aut
862 1671 996 1726 nolit
1024 1684 1142 1725 esse
1172 1672 1223 1724 in
1270 1672 1506 1726 Ecclesia
1539 1672 1631 1726 Dei
1660 1672 1748 1725 ubi
1791 1672 1864 1725 illi
1905 1678 2063 1738 sunt,

482 1773 577 1822 aut
607 1765 726 1820 talis
750 1764 822 1819 ibi
849 1764 975 1819 velit
993 1778 1114 1818 esse
1138 1763 1323 1833 quales
1354 1764 1426 1816 illi
1454 1773 1595 1818 sunt.
1628 1764 1695 1818 Et
1724 1763 1905 1818 nescio
1929 1777 2066 1833 quo-

480 1858 642 1915 modo
682 1858 735 1912 in
793 1856 1096 1927 hujusmodi
1138 1856 1353 1911 monitis
1378 1858 1394 1888 ¹
1423 1856 1696 1911 ardentior
1735 1871 1914 1910 sermo
1946 1864 2065 1924 est,

482 1949 571 2004 cui
603 1947 843 2003 fomitem
875 1946 1246 2002 subministrat
1277 1961 1512 2016 praesens
1542 1946 1732 2001 dolor:
1765 1955 1822 2001 ut
1847 1960 1952 2001 non
1982 1961 2071 2000 so-

480 2042 594 2097 lum
621 2040 883 2111 pigriores
909 2055 1014 2093 non
1038 2042 1229 2106 simus,
1259 2040 1351 2094 sed
1383 2054 1449 2094 eo
1476 2040 1593 2109 ipso
1612 2040 1853 2095 dicamus
1878 2034 2075 2094 accen¥

484 2135 596 2190 sius
623 2142 783 2202 atque
811 2132 1181 2188 vehementius
1202 2172 1216 2198 ,
1245 2132 1388 2201 quod
1414 2133 1714 2187 securiores
1754 2131 1994 2201 frigidius
2020 2138 2075 2186 et

491 2223 692 2278 lentius
730 2222 1061 2287 diceremus;
1094 2222 1524 2292 gaudeamusquc
1558 2223 1713 2277 nobis
1737 2223 2074 2277 occasionem

486 2313 636 2379 dari,
668 2312 757 2367 ubi
796 2320 975 2368 motus
997 2312 1159 2365 animi
1191 2313 1359 2366 nostri
1388 2313 1505 2367 sine
1533 2310 1937 2368 fructiﬁcatione
1968 2326 2074 2365 non

483 2412 744 2461 transeat.

556 2495 649 2550 2%.
681 2494 737 2551 Si
767 2504 944 2551 autem
989 2495 1056 2551 de
1085 2496 1264 2565 aliquo
1300 2504 1480 2550 errato
1520 2504 1704 2549 nostro
1731 2496 1812 2550 vel
1856 2504 2077 2565 peccato

491 2602 592 2644 nos
633 2587 945 2643 mmstitudo
973 2586 1412 2657 comprehendit,
1450 2603 1556 2643 non
1589 2598 1789 2642 tantum
1819 2578 2079 2643 memineé

489 2680 659 2734 rimus
689 2678 1010 2733 sacriﬁcium
1048 2679 1160 2733 Deo
1205 2679 1450 2747 spiritum
1496 2694 1618 2735 esse
1658 2680 2079 2735 contribulatum

491 2770 664 2841 (Psal.
687 2788 737 2836 L,
770 2771 878 2842 19),
916 2770 1011 2826 sed
1038 2772 1199 2826 etiam
1227 2770 1377 2838 illud,
1410 2771 1540 2837 Quia
1569 2774 1699 2825 sicut
1724 2788 1856 2842 aqua
1884 2772 2075 2842 ignem,

492 2863 566 2917 sic
591 2863 906 2933 eleemosyna
932 2863 1203 2934 exstinguit
1229 2872 1489 2933 peccatum
1521 2860 1706 2934 (Eccli.
1741 2878 1818 2929 ιιι,
1850 2863 1971 2932 55);
2003 2871 2079 2930 et,

497 2952 634 3019 Quia
658 2952 1058 3008 misericordiam
1078 2994 1094 3019 ,
1126 2953 1333 3022 inquit,
1376 2954 1489 3007 volo
1532 2969 1683 3023 quam
1724 2954 2031 3022 sacriﬁcium
2060 2955 2082 2985 ²

496 3044 653 3115 (Osee
672 3059 746 3110 vt,
775 3043 853 3117 6).
881 3043 1028 3101 Sicut
1049 3061 1176 3115 ergo
1197 3046 1242 3100 si
1268 3046 1694 3114 periclitaremur
1718 3046 1987 3114 incendio,
2015 3047 2083 3103 ad

497 3148 691 3205 aquam
715 3135 897 3205 utique
925 3148 1265 3190 curreremus
1287 3178 1302 3202 ,
1352 3150 1458 3205 quo
1490 3146 1667 3204 posset
1697 3138 1962 3207 exStingui
1984 3179 1998 3205 ,
2032 3145 2087 3193 et

496 3225 890 3295 gratularemur
913 3225 960 3280 si
984 3225 1105 3295 quis
1143 3240 1263 3280 eam
1287 3224 1358 3280 de
1386 3226 1629 3294 proximo
1658 3227 1909 3293 oﬁ'crret;
1942 3228 2014 3283 ita
2040 3230 2085 3283 si

498 3316 569 3372 de
607 3325 793 3372 nostro
837 3316 960 3371 feno
988 3317 1164 3387 aliqua
1211 3318 1415 3387 peccati
1463 3317 1675 3373 flamma
1711 3322 2004 3389 surrexit’,
2033 3330 2089 3378 et

499 3415 782 3475 propterea
809 3407 1207 3472 conturbamur,
1240 3407 1364 3462 data
1389 3410 1674 3465 occasione
1694 3411 2087 3468 misericordis-

499 3497 621 3553 simi
651 3499 851 3569 operis,
882 3509 1128 3568 tanquam
1161 3498 1228 3554 de
1253 3499 1434 3554 oblato
1463 3501 1607 3557 fonte
1633 3504 1963 3573 gaudeamus
1984 3545 1999 3571 ,
2031 3514 2088 3560 ut

499 3586 626 3645 inde
650 3588 781 3644 illud
807 3588 953 3659 quod
990 3599 1264 3645 exarserat
1293 3591 1645 3660 Opprimatur.
1674 3593 1787 3649 Nisi
1813 3594 1952 3651 forte
1979 3604 2087 3650 tam

499 3680 653 3734 stulti
690 3693 903 3746 sumus,
949 3688 1007 3734 ut
1030 3679 1261 3735 alacrius
1289 3681 1613 3737 arbitremur
1650 3698 1771 3738 cum
1800 3701 1937 3755 pane
1962 3702 2087 3741 cur-

511 3768 771 3835 rendum,
812 3783 918 3838 quo
940 3778 1181 3825 ventrem
1203 3770 1489 3826 esurientis
1530 3774 1879 3843 impleamus,
1929 3792 2089 3846 quam

504 3875 628 3916 cum
652 3861 817 3916 verbo
851 3860 979 3927 Dei,
1004 3876 1109 3931 quo
1151 3870 1385 3918 mentem
1412 3863 1554 3919 istud
1579 3864 1785 3921 edentis
1814 3866 1836 3899 "
1858 3868 2092 3924 instrua-

504 3966 645 4007 mus.
704 3950 823 4007 Hue
857 3951 1065 4006 accedit
1093 3994 1109 4020 ,
1150 3952 1273 4023 quia
1312 3954 1358 4009 si
1403 3958 1769 4013 tantummodo
1814 3959 2091 4029 prodesset

507 4043 613 4099 hoc
640 4041 837 4109 facere,
860 4057 964 4097 non
986 4042 1161 4100 facere
1176 4054 1353 4101 autem
1379 4046 1509 4101 nihil
1531 4048 1779 4117 obesset;
1812 4050 2091 4107 infeliciter

508 4134 567 4191 in
605 4134 843 4206 periculo
868 4135 1075 4203 salutis,
1123 4152 1229 4190 non
1262 4136 1371 4206 jam
1414 4138 1673 4207 proximi,
1719 4141 1815 4196 sed
1854 4151 2087 4212 nostrae,

507 4227 748 4284 oblatum
789 4227 1087 4284 remedium
1117 4243 1512 4299 sperneremus.
1558 4231 1692 4287 Cum
1728 4249 1856 4289 vero
1896 4251 1963 4291 ex
1998 4252 2093 4293 ore

507 4319 719 4376 Domini
747 4328 855 4376 tam
880 4321 1159 4377 minaciter
1205 4332 1359 4378 sonet
1377 4364 1392 4388 ,
1439 4325 1592 4379 Serve
1618 4344 1830 4397 nequam
1856 4339 1903 4382 et
1928 4331 2089 4402 piger,

508 4412 655 4466 dares
688 4413 952 4482 pecuniam
984 4428 1145 4467 meam
1182 4415 1534 4469 uummulariis
1571 4415 1782 4490 (Matth.
1825 4437 1955 4486 xxv,
2000 4422 2090 4488 26,

507 4503 632 4573 27,);
663 4520 782 4574 quae
810 4504 1027 4560 tandem
1069 4504 1335 4560 dementia
1377 4516 1495 4572 cst,
1527 4508 1777 4577 quoniam
1817 4520 2094 4581 peccatum

510 4603 756 4652 nostrum
795 4611 895 4652 nos
922 4597 1101 4667 angit,
1145 4597 1266 4653 ideo
1293 4611 1482 4654 rursus
1509 4600 1651 4655 velle
1685 4617 1939 4671 peccare,
1987 4619 2094 4659 non

509 4678 1010 4755 dando‘pecuniam
1028 4687 1364 4743 dominicam
1394 4689 1595 4744 volenti
1641 4700 1695 4745 et
1734 4693 1967 4761 petenti?
2002 4693 2096 4748 His

508 4785 671 4849 atque
697 4775 1000 4848 hujusmodi
1041 4781 1450 4850 cogitationibus
1492 4791 1544 4837 et
1578 4784 2094 4841 consideratiouibus

508 4867 731 4941 depulsa
755 4870 983 4942 caligine
1008 4872 1307 4939 tzediorum,
1338 4873 1405 4928 ad
1425 4876 1860 4931 catecbizandum
1884 4886 2097 4947 aptatur

509 4960 757 5030 intentio,
803 4970 860 5015 ut
895 4963 1127 5018 suaviter
1156 4963 1460 5032 imbibatur,
1493 4967 1635 5036 quod
1680 4968 1903 5039 impigre
1936 4978 2096 5038 atque

517 5051 761 5109 hilariter
786 5053 855 5110 de
881 5055 1157 5111 charitatis
1181 5057 1425 5113 ubertate
1452 5061 1766 5131 prorumpit.
1799 5062 1926 5117 Haec
1952 5064 2095 5119 enim

512 5158 621 5201 non
642 5154 752 5200 tam
777 5161 876 5218 ego
902 5145 1025 5213 tibi,
1054 5164 1212 5219 quam
1236 5151 1483 5206 omnibus
1509 5152 1661 5208 nobis
1688 5152 1814 5208 dicit
1831 5153 1851 5185 ⁵
1880 5154 1992 5224 ipsa
2017 5155 2096 5210 di-

513 5233 702 5305 lectio,
757 5253 876 5308 qua:
914 5238 1106 5295 diffusa
1129 5250 1212 5296 est
1240 5240 1293 5296 in
1336 5241 1589 5298 cordibus
1618 5245 1815 5299 nostris
1840 5259 1934 5315 per
1975 5246 2095 5317 Spi-

575 5415 778 5491 fnditi,
801 5424 930 5491 "rota
951 5433 1137 5491 :_quain
1153 5436 1323 5475 vocem
1340 5431 1643 5491 praetereunt
1661 5432 1790 5491 Mss;
1815 5429 1982 5491 plures
2016 5433 2099 5484 alii

511 5480 948 5556 99E9§,ei“5,1009
978 5480 1161 5556 habent
1179 5521 1194 5545 ,
1224 5480 1445 5556 monitis.
1472 5486 1613 5556 Paulo
1645 5480 1789 5556 post;
1816 5480 1891 5541 'ex
1910 5480 2095 5556 verba,

509 5538 872 5623 543119399,
896 5546 1016 5623 sive
1042 5548 1113 5623 uti
1143 5538 1285 5623 serilii
1326 5547 1456 5623 solet
1497 5551 1546 5598 in
1589 5538 1810 5623 antiquis;
1832 5538 2094 5623 amabas;

508 5604 871 5676 διιῃιιμζιὶρεναι,
896 5604 1071 5676 factum
1091 5618 1197 5661 erat
1222 5611 1269 5659 iu
1295 5612 1438 5676 editis
1457 5646 1471 5676 ε
1490 5625 1631 5661 suum
1651 5604 1907 5665 ministrat.

572 5665 744 5740 {_Editi
756 5700 773 5727 ,
790 5665 892 5740 uolo
911 5669 1064 5739 magis
1087 5684 1233 5732 quant
1594 5681 1650 5724 Αι
1669 5682 1799 5740 uss,
1817 5685 2097 5731 constanter

507 5732 829 5793 praetereunt,
855 5732 1023 5794 magis.
1384 5732 1393 5737 '

574 5789 597 5864 ξ
628 5790 1021 5864 fugit.
1048 5799 1165 5842 Ven.
1186 5796 1622 5864 Iov.,surrea_:erit.
1688 5806 1745 5850 Μ.

572 5850 596 5883 ὀ
628 5850 704 5913 sic
734 5859 841 5900 Mss.
864 5850 983 5902 Editi
1006 5867 1144 5913 vero,
1168 5850 1373 5908 mentem
1392 5859 1644 5913 studentis.

571 5913 596 5951 ⁸
628 5911 749 5965 ωιιὶ
771 5914 879 5966 fere
900 5914 1007 5980 soli,
1025 5911 1191 5967 dictat.
1465 5930 1473 5939 ‘

1336 454 1426 513 DE
1463 447 2014 513 CATECHIZANDIS
2052 443 2367 521 RUDIBUS,
2407 454 2467 510 S.
2505 450 2877 513 AUGUSTINI

3542 522 3545 523 ν
3645 450 3753 516 328

2165 565 2326 623 ritum
2352 578 2595 624 sanctum
2620 570 2711 640 qui
2741 571 2895 627 datus
2920 579 3003 626 est
3027 569 3182 626 nobis
3209 568 3386 641 (Rom.
3410 586 3465 638 v,
3493 571 3571 642 5).

2234 657 2458 716 CAPUT
2482 661 2597 717 XV.
2621 662 2795 719 —23.
2826 663 2934 718 Pro
2960 681 3289 734 personarum
3317 665 3601 721 diversitate
3622 676 3749 721 tem-

2165 753 2387 821 peranda
2417 756 2597 808 oratio.
2626 754 2730 811 Sed
2761 771 2902 811 nunc
2931 756 3089 811 etiam
3118 756 3247 811 illud
3276 756 3416 826 quod
3444 758 3754 828 priusquam

2165 845 2530 911 promitterem
2561 862 2666 901 non
2697 847 2979 916 debebam,
2997 849 3111 919 jam
3149 847 3378 905 fortasse
3397 850 3635 906 debitum
3658 851 3759 906 ﬂa-

2165 934 2320 1003 gitas,
2354 944 2412 990 ut
2432 936 2645 1007 aliquod
2668 940 2929 995 sermonis
2950 940 3277 1010 exemplum,
3307 949 3556 1012 tanquam
3582 944 3626 996 si
3654 958 3759 1013 ego

2166 1025 2397 1095 aliquem
2430 1028 2779 1097 catechizem,
2813 1045 2920 1085 non
2950 1046 3035 1085 me
3067 1032 3241 1101 pigeat
3268 1033 3556 1101 explicare,
3584 1042 3639 1088 et
3668 1035 3758 1087 in-

2169 1117 2420 1172 tuendum
2446 1120 2537 1176 tibi
2560 1136 2876 1192 proponere.
2902 1121 3053 1188 Quod
3081 1123 3386 1193 priusquam
3405 1122 3615 1190 faciam,
3636 1125 3762 1178 volo

2170 1211 2371 1279 cogites
2400 1211 2559 1265 aliam
2596 1229 2715 1269 esse
2740 1215 3090 1271 intentionem
3123 1215 3406 1283 dictantis,
3437 1231 3559 1271 cum
3587 1216 3763 1273 lector

2172 1297 2379 1357 futurus
2408 1303 2697 1373 cogitatur;
2738 1312 2791 1358 et
2832 1305 2989 1358 aliam
3019 1305 3320 1375 loquentis,
3356 1321 3477 1360 cum
3517 1322 3763 1376 praesens

2171 1396 2383 1451 auditor
2400 1395 2697 1451 attenditur
2720 1414 2735 1450 :
2762 1396 2887 1450 etin
2910 1411 2975 1451 eo
2999 1396 3115 1464 ipso
3136 1396 3294 1450 aliam
3325 1398 3381 1451 in
3407 1407 3616 1454 secreto
3641 1412 3764 1453 mo-
3846 1428 3851 1431 ι

2173 1487 2371 1553 uentis,
2400 1468 2527 1540 dum
2554 1486 2730 1540 nullus
2759 1484 2896 1541 alius
2938 1486 3026 1556 qui
3053 1486 3120 1541 de
3146 1487 3301 1541 nobis
3322 1486 3525 1557 judicet
3558 1498 3763 1558 praesto

2173 1588 2284 1645 est;
2318 1579 2476 1633 aliam
2523 1579 2696 1648 palam
2738 1578 2979 1634 docentis
3021 1579 3247 1649 aliquid,
3279 1595 3399 1634 cum
3427 1580 3764 1637 dissimiliter

2174 1671 2502 1739 opinantium
2554 1670 2863 1724 circumstat
2910 1669 3123 1724 auditus
3160 1688 3172 1723 :
3219 1677 3276 1724 et
3320 1670 3372 1724 in
3422 1670 3525 1726 hoc
3557 1687 3763 1742 genere

2174 1762 2363 1827 aliam,
2391 1777 2513 1817 cum
2539 1760 2763 1816 docetur
2790 1777 2947 1827 unus,
2988 1761 3166 1816 cmteri
3193 1770 3367 1816 autem
3395 1770 3642 1831 tanquam
3671 1762 3765 1831 ju-

2174 1854 2412 1909 dicantes
2454 1861 2544 1907 aut
2569 1861 2882 1907 attestantes
2906 1867 3025 1921 quae
3053 1851 3153 1906 sibi
3194 1861 3315 1906 nota
3343 1860 3468 1906 sunt
3507 1852 3762 1918 audiunt;

2177 1948 2334 2002 aliam
2361 1961 2481 2000 cum
2515 1959 2702 2000 omnes
2731 1944 3088 1999 communiter
3121 1945 3246 2014 quid
3288 1944 3356 1998 ad
3396 1959 3488 2000 eos
3524 1942 3770 2014 prefera-

2178 2054 2297 2093 mus
2341 2045 2687 2107 exspectant:
2722 2043 2777 2091 et
2817 2050 3000 2091 rursus
3030 2035 3083 2091 in
3125 2035 3225 2091 hoc
3252 2036 3368 2106 ipso
3410 2037 3567 2091 aliam
3591 2079 3608 2105 ,
3640 2054 3769 2095 cum

2178 2129 2329 2200 quasi
2359 2129 2603 2199 privatim
2632 2128 2980 2195 consedetur,
3014 2139 3071 2183 ut
3099 2130 3475 2185 sermocinatio
3505 2146 3768 2187 consera-

2182 2228 2296 2285 tur;
2329 2221 2484 2274 aliam
2505 2262 2518 2283 ,
2551 2235 2670 2274 cum
2698 2220 2925 2289 populus
2955 2230 3136 2275 tacens
3164 2236 3326 2275 unum
3364 2221 3431 2275 de
3458 2221 3576 2276 loco
3606 2238 3772 2292 supe-

2181 2312 2323 2366 riore
2365 2310 2629 2365 dicturum
2673 2326 2963 2382 suspensus
3002 2313 3273 2367 intuetur:
3307 2314 3636 2385 multumque
3682 2315 3771 2369 in-

2183 2413 2381 2472 terest,
2412 2413 2467 2459 et
2499 2420 2624 2459 cum
2668 2405 2739 2459 ita
2790 2404 3049 2472 dicimus,
3083 2413 3259 2460 utrum
3300 2407 3454 2475 pauci
3493 2408 3669 2463 adsint
3697 2423 3775 2464 an

2182 2496 2370 2561 multi;
2402 2495 2546 2550 docti
2572 2511 2638 2549 an
2668 2496 2890 2562 indocti,
2922 2512 2989 2551 an
3015 2511 3080 2550 ex
3101 2507 3327 2567 utroque
3352 2514 3550 2568 genere
3575 2500 3770 2567 mixti;

2185 2587 2373 2643 urbani
2396 2602 2465 2643 an
2494 2586 2712 2654 rustici,
2755 2603 2823 2641 an
2858 2586 2909 2641 hi
2937 2597 2991 2642 et
3019 2588 3093 2644 illi
3121 2588 3310 2655 simul;
3355 2607 3421 2644 an
3451 2592 3673 2661 populus
3702 2607 3775 2648 ex

2184 2682 2330 2738 omni
2357 2682 2629 2737 hominum
2651 2697 2848 2751 genere
2872 2690 3197 2752 temperatus
3216 2684 3304 2738 sit.
3328 2682 3471 2739 Fieri
3492 2687 3635 2741 enim
3659 2702 3775 2743 non

2186 2784 2382 2847 potest,
2415 2774 2517 2830 nisi
2544 2775 2700 2829 aliter
2734 2784 2893 2845 atque
2926 2775 3080 2831 aliter
3104 2775 3337 2831 afﬁciant
3360 2778 3661 2835 locuturum
3689 2791 3777 2836 at-

2186 2884 2291 2938 que
2317 2867 2581 2922 dicturum
2601 2909 2614 2932 ,
2646 2875 2700 2922 et
2729 2875 2787 2921 ut
2814 2883 2992 2923 sermo
3020 2868 3114 2939 qui
3155 2869 3444 2938 profertur,
3470 2868 3780 2929 affectionis

2187 2958 2349 3011 animi
2377 2973 2406 3011 a
2434 2973 2539 3028 quo
2566 2957 2855 3026 profertur,
2882 2958 3165 3028 quemdam
3192 2960 3344 3029 quasi
3368 2961 3567 3017 vultum
3592 2972 3777 3032 gerat,

2188 3058 2244 3105 et
2285 3065 2382 3119 pro
2411 3048 2598 3104 eadem
2634 3048 2944 3104 diversitate
2992 3050 3203 3105 diverse
3242 3050 3434 3106 afficiat
3463 3054 3778 3123 auditores,

2189 3156 2309 3198 cum
2353 3149 2409 3197 et
2453 3141 2551 3210 ipsi
2592 3155 2651 3196 se
2700 3141 2845 3210 ipsos
2874 3140 3087 3195 diverse
3111 3141 3344 3197 afﬁciant
3373 3143 3599 3198 invicem
3627 3160 3780 3214 prae-

2191 3231 2361 3288 sentia
2389 3245 2505 3285 sua.
2536 3230 2641 3285 Sed
2667 3231 2791 3300 quia
2818 3229 2886 3286 de
2913 3230 3135 3285 rudibus
3162 3232 3460 3288 imbuendis
3489 3249 3631 3288 nunc
3656 3236 3781 3305 agi-

2191 3340 2341 3390 mus,
2371 3323 2439 3378 de
2483 3338 2570 3377 me
2597 3322 2713 3392 ipso
2744 3322 2835 3376 tibi
2879 3322 3029 3377 testis
3071 3338 3222 3390 sum,
3252 3325 3407 3379 aliter
3434 3332 3593 3395 atque
3617 3326 3783 3383 aliter

2192 3432 2279 3472 me
2305 3414 2530 3483 moveri,
2556 3429 2676 3470 cum
2704 3422 2828 3470 ante
2854 3431 2941 3470 me
2964 3415 3400 3471 catechizandum
3421 3418 3576 3474 video
3596 3419 3785 3474 erudi-

2195 3520 2336 3577 tum,
2365 3510 2623 3574 inertem,
2652 3508 2822 3564 civem
2842 3550 2858 3577 ,
2887 3510 3260 3579 peregrinum,
3291 3510 3508 3566 divitem
3529 3553 3542 3577 ,
3576 3527 3787 3583 paupe-

2192 3618 2332 3671 rem,
2356 3600 2644 3671 privatum,
2668 3600 3008 3665 honoratum,
3033 3602 3087 3655 in
3110 3611 3373 3672 potestate
3387 3603 3559 3673 aliqua
3581 3605 3788 3661 curasti-

2197 3702 2401 3759 tutum,
2446 3691 2587 3747 illius
2625 3700 2717 3745 aut
2760 3691 2901 3745 illius
2939 3692 3115 3761 gentis
3145 3691 3446 3759 hominem,
3500 3693 3643 3749 illius
3684 3704 3787 3751 aut

2196 3788 2338 3843 illius
2366 3786 2543 3841 aetatis
2566 3794 2659 3840 aut
2683 3800 2843 3841 sexus
2863 3828 2878 3852 ,
2910 3801 2977 3840 ex
3008 3786 3094 3840 illa
3122 3794 3215 3841 aut
3257 3787 3343 3841 illa
3374 3796 3551 3855 secta,
3578 3803 3646 3843 ex
3683 3789 3786 3845 illo

2196 3888 2287 3935 aut
2312 3880 2404 3935 illo
2433 3879 2635 3949 vulgari
2672 3893 2858 3934 errore
2883 3880 3183 3934 venientem
3211 3897 3224 3933 :
3254 3895 3319 3935 ac
3343 3896 3441 3951 pro
3468 3881 3790 3940 diversitate

2198 3979 2373 4024 motus
2406 3969 2511 4024 mei
2550 3983 2727 4023 sermo
2772 3968 2883 4038 ipse
2926 3977 2978 4024 et
3012 3969 3279 4039 procedit,
3323 3980 3377 4025 et
3407 3970 3787 4043 progreditur,

2196 4069 2253 4117 et
2273 4061 2474 4115 linitur.
2497 4060 2564 4114 Et
2584 4060 2705 4130 quia
2731 4075 2852 4115 cum
2883 4060 3070 4115 eadem
3097 4061 3346 4117 omnibus
3370 4063 3629 4119 debeatur
3651 4063 3791 4121 cha-

2198 4152 2357 4217 ritas,
2387 4166 2493 4206 non
2525 4151 2712 4206 eadem
2743 4160 2827 4205 est
2854 4152 3101 4208 omnibus
3134 4152 3434 4210 adhibenda
3474 4155 3743 4212 medicina
3763 4171 3785 4212 τ

2198 4244 2308 4314 ipsa
2339 4244 2467 4299 item
2492 4243 2724 4298 cbaritas
2742 4244 2876 4299 alios
2896 4245 3140 4314 parturit,
3165 4262 3286 4300 cum
3308 4248 3424 4301 aliis
3450 4247 3786 4317 inﬁrmatur;

2199 4336 2332 4390 alios
2360 4343 2513 4390 curat
2540 4335 2833 4400 aediﬁcare,
2880 4336 3015 4391 alios
3061 4338 3425 4392 coutremiscit
3471 4339 3788 4407 offendere;

2200 4427 2266 4483 ad
2292 4428 2425 4482 alios
2466 4443 2526 4483 se
2554 4429 2804 4494 inclinat,
2841 4428 2909 4483 ad
2938 4429 3071 4484 alios
3099 4445 3157 4485 se
3187 4430 3372 4500 erigit;
3404 4431 3520 4487 aliis
3548 4432 3747 4488 blanda
3769 4475 3789 4502 ,

2199 4519 2318 4574 aliis
2346 4533 2568 4584 severa,
2615 4519 2745 4573 nulli
2789 4519 3002 4574 inimica
3026 4562 3041 4587 ,
3088 4522 3336 4576 erunibus
3360 4530 3567 4578 mater.
3600 4523 3666 4578 Et
3688 4526 3791 4594 qui

2202 4626 2311 4666 non
2352 4621 2606 4683 expertus
2634 4621 2719 4667 est
2750 4614 2937 4669 eadem
2980 4614 3241 4670 charitate
3282 4616 3423 4686 quod
3458 4617 3611 4682 dico,
3657 4633 3793 4675 cum

2200 4704 2345 4759 videt
2373 4718 2499 4767 nos,
2529 4704 2652 4775 quia
2695 4705 2915 4760 facultas
2938 4706 3115 4776 aliqua
3140 4707 3295 4762 nobis
3318 4707 3517 4763 donata
3555 4709 3798 4768 delectat

2202 4796 2537 4853 laudabiliter
2561 4799 2899 4855 innotescere
2927 4799 2979 4854 in
3010 4814 3104 4855 ore
3125 4801 3503 4868 multitudinis,
3533 4803 3655 4858 inde
3685 4819 3801 4860 nos

2203 4888 2387 4946 beatos
2431 4898 2618 4959 putat:
2651 4890 2793 4945 Deus
2815 4900 3025 4956 autem,
3060 4892 3111 4946 in
3141 4892 3292 4961 cujus
3317 4903 3659 4962 conspectum
3703 4894 3799 4949 in-

2205 4990 2310 5036 trat
2346 4985 2579 5050 gemitus
2620 4981 3043 5052 compcditorum
3085 4981 3260 5053 (Psal.
3292 5000 3526 5050 Lxxvm,
3566 4986 3678 5055 ii),
3707 4987 3801 5040 vi-

2203 5069 2326 5125 deat
2354 5069 2702 5127 humilitatem
2729 5081 2967 5129 nostmut
2995 5084 3048 5129 et
3077 5072 3311 5129 laborem
3338 5084 3597 5142 nostrum,
3625 5084 3678 5130 et
3708 5076 3803 5131 di-

2204 5162 2378 5217 mittat
2408 5163 2585 5217 omnia
2616 5174 2832 5233 pcccata
2857 5174 3037 5220 nostra
3069 5165 3241 5238 (Psal.
3275 5184 3425 5235 ntv,
3460 5169 3570 5239 18).
3597 5170 3807 5235 Quam;

2205 5252 2394 5308 obrem
2443 5253 2487 5307 si
2539 5253 2665 5324 quid
2712 5255 2802 5309 tibi
2854 5256 2907 5309 in
2959 5255 3112 5312 nobis
3163 5257 3394 5327 placuit,
3447 5268 3505 5314 ut
3553 5260 3799 5330 aliquam

2204 5343 2633 5399 observationem
2662 5347 2928 5402 sermonis
2959 5348 3032 5403 tui
3058 5362 3089 5401 ει
3114 5348 3269 5404 nobis
3288 5349 3474 5405 audire
3493 5365 3797 5421 quaereres,

2204 5435 2395 5490 melius
2424 5434 2653 5491 videndo
2695 5446 2750 5492 et
2792 5437 3059 5493 audiendo
3099 5454 3197 5495 nos
3239 5455 3360 5496 cum
3400 5441 3515 5498 haec
3539 5442 3753 5513 agimus
3778 5485 3800 5510 ,

2204 5544 2361 5599 quam
2388 5528 2610 5599 legendo
2644 5545 2764 5585 cum
2792 5532 2907 5587 haec
2935 5532 3218 5599 dictamus.
3252 5534 3538 5592 edisceres.

2275 5644 2501 5701 CAPUT
2544 5645 2684 5702 XVI.
2705 5647 2884 5703 -24.
2916 5646 3165 5704 Formula
3212 5653 3454 5706 orationis
3481 5652 3798 5709 calce/time.

2205 5736 2491 5792 Exordium
2542 5739 2750 5793 ductum
2798 5757 2831 5794 a
2877 5740 3120 5795 laudabili
3166 5744 3425 5814 proposito
3453 5745 3804 5814 suscipiende

2208 5830 2497 5884 christiana:
2520 5830 2799 5901 religionis,
2827 5842 3035 5903 propter
3053 5834 3282 5902 futuram
3301 5836 3540 5905 requiem.
3572 5835 3805 5907 Requies

2205 5923 2261 5981 in
2289 5921 2433 5980 rebus
2459 5922 2689 5999 inquietis
2715 5940 2817 5980 non
2837 5924 3130 6001 quwrenda.
3160 5923 3285 5985 Non
3311 5927 3365 5985 in
3383 5928 3593 6005 divitiis,
3623 5945 3711 5987 nec
3733 5928 3803 5994 in
