4046 6332
225 304 322 363 59.9

226 414 508 473 honoribus.
538 412 786 483 Requiem
826 419 1102 479 qttterentes
1138 408 1190 462 in
1217 406 1587 462 oblectamentis
1636 408 1805 461 carnis

226 521 271 565 et
290 527 339 563 ut
362 505 691 577 spectaculis.
721 503 828 559 Sed
849 510 1026 557 tamen
1055 500 1312 555 faciamus
1332 499 1563 569 aliquem
1594 498 1809 553 venisse

225 601 285 656 ad
311 614 425 665 nos,
458 598 684 668 quivult
716 611 837 651 esse
864 594 1208 659 christianos,
1252 600 1306 646 et
1340 590 1408 646 de
1450 602 1651 661 genere
1692 588 1810 658 qni-

224 694 340 750 dem
372 691 691 756 idiotarum,
724 705 829 744 non
859 697 1035 742 tamen
1060 685 1472 745 rusticanorum,
1514 680 1609 736 Sed
1650 679 1811 735 urba-

223 797 429 849 norum,
462 782 652 853 quales
695 780 836 851 apud
866 777 1242 848 Carthaginem
1286 775 1463 845 plures
1499 772 1730 843 experiri
1756 780 1807 827 te

224 888 443 936 messe
470 886 584 932 est:
611 876 995 945 interrogatum
1020 871 1182 925 etiam
1220 876 1395 923 utrum
1433 873 1649 936 propter
1686 863 1809 917 vitae

224 969 502 1043 praesentis
530 965 747 1037 aliquod
775 959 1138 1026 commodum,
1190 974 1256 1013 an
1304 966 1524 1029 propter
1570 954 1808 1025 requiem

222 1077 338 1134 ipse
361 1069 483 1131 post
512 1058 657 1113 hanc
681 1057 845 1112 vitam
887 1057 1154 1124 speratur,
1186 1050 1510 1105 christianns
1548 1062 1669 1103 esse
1711 1045 1810 1100 de-

227 1155 446 1218 siderat,
498 1157 718 1223 prbpter
750 1148 979 1202 futuram
1026 1144 1264 1213 requiem
1310 1139 1689 1210 reslmntlisse:
1719 1136 1810 1191 tali

227 1247 447 1302 fortasse
485 1259 517 1299 a
562 1241 719 1297 nobis
742 1240 1099 1294 instrueretur
1135 1234 1390 1304 alloquio.
1428 1229 1543 1287 Deo
1584 1228 1804 1300 gratias,

227 1338 383 1394 frater
414 1354 428 1390 :
462 1333 621 1389 valde
647 1332 743 1387 tibi
770 1330 1027 1401 gratulor,
1054 1336 1108 1382 et
1128 1325 1334 1396 gaudeo
1365 1322 1432 1378 de
1463 1322 1533 1387 te,
1578 1317 1722 1391 quod
1755 1318 1807 1371 in

227 1428 381 1484 tantis
405 1442 469 1481 ac
495 1433 605 1479 tam
636 1420 957 1493 periculosis
978 1417 1138 1488 hujus
1176 1415 1357 1473 saeculi
1401 1409 1808 1482 tempestatibus

226 1519 295 1576 de
319 1519 492 1588 aliqua
524 1530 647 1571 vera
679 1523 736 1569 et
754 1521 897 1568 certa
924 1509 1214 1565 securitate
1242 1504 1505 1577 cogitasti.
1529 1502 1660 1557 Nam
1679 1509 1733 1556 et
1755 1500 1808 1555 in

231 1612 328 1667 hac
342 1611 447 1665 vita
478 1607 726 1663 homines
751 1604 958 1675 magnis
983 1601 1258 1657 laboribus
1285 1597 1527 1668 requiem
1562 1600 1811 1665 quaerunt

229 1710 284 1758 et
309 1700 671 1762 securitatem,
715 1695 811 1751 sed
846 1693 1021 1765 pravis
1074 1688 1454 1762 cupiditatibus
1499 1701 1606 1741 non
1656 1685 1807 1738 inve-

231 1794 394 1848 nium.
420 1791 623 1847 Volunt
645 1787 791 1843 enim
824 1784 1160 1855 requiescere
1199 1781 1254 1835 in
1280 1780 1439 1835 rebus
1477 1775 1731 1848 inquietis
1758 1781 1812 1828 et

228 1899 333 1939 non
378 1878 813 1955 permanentibus
843 1895 857 1931 :
885 1885 941 1930 et
989 1874 1111 1944 quia
1163 1872 1267 1926 illa:
1316 1879 1557 1939 tempore
1599 1866 1814 1924 subtra-

232 1976 426 2031 hunlur
442 1984 498 2029 et
525 1977 823 2036 transeunt,
849 1965 1128 2023 timoribus
1153 1973 1209 2020 et
1238 1962 1515 2018 doloribus
1559 1970 1655 2015 eos
1696 1956 1812 2028 agi-

232 2076 363 2131 tant,
401 2080 503 2120 nec
528 2065 740 2134 quietos
764 2074 885 2117 esse
926 2055 1258 2128 permittunt.
1288 2052 1418 2109 Sive
1459 2048 1603 2105 enim
1634 2050 1687 2103 in
1728 2047 1814 2102 di-

232 2158 377 2211 vitiis
452 2154 577 2210 velit
634 2153 798 2207 homo
862 2148 1234 2218 requiescere,
1309 2141 1479 2213 magis
1551 2138 1815 2209 superbus

234 2248 483 2312 efficitur,
513 2259 670 2316 quam
700 2255 940 2297 securus.
970 2242 1161 2294 Annon
1188 2235 1432 2291 videmus
1456 2247 1614 2304 quam
1661 2228 1813 2285 multi

237 2355 325 2395 eas
376 2338 556 2391 subito
604 2331 957 2405 perdiderint,
1025 2328 1174 2384 multi
1221 2326 1383 2383 etiam
1437 2331 1654 2394 propter
1696 2319 1816 2375 illas

238 2430 515 2503 perierint,
550 2436 644 2483 aut
664 2438 788 2482 cum
818 2437 910 2480 eas
941 2422 1138 2478 habere
1178 2419 1422 2491 cupiunt,
1468 2425 1559 2471 aut
1587 2428 1707 2469 cum
1737 2411 1816 2467 eis

237 2522 501 2595 oppressis
526 2536 558 2574 a
585 2516 949 2589 cupidioribus
986 2514 1295 2570 auferuntur
1317 2510 1370 2565 '2
1397 2508 1527 2577 Quae
1566 2506 1610 2561 si
1652 2504 1814 2561 etiam

240 2631 328 2686 per
350 2622 517 2669 totam
549 2611 712 2665 vitam
742 2622 864 2663 cum
911 2606 1125 2661 homine
1162 2607 1561 2675 permanerent,
1608 2605 1664 2652 et
1707 2611 1813 2650 non

242 2709 551 2763 desererent
574 2702 884 2758 dilectorem
905 2712 1080 2764 suum,
1111 2697 1226 2767 ipse
1248 2694 1366 2749 illas
1392 2705 1488 2747 sua
1533 2699 1705 2745 morte
1729 2686 1820 2744 de-

242 2808 461 2855 sereret.
491 2796 702 2865 Quanta
723 2801 807 2849 est
828 2791 971 2847 enim
1001 2790 1106 2845 vita
1134 2787 1386 2852 hominis,
1413 2782 1625 2840 etiamsi
1658 2795 1818 2837 sene-

238 2890 382 2946 scat?
411 2890 521 2944 Aut
548 2902 672 2942 cum
702 2884 801 2940 sibi
828 2880 1072 2938 homines
1096 2886 1284 2950 optant
1311 2882 1661 2949 senectutem,
1690 2869 1818 2944 quid

238 2981 371 3037 aliud
391 2987 581 3050 optant
611 2976 712 3032 nisi
758 2976 970 3045 longam
1010 2967 1410 3026 infirmitatch
1432 2967 1521 3022 Sic
1558 2973 1615 3020 et
1642 2963 1819 3019 hono-

240 3089 322 3130 res
342 3073 504 3143 hujus
528 3069 733 3134 saculi,
754 3066 884 3138 quid
909 3072 1035 3120 sunt
1064 3062 1165 3118 nisi
1195 3060 1411 3132 typhus,
1437 3066 1492 3113 et
1522 3055 1750 3111 inanitas
1767 3054 1814 3121 ',

240 3175 292 3221 et
310 3165 475 3220 ruinae
498 3157 836 3234 periculum?
857 3156 991 3224 Quia
1019 3154 1099 3210 sic
1135 3152 1410 3223 Scriptura
1434 3156 1619 3204 sancta
1641 3144 1771 3202 dicit
1802 3161 1818 3201 :

244 3261 415 3315 Omnis
433 3275 555 3313 caro
583 3257 776 3327 fenum,
806 3261 856 3307 et
882 3250 1089 3306 claritas
1119 3245 1338 3301 hominis
1360 3251 1415 3297 ut
1442 3243 1539 3313 ﬂos
1570 3240 1692 3313 feni.
1717 3237 1822 3292 Fe-

242 3369 355 3408 num
383 3352 542 3416 erait,
591 3351 689 3419 ﬂos
713 3344 936 3410 decidit;
966 3341 1169 3398 verbum
1208 3345 1377 3391 autem
1403 3333 1609 3389 Domini
1654 3335 1822 3383 manet

241 3447 290 3499 iu
310 3455 555 3500 «sternam
585 3439 720 3511 (lsai
740 3453 827 3501 ιι..
860 3434 1007 3507 6-8).
1039 3431 1163 3487 Ideo
1186 3429 1278 3500 qui
1301 3441 1483 3482 veram
1506 3422 1748 3493 requiem
1766 3425 1823 3474 et

244 3554 417 3593 veram
443 3534 755 3591 felicitatem
783 3526 1072 3593 desiderat,
1095 3524 1257 3579 debet
1288 3519 1477 3575 tollere
1500 3530 1651 3586 spem
1666 3526 1820 3569 suam

242 3632 303 3685 de
331 3629 490 3686 rebus
515 3622 830 3683 mortalibus
855 3629 909 3675 et
954 3612 1420 3689 praetereuntibus,
1451 3615 1506 3664 et
1542 3622 1662 3663 eam
1708 3603 1823 3660 col-

244 3721 411 3776 locare
441 3719 498 3773 in
528 3716 695 3771 verbo
722 3709 964 3774 Domini;
991 3716 1053 3763 ut
1072 3707 1285 3761 haerens
1309 3705 1360 3757 ei
1385 3698 1528 3772 quod
1556 3704 1731 3754 manet
1763 3694 1820 3750 in

243 3822 517 3876 stet-num,
545 3809 708 3865 etiam
736 3805 853 3875 ipse
876 3816 998 3857 cum
1026 3799 1117 3855 illo
1142 3802 1356 3851 maneat
1385 3793 1438 3847 in
1461 3799 1744 3847 aeternum.

307 3902 571 3959 25.,Sunt
597 3899 757 3954 etiam
793 3893 1035 3949 homines
1061 3887 1150 3959 qni
1199 3900 1301 3942 nec
1341 3883 1539 3940 divites
1575 3885 1824 3951 qurerunt

241 4012 374 4063 esse,
404 4009 508 4051 nec
533 3992 602 4046 ad
629 4003 794 4045 vanas
835 3988 1100 4041 honorum
1147 3991 1372 4051 pompas
1413 3973 1654 4031 ambiunt
1698 3985 1825 4043 per-

240 4090 416 4145 venire
446 4105 462 4140 :
492 4084 590 4141 sed
627 4080 861 4153 gaudere
888 4086 943 4133 et
984 4073 1325 4144 requiescere
1371 4067 1558 4122 volunt
1595 4065 1648 4120 in
1672 4063 1826 4134 popi-

249 4181 333 4234 nis
368 4188 422 4234 et
448 4178 507 4230 in
537 4156 997 4232 fornicationibus,
1025 4165 1148 4221 etin
1174 4160 1394 4216 theatris
1422 4166 1582 4228 atque
1609 4162 1823 4227 specta-

239 4272 369 4326 culis
410 4263 734 4337 nngacitatis
775 4276 895 4332 qua:
946 4259 1000 4313 in
1055 4253 1265 4324 magnis
1310 4248 1615 4306 civitatibus
1659 4242 1825 4315 gratis

241 4365 453 4419 habent.
523 4355 632 4414 Sed
678 4354 756 4410 sic
816 4350 977 4407 etiam
1038 4347 1140 4417 ipsi
1214 4351 1307 4398 aut
1356 4345 1678 4396 consumunt
1731 4349 1826 4406 per

240 4454 504 4512 luxuriam
534 4453 903 4522 paupertatem
933 4455 1107 4507 suam,
1131 4445 1186 4494 et
1208 4436 1277 4491 ab
1300 4440 1537 4506 egestate
1563 4438 1749 4501 postea
1768 4428 1823 4482 in

241 4548 378 4604 furta
403 4556 458 4603 et
484 4518 821 4604 etiraeturas,
848 4543 905 4591 et
926 4528 1213 4605 aliquando
1248 4526 1409 4583 etiam
1459 4524 1514 4578 in
1549 4518 1826 4577 latrocinia

244 4638 548 4712 prosiliunt,
570 4641 628 4689 et
650 4630 827 4688 subito
854 4624 1035 4682 multis
1055 4631 1112 4679 et
1150 4617 1358 4691 magnis
1395 4613 1677 4671 timoribus
1722 4610 1827 4665 im-

243 4701 487 4804 plentur;
518 4736 573 4783 et
598 4724 687 4796 qui
719 4723 772 4778 in
798 4719 991 4792 pepina
1019 4713 1177 4787 paulo
1204 4719 1329 4766 ante
1365 4706 1674 4771 cantabant,
1717 4701 1829 4773 jam

244 4826 487 4893 planctus
507 4815 739 4874 careeris
762 4810 1051 4867 somniant.
1082 4803 1284 4861 Studiis
1321 4808 1502 4856 autem
1545 4805 1827 4867 spectacu-

246 4886 413 4971 lorum
440 4913 578 4966 liunt
606 4902 939 4961 daemonibus
982 4896 1205 4961 similes,
1236 4889 1563 4948 clamoribus
1588 4886 1699 4941 suis
1744 4886 1829 4939 in-

244 5003 456 5061 citando
477 4998 727 5055 homines
750 5004 811 5050 ut
835 5008 895 5048 se
914 4991 1143 5046 invicem
1164 4985 1396 5050 credant,
1421 4994 1716 5049 secumque
1738 4977 1832 5032 ha-

248 5098 407 5153 beant
426 5089 765 5150 contentiosa
794 5083 1088 5141 certamina
1130 5078 1221 5149 qui
1267 5092 1327 5132 se
1383 5088 1492 5129 non
1550 5072 1829 5137 laeserunt,

245 5190 367 5243 dum
397 5187 612 5256 placere
634 5181 823 5236 insano
845 5173 1039 5247 populo
1063 5169 1285 5239 cupiunt
1312 5184 1325 5221 :
1357 5180 1492 5235 quos
1510 5163 1556 5218 si
1587 5160 1831 5216 animad-

246 5280 502 5334 verterint
548 5286 672 5330 esse
720 5265 1040 5329 concordes,
1073 5272 1203 5318 tunc
1226 5273 1321 5315 eos
1362 5256 1592 5312 oderunt
1631 5262 1685 5311 et
1716 5269 1835 5324 per-

247 5379 558 5441 sequuntur,
590 5372 648 5421 et
673 5372 927 5433 tanquam
950 5354 1251 5411 collusores
1280 5356 1342 5406 ut
1372 5347 1599 5404 fustibus
1642 5346 1835 5401 verbe-

305 5587 324 5619 ¹
364 5581 591 5648 Plerique
615 5588 748 5637 uss,
788 5578 873 5625 aut
894 5575 947 5624 ut
976 5570 1047 5624 eis
1068 5564 1307 5635 oppressis
1343 5580 1375 5618 α
1397 5559 1726 5630 cupidiorilms
1750 5575 1838 5613 au-

251 5650 684 5773 kr‘resligplerique
708 5707 818 5773 uss.
853 5703 912 5773 At
934 5695 1049 5773 editi
1072 5695 1328 5753 omittunt,
1359 5696 1404 5741 et
1428 5688 1632 5740 inanitas
1663 5688 1842 5750 :cujus

249 5773 352 5824 Ιωο
376 5765 746 5822 nonnulli—uss...
770 5767 816 5811 ει
839 5765 1038 5809 vatillu-

526 5852 762 5913 Sstvcr.
802 5845 935 5903 Aet;
947 5858 1079 5901 ess.
1127 5838 1227 5898 Vl.

1645 294 1842 350 LIBER
1884 292 2085 352 UNUS.

3397 294 3506 354 330

1919 419 2103 462 rentur
2130 406 2448 473 exclamant,
2481 416 2534 464 et
2562 406 2700 461 hanc
2743 406 3073 477 iniquitatem
3108 409 3281 466 facere
3325 414 3490 468 etiam

1918 498 2179 554 vindicem
2211 498 2548 568 iniquitatum
2569 497 2805 569 judicem
2831 507 3059 569 cogunt;
3087 500 3135 555 si
3162 511 3341 557 autem
3364 504 3499 560 hor-

1917 590 2112 646 rendas
2154 590 2412 647 adversus
2479 591 2706 647 invicem
2762 591 3064 647 inimicitias
3101 606 3196 648 eos
3236 610 3497 653 exercere

1916 683 2279 753 cognoverint,
2309 684 2422 739 sive
2464 683 2617 738 sintre
2646 683 2736 754 qui
2774 684 3112 755 appellantur
3133 687 3172 751 ι,
3203 687 3317 743 sive
3370 702 3497 745 see-

1916 775 2022 830 nici
2049 784 2103 831 et
2132 775 2426 847 thymelici,
2457 776 2570 830 sive
2595 778 2813 847 aurigae,
2862 778 2976 851 sive
3012 770 3316 845 venatores,
3363 793 3501 851 quos

1915 868 2141 922 miseros
2155 882 2260 921 non
2282 868 2455 922 solum
2474 866 2719 923 homines
2732 882 2853 923 cum
2876 867 3199 934 hominibus,
3222 868 3316 925 sed
3336 870 3498 927 etiam

1917 955 2162 1013 homines
2184 971 2306 1013 cum
2337 957 2523 1012 bestiis
2558 958 2611 1012 in
2651 966 2921 1014 certamen
2969 973 3305 1030 pugnamque
3349 974 3504 1015 com-

1916 1047 2162 1114 mittunt;
2189 1060 2294 1118 quo
2319 1047 2522 1116 majore
2549 1047 2805 1103 adversus
2847 1047 3071 1103 invicem
3113 1048 3378 1105 discordia
3418 1049 3503 1105 fu-

1917 1154 2038 1195 rere
2062 1140 2347 1205 senserint,
2376 1154 2443 1194 eo
2474 1139 2642 1211 magis
2661 1148 2843 1195 amant
2865 1150 2919 1196 et
2948 1140 3303 1206 delectantur,
3328 1153 3383 1199 et
3412 1144 3495 1199 in.

1914 1231 2091 1288 citatis
2118 1234 2139 1264 ³
2167 1232 2366 1297 favent,
2394 1242 2449 1288 et
2476 1233 2712 1288 faventes
2741 1232 2983 1299 incitant,
3015 1233 3134 1302 plus
3162 1232 3420 1289 adversus
3438 1248 3502 1290 se

1916 1326 2060 1396 ipsos
2094 1326 2418 1382 insanientes
2446 1326 2546 1397 ipsi
2583 1333 2914 1395 spectatores
2968 1325 3106 1381 alter
3153 1340 3251 1397 pro
3303 1326 3498 1392 altero,

1915 1432 2072 1488 quam
2097 1418 2171 1473 illi
2200 1432 2424 1487 quorum
2451 1416 2710 1472 insaniam
2739 1417 2910 1472 insani
2938 1427 3249 1487 provocant,
3276 1417 3372 1474 sed
3409 1418 3505 1473 in-

1914 1508 2173 1565 saniendo
2216 1509 2239 1540 ³
2266 1517 2510 1580 spectare
2535 1508 2862 1564 desiderant.
2894 1508 3173 1576 Quomodo
3196 1523 3325 1580 ergo
3351 1509 3504 1565 suni-

1916 1608 2077 1657 tatem
2100 1600 2247 1672 pacis
2274 1610 2458 1656 tenere
2503 1600 2944 1670 animusputest,
2983 1599 3076 1671 qui
3122 1599 3407 1656 discordiis
3448 1609 3506 1655 et

1914 1693 2299 1748 certaminibus
2342 1691 2612 1763 pascitur?
2639 1691 2823 1760 Qualis
2866 1692 3010 1746 enim
3054 1690 3206 1747 cibus
3249 1691 3501 1758 sumitur,

1918 1783 2039 1838 talis
2078 1784 2329 1840 valetudo
2368 1783 2734 1852 consequitur.
2786 1782 3091 1856 Postremo-
3128 1783 3372 1853 quamvis
3418 1784 3504 1840 ln-

1916 1888 2046 1929 sana
2085 1875 2276 1946 gaudia
2316 1890 2429 1931 non
2463 1875 2570 1930 sint
2594 1874 2810 1945 gaudia,
2879 1883 3058 1930 tamen
3095 1876 3504 1947 qualiacumque

1918 1969 2044 2035 sint,
2067 1978 2123 2025 et
2147 1968 2535 2040 quantumlibet
2569 1968 2799 2024 delectet
2827 1965 2849 1998 ⁸
2868 1966 3124 2038 iactantia
3172 1968 3502 2033 divitiarum,

1919 2072 1973 2113 et
2001 2066 2181 2114 tumor
2205 2058 2488 2123 honorum,
2516 2071 2715 2129 vorago
2761 2058 3098 2128 popinarum,
3127 2067 3183 2114 et
3203 2058 3340 2114 bella
3363 2059 3506 2115 thea-

1920 2157 2123 2205 trorum
2154 2150 2196 2216 ',
2247 2158 2301 2205 et
2326 2149 2661 2205 immunditia
2702 2148 3150 2215 fornicationum,
3190 2157 3245 2204 et
3291 2151 3509 2220 prurigo

1921 2241 2279 2309 thermarum;
2327 2242 2502 2298 aufert
2553 2242 2733 2297 omnia
2801 2242 2899 2297 ista
2966 2257 3069 2297 una
3126 2240 3405 2309 febricula,
3453 2253 3511 2298 et

1920 2336 2095 2392 adhuc
2118 2336 2420 2392 viventibus
2446 2344 2609 2391 totam
2642 2335 2828 2391 falsam
2873 2335 3252 2391 beatitudinem
3294 2335 3509 2390 subtra-

1921 2427 2037 2484 hit:
2068 2437 2307 2484 remanet
2328 2427 2501 2483 inanis
2524 2436 2579 2483 et
2606 2429 2785 2484 saucia
2811 2428 3161 2493 conscientia,
3187 2429 3352 2483 Deum
3377 2443 3507 2483 sen-

1921 2521 2321 2592 snrajudicem,
2363 2536 2522 2593 quem
2563 2521 2731 2576 noluit
2777 2520 2973 2576 habere
3011 2520 3404 2585 cnstodem;et
3429 2520 3512 2574 in-

1921 2624 2144 2671 ventura
2189 2626 2437 2685 asperum
2483 2614 2787 2679 Dominum,
2831 2629 2988 2685 quem
3037 2613 3247 2669 dulcem
3294 2623 3508 2686 patrem

1922 2722 2165 2781 quaerere
2201 2716 2256 2764 et
2280 2722 2462 2763 amare
2486 2707 2826 2777 contempsit.
2858 2706 2935 2761 Tu
2964 2715 3145 2761 autem
3172 2706 3297 2778 quia
3324 2722 3511 2761 veram

1922 2803 2162 2875 requiem
2188 2815 2308 2874 qua:
2334 2809 2457 2873 post
2496 2801 2633 2856 hanc
2670 2800 2830 2855 vitam
2871 2798 3192 2855 Christianis
3234 2797 3505 2871 promitti-

1924 2902 2010 2949 tur
2048 2893 2266 2965 quaeris,
2294 2892 2456 2948 etiam
2488 2890 2576 2947 hic
2618 2906 2737 2946 eam
2786 2890 2928 2946 inter
2976 2890 3347 2946 amarissimas
3388 2891 3513 2944 vita:

1924 2983 2083 3054 hujus
2105 2983 2380 3039 molestias
2399 2996 2617 3038 suavem
2636 2979 3033 3052 jucundamque
3049 2980 3306 3051 gustabis,
3329 2980 3374 3036 si
3393 2981 3514 3050 ejus

1924 3076 2014 3147 qui
2043 3090 2162 3131 eam
2194 3073 2441 3144 promisit
2471 3080 2738 3143 praecepta
2760 3071 3036 3127 dilexeris.
3059 3071 3180 3125 Cito
3206 3071 3352 3126 enim
3379 3087 3509 3126 sen-

1926 3165 2026 3221 ties
2044 3165 2309 3220 dulciores
2335 3178 2457 3220 esse
2477 3163 2697 3233 justitia:
2726 3161 2931 3218 fructus
2983 3176 3142 3232 quam
3183 3160 3498 3232 iniquitatis,

1923 3265 1980 3313 et
1997 3257 2176 3312 verius
2202 3263 2365 3327 atque
2398 3254 2686 3325 jucundius
2715 3254 2951 3327 gaudere
2975 3252 3251 3309 hominem
3273 3251 3342 3309 de
3363 3253 3502 3310 bona

1924 3347 2251 3404 conscientia
2282 3347 2422 3401 inter
2457 3345 2747 3411 molestias,
2781 3360 2941 3416 quam
2962 3344 3031 3401 de
3059 3345 3197 3400 mala
3232 3345 3373 3401 inter
3415 3346 3514 3402 de-

1923 3441 2102 3507 licias;
2132 3440 2255 3510 quia
2286 3455 2392 3495 non
2414 3439 2492 3494 sic
2515 3437 2710 3493 venisti
2735 3437 2988 3508 conjungi
3010 3436 3269 3493 Ecclesiae
3300 3437 3421 3504 Dei,
3449 3445 3512 3494 ut

1925 3549 1989 3590 es
2019 3548 2083 3588 ea
2106 3532 2458 3601 temporalem
2488 3529 2721 3599 aliquam
2750 3528 3035 3584 utilitatem
3065 3529 3328 3598 requiras.

1996 3623 2220 3680 CAPUT
2237 3618 3090 3694 XVll.—26.‘Reprehenditurjqui
3109 3620 3225 3675 velit
3243 3619 3510 3676 essede-

1926 3717 2120 3772 stianus
2149 3723 2357 3786 propter
2382 3713 2702 3767 commodatus
2730 3709 3025 3781 temporale.
3057 3709 3375 3765 Christianus
3396 3726 3512 3766 vero

1926 3817 2019 3874 est,
2041 3808 2128 3878 qui
2145 3806 2441 3877 religionem
2465 3805 2731 3874 proﬁtetur
2775 3813 2980 3876 propter
3001 3805 3226 3874 fueram
3267 3804 3509 3874 requiem.

1927 3897 2133 3955 Transit
2177 3900 2246 3953 ad
2297 3898 2638 3953 narrationem
2683 3912 2856 3951 eorum
2896 3911 3012 3968 qua
3075 3896 3327 3951 credenda
3371 3908 3510 3953 sunt.

1931 3988 2097 4045 Filius
2118 3988 2213 4043 Dei
2236 4002 2327 4043 cur
2355 3989 2504 4043 homo
2533 3992 2719 4059 factus.
2762 3986 2898 4042 Sunt
2922 3987 3064 4042 enim
3093 3987 3183 4059 qui
3229 3995 3513 4058 propterea

1927 4084 2114 4140 volunt
2134 4097 2259 4139 esse
2283 4080 2585 4146 christiani,
2615 4088 2675 4135 ut
2702 4088 2795 4134 aut
2813 4089 3221 4149 promereantur
3264 4078 3514 4137 homines

1929 4174 2169 4245 aquibus
2206 4170 2519 4242 temporalia
2554 4169 2837 4226 commoda
2878 4176 3211 4240 exspectant,
3264 4181 3355 4227 aut
3391 4172 3516 4243 quia

1929 4264 2201 4323 oll’endere
2220 4264 2409 4319 nolunt
2438 4276 2573 4334 quos
2602 4261 2815 4317 timent.
2848 4260 2957 4316 Sed
2988 4260 3073 4316 isti
3099 4261 3312 4331 reprobi
3337 4272 3463 4317 sunt
3495 4280 3509 4316 :

1930 4368 1986 4414 et
2014 4357 2059 4413 si
2084 4357 2153 4413 ad
2176 4363 2386 4427 tempus
2413 4369 2509 4410 eos
2531 4361 2706 4423 portat
2725 4350 2986 4417 Ecclesia,
3022 4351 3161 4406 sicut
3185 4366 3309 4407 area
3338 4367 3533 4424 usque-

1931 4450 1998 4506 ad
2028 4458 2237 4519 tempus
2261 4445 2623 4503 ventilationis
2655 4444 2862 4515 paleam
2903 4444 3152 4509 sustinet;
3206 4443 3252 4499 si
3297 4460 3404 4501 non
3454 4462 3517 4502 se

1932 4540 2285 4607 correxerint,
2347 4547 2404 4594 et
2456 4546 2676 4608 propter
2718 4536 2951 4591 futuram
2993 4535 3378 4606 sempiternam
3437 4554 3520 4595 res

1933 4632 2113 4704 quiem
2138 4628 2414 4685 christiani
2444 4641 2563 4683 esse
2581 4626 2864 4697 eruperint,
2897 4624 2953 4680 in
2976 4627 3082 4682 line
3102 4628 3513 4698 separabantur.

1935 4726 2044 4782 Nec
2073 4725 2171 4779 sibi
2199 4722 2543 4779 blandiantur
2563 4719 2704 4791 quod
2733 4720 2785 4774 in
2821 4734 2945 4775 area
2973 4729 3199 4789 possunt
3232 4735 3353 4776 esse
3390 4734 3513 4775 cum

1935 4822 2204 4876 frumento
2228 4817 2318 4873 Dei
2349 4833 2364 4867 :
2392 4815 2516 4887 quia
2543 4814 2595 4869 in
2621 4812 2818 4868 horreo
2837 4828 2957 4867 eum
2981 4812 3074 4867 illo
3090 4827 3196 4867 non
3225 4820 3398 4876 erunt,
3417 4810 3514 4866 sed

1937 4912 2047 4984 igni
2073 4910 2255 4967 debito
2280 4908 2615 4965 destinantur
2636 4906 2658 4939 ⁸
2686 4904 2900 4980 (Matth.
2924 4921 3003 4973 nt,
3036 4903 3149 4978 t2).
3187 4904 3322 4961 Sunt
3354 4903 3517 4959 etiam

2003 5068 2020 5099 ι
2056 5070 2187 5121 Lov.,
2211 5059 2304 5111 sint
2326 5057 2517 5125 athleta:
2540 5054 2623 5123 qui
2652 5057 2971 5125 appellantur.
2999 5065 3054 5108 At
3074 5056 3297 5120 plerique
3327 5068 3394 5125 pc
3414 5070 3524 5125 me-

1938 5122 2073 5192 lioris
2095 5114 2220 5192 npt'te
2254 5130 2382 5181 Mss,
2425 5114 2580 5192 εἰριῑῷ
2598 5114 2696 5192 qni'
2716 5114 3045 5192 appelluntur.
3071 5114 3169 5192 v05
3195 5114 3301 5167 e'rat
3323 5118 3525 5192 forsitan

1940 5188 2067 5261 apud
2090 5186 2225 5236 Afros
2246 5178 2377 5234 tunc
2397 5178 2626 5255 vulgaris.
2655 5190 2704 5231 tn
2739 5178 3018 5233 Cdrbeiensi
3058 5178 3227 5228 codice
3261 5181 3523 5250 sta-ibitur,

1941 5250 2129 5302 unaue.
2159 5255 2207 5295 tn
2240 5254 2345 5295 Mss.
2369 5245 2656 5302 quibusdam
2679 5252 2730 5295 et
2748 5244 2874 5302 apud
2897 5253 2994 5291 sm.
3021 5240 3201 5302 legitur
3218 5274 3234 5302 ,
3278 5247 3375 5292 sant
3395 5242 3526 5302 mqus'

1941 5254 2129 5302 sintitw.
2159 5255 2207 5295 tn
2240 5254 2345 5295 Mss.
2369 5254 2656 5316 quibusuam
2679 5254 2874 5316 etapua
2897 5254 2994 5291 sm.
3021 5254 3201 5311 tegitur
3218 5274 3234 5302 ,
3278 5254 3375 5292 sua
3395 5255 3527 5307 tequs

1941 5309 2263 5421 “pl-"$933
2288 5302 3122 5421 Siﬁgd’féﬂzapmuiia
3138 5361 3308 5421 plures
3325 5369 3454 5421 ιω..
3476 5370 3525 5417 α

1944 5361 2260 5488 ﬁgat-1r.
2288 5361 2342 5419 ei
2359 5361 2544 5431 aliquot
2564 5361 2690 5429 Issi;
2716 5372 2764 5418 et
3034 5362 3122 5413 Alii
3137 5361 3308 5427 plures
3325 5369 3454 5427 llas,
3476 5370 3525 5417 et

2011 5483 2136 5546 {Sic
2165 5502 2272 5543 Mss.
2312 5498 2367 5543 At
2390 5490 2525 5554 editi,
2548 5494 2829 5554 provocant,
2856 5491 2901 5539 et
2933 5483 3232 5554 ittsaniendo.

2011 5559 2033 5623 ε
2065 5564 2140 5623 εν-
2171 5564 2219 5605 ει
2398 5547 2646 5623 ἀειςειξεηι-
2672 5547 2915 5623 omet
2934 5547 3308 5623 ιδεμάεέεοιει-
3414 5570 3417 5575 -

2010 5622 2032 5686 ξ
2064 5621 2137 5669 sic
2158 5630 2256 5686 ωε
2279 5609 2672 5686 anienem
2685 5621 2795 5686 υξεσ
2820 5609 3387 5686 etimit-utrm:

2013 5683 2033 5713 ι
2066 5688 2199 5746 ιον..
2222 5672 2605 5746 ᾱεαὶηῳῷρᾳτινζ
2623 5682 2679 5726 At
2714 5684 2815 5727 Am.
2852 5681 2927 5726 ar.
2954 5682 3145 5725 etim
3177 5672 3360 5731 habent
3406 5686 3522 5735 pra»

1953 5744 2081 5797 senti
2107 5737 2347 5802 tempore,
2370 5737 2684 5788 dedinanmr.

2955 5818 3222 5897 ίοκτε.)
