4046 6332
507 464 603 521 53!

507 582 597 641 alii
623 577 846 633 meliore
873 567 1084 642 quidem
1127 577 1240 633 spe,
1274 557 1370 614 sed
1412 566 1586 610 tamen
1616 566 1719 604 nzm
1763 546 2097 642 utiliore-pc-

510 629 938 739 riculo,quijain
987 629 1396 715 Deum—timent,
1425 657 1481 701 et
1532 661 1636 699 non
1677 629 2094 739 irrident-chri-

513 721 754 822 stianum
783 721 997 817 uritnen,
1045 765 1142 805 nec
1171 742 1423 800 simulato
1462 736 1626 793 corde
1679 733 1881 787 intrant
1912 721 2098 780 Eccle-

515 860 650 914 siam
675 853 788 917 Dei,
814 847 907 905 sed
935 814 993 899 in.
1010 845 1110 897 ista
1127 839 1232 892 vita
1257 839 1567 903 exspectant
1592 825 1925 885 felicitatem,
1944 826 2002 871 nt
2021 814 2099 870 fe—

518 951 731 1007 lieiores
748 945 854 998 sint
878 941 929 995 in
945 937 1102 993 rebus
1127 929 1376 991 terrenis,
1404 940 1561 995 quam
1587 921 1656 974 tlli
1686 917 1772 986 qui
1791 930 1894 970 non
1921 908 2104 966 colunt

523 1005 689 1096 Deum
723 1055 734 1089 :
767 1033 992 1100 ideoque
1015 1041 1137 1080 eum
1164 1020 1394 1075 viderint
1421 1013 1679 1086 quosdam
1717 1007 2010 1062 sceleratos
2050 1005 2105 1052 et

521 1129 718 1198 impios
747 1125 844 1177 ista
869 1093 1048 1175 sateuli
1067 1117 1081 1146 ¹
1117 1109 1475 1184 prosperitate
1495 1103 1710 1174 pollere
1738 1106 1792 1150 et
1815 1093 2102 1154 execllere,

528 1194 793 1278 se‘autem
823 1213 904 1268 vel
928 1211 1103 1265 minus
1131 1206 1328 1260 habere
1354 1201 1454 1255 ista
1485 1198 1568 1253 vel
1593 1194 1860 1251 amittere,
1895 1195 2106 1258 pertur—

527 1316 719 1367 bantur
748 1317 998 1376 tanquam
1021 1301 1137 1354 sine
1160 1309 1322 1352 causa
1347 1293 1511 1346 Deum
1560 1286 1736 1342 colant
1763 1325 1777 1348 ,
1805 1289 1858 1336 et
1897 1278 2048 1332 facile
2079 1289 2109 1328 a

527 1407 634 1462 ﬁde
655 1402 924 1459 deficiunt.

596 1498 690 1554 27.
723 1495 821 1563 Qui
841 1499 1018 1546 autem
1047 1492 1263 1556 propter
1297 1473 1682 1534 beatitudinem
1729 1464 2108 1535 sempiternam

529 1601 582 1646 et
607 1554 916 1661 perpwetuam
947 1554 1208 1649 requiem.
1251 1588 1369 1642 qute
1394 1577 1516 1640 post
1544 1566 1682 1618 hanc
1721 1561 1886 1614 vitam
1913 1554 2114 1609 sanctis

533 1652 1079 1750 futura-promittitur,
1102 1668 1212 1722 vult
1251 1664 1364 1719 ﬁeri
1407 1659 1752 1716 Christianus,
1791 1659 1851 1704 ut
1888 1663 1994 1702 non
2029 1652 2117 1699 eat

535 1778 590 1831 in
639 1743 812 1844 ignem
866 1775 1124 1820 artcrnum
1171 1772 1290 1812 cum
1357 1750 1591 1810 diabolo,
1647 1745 1739 1800 sed
1789 1743 1840 1796 in
1894 1750 2114 1844 regnum

534 1826 792 1921 interiunn
823 1861 984 1913 intret
1007 1867 1130 1908 cum
1152 1849 1367 1904 Christo
1383 1841 1594 1916 (Matth.
1627 1852 1746 1900 xxv,
1771 1834 1860 1896 54,
1881 1833 1969 1892 41,
1997 1826 2112 1896 46),

539 1973 663 2013 vere
694 1957 804 2024 ipse
829 1949 1150 2006 christianos
1175 1949 1279 2003 est,
1303 1947 1494 1992 cautus
1534 1933 1587 1986 in
1617 1927 1764 1982 otnni
1799 1921 2118 2024 tentatione,

539 2067 606 2105 ne
633 2043 904 2119 prosperis
935 2039 1095 2095 rebus
1120 2034 1516 2098 corrumpatur,
1540 2031 1596 2078 et
1633 2036 1700 2075 ne
1729 2017 2002 2086 frangatur
2029 2009 2122 2063 ad-

542 2116 811 2198 versis.et
853 2135 905 2187 in
937 2125 1260 2185 abundantia
1308 2122 1570 2175 bonorum
1617 2123 1956 2167 terrenorum
2005 2116 2123 2157 mo-

542 2195 731 2287 destus:
763 2237 818 2282 et
859 2233 1185 2291 temperans,
1219 2223 1272 2269 et
1324 2213 1376 2265 in
1421 2202 1848 2263 tribulationibus
1884 2195 2036 2250 fortis
2073 2200 2127 2246 et

548 2325 771 2395 patiens.
819 2317 920 2385 Qui
963 2288 1122 2369 etiam
1159 2302 1491 2380 proliciendo
1530 2297 1808 2368 perveniet
1849 2291 1915 2345 ad
1964 2288 2124 2395 talem

550 2380 905 2475 imimnm,iut
934 2406 1050 2475 plus
1098 2409 1241 2456 antet
1274 2397 1459 2458 Deum,
1504 2405 1661 2461 quam
1701 2387 1882 2440 timeat
1925 2380 2129 2450 gelu-n-

551 2527 669 2564 nam
705 2524 718 2560 :
750 2514 805 2558 ut
831 2497 1037 2556 etiamsi
1065 2495 1210 2549 dicat
1237 2491 1310 2545 illi
1354 2488 1516 2550 Deus,
1569 2481 1729 2537 lI-tcre
1763 2475 1968 2531 deliciis
2013 2486 2130 2526 car-

551 2603 761 2660 nalibus
805 2591 1164 2664 sempiternis,
1201 2595 1256 2642 et
1304 2589 1559 2654 quantutu
1597 2585 1747 2646 potes
1793 2584 1976 2642 pecea,
2033 2580 2130 2620 nec

553 2691 820 2756 morieris,
849 2703 946 2742 nec
970 2685 1022 2740 ia
1050 2681 1348 2751 gehennam
1377 2670 1630 2732 mitteris,
1659 2665 1754 2721 sed
1779 2677 1986 2718 mecum
2018 2668 2133 2712 tan—

553 2781 827 2842 tunnnodo
847 2793 954 2834 non
985 2775 1129 2838 eris;
1157 2769 1520 2828 exhorrescat,
1555 2770 1609 2815 et
1633 2757 1853 2813 omnino
1880 2769 1986 2808 non
2011 2765 2131 2821 pee-

555 2888 657 2941 cet,
694 2891 797 2931 non
821 2873 928 2942 jam
959 2877 1015 2923 ut
1046 2867 1097 2920 in
1143 2861 1270 2918 illud
1310 2857 1452 2930 quod
1504 2853 1719 2910 timebat
1760 2863 1867 2904 non
1916 2844 2133 2908 incidat,

555 2970 649 3025 sed
678 2983 743 3022 ne
773 2966 918 3020 illum
944 2975 1101 3032 quem
1125 2957 1204 3012 sic
1232 2961 1376 3008 amat
1396 2947 1634 3005 offendat
1660 2963 1674 3000 :
1712 2945 1763 2998 in
1792 2955 1898 3012 quo
1920 2953 2024 2992 uno
2057 2944 2138 2992 est

559 3062 772 3131 requies
815 3059 858 3122 ',
890 3030 1046 3126 quam
1071 3049 1256 3104 oculus
1285 3060 1389 3100 non
1418 3041 1566 3107 vidit,
1600 3052 1698 3092 nec
1744 3034 1888 3089 auris
1916 3030 2135 3094 audivit,

563 3170 666 3210 nec
691 3154 743 3208 in
769 3166 863 3205 cor
889 3125 1120 3202 hominis
1154 3137 1417 3200 ascendit,
1451 3149 1608 3206 quam
1650 3127 1970 3202 prteparavit
1998 3125 2141 3178 licus

560 3241 900 3313 diligentibus
919 3251 1040 3292 eum
1071 3232 1113 3305 (1
1142 3231 1260 3287 Car.
1282 3244 1336 3293 ιι,
1369 3226 1449 3297 9).

631 3337 722 3391 28.
750 3333 826 3388 De
871 3345 974 3401 qua
1010 3325 1194 3396 requie
1236 3319 1500 3392 significat
1540 3317 1562 3348 ⁸
1610 3314 1905 3382 Scriptura,
1959 3317 2142 3362 etnon

565 3433 727 3491 tacet,
758 3399 903 3494 quod
929 3420 996 3475 ab
1018 3417 1167 3473 initio
1194 3411 1380 3470 mundi
1405 3426 1471 3465 ex
1499 3422 1606 3480 quo
1634 3407 1763 3462 fecit
1791 3405 1930 3458 Deus
1949 3399 2144 3455 (mlum

563 3531 615 3573 et
645 3493 838 3572 terram
865 3519 927 3567 et'
942 3509 1121 3566 omnia
1151 3522 1270 3578 qua:
1291 3505 1345 3558 in
1372 3503 1452 3558 eis
1478 3508 1623 3564 sunt,
1661 3512 1755 3552 sex
1795 3493 1984 3549 diebus
2017 3504 2147 3558 ope-

567 3621 713 3664 ratus
735 3615 834 3669 est,
869 3613 923 3657 et
949 3600 1179 3672 septimo
1203 3598 1289 3652 die
1311 3591 1573 3664 requievit
1597 3588 1753 3660 (Gen.
1781 3603 1818 3648 ι,
1849 3596 1896 3639 et
1919 3600 1976 3651 II,
2009 3583 2146 3652 1-5).

571 3702 784 3756 Ροιρι-ιιι
810 3696 951 3749 enim
974 3692 1312 3760 ontnipotens
1331 3695 1392 3740 et
1433 3697 1541 3737 uno
1583 3685 1856 3734 momento
1895 3673 2152 3744 temporis

570 3792 748 3848 omnia
781 3790 976 3842 facere.
1005 3783 1118 3838 Non
1149 3788 1325 3834 autem
1366 3776 1716 3832 laboraverat,
1738 3781 1799 3825 ut
1842 3768 2150 3839 requiesce-

573 3894 675 3946 ret,
708 3878 939 3951 quando,
971 3873 1138 3939 Dixit,
1165 3881 1210 3926 et
1242 3870 1378 3940 facta
1405 3874 1563 3929 sunt;
1593 3862 1871 3929 mandavit,
1895 3871 1941 3914 et
1983 3868 2154 3913 creata

575 3984 691 4030 sunt
719 3950 892 4043 (Pacti.
915 3980 1136 4028 cnvut,
1172 3960 1228 4033 5)
1260 3978 1274 4015 :
1307 3959 1400 4014 sed
1424 3967 1482 4013 ut
1509 3954 1854 4027 significaret,
1878 3950 2000 4022 quia
2035 3956 2157 4021 post

578 4081 674 4121 sex
701 4068 888 4118 aetates
917 4055 1102 4112 mundi
1125 4052 1300 4122 hujus,
1330 4049 1555 4120 septima
1590 4053 1748 4101 aetate
1785 4051 2038 4113 tanquam
2074 4055 2158 4095 se-

573 4158 744 4230 ptimo
765 4153 851 4209 die
887 4148 1228 4220 requieturns
1268 4151 1352 4198 est
1381 4142 1434 4195 in
1455 4139 1657 4195 sanctis
1699 4137 1846 4203 suis;
1903 4135 2026 4205 quia
2057 4133 2158 4204 ipsi

577 4225 633 4306 in
663 4249 756 4304 illo
777 4243 1264 4314 requiescentpost
1293 4232 1470 4288 omnia
1498 4231 1637 4286 bona
1664 4243 1846 4299 Opera,
1881 4226 1934 4280 in
1969 4225 2160 4295 quibus

577 4343 628 4402 ei
654 4339 974 4401 servierunt,
1002 4347 1121 4405 qum
1164 4331 1277 4400 ipse
1321 4328 1373 4382 in
1418 4325 1523 4379 illis
1569 4330 1837 4394 operatur,
1867 4319 1956 4389 qui
1983 4324 2154 4382 vocat,

579 4448 635 4495 et
661 4435 924 4509 praecipit,
955 4442 1008 4486 et
1034 4428 1230 4484 delicta
1269 4422 1535 4495 prteterita
1563 4417 1801 4482 dimittit,
1834 4424 1888 4470 et
1909 4412 2164 4485 justilicat

580 4505 702 4585 eum
733 4525 825 4598 qui
849 4525 997 4595 prius
1013 4530 1134 4576 erat
1163 4517 1375 4588 impius.
1423 4514 1574 4570 Sicut
1613 4518 1790 4565 autem
1838 4523 1959 4562 cum
1991 4505 2065 4560 illi
2096 4519 2163 4558 ex

581 4623 726 4676 dono
748 4595 864 4688 ejus
891 4615 1030 4670 bene
1053 4617 1362 4682 operantur,
1388 4615 1531 4661 recte
1551 4603 1745 4658 dicitur
1774 4601 1886 4671 ipse
1911 4595 2120 4667 Operari
2147 4610 2162 4660 ;

584 4715 660 4768 sic
683 4726 803 4768 cum
831 4710 882 4763 in
911 4706 1002 4760 illo
1040 4697 1445 4774 requiescunt‘,
1487 4706 1635 4751 recte
1681 4693 1878 4748 dicitur
1921 4690 2035 4758 ipse
2073 4700 2160 4740 re-

584 4806 884 4877 quiescere.
915 4799 1046 4855 Nam
1073 4794 1213 4866 quod
1260 4792 1327 4848 ad
1350 4792 1521 4864 ipsum
1545 4788 1753 4850 attinet,
1797 4781 2165 4854 pa'usationem

586 4874 692 4954 non
723 4895 934 4967 qnterit,
981 4891 1104 4962 quia
1136 4887 1376 4942 laborem
1415 4896 1521 4935 non
1568 4879 1750 4933 sentit.
1801 4874 1945 4929 Fecit
1989 4879 2166 4924 autem

584 4961 762 5048 omnia
791 5002 890 5059 per
921 4961 1152 5039 Verbum
1184 4991 1360 5039 suum;
1392 4983 1447 5028 et
1467 4970 1703 5028 Verbum
1726 4968 1840 5039 ejus
1869 4967 1984 5037 ipse
2021 4961 2171 5018 Chri-

586 5092 718 5147 stus,
745 5057 937 5150 inquo
986 5072 1331 5142 requiescurt
1370 5064 1556 5135 Angeli
1592 5072 1647 5118 et
1683 5074 1870 5116 omnes
1921 5057 2170 5112 ccelestes

586 5171 922 5231 ntnndissimi
952 5166 1170 5239 spiritus
1215 5162 1269 5216 in
1308 5167 1492 5214 sancto
1527 5156 1761 5212 silentio.
1791 5153 1961 5208 llomo
1993 5157 2169 5204 autem

589 5273 810 5336 peccato
835 5263 1016 5331 lapsus
1037 5252 1266 5327 perdidit
1283 5247 1522 5318 requiem
1546 5261 1702 5316 quam
1726 5242 1951 5298 habebat
1977 5242 2028 5295 in
2055 5239 2172 5310 ejus

590 5333 886 5418 divinitate,
914 5359 968 5407 et
996 5345 1184 5422 recipit
1209 5357 1325 5399 eam
1355 5340 1376 5373 ⁵
1406 5341 1459 5394 in
1481 5338 1595 5407 ejus
1621 5335 1946 5391 humanitate
1977 5352 1990 5391 :
2022 5333 2170 5388 ideo-

589 5461 695 5516 que
733 5451 1034 5514 opportuno
1081 5447 1340 5506 tempore,
1367 5445 1474 5502 quo
1523 5430 1636 5500 ipse
1677 5427 1878 5483 sciebat
1922 5435 2172 5496 Oportcre

595 5538 732 5604 ﬂeri,
764 5536 924 5590 homo
951 5532 1124 5588 factus
1161 5526 1308 5584 etde
1361 5523 1556 5580 femina
1595 5529 1750 5599 natus
1792 5531 1894 5576 est.
1942 5524 1986 5576 A
2012 5535 2173 5576 carne

654 5649 673 5680 ι
709 5653 808 5696 Arn.
829 5649 906 5694 Er.
931 5647 1104 5710 et__tr_es
1122 5647 1255 5710 Mss,
1275 5633 1518 5689 saeculari.

656 5711 675 5740 ¹
708 5694 782 5757 Sic
805 5714 907 5756 atas.
934 5704 1050 5754 mihi
1075 5713 1212 5760 vero,
1233 5694 1286 5752 in
1310 5711 1403 5764 quo
1423 5710 1519 5748 una
1536 5701 1606 5749 est
1627 5694 1832 5764 requies.

657 5772 678 5802 ³
706 5755 802 5818 λιιι.
819 5755 892 5816 In.
911 5773 963 5816 et
979 5768 1086 5815 fere
1095 5755 1266 5825 omnes
1278 5755 1407 5825 Mss...»
1427 5768 1490 5825 pc
1502 5773 1604 5825 qua
1616 5772 1672 5808 re
1695 5755 1953 5825 signiﬁcat.

657 5833 678 5864 δ
713 5838 779 5881 tta
801 5836 907 5879 Mss.
945 5835 997 5878 Αι
1021 5825 1156 5886 editl,
1178 5822 1222 5876 si
1242 5835 1352 5874 cum
1371 5820 1446 5886 illi
1468 5820 1770 5883 requiescant

652 5897 678 5930 ⁸
710 5894 781 5943 sic
802 5899 910 5943 Mss.
935 5896 990 5940 At
1012 5888 1128 5940 edltl
1141 5922 1156 5952 ,
1176 5891 1221 5938 ct
1243 5885 1422 5948 recepit
1442 5897 1566 5935 eam.

1358 439 1443 494 DE
1481 425 2024 491 C‘lTEClllZ.\NDlS
2065 417 2380 482 ltUDllBUS,
2419 415 2476 471 S.
2521 412 2883 470 AUGUSTINI

3681 404 3790 459 532

2206 534 2400 604 quippe
2427 529 2775 586 contaminari
2807 545 2910 580 non
2957 532 3186 596 poterat.
3219 523 3332 590 ipse
3363 535 3580 576 carnem
3613 521 3796 590 potius

2205 623 2574 680 mandaturus.
2607 619 2780 688 Ipsum
2807 620 3006 687 antiqui
3034 616 3202 670 sancti
3232 624 3511 669 venturum
3542 612 3594 665 in
3640 627 3798 666 reve-

2209 718 2408 772 latione
2452 714 2682 784 Spiritus
2725 719 3110 781 Cognovetunl,
3141 719 3193 762 et
3227 707 3713 776 prophetaverunt;
3745 714 3802 760 et

2207 810 2286 865 sic
2315 809 2446 864 salvi
2487 807 2610 862 facti
2662 815 2784 860 sunt
2811 803 3080 858 credendo
3125 802 3249 872 quia
3295 800 3498 864 veniet,
3529 800 3670 854 sicut
3699 813 3804 853 nos

2210 905 2341 960 salii
2371 904 2632 959 efficimur
2669 899 2936 956 credendo
2977 898 3100 966 quia
3133 896 3278 950 venit
3308 913 3320 947 :
3351 903 3409 949 ut
3453 893 3807 963 diligeremus

2215 999 2400 1060 Deum,
2427 995 2617 1066 quisic
2645 1008 2741 1047 nos
2786 992 2996 1057 diiexit,
3042 999 3102 1044 ut
3149 990 3361 1043 unicum
3396 987 3590 1042 Filium
3641 1001 3803 1040 suum

2217 1088 2468 1150 mitteret,
2495 1083 2925 1154 quilntmilitate1
2971 1093 3166 1134 nostra:
3188 1079 3524 1133 mortalitatis
3543 1076 3762 1132 indutus
3787 1118 3805 1143 ,

2217 1189 2270 1233 ct
2297 1193 2325 1231 a
2357 1174 2722 1246 peccatoribus
2750 1183 2804 1229 et
2831 1187 2926 1242 pro
2949 1170 3316 1242 peccatoribus
3335 1179 3652 1224 moreretur.
3682 1167 3807 1222 Jan:

2217 1272 2358 1326 enim
2386 1270 2512 1324 olim
2538 1268 2605 1322 ab
2628 1265 2933 1320 ineuntibus
2959 1262 3174 1318 saeculis
3203 1261 3444 1331 mysterii
3484 1260 3644 1328 lmjus
3671 1258 3800 1312 alti-

2208 1364 2348 1419 tudo
2373 1359 2698 1432 pra-figurari
2726 1356 3179 1428 prmnnntiarique
3209 1369 3317 1408 non
3349 1361 3545 1408 cessat.

2289 1449 2513 1509 CAPUT
2543 1449 2726 1505 XVIII.
2747 1448 2929 1502 —9.9.
2969 1446 3047 1501 De
3075 1446 3290 1499 hominis
3317 1453 3362 1498 et
3391 1460 3557 1497 rerum
3583 1443 3812 1496 aliarum

2219 1547 2471 1601 creatione
2496 1543 2614 1614 quid
2642 1539 2968 1596 credendum.
3001 1537 3171 1591 Homo
3209 1537 3262 1590 in
3290 1535 3530 1605 paradiso
3555 1535 3811 1588 constitu-

2222 1648 2321 1692 tus.
2352 1637 2455 1692 Cur
2496 1644 2692 1690 creatus
2720 1633 2806 1704 qui
2846 1631 3196 1701 prwsciebatur
3240 1636 3560 1699 peccaturus.
3606 1625 3814 1694 Lapsus

2225 1729 2441 1784 hominis
2483 1737 2531 1781 et
2581 1726 2748 1797 angeli
2795 1723 2924 1778 nihil
2971 1721 3078 1776 Deo
3121 1722 3309 1776 nocuit.
3361 1719 3625 1788 Quoniam
3673 1718 3816 1772 Deus

2226 1821 2583 1890 omnipotens,
2612 1829 2668 1873 et
2692 1818 2865 1871 bonus
2898 1824 2953 1870 et
2969 1817 3144 1884 justus
3173 1823 3226 1869 et
3265 1813 3589 1878 misericors,
3617 1811 3712 1881 qui
3739 1809 3812 1866 fe-

2228 1915 2300 1969 cit
2331 1913 2506 1967 omnia
2535 1913 2694 1976 bona,
2734 1911 2846 1964 sive
2887 1924 3073 1978 magna
3112 1907 3227 1962 sive
3257 1921 3437 1976 parva,
3465 1906 3578 1960 sive
3605 1919 3818 1959 summa

2230 2006 2342 2060 sive
2373 2003 2550 2059 infima
2577 2019 2593 2067 ;
2625 2001 2737 2056 sive
2765 2017 2882 2070 qure
2906 1999 3170 2065 videntur,
3199 1998 3353 2053 sicuti
3381 2007 3506 2052 sunt
3539 1997 3738 2052 etnlum
3764 2003 3821 2049 et

2236 2107 2375 2152 terra
2421 2105 2476 2149 et
2511 2109 2678 2159 mare,
2716 2103 2770 2147 et
2803 2093 2852 2144 in
2879 2092 3021 2147 ctelo
3063 2091 3142 2145 sol
3175 2099 3228 2144 et
3255 2089 3402 2153 luna,
3444 2097 3498 2142 et
3533 2096 3726 2142 ea‘tera
3755 2085 3824 2140 si-

2231 2187 2379 2252 dera,
2411 2187 2462 2239 in
2497 2196 2637 2239 terra
2677 2193 2855 2237 autem
2896 2192 2955 2237 et
2999 2181 3130 2235 mari
3169 2180 3391 2234 arbores
3430 2189 3486 2233 et
3517 2177 3742 2232 frutices
3766 2184 3826 2230 et

2225 2279 2482 2334 animalia
2511 2293 2621 2331 suae
2645 2277 2904 2346 cujusque
2942 2283 3166 2338 naturae,
3197 2281 3250 2327 et
3276 2271 3456 2326 omnia
3483 2283 3707 2338 corpora
3733 2266 3823 2320 vel

2233 2369 2471 2425 etelestia
2498 2367 2580 2421 vel
2613 2366 2920 2428 terrestria;
2945 2365 3056 2418 sive
3085 2379 3206 2434 qua:
3240 2378 3345 2416 non
3366 2361 3632 2423 videnlur,
3662 2357 3826 2413 sicuti

2235 2467 2360 2515 sunt
2386 2458 2603 2528 spiritus
2638 2457 2829 2524 quibus
2857 2469 3080 2523 corpora
3119 2460 3432 2523 vegetantur
3475 2459 3529 2505 et
3555 2448 3827 2502 viviﬁcan-

2240 2560 2323 2606 lur
2351 2568 2363 2604 :
2391 2548 2513 2604 fecit
2541 2557 2596 2602 et
2621 2547 2889 2602 hominem
2915 2545 2980 2599 ad
3010 2545 3294 2614 imaginem
3323 2559 3510 2609 suam;
3553 2550 3612 2596 ut
3633 2555 3827 2610 quem-

2237 2644 2525 2698 admodum
2567 2643 2679 2712 ipse
2707 2655 2800 2710 per
2824 2637 3264 2708 omnipotentiam
3295 2652 3448 2692 suam
3484 2642 3679 2706 praaest
3704 2632 3830 2688 uni-

2239 2753 2409 2792 versae
2445 2745 2723 2799 creaturae,
2767 2734 2844 2788 sic
2883 2732 3044 2786 homo
3087 2748 3178 2802 per
3209 2729 3606 2801 intelligentiam
3650 2741 3830 2788 suam,

2241 2845 2342 2898 qua
2365 2827 2534 2882 etiam
2561 2825 2870 2880 Creatorem
2899 2838 3051 2878 suum
3071 2823 3352 2892 cognoscit
3379 2829 3432 2876 et
3457 2820 3603 2882 colit,
3633 2829 3836 2888 praeciso

2244 2929 2326 2975 set
2346 2919 2592 2974 omnibus
2619 2917 2846 2972 terrenis
2878 2915 3218 2970 animalibus.
3249 2913 3397 2968 Ferit
3429 2912 3509 2967 illi
3531 2911 3694 2966 etiam
3730 2907 3833 2968 ad-

2237 3013 2494 3082 jutorium
2539 3009 2834 3064 feminam:
2865 3023 2972 3062 non
3011 3006 3078 3060 ad
3124 3005 3396 3060 carnalem
3440 3000 3838 3070 concupiscen-

2248 3106 2395 3168 tiam,
2424 3100 2852 3173 quandoquidem
2892 3113 2993 3154 nec
3035 3097 3400 3166 eorruptibilia
3439 3109 3664 3162 corpora
3706 3101 3841 3146 tunc

2243 3197 2533 3263 habebant,
2573 3205 2858 3264 antequam
2904 3207 3000 3246 eos
3035 3188 3327 3246 mortalitas
3356 3185 3632 3242 invaderet
3672 3198 3843 3254 pcena

2243 3288 2486 3358 peccati;
2527 3285 2621 3341 scd
2666 3293 2723 3338 ut
2763 3283 2989 3338 haberet
3025 3290 3081 3337 et
3119 3283 3202 3336 vir
3245 3279 3464 3351 gloriam
3502 3275 3572 3331 de
3613 3273 3841 3338 femina,

2240 3397 2371 3438 cum
2404 3380 2456 3436 ei
2487 3379 2698 3450 prteiret
2724 3377 2788 3430 ad
2824 3376 3052 3441 Deum',
3081 3388 3244 3444 seque
3287 3372 3362 3428 illi
3401 3369 3670 3442 praeberet
3713 3368 3844 3421 imi-

2254 3473 2470 3530 tandum
2510 3474 2560 3525 in
2592 3471 2872 3526 sanctitate
2908 3478 3068 3538 atque
3098 3466 3329 3538 pietate;
3374 3465 3513 3519 sient
3553 3462 3668 3532 ipse
3696 3466 3847 3515 esset

2251 3567 2420 3638 gloria
2451 3565 2562 3630 Dei,
2594 3578 2714 3618 eum
2743 3562 2860 3632 ejus
2883 3561 3196 3631 sapientiam
3219 3565 3553 3628 sequeretur.

2267 3669 2272 3674 '
2327 3659 2417 3714 50.
2462 3658 2642 3726 Itaque
2665 3655 2944 3710 constituit
2969 3667 3063 3707 eos
3087 3653 3139 3706 in
3164 3650 3394 3720 quodam
3417 3649 3536 3704 loco
3564 3654 3846 3717 perpetua:

2251 3748 2636 3813 beatitudinis,
2683 3763 2842 3818 quem
2894 3746 3124 3815 appellat
3171 3743 3448 3813 Scriptura
3497 3739 3845 3810 paradisum;

2261 3851 2692 3912 praeceptumque
2736 3839 2838 3892 illis
2868 3837 3036 3902 dedit,
3083 3835 3227 3906 quod
3267 3834 3314 3889 si
3358 3849 3464 3889 non
3500 3830 3850 3901 transgrede-

2261 3942 2467 3999 rentur,
2501 3933 2554 3987 in
2581 3933 2668 3988 illa
2695 3947 2908 4002 semper
2935 3928 3346 3984 immortalitatis
3371 3925 3696 3982 beatitudine
3721 3939 3853 3993 per-

2263 4034 2544 4080 manerent
2567 4041 2580 4077 :
2608 4025 2652 4078 si
2676 4033 2852 4077 autem
2881 4019 3400 4091 transgrederentur,
3424 4017 3681 4088 supplicia
3709 4031 3854 4070 mor-

2249 4119 2484 4172 talitatis
2528 4116 2915 4187 expenderent.
2967 4111 3288 4168 Praesciebat
3326 4120 3504 4165 autem
3562 4109 3702 4163 Deus
3755 4122 3860 4164 eos

2267 4218 2696 4279 transgressurus
2720 4225 2732 4258 :
2759 4205 2855 4262 sed
2893 4214 3068 4258 tamen
3103 4203 3224 4274 quia
3257 4201 3502 4256 Conditor
3529 4208 3610 4254 est
3639 4209 3692 4252 et
3722 4196 3863 4254 εσθ-

2265 4307 2385 4355 ctor
2409 4298 2586 4352 omnis
2610 4295 2756 4360 boni,
2800 4295 2969 4364 magis
2994 4308 3089 4348 eos
3117 4291 3257 4356 fecit,
3289 4290 3503 4362 quando
3535 4290 3656 4342 fecit
3676 4297 3734 4342 et
3761 4286 3866 4343 be-

2269 4392 2419 4456 stias,
2461 4399 2519 4444 ut
2555 4389 2802 4458 impleret
2847 4396 3042 4442 terram
3083 4385 3238 4440 bonis
3269 4385 3515 4439 terrenis.
3565 4383 3632 4437 Et
3671 4381 3868 4451 utique

2270 4483 2462 4540 melior
2499 4491 2580 4537 est
2623 4481 2784 4536 homo
2833 4481 2993 4535 etiam
3039 4487 3308 4548 peccator,
3351 4492 3511 4547 quam
3555 4475 3744 4530 bestia.
3787 4473 3872 4528 Et

2272 4584 2594 4647 praeceptum
2617 4571 2760 4644 quod
2783 4586 2888 4625 non
2916 4580 3069 4626 erant
3091 4568 3374 4635 servaturi,
3405 4567 3573 4638 magis
3597 4564 3768 4630 dedit,
3806 4575 3875 4620 ιιι

2253 4677 2453 4725 essent
2491 4666 2898 4733 inexcusabiles,
2925 4679 3044 4719 eum
3075 4663 3126 4717 in
3153 4677 3247 4717 eos
3270 4661 3543 4716 vindicare
3567 4658 3860 4727 coepisset.

2272 4763 2537 4832 Quidquid
2577 4761 2719 4816 enim
2748 4759 2909 4813 homo
2947 4756 3156 4822 fecerit,
3190 4754 3510 4809 laudabilem
3541 4753 3593 4806 in
3638 4750 3753 4806 suis
3777 4749 3877 4806 fa-

2275 4857 2376 4911 ctis
2411 4855 2611 4910 invenit
2652 4853 2818 4907 Deum
2848 4868 2861 4904 :
2895 4851 2937 4904 si
2962 4858 3109 4905 recte
3139 4849 3324 4918 egerit,
3354 4844 3669 4900 laudabilem
3713 4843 3884 4898 inve-

2259 4949 2354 5002 ‘nit
2397 4963 2492 5018 per
2523 4945 2782 5016 justitiam
2825 4942 3196 5013 prtemiorum;
3241 4939 3285 4993 si
3317 4937 3636 5008 peccaverit,
3679 4933 3885 4988 lauda-

2275 5042 2436 5097 bilem
2476 5038 2675 5093 invenit
2699 5035 3071 5106 perjnstitiam
3108 5032 3529 5102 suppliciorum;
3570 5028 3614 5082 si
3647 5037 3887 5098 peccata

2277 5132 2554 5188 confessus
2576 5129 2640 5184 ad
2673 5139 2816 5184 recte
2846 5127 3132 5182 vivendum
3160 5124 3399 5191 redierit,
3422 5121 3745 5177 laudabilem
3786 5120 3890 5175 in-

2277 5224 2422 5279 venit
2468 5235 2564 5292 pcr
2602 5218 3024 5276 misericordiam
3068 5215 3536 5286 indulgeutiarum.
3582 5212 3693 5267 Cur
3741 5226 3894 5280 ergo

2279 5329 2382 5368 non
2407 5313 2605 5366 faceret
2631 5311 2764 5364 Dens
2789 5309 3081 5370 hominem,
3111 5305 3352 5378 quamvis
3378 5320 3498 5360 eum
3527 5312 3894 5374 peccaturum

2279 5413 2658 5478 praenosceret,
2703 5419 2822 5459 eum
2865 5411 2919 5458 et
2963 5410 3193 5458 stantem
3235 5405 3538 5464 eoronaret,
3581 5404 3639 5452 et
3675 5395 3899 5450 caden-

2282 5508 2387 5554 tem
2433 5497 2728 5561 ordinaret,
2775 5504 2830 5549 et
2872 5503 3178 5564 surgentem
3220 5491 3514 5561 adjuvaret,
3563 5501 3782 5558 semper
3829 5499 3900 5542 et

2281 5589 2476 5659 ubique
2517 5587 2631 5657 ipse
2675 5586 2939 5655 gloriosus
2965 5584 3223 5650 bonitate,
3281 5580 3508 5652 justitia,
3552 5577 3900 5635 clementia?

2281 5680 2512 5737 maxime
2539 5678 2661 5749 quia
2707 5685 2762 5732 et
2786 5675 2912 5732 illud
2944 5675 3276 5746 praesciebat,
3314 5673 3380 5729 de
3408 5670 3703 5743 propagine
3729 5685 3904 5727 mor-

2346 5821 2364 5852 ι
2401 5825 2500 5866 Am.
2529 5823 2580 5865 et
2601 5821 2696 5869 ΕΓ..
2721 5810 3030 5863 humanitate.

2345 5883 2366 5914 ³
2399 5887 2494 5941 Εικ,
2516 5875 2794 5927 dominium.
2821 5876 2938 5924 Editi
2961 5873 3060 5935 alii,
3083 5869 3350 5922 Dominum.
