4046 6332
298 320 389 376 533
1672 313 1872 369 LIBER
1911 313 1999 369 UN
2008 313 2107 370 US.

296 434 499 490 talitatis
541 430 658 503 ejus
689 431 895 487 futuros
946 439 1178 495 sanctos,
1223 429 1311 501 qui
1356 444 1463 484 non
1507 428 1609 483 sani
1653 442 1868 498 quaere-

295 540 423 595 rent,
468 527 559 582 sed
585 525 829 581 Creatori
871 542 969 581 suo
1008 526 1229 595 gloriam
1268 523 1482 586 darent,
1512 529 1565 576 et
1604 535 1725 575 eum
1773 535 1868 575 co-

293 618 445 673 lendo
496 618 564 673 ab
608 619 754 672 omni
808 617 1148 686 corruptione
1197 613 1426 680 liberati,
1476 626 1599 668 cum
1652 613 1875 682 Angelis

291 711 486 767 sanctis
519 725 736 780 semper
760 710 942 765 vivere
991 717 1046 764 et
1090 708 1245 763 beate
1281 708 1459 761 vivere
1501 704 1871 760 mererentur?

292 802 384 869 Qui
407 801 552 856 enim
584 800 889 855 [nominibus
913 798 1059 854 dedit
1089 798 1315 853 liberum
1351 796 1649 862 arbitrium,
1681 804 1739 850 ut
1767 809 1872 850 non

294 893 468 949 servili
496 893 834 958 necessitate,
879 890 971 946 sed
1000 892 1228 960 ingenua
1257 888 1528 944 voluntate
1573 888 1740 942 Deum
1778 901 1874 941 co-

294 987 480 1049 lerent,
506 984 651 1038 dedit
687 983 847 1038 etiam
876 981 1110 1051 Angelis.
1142 981 1207 1035 Et
1251 980 1369 1035 ideo
1393 994 1493 1034 nec
1517 978 1758 1047 angelus,
1785 977 1876 1046 qui

295 1092 410 1133 cum
448 1076 725 1146 Spiritibus
752 1075 872 1129 aliis
914 1074 1231 1128 satellitibus
1263 1072 1372 1126 suis
1402 1070 1766 1141 superbiendo
1781 1069 1877 1123 de-

295 1168 457 1224 seruit
487 1165 847 1220 obedientiam
872 1164 987 1231 Dei,
1016 1173 1067 1217 et
1096 1162 1338 1218 diabolus
1361 1162 1527 1217 factus
1549 1170 1651 1226 est,
1679 1160 1878 1230 aliquid

295 1258 471 1314 nocuit
499 1257 628 1321 Deo,
660 1254 756 1309 scd
785 1254 885 1309 sibi
912 1272 930 1307 ς
967 1254 1114 1308 novit
1153 1253 1294 1307 enim
1336 1252 1473 1306 Deus
1510 1250 1757 1306 ordinare
1782 1250 1879 1305 de-

295 1356 533 1403 serentes
559 1361 617 1401 se
645 1346 854 1399 animas
875 1344 973 1415 (a),
1001 1352 1055 1398 et
1090 1359 1154 1398 ex
1179 1358 1364 1397 earum
1386 1342 1529 1411 justa
1556 1340 1767 1396 miseria
1795 1341 1879 1394 in-

296 1438 517 1493 feriores
564 1444 742 1505 partes
794 1443 1052 1488 creaturae
1094 1447 1210 1491 Suae
1260 1432 1784 1487 convenientissimis
1828 1439 1881 1485 et

296 1525 790 1599 coiigrnentissimis
842 1524 1043 1593 legibus
1094 1522 1422 1577 admiranda:
1468 1520 1881 1591 dispensationis

298 1634 486 1674 ornare
505 1619 547 1672 ⁸.
568 1616 751 1686 Itaque
780 1631 880 1670 nec
904 1614 1152 1669 diabolus
1177 1613 1370 1684 aliquid
1397 1613 1507 1667 Deo
1532 1613 1731 1677 nocuit,
1759 1611 1881 1680 quia

298 1711 380 1766 vel
402 1711 519 1779 ipse
539 1710 723 1778 lapsus
746 1717 849 1775 est,
881 1707 963 1762 vel
996 1706 1262 1761 hominem
1292 1705 1500 1759 seduxit
1522 1704 1588 1759 ad
1615 1713 1838 1758 mortem
1864 1720 1879 1757 :

300 1818 395 1859 nec
432 1803 550 1871 ipse
590 1802 751 1855 homo
790 1800 842 1854 in
872 1799 1050 1868 aliquo
1076 1797 1264 1852 minuit
1289 1798 1569 1851 veritatem
1606 1804 1695 1850 aut
1725 1805 1880 1865 pote-

304 1904 493 1952 statem
530 1902 625 1949 aut
650 1893 954 1948 beatitatem
988 1892 1008 1923 ³
1040 1890 1345 1945 Conditoris
1384 1889 1485 1955 sui,
1525 1889 1646 1960 quia
1673 1888 1883 1959 conjugi

301 2003 409 2043 sua:
432 1985 670 2041 seducta:
686 2000 717 2037 a
741 1983 971 2046 diabolo,
999 1981 1065 2036 ad
1094 1981 1147 2036 id
1180 1981 1322 2051 quod
1350 1982 1490 2037 Deus
1510 1980 1879 2051 prohibuerat,

301 2078 515 2148 propria
566 2076 838 2129 voluntate
887 2073 1177 2129 consensit.
1222 2071 1554 2138 iustissimis
1588 2072 1733 2127 enim
1785 2071 1881 2126 Dei

301 2170 508 2241 legibus
535 2182 724 2223 omnes
750 2166 985 2221 damnati
1011 2174 1153 2231 sunt,
1191 2165 1299 2220 Deo
1336 2164 1569 2235 glorioso
1596 2179 1689 2233 per
1717 2164 1887 2233 aequi-

303 2274 469 2320 tatem
518 2263 785 2328 vindictae,
839 2260 940 2331 ipsi
988 2256 1327 2330 ignominiosi
1368 2272 1464 2327 per
1504 2257 1886 2326 turpitudinem

303 2371 478 2426 pmnaa
508 2352 658 2425 (Gen.
687 2368 747 2419 ιι,
774 2352 859 2421 ιιι)
887 2369 903 2405 :
931 2360 987 2405 ut
1011 2359 1066 2405 et
1090 2349 1250 2404 homo
1279 2363 1310 2402 a
1338 2361 1435 2402 suo
1457 2344 1708 2403 Creatorc
1730 2362 1886 2401 aver-

304 2462 397 2502 sus
419 2446 593 2501 victus
623 2443 837 2499 diabolo
861 2441 1197 2506 subderetur,
1229 2448 1285 2495 et
1322 2437 1564 2494 diabolus
1591 2436 1790 2491 homini
1821 2436 1887 2491 ad

308 2536 619 2592 Creatorem
659 2550 815 2589 suum
843 2547 1104 2588 converso
1139 2529 1436 2588 vincendos
1465 2536 1885 2599 proponeretur;

305 2635 360 2681 ut
386 2627 713 2697 quicumque
751 2623 965 2678 diabolo
1008 2637 1179 2692 usque
1224 2623 1275 2675 in
1315 2620 1474 2677 linem
1501 2619 1883 2683 consentirent,

304 2733 424 2774 cum
456 2718 550 2772 illo
578 2716 718 2771 irent
744 2715 795 2769 in
824 2722 1021 2769 aeterna
1049 2711 1340 2783 supplicia;
1364 2711 1685 2781 quicumque
1706 2720 1887 2763 autem

306 2808 649 2863 bumiliarcut
688 2819 748 2861 se
790 2805 921 2870 Deo,
963 2813 1018 2858 ct
1056 2817 1150 2873 per
1197 2800 1313 2872 ejus
1351 2800 1576 2870 gratiam
1616 2798 1888 2854 diabolum

305 2897 600 2959 vincerent,
631 2904 831 2949 acterna
866 2894 1081 2963 praemia
1107 2900 1461 2947 mererentur.

374 2988 605 3045 CAPUT
644 2986 787 3041 XIX.
815 3015 887 3025 —
911 2986 998 3039 5i.
1041 2983 1109 3038 In
1152 2982 1384 3036 Ecclesia
1425 2981 1541 3036 boni
1574 2990 1619 3036 et
1657 2981 1795 3045 mali,
1836 2980 1891 3035 in

309 3081 407 3147 ﬁne
439 3078 734 3148 separandi.
768 3074 1003 3131 Civitates
1033 3073 1148 3129 dna:
1176 3074 1237 3126 ab
1264 3073 1405 3127 initio
1434 3073 1628 3143 generis
1662 3071 1887 3126 humani.

311 3169 567 3223 Diluvium
604 3174 653 3220 et
680 3182 799 3218 (ητα
814 3174 1202 3218 sacramentum.
1235 3161 1312 3217 De
1332 3161 1618 3214 Abrahamo
1652 3170 1697 3214 et
1723 3160 1893 3213 Israe-

311 3261 443 3313 litico
486 3258 697 3329 papula.
750 3255 951 3309 Horum
997 3255 1132 3307 dicta
1178 3264 1224 3307 et
1267 3257 1422 3325 facta,
1470 3252 1733 3323 prapltetia
1774 3253 1888 3319 luit.

308 3345 485 3420 Neque
532 3349 637 3403 hoc
682 3362 781 3401 nos
824 3361 1040 3400 movere
1083 3344 1272 3409 debet;
1320 3344 1439 3414 quia
1486 3343 1638 3396 multi
1681 3342 1893 3398 diabolo

309 3443 667 3506 consentiunt,
699 3448 752 3494 et
780 3439 933 3507 pauci
976 3439 1137 3491 Deum
1181 3444 1515 3506 sequuntur:
1546 3434 1666 3504 quia
1703 3443 1757 3488 et
1783 3433 1894 3488 fru-

312 3542 543 3589 mentum
584 3532 637 3585 in
682 3529 1079 3600 comparatione
1112 3528 1381 3597 palearum
1410 3525 1561 3580 valde
1589 3525 1891 3595 pauciorcm

310 3623 465 3678 habet
490 3637 796 3677 numerum.
833 3618 940 3675 Sed
982 3620 1125 3673 sicut
1150 3617 1381 3688 agricola
1420 3615 1565 3670 novit
1587 3614 1711 3685 quid
1741 3614 1895 3669 faciat

312 3716 377 3771 de
409 3716 610 3786 ingenti
638 3727 833 3768 acervo
858 3710 1044 3781 paleae,
1081 3709 1159 3764 sic
1183 3708 1315 3763 nihil
1356 3715 1438 3763 est
1477 3708 1586 3762 Deo
1612 3706 1895 3762 multitudo

312 3817 675 3875 peccatorum,
711 3802 803 3873 qui
843 3802 989 3857 novit
1038 3800 1164 3870 quid
1211 3799 1278 3854 de
1320 3799 1425 3854 illis
1462 3808 1602 3869 agat,
1635 3808 1691 3853 ut
1726 3798 1896 3852 admi-

311 3896 553 3951 nistratio
578 3895 724 3964 regni
756 3894 873 3963 ejus
899 3907 964 3946 ex
981 3891 1123 3946 nulla
1160 3899 1306 3960 parte
1335 3889 1577 3945 turbetur
1598 3897 1754 3959 atque
1784 3898 1897 3943 tur-

311 3996 483 4056 petor.
524 3986 643 4040 Nec
671 3985 792 4039 ideo
823 3982 1089 4054 putandus
1131 3991 1213 4037 est
1241 3982 1431 4036 vicisse
1473 3981 1735 4045 diabolus,
1772 3983 1896 4052 quia

311 4092 488 4132 secum
529 4076 733 4146 plures,
773 4089 895 4130 cum
935 4074 1128 4143 quibus
1162 4089 1191 4126 a
1228 4075 1406 4140 paucis
1450 4074 1770 4138 vinceretur,
1812 4082 1896 4128 at-

311 4169 489 4223 traxit.
532 4168 660 4221 Dua:
705 4167 884 4235 itaque
919 4165 1181 4231 civitates,
1226 4179 1326 4217 una
1365 4164 1683 4234 iniquorum,
1729 4164 1895 4217 altera

308 4279 637 4333 sanctorum,
670 4266 739 4321 ab
760 4265 911 4319 initio
939 4262 1151 4334 generis
1189 4260 1409 4315 humani
1443 4276 1606 4329 usque
1648 4260 1701 4314 in
1738 4261 1895 4314 linem

307 4361 490 4415 sa'culi
522 4357 904 4428 perducuntur,
953 4370 1091 4408 nunc
1136 4351 1410 4423 permixta:
1439 4352 1768 4419 corporibus,
1802 4350 1897 4406 sed

308 4448 676 4506 voluntatibus
700 4456 983 4516 separatur,
1016 4445 1067 4499 in
1098 4444 1186 4499 die
1219 4459 1349 4497 vero
1372 4441 1554 4512 judicii
1584 4443 1744 4497 etiam
1780 4457 1899 4497 cor-

312 4557 439 4611 pore
475 4539 810 4612 separandzc.
851 4538 1051 4593 Omnes
1079 4538 1223 4591 enim
1267 4535 1512 4589 homines
1540 4544 1781 4591 amantes
1811 4550 1898 4590 su-

310 4632 549 4700 perbiam
577 4641 632 4684 et
672 4628 1018 4697 temporalem
1048 4626 1466 4683 dominationem
1496 4641 1617 4679 cum
1656 4641 1791 4680 vano
1814 4636 1898 4698 ty-

310 4724 415 4795 pho
435 4734 494 4780 et
519 4738 713 4793 pompa
734 4720 1074 4791 arrogantius,
1102 4734 1397 4788 omnesque
1417 4717 1634 4787 Spiritus
1656 4719 1743 4788 qui
1778 4719 1897 4773 talia

309 4815 557 4884 diligunt,
588 4822 642 4867 ct
666 4813 889 4882 gloriam
921 4825 1070 4865 suam
1097 4808 1428 4879 subjectione
1458 4810 1729 4863 hominum
1755 4826 1899 4879 qua:—

310 4916 456 4972 runt,
499 4908 656 4961 simul
702 4923 806 4961 una
848 4905 1105 4961 societate
1144 4904 1376 4960 devincti
1419 4914 1573 4969 sunt;
1621 4905 1714 4960 sed
1760 4915 1814 4961 et
1852 4906 1896 4961 si

310 4997 490 5068 saepe’
528 4997 813 5055 adversum
844 5012 903 5052 se
932 5014 1029 5067 pro
1067 4997 1149 5051 his
1185 4997 1343 5052 rebus
1371 4995 1640 5061 dimicant,
1674 4996 1787 5067 pari
1819 5006 1898 5051 tae

312 5107 436 5144 men
487 5088 727 5159 pondere
768 5088 1071 5157 cupiditatis
1118 5088 1171 5143 in
1209 5086 1454 5143 eamdem
1486 5086 1898 5158 profunditatem

314 5182 731 5251 pnecipitantur,
764 5188 820 5235 et
843 5180 940 5234 sibi
982 5193 1188 5234 morum
1218 5187 1272 5234 et
1304 5179 1613 5234 meritorum
1655 5179 1899 5234 similitu-

312 5275 438 5327 dine
490 5272 906 5341 conjnngnntur.
964 5266 1033 5325 Et
1084 5284 1269 5325 rursus
1316 5284 1503 5324 onmes
1554 5269 1797 5323 homines
1845 5278 1898 5324 et

309 5378 506 5420 eximes
528 5366 748 5433 spiritus
777 5362 1050 5417 humiliter
1082 5362 1172 5416 Dei
1200 5361 1420 5431 gloriam
1442 5372 1761 5431 quarrenles,
1793 5377 1897 5416 non

309 5472 488 5522 suam,
526 5466 581 5511 et
618 5470 741 5511 eum
768 5455 965 5525 pietate
1007 5460 1293 5520 sectantes,
1337 5452 1404 5508 ad
1434 5467 1591 5508 unam
1634 5454 1899 5524 pertinent

380 5610 394 5639 ¹
430 5606 532 5657 Sola
557 5606 710 5657 editio
723 5614 857 5665 Lov.,
882 5604 1125 5657 ordinare.

375 5672 396 5733 τ
429 5671 654 5733 rlerique
676 5669 1163 5733 siss._omittunt,_azu
1178 5665 1465 5719 beatitatem.

379 5731 398 5762 ³
429 5739 555 5791 1153.,
814 5735 941 5794 sunt,
959 5734 1011 5794 et
1034 5727 1077 5781 si
1097 5741 1255 5794 me;
1274 5743 1467 5794 omisso,
1493 5731 1625 5785 sed...

370 5794 509 5857 (aj'u
534 5790 744 5843 setmet.
782 5803 889 5853 cap.
919 5790 993 5839 Η.

1976 428 2309 485 societatem.
2340 431 2406 485 Et
2431 440 2608 488 tamen
2634 434 2778 490 Deus
2811 434 3361 506 misericordissimus,
3384 451 3437 496 et
3464 457 3561 498 su—

1976 534 2074 590 per
2099 522 2288 592 impios
2314 522 2557 580 homines
2586 525 2793 595 patiens
2822 535 2924 594 est,
2963 536 3019 583 et
3050 528 3252 599 praebet
3282 531 3363 587 eis
3387 533 3564 602 posui-

1979 612 2158 667 tentize
2181 622 2339 683 atque
2359 616 2703 671 correctionis
2728 617 2926 672 locum.

2049 701 2139 758 59.
2177 702 2309 757 Nam
2356 704 2578 775 etquod
2605 720 2792 761 omnes
2829 705 3035 763 diluvio
3076 707 3296 775 delevit,
3333 722 3565 783 excepto

1980 807 2088 847 uno
2107 792 2252 863 justo
2276 808 2396 849 cum
2424 796 2554 861 suis,
2582 810 2716 867 quos
2741 796 2798 851 in
2818 812 2941 853 arca
2967 801 3168 854 servari
3192 800 3378 867 voluit,
3400 818 3566 859 nove-

1980 893 2065 938 rat
2092 885 2305 955 quidem
2332 886 2474 956 quod
2496 902 2600 941 non
2630 902 2690 943 se
2715 890 3007 945 correctori
3038 900 3220 946 essent
3246 910 3259 946 :
3287 904 3564 951 verumta-

1982 991 2104 1031 men
2134 992 2254 1031 cum
2294 992 2388 1046 per
2415 986 2629 1032 centum
2654 992 2827 1037 annos
2850 994 2974 1035 arca
3003 980 3255 1038 fabricata
3281 992 3384 1049 est,
3417 1000 3559 1054 prte-

1982 1066 2261 1122 dieabatur
2323 1070 2504 1139 utique
2553 1070 2632 1126 eis
2695 1071 2772 1125 ira
2829 1072 2928 1127 Dei
2979 1083 3201 1129 ventura
3257 1091 3420 1147 super
3469 1093 3564 1135 eos

1984 1154 2134 1229 (Gen.
2172 1173 2243 1223 vr,
2281 1159 2410 1227 vn);
2439 1166 2495 1214 et
2536 1159 2582 1214 si
2614 1170 3055 1219 converterentur
3078 1166 3095 1196 ¹
3127 1166 3192 1220 ad
3222 1167 3410 1233 Deum,
3442 1184 3566 1239 par-

1984 1257 2131 1304 ceret
2166 1248 2264 1314 cis,
2295 1251 2430 1305 sicut
2460 1252 2697 1322 pepercit
2732 1263 2911 1323 postea
2942 1254 3128 1310 Ninive
3162 1257 3361 1312 civitati
3389 1260 3567 1329 agenti

1986 1340 2372 1409 paenitentiam,
2406 1358 2526 1395 eum
2561 1342 2609 1398 ei
2642 1358 2735 1412 per
2771 1344 3080 1414 prephetam
3137 1345 3368 1402 futurum
3407 1348 3569 1405 inter-

1958 1432 2115 1495 ritum
2144 1434 2550 1502 praenuntiasset
2579 1433 2750 1504 (Jama
2771 1443 2872 1505 ιιι).
2903 1437 3016 1492 Hoc
3037 1448 3214 1494 autem
3250 1440 3373 1509 facit
3401 1440 3565 1508 Deus,

1985 1523 2145 1577 etiam
2174 1524 2275 1578 illis
2301 1540 2433 1594 quos
2459 1526 2607 1581 novit
2643 1527 2696 1581 in
2726 1527 2925 1583 malitia
2963 1541 3396 1598 perseveraturos
3431 1532 3569 1590 dans

1986 1613 2279 1683 pmnitendi
2301 1616 2550 1685 spatium,
2575 1624 2632 1671 ut
2654 1626 2890 1673 nostram
2913 1620 3216 1689 patientiam
3241 1632 3488 1678 exerceat
3512 1631 3570 1678 et

1986 1705 2235 1760 informet
2260 1707 2505 1777 exemplo
2533 1724 2666 1777 suo;
2708 1725 2812 1779 quo
2838 1712 3146 1767 noverimus
3183 1723 3439 1784 quantum
3467 1729 3567 1771 nos

1987 1805 2230 1864 Oportcat
2248 1797 2593 1853 tolerabiliter
2614 1801 2780 1855 malos
2802 1802 3086 1869 sustinere,
3110 1819 3232 1860 cum
3259 1805 3569 1875 ignoremus

1988 1888 2174 1957 quales
2204 1898 2385 1957 postea
2415 1891 2574 1945 futuri
2615 1900 2757 1959 sunt,
2787 1892 3000 1961 quando
3040 1894 3131 1949 ille
3160 1896 3329 1965 parcit
3364 1904 3421 1951 et
3443 1897 3571 1953 sinit

1988 1992 2082 2032 eos
2108 1978 2308 2043 vivere,
2355 1995 2512 2049 quem
2552 1981 2681 2035 nihil
2718 1982 3013 2037 futurorum
3055 1984 3201 2040 latet.
3230 1982 3569 2042 Praenuntia-

1990 2069 2147 2126 batur
2186 2081 2361 2125 tamen
2407 2073 2568 2127 etiam
2617 2073 2798 2128 diluvii
2851 2084 3186 2130 sacramento
3229 2090 3333 2146 quo
3378 2092 3472 2146 per
3511 2077 3575 2131 li-

1988 2174 2148 2230 gnum
2182 2161 2312 2230 justi
2342 2162 2550 2217 liberati
2593 2172 2737 2229 sunt,
2781 2162 2959 2219 futura
3001 2164 3237 2219 Ecclesia
3278 2181 3437 2236 quam
3477 2182 3573 2222 rex

1990 2250 2109 2321 ejus
2140 2261 2195 2306 et
2230 2252 2371 2307 Deus
2392 2252 2637 2308 Christus
2661 2255 2919 2325 mysterio
2958 2270 3071 2309 suae
3112 2255 3288 2310 crucis
3316 2256 3385 2312 ab
3412 2256 3576 2328 hujus

1991 2342 2172 2396 steculi
2216 2341 2583 2398 submersione
2634 2343 2933 2413 suspendit.
2988 2344 3171 2414 Neque
3230 2346 3376 2401 enim
3433 2345 3575 2402 Deus

1991 2431 2269 2503 ignorabat
2292 2433 2437 2504 quod
2467 2434 2629 2489 etiam
2651 2449 2714 2489 ex
2748 2435 2851 2489 illis
2879 2435 2969 2504 qui
2994 2435 3207 2491 fuerant
3232 2436 3284 2491 in
3314 2451 3437 2492 arca
3462 2451 3578 2493 ser-

1991 2525 2119 2586 vati,
2151 2525 2403 2579 nascituri
2433 2534 2584 2580 erant
2612 2525 2758 2590 mali,
2792 2526 2882 2595 qui
2913 2524 3102 2581 faciem
3140 2535 3297 2581 terra:
3322 2526 3577 2597 iniquita-

1995 2615 2134 2670 tibus
2156 2615 2347 2669 iterum
2386 2614 2711 2685 implerent:
2744 2615 2838 2670 sed
2879 2626 3053 2672 tamen
3080 2625 3133 2671 et
3164 2617 3468 2688 exemplum
3493 2616 3578 2671 fu-

1994 2705 2097 2760 turi
2134 2705 2321 2774 judicii
2374 2704 2539 2773 dedit,
2585 2713 2640 2762 et
2690 2713 2995 2761 sanctorum
3039 2706 3405 2763 liberationem
3447 2706 3580 2779 ligni

1993 2797 2251 2868 mysterio
2272 2798 2669 2867 prmuuntiavit.
2700 2797 2834 2853 Nam
2873 2808 2929 2854 et
2954 2806 3073 2868 post
3107 2797 3223 2853 hmo
3259 2814 3366 2854 non
3395 2814 3578 2854 cessa-

1993 2890 2070 2942 vit
2094 2890 2417 2958 repullulare
2457 2889 2655 2944 malitia
2684 2904 2777 2959 per
2815 2888 3120 2959 superbiam
3151 2900 3206 2944 ct
3247 2889 3495 2946 libidines
3523 2899 3582 2946 et

1995 2982 2205 3038 illicitas
2249 2983 2569 3053 impietates,
2619 2996 2739 3036 cum
2786 2980 3033 3036 homines
3078 2980 3292 3037 deserto
3325 2980 3581 3038 Creatore

1994 3092 2113 3140 suo,
2158 3091 2264 3131 non
2304 3076 2476 3131 solum
2517 3074 2585 3128 ad
2624 3082 2925 3129 creaturam
2969 3088 3129 3144 quam
3168 3074 3309 3128 Deus
3340 3072 3582 3129 condidit

1996 3168 2128 3236 lapsi
2162 3175 2305 3230 sunt,
2339 3175 2396 3220 ut
2416 3181 2512 3235 pro
2540 3167 2649 3220 Deo
2678 3165 2921 3219 colerent
2951 3163 3095 3233 quod
3122 3163 3246 3219 fecit
3280 3163 3457 3233 Deus;
3484 3161 3583 3219 sed

1995 3260 2155 3314 etiam
2196 3258 2262 3312 ad
2304 3273 2467 3329 opera
2507 3271 2760 3311 manuum
2793 3254 3067 3309 hominum
3112 3262 3169 3310 et
3204 3254 3272 3323 ad
3307 3254 3581 3311 fabrorum

1995 3351 2220 3406 artificia
2245 3358 2605 3405 curvaverunt
2625 3349 2832 3402 animas
2850 3362 2993 3409 suas.
3029 3347 3115 3402 ubi
3143 3347 3209 3402 de
3237 3348 3343 3403 illis
3374 3349 3585 3418 turpius

1997 3442 2236 3496 diabolus
2262 3450 2317 3496 et
2341 3440 2599 3494 daemonia
2624 3437 3044 3508 triumpharent;
3074 3454 3191 3507 qua:
3217 3451 3278 3493 se
3300 3438 3353 3492 in
3385 3438 3583 3493 talibus

1999 3531 2265 3604 figmentis
2286 3531 2493 3587 adorari
2524 3529 2874 3599 venerarique
2898 3528 3169 3595 laetantur,
3201 3527 3328 3584 dum
3354 3543 3574 3584 errores

1984 3641 2126 3685 suos
2156 3625 2401 3681 humanis
2428 3624 2701 3679 erroribus
2727 3624 3012 3693 paseunt'.

2071 3718 2163 3772 55.
2202 3716 2386 3787 Neque
2416 3725 2538 3771 tunc
2577 3729 2707 3771 sane
2729 3712 3014 3769 defuerunt
3035 3713 3163 3784 justi
3193 3713 3283 3785 qui
3308 3713 3473 3768 Deum
3498 3712 3584 3783 pie

1998 3817 2325 3883 quaererent,
2355 3818 2411 3864 et
2452 3809 2755 3880 superbiam
2783 3808 2984 3864 diaboli
3019 3808 3315 3871 vincerent,
3346 3807 3492 3862 cives
3518 3805 3584 3861 il-

2002 3906 2105 3961 lius
2132 3912 2331 3960 sanctae
2371 3902 2621 3968 civitatis,
2664 3916 2798 3971 quos
2840 3902 2983 3972 regis
3007 3902 3089 3955 sui
3132 3900 3327 3956 Christi
3362 3909 3585 3957 ventura

2002 3998 2274 4054 humilitas
2313 4010 2407 4066 per
2450 3994 2707 4064 Spiritum
2748 3992 2984 4049 revelata
3028 3992 3254 4047 sanavit.
3288 3992 3364 4048 Ex
3393 3990 3587 4063 quibus

2001 4089 2271 4146 Abraham
2290 4089 2407 4159 pius
2421 4097 2476 4143 et
2488 4086 2658 4143 fidelis
2673 4085 2766 4143 Dei
2778 4100 2966 4142 servus
2982 4086 3183 4141 electus
3195 4094 3276 4139 est
3293 4083 3445 4155 (Gen.
3461 4081 3583 4157 xu),

2000 4182 2084 4236 cui
2105 4180 2568 4236 demonstraretur
2586 4187 2976 4234 sacramentum
2999 4170 3118 4231 Filii
3144 4177 3262 4241 Dei,
3288 4186 3345 4231 ut
3366 4186 3587 4248 propter

1999 4271 2353 4328 imitationem
2386 4271 2508 4325 fidei
2533 4286 2720 4326 omnes
2748 4270 2934 4325 fideles
2958 4270 3195 4325 omnium
3219 4270 3457 4339 gentium
3486 4270 3587 4325 lilii

2002 4364 2120 4435 ejus
2158 4363 2321 4419 futuri
2360 4362 2683 4418 dicerentur.
2725 4361 2808 4416 Ex
2850 4361 2941 4415 illo
2986 4370 3142 4415 nutus
3170 4368 3254 4417 est
3296 4361 3524 4432 populus
3551 4376 3584 4415 a

2001 4470 2108 4526 quo
2145 4471 2283 4510 unus
2322 4454 2459 4509 Deus
2504 4468 2660 4507 verus
2702 4451 2967 4507 coleretur
2998 4450 3088 4521 qui
3128 4450 3255 4506 fecit
3297 4451 3493 4507 cmlum
3533 4459 3588 4507 et

2003 4554 2198 4602 terram
2218 4587 2233 4610 ,
2259 4559 2381 4599 cum
2411 4553 2618 4599 caetera:
2656 4550 2842 4613 gentes
2880 4542 3184 4599 simulacris
3216 4550 3272 4597 et
3308 4542 3589 4598 daemoniis

2003 4640 2282 4696 servirent.
2309 4637 2366 4693 lu
2395 4653 2461 4693 eo
2488 4636 2645 4707 plane
2676 4636 2871 4706 populo
2896 4634 3065 4690 multo
3087 4634 3386 4691 evidentius
3412 4634 3589 4690 futura

2005 4732 2243 4788 Ecclesia
2271 4729 2491 4801 figurata
2521 4737 2622 4784 est.
2655 4729 2781 4783 Erat
2807 4727 2950 4783 enim
2984 4727 3054 4781 ibi
3082 4726 3363 4783 multitudo
3400 4739 3591 4781 carna-

2005 4824 2089 4887 lis,
2138 4840 2255 4893 quu:
2300 4831 2517 4892 propter
2562 4819 2791 4875 visibilia
2837 4818 3095 4873 beneficia
3147 4819 3354 4874 colebat
3397 4817 3588 4870 Deum.

2006 4917 2169 4972 Erant
2195 4914 2265 4969 ibi
2292 4922 2465 4969 autem
2496 4912 2648 4983 pauci
2680 4910 2912 4966 futuram
2942 4911 3180 4980 requiem
3211 4908 3504 4977 cogitantes
3532 4915 3593 4961 et

2003 5007 2275 5063 coalestcm
2324 5005 2548 5075 patriam
2587 5003 2938 5072 requirentes,
2985 5001 3175 5069 quibus
3219 4995 3591 5067 prephctando

2007 5095 2343 5153 revelabatur
2387 5093 2563 5148 futura
2606 5090 2877 5147 humilitas
2931 5089 3045 5151 Dei,
3094 5088 3230 5158 regis
3275 5096 3329 5141 et
3378 5086 3590 5143 Domini

2004 5187 2172 5243 nostri
2204 5185 2335 5241 Jesu
2364 5184 2581 5249 Christi,
2614 5193 2671 5237 ut
2712 5198 2810 5251 per
2847 5195 2963 5238 eam
3006 5178 3163 5233 fidem
3206 5177 3275 5231 ab
3313 5178 3457 5233 omni
3489 5188 3588 5234 su-

2006 5279 2185 5349 perbia
2215 5284 2272 5334 et
2300 5286 2507 5335 tumore
2533 5285 2866 5331 sanarentur.
2908 5272 3109 5327 Horum
3136 5278 3464 5338 sanctorum,
3496 5275 3589 5344 qui

2006 5377 2394 5441 praecesserunt
2434 5376 2672 5437 tempore
2719 5364 3047 5418 nativitatem
3090 5361 3322 5429 Domini,
3354 5377 3461 5418 non
3502 5380 3591 5419 so-

2008 5464 2115 5517 lum
2144 5476 2344 5525 sermo,
2373 5459 2468 5515 sed
2488 5460 2648 5514 etiam
2671 5457 2797 5522 vita,
2820 5464 2873 5510 et
2897 5453 3167 5525 conjugis,
3195 5464 3247 5510 ct
3271 5455 3387 5520 lilii,
3419 5463 3474 5512 et
3505 5455 3588 5509 fa-

2007 5563 2111 5619 cta,
2161 5550 2436 5623 prephetia
2481 5550 2576 5602 fuit
2627 5548 2782 5619 hujus
2821 5546 3103 5617 temporis,
3143 5560 3249 5617 quo
3296 5561 3393 5618 per
3424 5546 3586 5603 fidem

2074 5669 2087 5699 ι
2109 5672 2181 5714 Er.
2206 5671 2256 5713 et
2278 5669 2410 5720 L0v.,
2435 5659 2546 5710 utsi
2566 5664 2972 5712 commercatur.
2992 5667 3091 5712 Am.
3119 5667 3167 5712 et
3191 5666 3316 5722 Mss,
3337 5661 3384 5709 et
3406 5655 3451 5711 si
3471 5669 3586 5707 eam

2014 5732 2305 5778 verterentur
2331 5759 2345 5772 .
2532 5750 2561 5775 ο

2074 5793 2092 5820 ³
2126 5783 2436 5835 Ηοιήιιεθιιδίς
2458 5783 2650 5836 ﬂuidam
2673 5788 2773 5846 με,
2802 5781 3016 5835 miscent.
