4046 6332
469 360 574 419 3'55

468 471 728 543 passionis
761 467 957 526 Christi
994 482 1058 524 ex
1099 464 1347 537 gentibus
1393 469 1745 533 congregatur
1774 457 2040 514 Ecclesia.

469 564 573 620 Per
605 561 726 619 illos
773 568 986 617 sanctos
1031 554 1367 613 Patriarchas
1403 561 1458 609 et
1503 550 1798 622 Prophetas
1841 546 2044 604 carnali

470 654 667 729 popqu
696 651 878 719 Israel,
906 650 995 723 qui
1022 656 1204 720 postea
1241 646 1402 701 etiam
1427 643 1597 700 Judaei
1618 640 1865 713 appellati
1896 648 2042 704 sunt,

466 758 521 804 et
552 745 773 802 visibilia
804 741 1059 799 beneficia
1087 736 1522 795 ministrabantur
1548 744 1667 806 quae
1704 731 1988 788 carnaliter
2014 744 2045 783 a

469 836 699 894 Domino
723 831 1114 896 desiderabant,
1152 837 1206 884 et
1232 826 1584 884 eoercltiones
1612 836 1887 895 poenarum
1926 829 2047 875 cor-

465 930 730 1001 poralium
760 925 951 997 quibus
989 938 1088 993 pro
1113 930 1354 990 tempore
1393 924 1740 982 terrerentur,
1782 914 1920 969 sicut
1954 926 2047 967 eo-

467 1031 589 1078 rum
625 1020 836 1077 duritia:
870 1014 1211 1087 congruebat.
1251 1011 1317 1067 Et
1354 1010 1409 1066 in
1453 1009 1536 1064 bis
1577 1015 1755 1062 tamen
1798 1002 2047 1059 omnibus

468 1114 724 1187 mysteria
743 1108 1037 1181 spiritualia
1063 1103 1513 1176 significabantur,
1534 1108 1654 1170 qua:
1678 1096 1745 1152 ad
1778 1094 2046 1187 Christum

466 1185 540 1261 et:
571 1201 863 1261 Ecclesiam
911 1197 1240 1268 pertinerent
1268 1192 1459 1262 :‘cujus
1504 1189 1758 1244 Ecclesia:
1806 1185 2047 1240 Membra

468 1305 624 1352 erant
662 1294 823 1349 etiam
848 1290 933 1346 illi
963 1286 1155 1352 sancti,
1198 1284 1440 1356 quamvis
1483 1284 1538 1336 in
1566 1281 1665 1336 hac
1706 1280 1814 1333 vita
1853 1277 2050 1332 fuerint

466 1393 757 1455 antequam
800 1378 1095 1436 secundum
1137 1382 1353 1432 ca‘rnem
1391 1373 1635 1429 Christus
1664 1370 1923 1425 Dominus
1956 1383 2051 1422 na-

467 1485 725 1532 sceretur.
767 1473 887 1543 Ipse
926 1471 1070 1528 enim
1104 1468 1416 1538 ’unigenitus
1448 1465 1542 1519 Dei
1587 1463 1772 1528 Filius,
1814 1460 2047 1515 Verbum

469 1566 662 1631 Patris,
710 1562 915 1634 aequale
950 1569 1005 1616 et
1042 1566 1366 1614 coaztermun
1409 1554 1574 1619 Patri,
1612 1568 1705 1623 per
1729 1550 1870 1622 quod
1908 1549 2050 1605 facta

469 1668 595 1714 sunt
625 1658 825 1722 omnia,
867 1655 1031 1709 homo
1062 1660 1276 1722 propter
1319 1665 1418 1704 nos
1457 1647 1631 1703 factus
1656 1653 1759 1713 est,
1807 1652 1863 1698 ut
1891 1644 2050 1698 totius

469 1747 727 1804 Ecclesiae
771 1754 1019 1814 tanquam
1052 1741 1212 1796 totius
1255 1737 1497 1808 corporis
1539 1742 1697 1805 caput
1731 1741 1894 1789 esset.
1943 1730 2051 1788 Sed

468 1840 614 1895 velut
638 1845 792 1892 totus
818 1835 979 1889 homo
1013 1830 1148 1886 'dum
1194 1829 1449 1893 nascitur,
1492 1826 1699 1882 etiamsi
1743 1838 1963 1878 manum
1995 1822 2049 1876 in

468 1928 736 1987 nascendo
762 1923 1069 1997 przemittat,
1113 1930 1290 1976 tamen
1320 1918 1567 1974 universo
1599 1914 1809 1986 corpori
1839 1913 1939 1969 sub
1969 1927 2053 1968 ca-

468 2021 576 2091 pite
616 2019 896 2087 conjuncta
935 2024 1095 2085 atque
1135 2019 1412 2082 compacta
1456 2016 1558 2074 est,
1596 2004 2045 2078 quemadmodum

468 2113 630 2166 etiam
661 2108 902 2163 nonnulli
927 2107 980 2161 in
1012 2105 1140 2174 ipsis
1164 2101 1495 2159 Patriarchis
1515 2100 1582 2155 ad
1609 2099 1762 2169 hujus
1786 2098 1949 2167 ipsius
1974 2097 2054 2153 rei

470 2202 678 2272 signum
707 2213 865 2253 manu
897 2196 1166 2267 prremissa
1204 2193 1313 2248 nati
1341 2202 1467 2247 sunt
1495 2188 1913 2261 (Gen.xxv,25)
1938 2206 1951 2241 :
1982 2189 2053 2243 ita

471 2304 661 2345 omnes
682 2289 851 2344 sancti
880 2286 969 2356 qui
1007 2296 1131 2339 ante
1162 2282 1370 2338 Domini
1396 2282 1561 2337 nostri
1589 2280 1716 2336 Iesu
1735 2280 1930 2335 Christi
1956 2294 2052 2334 na-

471 2384 729 2437 tivitatem
760 2380 812 2434 in
844 2377 1002 2433 terris
1029 2375 1261 2441 fuerunt,
1298 2373 1541 2445 quamvis
1584 2379 1708 2426 ante
1751 2370 1860 2425 nati
1900 2378 2049 2437 sunt,

471 2482 651 2528 tamen
687 2470 938 2525 universo
979 2466 1213 2538 corpori,
1258 2464 1409 2536 cujus
1444 2464 1532 2520 ille
1571 2472 1729 2534 caput
1769 2463 1912 2530 est‘,
1952 2460 2054 2518 sub

473 2566 645 2633 capite
671 2561 1029 2617 cohmserunt.

550 2651 774 2709 CAPUT
792 2649 988 2707 XX.—
1009 2649 1096 2705 54.
1120 2647 1472 2703 lsraelitarum
1499 2645 1707 2700 servitus
1729 2644 1782 2699 in
1799 2642 2048 2716 £gypto,

472 2755 518 2800 et
545 2744 771 2800 liberatio
798 2742 974 2811 viaque
998 2757 1087 2811 per
1111 2756 1250 2794 mare
1272 2738 1522 2793 Rubrum.
1554 2736 1842 2807 Baptism‘us
1863 2737 2058 2806 ﬁgura-

476 2847 576 2890 tus.
604 2835 721 2889 Ovis
741 2832 1016 2887 immutatio
1043 2832 1292 2902 passionis
1315 2828 1501 2885 Christi
1526 2830 1712 2898 ﬁgura.
1735 2828 1844 2883 Lex
1863 2829 2055 2899 scripta

475 2926 632 2997 digito
657 2923 775 2978 Dei.
801 2922 1087 2977 Jerusalem
1119 2934 1267 2993 typus
1300 2921 1513 2975 civitatis
1551 2919 1781 2974 caelestis.
1821 2920 2055 2990 Populus

473 3032 603 3087 ergo
621 3016 710 3070 ille
732 3013 937 3070 delatus
954 3013 1009 3067 in
1024 3011 1335 3083 Egyptum,
1362 3011 1579 3067 servivit
1606 3010 1714 3080 regi
1743 3009 2051 3076 durissimo;

472 3118 529 3164 et
553 3105 879 3178 gravissimis
908 3104 1177 3160 laboribus
1203 3102 1441 3158 eruditus
1459 3143 1474 3170 ,
1505 3100 1751 3172 quatsivit
1798 3099 2053 3156 liberato-

473 3215 589 3255 rem
637 3199 803 3254 Deum
836 3214 851 3251 :
882 3206 937 3252 et
970 3196 1160 3251 missus
1187 3204 1272 3251 est
1300 3195 1377 3251 eis
1406 3208 1543 3249 unus
1570 3193 1639 3249 de
1665 3194 1779 3263 ipso
1809 3192 2005 3263 popqu
2035 3234 2051 3259 ,

472 3299 689 3345 sanctus
715 3288 806 3343 Dei
832 3298 1018 3343 servus
1045 3284 1253 3357 Moyses
1269 3326 1284 3351 ,
1309 3284 1399 3355 qui
1425 3284 1477 3339 in
1507 3284 1702 3339 virtute
1728 3283 1823 3338 Dei
1850 3283 2055 3353 magnis

475 3380 747 3436 miraculis
773 3388 983 3434 terrens
1013 3387 1138 3432 tunc
1173 3377 1389 3446 impiam
1417 3385 1627 3447 gentem
1660 3374 2051 3446 Egyptiorum,

475 3471 661 3527 eduxit
696 3470 821 3526 inde
863 3469 1113 3539 populum
1163 3466 1259 3522 Dei
1307 3480 1402 3536 per
1448 3481 1595 3523 mare
1642 3465 1914 3530 Rubrum;
1965 3464 2054 3525 ubi

473 3562 757 3619 discedens
804 3546 940 3631 aqua
986 3562 1125 3616 viam
1166 3559 1390 3629 praebuit
1416 3558 1811 3614 transeuntibus
1843 3575 1856 3610 :
1888 3556 2055 3629 Egy—

476 3653 570 3723 ptii
616 3662 794 3707 autem
823 3666 945 3705 cum
974 3665 1069 3706 eos
1098 3657 1547 3720 persequerentur
1565 3689 1581 3716 ,
1624 3649 1968 3705 redeuntibus
1999 3650 2054 3704 in

474 3760 535 3798 se
560 3744 808 3798 ﬂuctibus
830 3740 1067 3817 demersi
1102 3740 1348 3795 exstincti
1392 3748 1535 3795 sunt.
1586 3739 1661 3795 Ita
1682 3808 1685 3811 Α
1707 3740 2054 3810 quemadmo-

474 3830 602 3890 dutt‘t
633 3850 726 3905 per
757 3833 1010 3889 diluvium
1041 3832 1193 3902 aquis
1231 3839 1372 3887 terra
1410 3839 1629 3901 purgata
1655 3841 1737 3891 est
1764 3846 1792 3884 a
1822 3830 2053 3901 nequitia

479 3937 814 3998 peccatorum
834 3967 850 3992 ,
882 3925 970 3995 qui
999 3933 1123 3979 tunc
1147 3924 1199 3977 in
1227 3924 1314 3977 illa
1338 3922 1681 3983 inundatione
1708 3922 1872 3979 deleti
1906 3931 2049 3991 sunt,

479 4029 535 4077 et
556 4019 685 4089 justi
718 4024 1004 4073 evaserunt
1029 4031 1123 4086 per
1148 4016 1344 4085 lignum
1375 4031 1388 4069 :
1419 4014 1496 4070 sic
1521 4030 1590 4073 ex
1617 4013 1847 4084 Egypto
1870 4014 2054 4070 exiens

478 4113 705 4185 populus
744 4111 858 4176 Dei,
890 4125 984 4180 per
1008 4122 1173 4178 aquas
1200 4108 1298 4162 iter
1328 4108 1528 4165 invenit
1548 4147 1563 4172 ,
1601 4107 1794 4177 quibus
1819 4107 2052 4176 ipsorum

478 4207 662 4260 hostes
705 4203 1003 4271 consumpti
1054 4208 1198 4254 sunt.
1249 4198 1359 4253 Nec
1406 4198 1477 4255 ihi
1516 4198 1685 4252 defuit
1718 4198 1846 4267 ligni
1876 4212 2053 4252 sacra-

477 4304 736 4351 mentum.
762 4293 893 4348 Nam
917 4294 1059 4362 virga
1086 4290 1347 4361 percussit
1374 4289 1613 4360 Moyses,
1642 4299 1700 4344 ut
1725 4289 1854 4344 illud
1885 4290 2050 4344 mira-

471 4387 652 4441 culum
681 4385 850 4439 ﬁeret.
884 4382 1177 4451 Utrumque
1208 4380 1416 4451 signum
1443 4390 1527 4435 est
1560 4381 1727 4436 sancti
1754 4380 2007 4452 Baptismi
2033 4421 2049 4447 ,

483 4495 579 4548 per
604 4477 746 4549 quod
796 4476 977 4531 fideles
1021 4475 1073 4529 in
1104 4489 1296 4529 novam
1330 4474 1491 4528 vitam
1522 4482 1815 4542 transeunt,
1836 4486 2052 4546 peccata

477 4584 607 4623 vero
625 4582 811 4623 eorum
839 4575 1087 4635 tanquam
1125 4562 1323 4620 inimici
1350 4562 1598 4619 delentur
1619 4574 1779 4635 atque
1809 4566 2049 4620 moriun-

476 4673 584 4717 tur.
611 4660 861 4732 Apertius
887 4668 1064 4713 autem
1087 4656 1283 4712 Christi
1311 4657 1485 4727 passio
1508 4657 1559 4712 in
1583 4657 1674 4712 illo
1702 4658 1894 4728 populo
1921 4657 2054 4729 ligu-

479 4765 591 4809 rata
618 4760 721 4819 est,
747 4766 867 4806 cum
889 4748 1021 4819 jussi
1048 4740 1171 4803 sunt
1193 4762 1345 4803 ovem
1370 4746 1616 4803 occidere
1634 4756 1689 4803 et
1709 4748 2049 4817 manducare,

473 4856 529 4901 et
553 4845 620 4901 de
647 4843 902 4915 sanguine
928 4842 1045 4911 ejus
1071 4849 1247 4911 postes
1275 4854 1401 4894 suos
1426 4840 1657 4909 signare,
1683 4847 1738 4895 et
1771 4838 1876 4895 hoc
1908 4841 2050 4895 cele-

478 4939 632 4993 brare
659 4935 804 4991 omni
831 4948 993 4997 anno,
1023 4942 1077 4987 et
1100 4932 1369 5003 appellare
1395 4930 1595 4986 Pascha
1623 4930 1852 4987 Domini.
1885 4930 2054 4985 Mani-

1318 348 1406 407 DE
1442 345 1781 406 CATECIIIZ
1800 343 1985 400 \NDIS
2022 342 2342 407 IiUDIBUS.
2381 344 2438 417 S.
2480 344 2851 402 AUGUSTINI

2160 458 2411 528 scriptam
2438 457 2629 530 (Exod.
2660 475 2796 527 i-xx,
2824 473 2966 514 xxxn
2990 499 3005 523 ,
3034 472 3220 522 xxxiv;
3248 455 3408 510 Nam.
3435 470 3539 522 ur,
3563 454 3661 515 33.
3686 464 3731 508 et

2152 548 2470 616 Data-xxix,
2499 550 2578 623 5),
2602 566 2708 621 quo
2736 551 2949 607 nomine
2978 549 3305 620 significatur
3339 547 3568 617 Spiritus
3607 560 3732 602 san-

2151 649 2303 709 ctus,
2342 642 2479 697 sicut
2519 642 2572 697 in
2615 642 2902 712 Evangelio
2952 639 3388 695 manifestissime
3431 637 3733 693 declaratur

2152 730 2303 803 (Luc.
2328 740 2407 798 XI,
2434 731 2549 804 20).
2581 732 2766 803 Neque
2794 731 2938 787 enim
2965 732 3106 786 Deus
3130 730 3299 785 forma
3329 728 3570 799 corporis
3597 727 3735 783 deli-

2150 823 2291 879 nitus
2316 833 2434 890 ‘est,
2466 839 2565 879 nec
2592 824 2670 879 sic
2696 823 2753 878 in
2781 823 2874 878 illo
2896 822 3135 878 membra
3175 828 3230 875 et
3267 820 3416 891 digiti
3466 817 3734 888 cogitandi

2151 923 2294 979 sunt,
2316 914 2764 985 quemadmodum
2795 912 3037 968 videmus
3063 911 3115 965 in
3156 911 3308 966 nobis
3334 926 3346 963 :
3377 910 3470 964 sed
3492 909 3613 980 quia
3636 922 3736 978 per

2152 1005 2406 1075 Spiritum
2432 1016 2673 1060 sanetum
2697 996 2834 1059 dena
2857 1003 2947 1058 Dei
2964 1002 3161 1058 sanctis
3181 1002 3504 1067 dividuntur,
3533 1009 3737 1055 ut‘cum

2150 1097 2358 1153 diversa
2406 1106 2646 1167 possunt,
2697 1112 2802 1151 non
2852 1104 3029 1151 tamen
3071 1080 3411 1149 discedantha
3447 1092 3739 1149 concordia

2151 1189 2445 1254 charitatis,
2476 1188 2527 1243 in
2554 1187 2734 1258 digitis
2756 1195 2934 1243 autem
2976 1185 3207 1240 maxime
3234 1190 3455 1255 apparet
3489 1182 3737 1254 quzedam

2152 1279 2361 1344 divisio,
2385 1294 2482 1334 nec
2502 1287 2676 1334 tamen
2700 1277 2767 1332 ab
2788 1277 2987 1332 unitate
3007 1275 3272 1349 pracisio;
3297 1276 3410 1331 sive
3430 1279 3738 1345 prdpterea,

2152 1369 2265 1425 sive
2318 1378 2535 1439 propter
2584 1368 2742 1423 aliam
2806 1380 3195 1438 quamcumque
3248 1380 3465 1420 causam
3508 1363 3744 1435 Spiritus

2153 1471 2369 1518 sanctus
2397 1462 2693 1533 appellatus
2718 1469 2798 1516 est
2824 1459 3020 1531 digitus
3056 1459 3187 1526 Dei,
3216 1473 3323 1514 non
3353 1467 3532 1513 tamen
3546 1484 3571 1523 ~,
3612 1472 3741 1511 cum

2155 1551 2258 1608 hoc
2291 1551 2572 1618 audimus,
2606 1551 2823 1606 humani
2850 1549 3090 1621 corporis
3120 1548 3287 1604 forma
3321 1547 3604 1619 cogitanda
3620 1557 3742 1601 'est.

2154 1644 2374 1715 Accepit
2400 1657 2529 1714 ergo
2557 1642 2648 1698 ille
2676 1642 2901 1713 populus
2930 1642 3101 1712 legem
3140 1640 3306 1710 digito
3346 1640 3442 1694 Dei
3480 1639 3741 1709 scriptam

2155 1734 2208 1790 in
2240 1735 2434 1789 tabulis
2459 1749 2587 1790 sane
2617 1734 2873 1805 lapideis,
2924 1732 2991 1788 ad
3043 1731 3444 1803 significandam
3483 1731 3743 1787 duritiam

2155 1826 2333 1883 c’0rdis
2357 1826 2591 1893 illorum,
2620 1825 2761 1896 quod
2791 1826 2960 1896 legem
2988 1839 3093 1880 non
3118 1823 3583 1895 erantimpleturi.
3602 1824 3750 1879 Core

2152 1917 2356 1988 poralia
2381 1917 2576 1987 quippe
2591 1916 2730 1971 dona
2751 1915 3114 1971 desiderantes
3128 1930 3158 1971 a
3178 1914 3421 1979 Domino,
3438 1915 3605 1985 magis
3621 1928 3749 1970 car-

2155 2010 2263 2065 nali
2286 2010 2476 2064 timore
2498 2023 2658 2079 quam
2680 2008 2940 2077 spirituali
2967 2006 3224 2063 chan‘tate
3249 2007 3573 2063 tenebantur
3600 2023 3616 2060 :
3656 2006 3745 2061 Ie-

2156 2114 2277 2172 gem
2313 2107 2493 2156 autem
2540 2114 2648 2154 non
2700 2099 2885 2171 implet
2927 2099 3029 2153 nisi
3074 2099 3327 2153 charitas.
3380 2097 3504 2153 Ideo
3552 2099 3745 2154 multis

2156 2192 2507 2249 sacramentis
2533 2192 2828 2247 visibilibus
2851 2191 3057 2247 onerati
3085 2198 3244 2257 sunt,
3274 2205 3380 2261 quo
3405 2189 3584 2244 servili
3611 2188 3746 2259 jugo

2155 2292 2548 2354 premerentur,
2578 2283 2633 2337 in
2661 2281 3126 2337 observationibus
3142 2281 3387 2337 ciborum
3419 2289 3473 2336 et
3497 2282 3547 2334 in
3569 2282 3746 2335 sacri-

2159 2372 2293 2429 (iciis
2316 2373 2649 2440 animalium,
2675 2382 2729 2428 et
2751 2372 2805 2428 in
2830 2372 2948 2428 aliis
2970 2371 3446 2429 innumerabilibus
3478 2389 3491 2427 :
3515 2387 3632 2442 qua:
3654 2381 3747 2426 ta-

2156 2482 2279 2523 men
2323 2468 2471 2549 signa
2516 2476 2669 2522 erant
2706 2481 2884 2522 rerum
2929 2466 3287 2538 spiritualium
3333 2466 3399 2521 ad
3454 2466 3745 2522 Dominum

2155 2558 2339 2615 Jesum
2368 2559 2638 2615 Christum
2660 2568 2714 2615 et
2742 2560 2809 2613 ad
2837 2558 3127 2614 Ecclesiam
3173 2558 3590 2629 pertinentium;
3621 2574 3747 2628 qua:

2159 2659 2284 2706 tunc
2311 2665 2340 2704 a
2381 2651 2563 2721 paucis
2606 2650 2802 2704 sanctis
2838 2656 2895 2705 et
2930 2648 3358 2719 iutelligebantur
3394 2648 3462 2702 ad
3507 2645 3748 2703 fructum

2156 2742 2361 2806 salutis,
2386 2749 2447 2797 et
2470 2738 2891 2798 observabuntur
2917 2739 2985 2795 ad
3008 2740 3410 2810 congruentiam
3440 2740 3702 2810 temporis
3720 2770 3746 2809 —,

2156 2845 2187 2885 a
2230 2831 2563 2887 multitudine
2588 2846 2715 2887 vero
2742 2831 3035 2886 carnalium
3080 2830 3446 2886 tantummodo
3487 2830 3751 2887 observa-

2159 2922 2369 2988 bantur,
2400 2937 2505 2977 non
2537 2922 2983 2993 intelligebantur.

2228 3015 2317 3072 ὅθι
2360 3015 2466 3072 Per
2490 3016 2654 3070 multa
2686 3016 2863 3085 itaque
2891 3022 2945 3069 et
2969 3012 3113 3068 varia
3138 3012 3288 3084 signa
3321 3014 3500 3068 rerum
3534 3010 3751 3068 futura.

2157 3122 2296 3172 rum,
2332 3120 2465 3177 quas
2500 3106 2721 3176 ‘longum
2747 3113 2829 3159 est
2856 3116 3046 3159 omnes
3083 3117 3536 3167 commemorare,
3565 3110 3620 3157 et
3644 3116 3751 3158 eas

2158 3212 2300 3253 nunc
2326 3198 2376 3254 in
2403 3196 2642 3253 Ecclesia
2665 3195 2905 3250 videmus
2930 3194 3141 3265 impleri
3163 3236 3178 3263 ,
3206 3193 3485 3265 perductus
3515 3201 3598 3249 est
3647 3193 3752 3251 ille

2158 3289 2383 3362 populus
2442 3289 2509 3344 ad
2552 3299 2746 3344 terram
2789 3288 3177 3359 promissionis,
3229 3286 3319 3342 ubi
3371 3286 3753 3357 temporalitcr

2148 3383 2543 3452 carnaliterqne
2568 3390 2813 3452 regnaret
2851 3395 2947 3450 pro
2985 3379 3144 3434 modo
3167 3378 3417 3434 desiderii
3441 3379 3524 3434 sui
3558 3395 3572 3431 :
3599 3379 3753 3450 quod

2158 3481 2335 3528 tamen
2380 3488 2600 3542 regnum
2641 3480 2911 3527 terrenum
2951 3470 3099 3541 regni
3129 3469 3417 3540 spiritualis
3455 3469 3754 3540 imaginem

2156 3563 2418 3636 gessit.Ibi
2435 3564 2725 3618 Jerusalem
2741 3561 2950 3618 condita
2966 3572 3048 3617 est
3068 3560 3418 3616 famosissima
3434 3560 3752 3627 civitasDei,

2157 3655 2398 3710 serviens
2426 3655 2477 3708 in
2505 3654 2655 3723 signo
2673 3652 2853 3707 liberae
2868 3652 3115 3717 civitatis,
3130 3668 3247 3723 qua:
3260 3651 3492 3706 cmlestis
3520 3649 3756 3705 Jerusa-

2157 3746 2261 3801 lem
2300 3745 2491 3800 dicitur
2528 3743 2720 3817 (Galat.
2750 3759 2822 3807 tv,
2858 3743 2948 3810 25,
2975 3744 3091 3813 26),
3113 3742 3254 3812 quod
3291 3741 3509 3797 verbum
3535 3749 3614 3796 est
3647 3742 3759 3798 he-

2158 3837 2379 3904 brzcum,
2403 3846 2456 3891 et
2477 3836 2849 3905 interpretatur
2873 3834 3017 3888 Visiu
3039 3834 3202 3904 pacis.
3241 3830 3408 3902 Cujus
3427 3832 3576 3887 cives
3617 3841 3761 3888 sunt

2157 3941 2346 3980 omnes
2367 3925 2680 3980 sanctilicati
2707 3924 2948 3978 homines
2968 3924 3055 3994 qui
3086 3923 3323 3988 fuerunt,
3350 3933 3404 3978 et
3418 3923 3506 3992 qui
3524 3931 3671 3990 sunt,
3695 3933 3762 3979 et.

2156 4018 2249 4088 qui
2287 4017 2447 4073 futuri
2489 4026 2647 4084 sunt;
2679 4028 2733 4072 et
2758 4032 2946 4072 omnes
2970 4016 3280 4071 sanetilicati
3311 4016 3548 4086 spiritus,
3577 4015 3762 4070 etiam

2157 4109 2476 4179 quicumque
2494 4110 2544 4163 in
2567 4109 2795 4164 excelsis
2813 4108 3072 4162 cmlorum
3094 4105 3331 4176 partibus
3350 4107 3433 4177 pia
3450 4105 3763 4163 devotione

2158 4200 2527 4272 obtemperant
2559 4202 2697 4266 Deo,
2728 4216 2826 4256 nec
2852 4201 3126 4255 imitantur
3168 4200 3385 4269 impiam
3422 4198 3620 4255 diaboli
3650 4212 3765 4255 su-

2159 4298 2395 4367 perbiam
2441 4306 2496 4352 et
2537 4296 2845 4366 angelorum
2882 4294 3018 4364 ejus.
3062 4293 3225 4363 llujus
3261 4292 3490 4348 civitatis
3530 4308 3623 4348 rex
3664 4303 3768 4351 est

2160 4388 2412 4442 Dominus
2454 4388 2609 4443 Jesus
2646 4386 2888 4441 Christus
2908 4427 2923 4452 ,
2956 4384 3189 4439 Verbum
3224 4384 3316 4439 Dei
3344 4399 3452 4454 quo
3482 4392 3766 4454 reguntur

2157 4479 2348 4533 summi
2380 4478 2564 4547 Angeli
2593 4518 2608 4545 ,
2642 4484 2697 4532 et
2724 4475 2958 4531 Verbum
2989 4474 3257 4530 hominem
3284 4489 3564 4530 assumens
3590 4482 3652 4529 ut
3683 4491 3768 4531 eo

2157 4578 2467 4639 regerentur
2494 4577 2548 4623 ct
2578 4567 2842 4633 homines,
2872 4566 2962 4637 qui
3002 4565 3163 4620 simul
3193 4580 3384 4621 omnes
3411 4578 3530 4619 cum
3558 4563 3657 4618 illo
3694 4565 3762 4621 in

2158 4669 2355 4714 aeterna
2387 4674 2515 4729 pace
2545 4658 2859 4729 regnabant.
2892 4657 2971 4711 Ad
3002 4657 3159 4727 hujus
3191 4657 3329 4726 regis
3354 4655 3770 4726 prreliguratio-

2158 4766 2276 4805 nem
2305 4751 2357 4806 in
2388 4752 2478 4806 illo
2503 4762 2713 4807 terreno
2750 4764 2916 4821 regno
2953 4749 3127 4820 populi
3157 4748 3319 4803 Israel
3351 4746 3588 4802 maxime
3609 4751 3772 4804 emi-

2159 4843 2272 4897 nuit
2316 4859 2408 4898 rex
2449 4841 2635 4908 David,
2663 4842 2730 4896 de
2756 4842 2909 4911 cujus
2949 4841 3155 4894 semine
3198 4838 3488 4894 secundum
3518 4853 3769 4897 carnem

2156 4936 2363 4990 veniret
2379 4936 2688 4989 verissimus
2712 4948 2807 4988 rex
2834 4938 3015 4987 noster
3034 4932 3289 4986 Dominus
3302 4931 3457 4986 Jesus
3471 4930 3768 5002 Christus,

474 5028 756 5083 festissime
775 5026 967 5097 quippe
992 5023 1267 5094 prophetia
1289 5024 1309 5054 '
1330 5021 1395 5076 de
1425 5022 1648 5076 Domino
1679 5020 1804 5077 Jesu
1829 5020 2044 5077 Christo

474 5120 622 5187 dicit,
653 5119 774 5191 quia
812 5127 1049 5187 tanquam
1078 5115 1184 5170 ovis
1233 5115 1300 5168 ad
1346 5113 1713 5169 immolandum
1760 5113 1939 5168 ductus
1980 5123 2052 5167 est

2156 5027 2240 5096 qui
2268 5035 2339 5080 est
2367 5042 2519 5097 super
2547 5025 2716 5079 omnia
2752 5022 2891 5078 Deus
2926 5023 3211 5077 benedictus
3246 5024 3300 5077 in
3345 5025 3531 5077 saecula
3561 5023 3771 5095 (Rom.

2157 5132 2231 5179 εκ,
2261 5117 2339 5186 5).
2371 5116 2532 5171 Multa
2563 5116 2613 5169 in
2645 5115 2732 5170 illa
2763 5123 2901 5170 terra
2945 5114 3312 5185 promissionis
3353 5122 3501 5185 gesta
3526 5123 3658 5169 sunt
3705 5115 3774 5172 in

2160 5211 2376 5280 ﬁguram
2411 5211 2616 5264 venturi
2650 5208 2849 5264 ChriSIi
2886 5217 2942 5264 et
2986 5208 3268 5274 Ecclesiae,
3304 5222 3424 5280 quae
3457 5207 3512 5263 in
3540 5210 3781 5267 sanctis

2158 5302 2333 5358 Libris
2357 5302 2610 5371 paulatim
2631 5300 2839 5355 discere
2865 5302 3082 5370 poteris.

2227 5393 2452 5450 CAPUT
2488 5391 2631 5448 XXI.
2658 5423 2726 5433 —
2754 5393 2840 5448 37.
2882 5390 3159 5462 Captivitas
3185 5391 3498 5462 Babylonica
3526 5399 3574 5445 et
3602 5390 3666 5445 in
3700 5409 3783 5449 ea

2157 5494 2295 5557 gesta
2331 5483 2452 5554 quid
2478 5484 2780 5556 signiﬁcent.
2833 5482 2955 5536 Post
2996 5482 3337 5552 captivitatem
3372 5478 3778 5551 Babylonicum

2158 5576 2360 5630 libertas
2384 5575 2547 5645 qualis
2564 5574 2781 5628 reddita.
2798 5574 2923 5629 Post
2948 5574 3149 5644 aliquot
3170 5582 3345 5627 tamen
3366 5571 3782 5642 generationes

2157 5670 2391 5726 ostendit
2432 5668 2596 5727 alium
2635 5677 2817 5740 typum
2858 5667 2923 5721 ad
2952 5683 3065 5721 rem
3099 5670 3327 5720 maxime
3358 5664 3777 5734 pertinentem.

2158 5761 2290 5818 Nam
2316 5762 2574 5832 captivam
2602 5770 2682 5815 est
2702 5761 2791 5815 illa
2814 5759 3019 5827 civitas,
3044 5768 3097 5813 et
3126 5758 3291 5812 multa
3321 5771 3444 5830 pars
3474 5755 3587 5826 ejus
3608 5755 3755 5814 edo

478 5210 631 5283 (fsai.
658 5226 770 5277 Lm,
793 5211 871 5280 7).
893 5210 1056 5279 Cujus
1084 5207 1346 5279 passionis
1366 5215 1420 5261 et
1440 5206 1614 5261 crucis
1633 5206 1785 5277 signo
1805 5206 1859 5260 in
1879 5205 2051 5261 lronte

473 5302 632 5357 hodie
672 5311 921 5371 tanquam
972 5300 1025 5354 in
1081 5307 1233 5370 poste
1284 5296 1572 5368 signandus
1610 5312 1706 5365 es,
1756 5312 2051 5369 omnesque

474 5390 759 5448 Christiani
788 5390 1082 5469 signantur.

547 5482 636 5536 55.
670 5478 797 5534 Inde
834 5495 931 5552 per
953 5479 1217 5535 desertum
1246 5480 1470 5551 populus
1496 5479 1585 5535 ille
1607 5479 1797 5537 ductus
1821 5489 1922 5549 est,
1953 5496 2051 5553 per

472 5572 816 5644 quadraginta
863 5587 1031 5626 annos
1074 5573 1279 5642 accepit
1317 5574 1477 5628 etiam
1521 5573 1692 5646 legem
1750 5574 1913 5647 digito
1954 5575 2048 5645 Dei

540 5711 557 5743 ⁸
596 5717 693 5773 Am.
723 5715 775 5773 et
796 5715 923 5773 Mss,
945 5707 1171 5773 cujusan
1188 5708 1270 5759 ille
1293 5714 1436 5773 caput
1465 5716 1552 5773 est.

537 5773 561 5808 ⁸
590 5769 683 5821 Soli
708 5771 843 5831 editi,
864 5766 1107 5834 prapltetal
1352 5766 1363 5773 ’
1466 5766 1493 5789 ⁰
