4046 6332
322 402 424 457 557

318 522 399 570 cta
424 515 475 567 in
503 512 875 585 Babyloniam.
916 513 1064 570 Sicut
1091 523 1267 569 autem
1310 514 1607 571 Jerusalem
1636 517 1901 588 signiﬁcat

317 605 587 662 civitatem
635 608 1054 678 societatemque
1097 617 1430 675 sanctorum;
1479 609 1558 665 sic
1610 609 1899 682 Babylonis

317 691 861 763 signiﬁcatcivitatem
878 695 1293 765 societatemque
1310 694 1631 765 iniquorum,
1648 697 1899 767 quoniam

314 782 506 838 dicitur
533 784 875 856 interpretari
903 786 1173 849 Confusio.
1205 786 1279 842 De
1306 786 1737 856 quibusduabus
1762 788 1897 850 civi:

316 875 541 942 tatibus,
573 876 645 939 ab
684 876 1403 947 exordiogenerjshumani
1434 892 1601 947 usque
1639 877 1692 932 in
1737 878 1898 943 ﬁnem

313 966 494 1029 sa-euli
526 966 789 1035 permixte
809 968 825 1000 ¹
856 976 1149 1036 temporum
1177 967 1441 1035 varietate.
1460 967 1818 1037 currentibus,
1846 977 1902 1031 ct

317 1057 504 1115 ultimo
525 1056 732 1126 judicio
771 1057 1081 1128 separandis
1103 1100 1120 1124 ,
1160 1058 1322 1128 paulo
1359 1066 1489 1121 ante
1523 1057 1634 1129 jam
1667 1057 1901 1125 diximus

316 1147 471 1218 (Cap,
495 1149 607 1219 l9).
636 1148 727 1219 Illa
755 1165 883 1223 ergo
912 1150 1189 1219 captivitas
1226 1150 1522 1207 Jerusalem
1563 1150 1815 1217 civitatis,
1846 1159 1902 1206 et

310 1238 399 1292 ille
438 1239 668 1308 populus
698 1238 1123 1311 in.,Babyloni3m
1151 1240 1437 1308 ductusad
1466 1240 1779 1297 servitutem
1820 1240 1901 1297 ire

307 1329 528 1400 jubetur
558 1346 586 1383 a
621 1331 847 1385 Domino
884 1347 981 1403 per
1006 1332 1294 1387 Jcremiam
1323 1332 1468 1399 illius
1495 1333 1749 1403 temporis
1778 1347 1903 1402 pro-

312 1421 548 1493 phetam.
583 1423 649 1477 Et
686 1424 1010 1480 exstiterunt
1037 1439 1191 1495 reges
1228 1424 1554 1495 Babyloniis,
1580 1424 1680 1479 sub
1708 1426 1900 1495 quibus

310 1512 384 1568 illi
412 1514 742 1580 serviebant,
770 1515 857 1595 qui
877 1530 962 1582 ,ει
993 1530 1180 1580 eorum
1201 1516 1484 1577 occasione
1504 1515 1755 1577 commoti
1776 1515 1897 1585 qui-

308 1603 535 1663 busdam
560 1606 836 1673 miraculis
856 1616 1238 1677 cognoscerent
1266 1616 1320 1662 et
1347 1608 1590 1664 colerent
1618 1617 1673 1664 et
1692 1608 1794 1663 coli
1813 1609 1898 1677 ju-

310 1698 500 1753 herent
530 1714 696 1753 unum
724 1714 907 1755 verum
953 1700 1121 1755 Deum
1143 1742 1157 1766 ,
1187 1700 1277 1772 qui
1317 1700 1556 1756 condidit
1589 1704 1895 1756 universam

307 1800 606 1844 creaturam
640 1788 801 1862 (Dan.
834 1806 974 1857 u-vt,
1005 1790 1137 1863 xw).
1168 1790 1310 1846 Jussi
1340 1800 1466 1848 sunt
1492 1801 1668 1848 autem
1694 1800 1749 1847 et
1772 1807 1896 1847 ora-

310 1898 365 1937 re
389 1896 488 1952 pro
529 1882 609 1937 eis
643 1897 673 1937 a
702 1884 895 1953 quibus
921 1884 1114 1953 captivi
1147 1882 1498 1951 tenebantur,
1540 1892 1595 1941 et
1622 1886 1674 1939 in
1707 1899 1892 1939 eorum

309 1990 451 2043 pace.
477 1990 664 2045 pacem
705 1989 943 2046 sperare,
989 1975 1055 2029 ad
1084 1974 1375 2047 gignendos
1419 1977 1554 2032 ﬁlios
1577 2017 1593 2043 ,
1624 1984 1679 2031 ct
1706 1976 1894 2032 domos

307 2068 671 2133 :cdiﬁcandas,
700 2079 755 2123 et
788 2069 1100 2140 plantaudos
1129 2069 1313 2125 hortos
1339 2079 1393 2126 ct
1422 2072 1623 2126 vineas.
1652 2071 1778 2125 Pest
1802 2086 1893 2126 se-

307 2160 578 2231 ptuaginta
600 2167 780 2214 autem
808 2175 978 2227 annos
1004 2160 1331 2231 promittitur
1355 2159 1434 2218 eis
1463 2161 1530 2215 ab
1557 2161 1645 2215 illa
1666 2161 1893 2231 (captivi-

307 2259 419 2305 tate
447 2249 691 2316 libentia
730 2249 959 2323 (larem.
990 2267 1117 2320 sxy,
1157 2252 1340 2322 satis).
1371 2250 1484 2317 Hoc
1513 2260 1690 2316 antem
1722 2261 1890 2315 totum

307 2338 879 2411 ﬁguratesigniﬁcabat
898 2340 1192 2403 Ecclesium
1213 2341 1411 2405 Christi
1434 2342 1484 2396 in
1501 2343 1747 2407 omnibus
1764 2358 1891 2397 san-

309 2433 411 2487 ctis
449 2430 709 2505 ejus,,_qui
735 2442 861 2491 sunt
884 2433 1350 2501 civesJerusalem
1380 2434 1633 2499 chestis,
1666 2435 1891 2490 servitu-

304 2537 419 2579 ram
463 2508 630 2589 fuisse
666 2524 765 2579 sub
802 2524 1016 2596 regibus
1049 2525 1205 2596 hujus
1240 2526 1442 2582 steculi.
1485 2526 1622 2582 Dicit
1650 2527 1794 2583 enim
1835 2535 1891 2584 et

302 2613 594 2684 apostolica
618 2615 879 2682 doctrina,
914 2618 1162 2683 utemuis
1190 2618 1361 2679 anima
1385 2617 1763 2679 sublimioribus
1792 2636 1886 2690 po-

302 2707 560 2762 testatibus
588 2707 790 2770 subdita
815 2709 883 2771 sit
892 2724 925 2777 ,‘g
950 2718 1006 2766 et
1031 2710 1889 2780 utreddanluromnibus(omnia;

300 2799 381 2853 cui
419 2800 697 2866 tributum,
745 2802 985 2861 tributum
1007 2818 1033 2869 ,5
1054 2803 1136 2858 cui
1170 2803 1415 2875 vectigal,
1456 2805 1671 2874 vectigal
1709 2802 1885 2876 (Rom.

300 2902 426 2953 sui,
470 2890 539 2956 1,
590 2889 678 2961 7);
728 2900 783 2946 et
824 2901 1015 2951 cartera
1044 2909 1163 2963 qua:
1204 2895 1351 2949 salvo
1380 2893 1473 2949 Dei
1523 2894 1689 2952 nostri
1718 2895 1883 2960 cultu,

300 2981 697 3039 constitutionis
718 2983 963 3039 humanae
993 2985 1321 3055 principibus
1340 2985 1647 3053 reddimus;
1671 2985 1887 3057 quando

299 3080 352 3126 et
379 3072 495 3143 ipse
526 3073 808 3143 Dominus,
836 3085 895 3131 ut
921 3077 1074 3132 nobis
1100 3076 1256 3148 hujus
1285 3092 1428 3133 sanie
1462 3077 1721 3134 doctrina:
1748 3092 1887 3148 prae-

298 3162 449 3219 beret
468 3166 798 3237 exemplum,
823 3182 920 3238 pro
938 3168 1111 3238 capite
1134 3168 1365 3223 hominis
1383 3184 1489 3239 quo
1508 3176 1623 3224 erat
1645 3168 1882 3234 indutus,

299 3258 555 3313 tributum
581 3259 791 3315 solvere
812 3275 919 3316 non
938 3259 1257 3331 dedignatus
1276 3272 1359 3316 est
1376 3260 1586 3331 (Matth.
1613 3276 1742 3326 xvn,
1763 3258 1880 3332 26).

297 3347 564 3405 Jubentur
590 3359 770 3407 autem
795 3352 954 3407 etiam
984 3353 1124 3408 servi
1161 3352 1437 3408 christiani
1462 3362 1518 3408 et
1543 3353 1669 3408 boni
1701 3351 1883 3415 ﬁdeles

295 3440 528 3499 dominis
570 3443 685 3500 suis
708 3444 1092 3516 temporalibus
1129 3446 1499 3517 aequanimiter
1548 3445 1882 3517 ﬁdeliterque

294 3536 497 3591 servire
531 3535 748 3609 (Ephes.
778 3554 854 3605 vi,
876 3539 931 3611 5)
950 3557 980 3595 ι
1008 3555 1142 3611 quos
1161 3538 1447 3611 iudicaturi
1473 3548 1618 3607 sunt,
1641 3539 1686 3597 si
1713 3554 1882 3612 usque

296 3625 349 3681 in
372 3625 534 3683 linem
570 3628 783 3699 iniquos
810 3629 1140 3696 invenerint;
1172 3639 1264 3686 aut
1291 3645 1411 3686 cum
1442 3631 1633 3702 quibus
1658 3632 1879 3703 aequali.-

297 3726 378 3774 ter
405 3720 693 3790 regnaturi.
713 3730 859 3789 sunt,
880 3722 924 3777 si
952 3731 1007 3778 et
1034 3722 1110 3777 illi
1132 3722 1199 3777 ad
1222 3737 1404 3779 verum
1435 3724 1603 3781 Deum
1633 3724 1878 3779 conversi

293 3807 513 3865 fuerint.
545 3808 807 3869 Omnibus
846 3819 1023 3877 tamen
1058 3813 1362 3885 praecipitur
1389 3814 1594 3870 servire
1631 3813 1880 3875 humanis

293 3900 652 3971 potestatibus
687 3910 847 3973 atque
885 3904 1147 3970 terrenis,
1190 3918 1469 3975 quousque
1507 3915 1643 3976 post,
1670 3915 1879 3977 tempus

292 3992 654 4062 prazlinitnm,
703 3994 846 4065 quod
901 3995 1201 4067 signiﬁcant
1238 3998 1569 4068 septuaginta
1614 3999 1761 4066 anni,
1811 3998 1879 4055 ab

293 4083 448 4141 istius
469 4086 658 4141 milli
681 4086 994 4144 contusione
1017 4097 1264 4159 tanquam
1286 4089 1353 4145 de
1374 4089 1681 4162 captivitate
1702 4089 1880 4163 Baby-

289 4174 470 4243 loniae,
503 4179 644 4233 sicut
683 4177 983 4235 Jerusalem
1013 4179 1271 4239 liberetur
1309 4181 1567 4238 Ecclesia.
1602 4181 1681 4237 Ex
1724 4182 1877 4252 cujus

287 4268 613 4337 captivitatis
636 4269 921 4326 occasione
941 4270 1041 4340 ipsi
1063 4270 1222 4327 etiam
1248 4272 1448 4328 terreni
1470 4287 1623 4343 reges
1645 4272 1877 4329 desertis

285 4360 465 4427 idolis,
492 4376 595 4432 pro
624 4362 819 4432 quibus
844 4364 1302 4435 persequebantur
1328 4364 1682 4433 Christianos,
1710 4380 1872 4420 unum

286 4467 472 4509 verum
514 4454 687 4510 Deum
723 4464 779 4511 et
805 4454 1074 4511 Christum
1120 4457 1403 4512 Dominum
1432 4465 1796 4529 cognoverunt
1820 4465 1875 4512 et

283 4546 488 4614 colunt,
511 4561 612 4617 pro
629 4545 823 4617 quibus
846 4547 1119 4617 apostolus
1135 4548 1336 4604 Paulus
1356 4548 1509 4620 jubet
1528 4549 1690 4611 orari.
1708 4549 1872 4605 etiam

282 4652 405 4693 cum
441 4646 895 4710 persequerentur
919 4640 1235 4696 Ecclesiam.
1262 4641 1352 4697 Sic
1392 4642 1539 4697 enim
1564 4642 1694 4697 dicit
1722 4660 1735 4695 :
1770 4640 1872 4696 0b-

281 4744 422 4783 secro
446 4730 620 4799 itaque
648 4730 867 4801 primum
895 4731 1005 4799 ﬁeri
1043 4730 1419 4800 deprecationes
1437 4773 1451 4797 ,
1480 4733 1797 4788 adorationes
1825 4736 1867 4800 ⁸,

280 4820 715 4891 interpellationes
736 4862 752 4889 ,
782 4823 1060 4893 gratiarum
1089 4824 1341 4891 actiones,
1389 4841 1482 4893 pro
1523 4824 1744 4894 regibus,
1777 4842 1870 4896 pro

280 4910 515 4963 omnibus
542 4910 829 4966 hominibus
846 4953 860 4978 ,
889 4922 934 4966 et
962 4914 1189 4967 omnibus
1213 4914 1299 4985 qui
1324 4913 1377 4968 in
1401 4912 1708 4969 sublimitate
1730 4924 1867 4985 sunt,

277 5011 336 5054 at
358 5019 589 5057 securam
616 5012 665 5058 et
693 5005 1019 5075 tranquillam
1043 5006 1193 5061 vitam
1224 5023 1432 5077 agamus
1456 5023 1567 5061 cum
1593 5008 1730 5060 omni
1758 5009 1867 5078 pie-

277 5098 382 5144 tate
405 5100 453 5145 et
495 5092 741 5147 charitats
768 5093 789 5125 ³
821 5093 877 5165 (1
905 5093 1039 5149 Tim.
1071 5111 1128 5160 ll,
1162 5097 1213 5162 l,
1248 5095 1350 5167 2).,
1374 5094 1565 5167 itaque.
1586 5112 1680 5167 per
1725 5098 1867 5167 ipsos

278 5182 404 5237 data
434 5199 538 5254 pax
568 5194 647 5240 est
679 5185 954 5255 Ecclesiae,
984 5189 1225 5257 quamvis
1256 5190 1580 5259 temporalis,
1613 5192 1867 5259 tranquil-

277 5271 402 5327 litas
438 5276 783 5346 temporalis‘
812 5277 878 5332 ad
922 5278 1261 5343 aediﬁcandas
1301 5280 1649 5350 spiritualiter
1676 5280 1867 5341 domos

276 5374 331 5417 et
367 5364 683 5434 plantandos
706 5366 894 5427 hortos
927 5378 981 5424 et
1008 5369 1215 5431 vineas.
1243 5369 1374 5425 Nam
1401 5376 1457 5428 et
1481 5385 1604 5429 ecce
1629 5381 1681 5428 te
1704 5374 1865 5433 modo

274 5468 375 5523 per
401 5455 558 5510 istum
588 5472 891 5517 sermonem
922 5458 1247 5516 aediﬁcamus
1267 5469 1425 5532 atque
1449 5462 1768 5533 plantamus.
1798 5464 1865 5528 Et

346 5586 360 5654 ξ
394 5586 473 5654 sic
498 5593 607 5639 Im.
632 5594 697 5654 ΑιΔ
724 5588 869 5651 editi,

345 5647 363 5677 ²
395 5653 524 5707 Ima,
570 5649 827 5715 orationes.
854 5647 989 5702 'E'diti
1014 5660 1179 5713 autem
1200 5650 1281 5703 alii
1304 5658 1370 5704 et.
1388 5660 1517 5715 ua,
1540 5653 1859 5707 adorationes.

270 5713 440 5774 Graec
467 5718 558 5774 est.
586 5710 895 5774 proseuehas.

345 5773 364 5845 ἲ
395 5771 594 5845 luis.“
610 5772 869 5845 meum
897 5787 915 5824 -'
934 5776 1304 5845 ἱυκιεκῖίεοιιω
1318 5809 1335 5840 ν
1356 5774 1612 5829 motat.

343 5832 361 5862 ⁸
393 5834 465 5882 sic
485 5832 591 5883 ltss.
618 5836 739 5885 Editi
767 5850 882 5886 vero
900 5871 913 5895 ,
935 5832 1178 5899 temporis.

1761 405 1954 459 LIBER
1993 403 2195 461 UNUS.

3481 420 3592 482 ’5?!

2009 514 2110 574 hoc
2148 519 2204 574 ﬁt
2246 536 2338 590 per
2366 530 2529 579 totum
2573 536 2757 583 orbem
2787 544 3047 586 terrarum
3084 547 3204 589 cum
3235 550 3362 606 pace
3398 553 3584 610 regem

2006 609 2415 668 christiauorum
2441 656 2455 680 ,
2496 616 2633 671 sicut
2662 617 2799 674 idem
2828 619 2955 676 dicit
2982 625 3291 693 apostolus:
3322 627 3416 684 Dei
3439 609 3584 701 agri-

2006 702 2227 764 cultura,
2256 702 2351 757 Dei
2375 705 2646 775 cdiﬁmtio
2670 710 2787 764 estis
2818 709 2869 783 (Ι
2896 710 3016 767 Cor.
3049 730 3123 778 nt,
3151 714 3232 784 9).

2075 792 2163 847 58.
2208 793 2273 847 Et
2300 804 2418 864 post
2444 812 2614 853 annos
2651 800 2864 869 quidem
2895 806 3260 875 septuaginta,
3294 823 3429 876 quos
3465 824 3582 882 my-

2005 884 2139 941 stice
2184 887 2591 956 prophetayerat
2630 892 2918 959 Jeremias,
2965 906 3022 951 ut
3068 898 3225 953 linem
3282 909 3582 972 temporum

2007 975 2391 1047 przeﬁguraret,
2420 990 2595 1038 tamen
2622 994 2679 1038 ut
2709 986 2818 1054 ipsa
2847 987 3009 1058 ﬁgura
3041 990 3414 1060 integraretur,
3447 994 3583 1051 facts

2005 1073 2089 1121 est
2130 1067 2181 1121 in
2218 1066 2513 1129 Jerusalem
2546 1076 2810 1131 restitutio
2836 1079 3208 1143 mdiﬁcationis
3230 1085 3534 1155 templiDei
3566 1106 3582 1145 :

2005 1156 2098 1210 sed
2124 1158 2243 1222 quia
2270 1169 2434 1216 totum
2462 1163 2684 1233 figurate
2713 1168 2986 1239 agebatur,
3016 1188 3121 1231 nun
3155 1184 3273 1230 erat
3298 1177 3447 1232 ﬁrma
3481 1193 3582 1248 pax

2003 1260 2067 1301 ac
2107 1248 2323 1312 libertas
2353 1253 2556 1309 reddita
2584 1255 2801 1314 Jndmis.
2850 1260 3029 1330 itaque
3058 1275 3237 1333 postea
3269 1283 3297 1320 a
3329 1267 3581 1325 Romanis

2002 1338 2127 1392 vit-ti
2153 1350 2381 1410 suntLet
2407 1347 2669 1405 tributarii
2699 1350 2840 1406 facti.
2869 1354 2943 1419 Et
2975 1354 3065 1411 illo
3093 1373 3220 1414 sane
3248 1367 3489 1430 tempore
3515 1377 3581 1420 ex

2002 1445 2108 1500 quo
2137 1443 2328 1489 terram
2358 1439 2726 1505 promissionis
2754 1455 3092 1513 acceperunt,
3124 1457 3178 1503 et
3207 1464 3361 1521 reges
3385 1450 3585 1508 habere

2002 1533 2311 1590 coeperunt,
2364 1542 2430 1581 ne
2475 1529 2525 1583 iu
2567 1531 2746 1601 aliquo
2786 1548 2971 1605 regum
2999 1550 3217 1597 suorum
3259 1542 3579 1612 completum

2002 1629 2120 1670 esse
2151 1618 2539 1685 arbitrarentur
2581 1624 2722 1693 quod
2763 1625 2844 1687 eis
2886 1628 3141 1689 liberator
3178 1631 3425 1689 Christus
3457 1650 3579 1703 pro-

2001 1705 2331 1773 mittebatur,
2363 1714 2603 1781 apertius
2630 1718 2943 1784 penimultas
2967 1721 3272 1791 prophetias
3295 1726 3584 1797 propheta-

2001 1804 2087 1852 tus
2125 1807 2207 1854 est
2248 1798 2539 1871 Christus;_
2567 1821 2672 1861 non
2709 1808 2883 1865 solum
2922 1811 2997 1866 'ab
3023 1814 3140 1882 ipso
3170 1814 3334 1869 David
3364 1817 3413 1870 in
3448 1817 3583 1873 libro

1998 1887 2357 1958 Psalmorum,
2386 1895 2482 1954 sed
2516 1898 2687 1957 etiam
2707 1914 2739 1954 a
2766 1902 3051 1958 arteriset
3076 1906 3282 1975 magnis
3309 1915 3363 1961 et
3383 1909 3583 1965 sanctis

1997 1979 2303 2070 prophetis,
2349 2000 2516 2056 usque
2555 1988 2622 2051 ad
2667 1999 2876 2062 tempus
2898 1994 3219 2062 captivitatis
3259 1996 3310 2051 in
3347 1997 3579 2070 Babylo.

1996 2068 2140 2125 niam
2166 2088 2179 2124 :
2210 2083 2265 2137 et
2304 2074 2369 2137 in,
2400 2076 2511 2146 ipsa
2538 2080 2848 2150 captivitate
2890 2083 3103 2149 fuerunt
3142 2090 3416 2157 propheta:
3437 2068 3578 2160 ,vqui

1994 2171 2275 2219 venturum
2330 2166 2611 2225 Dominmn
2672 2172 2855 2233 Jesum
2908 2175 3181 2234 Christum
3235 2180 3577 2239 liberatorem

1994 2254 2642 2327 omniumprophetarent.
2669 2264 3087 2336 Etpostenquam
3117 2270 3571 2339 templumtransa

1993 2345 2126 2399 actis
2168 2349 2501 2419 septuaginta
2538 2354 2711 2414 annis-
2752 2358 3052 2419 restitutum
3083 2369 3184 2426 est,
3226 2369 3399 2425 tantas
3432 2380 3581 2435 pres.-

1993 2446 2217 2501 suras,et
2235 2436 2562 2498 calamitates
2586 2460 2615 2499 a
2640 2447 2855 2516 regibus
2877 2447 3127 2510 Gentium
3140 2452 3312 2517 Judaei
3334 2459 3577 2525 perpessi

1992 2538 2138 2595 sunt,
2171 2541 2229 2587 ut
2256 2533 2613 2606 intelligerent
2657 2540 2893 2597 nondum
2937 2544 3148 2600 venisse
3193 2546 3529 2604 liberatorem
3557 2591 3572 2615 ,

1992 2635 2149 2689 quem
2180 2637 2286 2688 non
2314 2624 2661 2694 spiritualiter
2689 2630 3445 2707 liberaturumintelligebant,
3477 2640 3573 2695 sed

1992 2723 2091 2780 pro
2116 2711 2430 2775 liberatione
2452 2719 2648 2779 carnali
2678 2719 3077 2785 desiderabant.

2061 2800 2287 2867 CAPUT
2326 2804 2491 2871 XXII.
2534 2838 2607 2848 —
2652 2809 2740 2865 39.
2788 2809 2993 2875 (Etuta
3034 2816 3212 2872 mundi
3265 2833 3373 2877 seat.
3418 2818 3577 2875 Sexta

1988 2902 2111 2946 aetas
2137 2909 2200 2948 ea:
2234 2894 2448 2959 adventu
2476 2897 2681 2963 Christi.
2714 2900 2944 2959 Christus
2973 2904 3175 2963 Novum
3202 2906 3575 2969 Testamentum

1987 2985 2305 3054 sempiterna:
2328 2988 2636 3046 hwreditatis
2663 2996 3013 3067 manifestans,
3042 3008 3238 3057 terrena
3261 3010 3575 3057 contenmers

1987 3076 2220 3148 exemplo
2248 3079 2410 3134 docet.
2450 3081 2704 3140 Nativitas
2747 3088 2885 3157 ejus,
2912 3089 3012 3145 vita
3049 3100 3096 3144 et
3136 3107 3291 3151 utars.
3333 3092 3573 3150 Peractis

1987 3180 2115 3235 ergo
2143 3169 2376 3239 quinque
2402 3174 2875 3244 tetatibnssmculi,
2912 3194 3134 3249 quarum
3176 3183 3344 3252 prima
3375 3192 3456 3239 est
3486 3186 3556 3241 ab

1988 3256 2140 3313 initio
2171 3262 2383 3329 generis
2412 3262 2647 3331 humani,
2682 3266 2734 3321 id
2762 3277 2866 3336 est,
2898 3269 2966 3329 ab
3005 3271 3195 3336 Adam,
3226 3274 3315 3344 qui
3363 3275 3565 3344 primus

1988 3348 2148 3403 homo
2170 3351 2334 3407 lactus
2354 3363 2651 3439 eat,_usque
2677 3358 2903 3427 adsNoe,
2931 3361 3023 3431 qui
3046 3360 3171 3418 fecit
3197 3378 3376 3420 arcam
3405 3366 3455 3420 in
3483 3366 3565 3420 die

1985 3440 2128 3498 luvio
2153 3442 2304 3516 (Gen.
2333 3452 2408 3518 vt)
2432 3463 2447 3513 ;
2477 3448 2598 3510 inde
2622 3451 2856 3512 secunda
2880 3460 2963 3509 est
2986 3468 3157 3525 usque
3174 3454 3241 3514 ad
3268 3456 3563 3527 Abraham,

1986 3534 2072 3605 qui
2104 3543 2253 3606 pater
2286 3536 2456 3604 dictus
2484 3542 2603 3599 cst'
2651 3542 2886 3601 omnium
2911 3546 3124 3618 quidem
3161 3552 3399 3622 gentium
3432 3552 3563 3624 (Id.

1989 3640 2120 3693 xvn,
2151 3627 2228 3699 4),
2260 3645 2380 3701 quae
2409 3631 2565 3688 ﬁdem
2588 3634 2754 3703 ipsius
2778 3637 3140 3708 imitarentur;
3172 3641 3265 3698 sed
3296 3651 3475 3698 tamen
3497 3658 3562 3701 ex

1984 3720 2274 3797 propagine
2301 3723 2477 3779 carnis
2502 3740 2613 3781 sua:
2633 3729 2654 3759 ⁸
2684 3726 2847 3784 futuri
2886 3732 3064 3803 populi
3091 3731 3396 3790 Judteorum
3429 3754 3443 3791 :
3475 3738 3562 3806 qui

1983 3816 2108 3863 ante
2142 3808 2302 3867 ﬁdem
2335 3813 2676 3873 christianam
2709 3821 2980 3890 gentium,
3011 3838 3150 3880 unus
3192 3826 3331 3881 inter
3377 3840 3565 3884 omnes

1983 3900 2219 3956 omnium
2248 3913 2505 3961 terrarum
2534 3909 2761 3979 populus
2788 3927 2953 3967 unum
2978 3929 3162 3970 verum
3190 3916 3354 3972 Deum
3377 3917 3562 3986 coluit,

1983 4004 2049 4045 ex
2087 4008 2193 4063 quo
2217 3996 2415 4064 populo
2453 3998 2687 4055 salvator
2721 3999 2970 4060 Christus
3007 4006 3300 4062 secundum
3343 4023 3558 4064 carnem

1984 4084 2208 4140 veniret.
2232 4085 2321 4140 Isti
2351 4089 2494 4144 enim
2520 4091 2729 4148 articuli
2753 4092 3219 4155 duarummtatum
3246 4101 3484 4157 eminent
3505 4101 3558 4158 in

1982 4173 2251 4229 veteribus
2276 4174 2453 4233 Libris
2483 4196 2497 4233 :
2530 4180 2855 4252 reliquarum
2883 4194 3062 4243 autem
3107 4191 3266 4245 trium
3300 4191 3351 4246 in
3383 4192 3561 4247 Evan-

1977 4264 2119 4333 gelio
2143 4266 2303 4321 etiam
2333 4267 2706 4339 declarantur,
2736 4289 2859 4331 cum
2896 4278 3127 4339 carnalis
3168 4282 3319 4352 origo
3345 4282 3563 4339 Domini

1978 4354 2107 4412 Jesu
2133 4356 2328 4415 Christi
2356 4374 2807 4435 commemoratur
2827 4367 3043 4440 (Matth.
3071 4387 3110 4439 ι,
3144 4373 3256 4445 17).
3285 4375 3416 4431 Nam
3446 4386 3561 4434 ter—

1979 4445 2049 4536 tia
2075 4457 2159 4503 est
2184 4449 2251 4505 ab
2278 4451 2547 4508 Abraham
2576 4470 2743 4531 usque
2773 4458 2840 4519 ad
2870 4460 3034 4523 David
3062 4477 3241 4534 regem
3268 4482 3282 4519 :
3314 4477 3500 4536 quarta
3527 4484 3559 4524 a

1977 4535 2146 4592 David
2174 4553 2340 4609 usque
2360 4539 2427 4595 ad
2452 4542 2595 4597 illam
2621 4546 2981 4617 captivitatem
3004 4566 3106 4621 qua
3136 4535 3360 4625 populus
3381 4557 3475 4614 Dei
3503 4560 3557 4616 in

1978 4628 2321 4721 Babyloniam
2345 4636 2740 4706 transmigrayit
2771 4641 2989 4710 :quinta
3009 4643 3077 4704 ab
3099 4644 3185 4700 illa
3214 4651 3560 4721 transmigra-

1978 4718 2121 4774 tione
2148 4734 2313 4791 usque
2338 4722 2717 4793 ad‘adventum
2749 4728 2956 4787 Domini
2980 4735 3151 4798 nostri
3166 4735 3297 4799 Iesu
3322 4718 3556 4809 Christi;

1976 4822 2040 4863 ex
2062 4809 2215 4880 cujus
2244 4812 2475 4869 adventu
2502 4828 2653 4871 sexta
2683 4828 2813 4874 mtas
2839 4822 3017 4891 agitur
3045 4841 3059 4879 :
3088 4832 3145 4880 ut
3167 4825 3277 4896 jam
3307 4830 3556 4899 spiritua-

1974 4899 2039 4954 lis
2063 4902 2253 4981 gratia,
2280 4918 2398 4976 quae
2428 4907 2780 4976 paucistunc
2816 4910 3140 4981 Patriarchis
3172 4924 3227 4972 et
3269 4918 3551 4988 Prophetis

1973 5001 2098 5049 nota
2123 5003 2256 5059 erat,
2276 4996 2707 5065 manifestaretur
2719 5003 2967 5071 omnibus
2986 5007 3228 5076 gentibus
3259 5027 3273 5064 :
3306 5025 3371 5065 ne
3400 5011 3550 5081 quis-

1974 5104 2132 5159 quam
2155 5088 2323 5146 Deum
2374 5092 2475 5147 nisi
2499 5095 2667 5165 gratis
2690 5097 3054 5168 coleretknon
3079 5101 3301 5161 visibilia
3333 5105 3553 5172 praemia

1972 5179 2241 5238 servitutis
2261 5195 2370 5236 sua:
2390 5194 2440 5239 et
2464 5185 2749 5265 prmsentis,
2764 5188 2886 5243 vita:
2912 5188 3236 5256 felicitatem,
3261 5192 3355 5247 sed
3378 5194 3547 5251 solam

1972 5270 2132 5326 vitam
2161 5279 2447 5341 aeternam,
2493 5275 2561 5345 in
2589 5292 2690 5348 qua
2737 5278 2856 5347 ipso
2886 5278 2995 5333 Deo
3014 5278 3332 5348 .l‘rueretur,
3361 5283 3428 5340 ab
3459 5285 3554 5343 illo

1970 5360 2316 5430 desiderans;
2362 5377 2421 5420 ut
2449 5365 2548 5423 hac
2572 5378 2718 5424 sexta
2754 5360 2907 5423 arente
2936 5383 3087 5424 mens
3129 5368 3359 5428 humana
3384 5390 3550 5431 reno-

1970 5453 2215 5521 veturad
2246 5454 2526 5526 imaginem
2562 5456 2693 5521 Dei,
2727 5458 2864 5511 sicut
2892 5467 3038 5513 sexta
3071 5458 3159 5516 (lie
3190 5461 3350 5519 homo
3378 5464 3550 5521 factus

1970 5553 2052 5598 est
2078 5543 2144 5599 ad
2173 5545 2452 5613 imaginem
2484 5546 2579 5600 Dei
2606 5545 2626 5617 (
2644 5543 2775 5619 Cen.
2808 5563 2844 5611 ι,
2871 5546 2940 5601 27
2960 5547 3002 5621 ).
3031 5548 3179 5607 Tunc
3205 5553 3347 5609 enim
3377 5563 3427 5609 et
3461 5554 3550 5611 lex

1969 5635 2241 5707 impletur,
2278 5635 2403 5691 dum
2444 5650 2549 5691 nou
2590 5636 2879 5706 cupiditate
2922 5655 3100 5697 rerum
3151 5645 3544 5715 temporalium,

2056 5775 2213 5830 istas,
2238 5772 2411 5824 electus
2432 5779 2516 5823 est.

2047 5836 2210 5895 "Mssa,
2235 5848 2297 5884 er
2321 5833 2541 5898 progenie
2565 5836 2725 5887 carnis
2748 5851 2862 5889 suae.
