4046 6332
452 528 548 587 sed
589 525 846 583 cbaritate
886 525 1025 581 illius
1067 524 1156 596 qui
1201 523 1482 595 praecepit,
1516 523 1651 578 ﬁunt
1684 535 2035 594 quzecumque

454 619 728 692 praecepit.
756 618 886 685 Quis
923 627 1100 672 autem
1136 631 1239 672 non
1269 616 1547 671 redamare
1573 614 1783 670 ali‘cctet
1806 613 2039 684 justissi-

457 728 602 767 mum
631 722 685 767 et
711 710 1267 768 misericordissimum
1289 709 1482 777 Deum,
1500 708 1587 779 qui
1616 708 1763 779 prior
1790 707 1867 762 sic
1894 720 2040 760 ama-

453 804 528 858 vit
571 802 946 874 injustissimos
986 810 1040 857 et
1078 801 1485 871 superbiSsimos
1528 800 1802 866 homines,
1829 807 1888 852 ut
1918 812 2042 868 pro-

457 905 578 963 pter
622 909 716 950 eos
767 895 1001 949 mitteret
1045 893 1258 947 unicum
1306 893 1517 960 Filium,
1564 908 1658 963 per
1707 907 1863 962 quem
1917 890 2043 946 fecit

456 985 676 1051 omnia;
710 984 802 1056 qui
838 1000 945 1041 non
986 985 1067 1040 sui
1106 984 1420 1049 mutatione,
1445 983 1540 1039 sed
1569 982 1799 1038 hominis
1828 997 2039 1036 assum-

456 1083 639 1149 ptione
679 1080 841 1135 homo
871 1080 1057 1147 factus,
1097 1094 1205 1134 non
1243 1078 1413 1133 solum
1445 1093 1569 1133 cum
1604 1078 1680 1132 eis
1714 1077 1914 1143 vivere,
1946 1073 2042 1129 sed

455 1172 615 1227 etiam
648 1187 743 1241 pro
769 1172 845 1226 eis
874 1179 927 1225 et
952 1171 1019 1225 ab
1042 1171 1116 1226 eis
1140 1179 1320 1240 posset
1346 1168 1550 1224 occidi?

526 1265 614 1320 40.
650 1264 829 1334 Itaque
861 1280 1056 1318 novum
1084 1272 1459 1318 testamentum
1486 1261 1815 1318 lmreditatis
1843 1260 2042 1330 sempi-

456 1363 625 1410 terna:
670 1354 1048 1420 manifestans,
1080 1356 1131 1410 in
1162 1370 1267 1426 quo
1293 1364 1576 1411 renovatus
1607 1354 1767 1408 homo
1796 1369 1893 1423 per
1920 1367 2043 1422 gra-

458 1446 583 1500 tiam
616 1446 705 1501 Dei
734 1455 914 1518 ageret
938 1462 1126 1501 novam
1152 1446 1334 1511 vitam,
1368 1446 1469 1501 hoc
1498 1454 1577 1501 est
1604 1446 1763 1501 vitam
1794 1444 2045 1513 spiritua.

458 1536 564 1592 lem
595 1552 612 1603 ;
654 1546 711 1592 ut
758 1544 910 1594 vetus
949 1537 1259 1594 ostenderet
1299 1538 1564 1608 primum,
1612 1537 1663 1591 in
1689 1552 1794 1608 quo
1819 1536 2046 1591 carnalis

460 1631 685 1701 populus
715 1646 875 1702 agens
901 1639 1133 1687 veterem
1166 1631 1435 1687 hominem
1456 1673 1469 1696 ,
1495 1630 1733 1701 exceptis
1756 1629 1937 1699 paucis
1962 1630 2045 1683 in-

454 1723 820 1794 telligentibus
851 1722 1174 1803 Patriarchis
1198 1732 1253 1778 et
1280 1722 1561 1793 PrOphetis
1588 1731 1642 1777 et
1668 1721 1938 1776 nonnullis
1968 1721 2046 1774 la-

458 1815 700 1871 tentibus
741 1816 975 1883 sanctis,
1021 1817 1307 1872 carnaliter
1346 1817 1532 1871 vivens
1570 1816 1799 1871 carnalia
1830 1816 2046 1885 praemia

460 1906 797 1965 desiderabat
835 1923 869 1964 a
902 1908 1125 1964 Domino
1156 1909 1294 1977 Deo,
1331 1919 1385 1965 et
1414 1911 1464 1963 in
1507 1908 1671 1979 ﬁgura
1697 1907 2048 1977 spiritualium

459 1997 723 2054 bonorum
765 1997 1061 2069 accipiebat
1089 2018 1101 2055 :
1134 2001 1313 2055 omnia
1353 2016 1480 2072 ergo
1510 2001 1645 2054 bona
1676 2008 1886 2054 terrena
1917 2014 2050 2053 con-

462 2086 679 2158 tempsit
727 2088 886 2144 homo
931 2086 1103 2145 factus
1151 2090 1407 2145 Dominus
1445 2090 1724 2155 Christus,
1768 2098 1825 2143 ut
1863 2100 2051 2144 conte-

463 2180 695 2238 mnenda
724 2190 1082 2249 monstraret;
1106 2191 1161 2238 et
1179 2184 1357 2238 omnia
1381 2192 1590 2238 terrena
1612 2183 1862 2238 sustinuit
1883 2183 2017 2236 mala
2035 2224 2049 2249 ,

465 2286 585 2341 qua:
624 2272 931 2328 sustinenda
970 2274 1313 2345 przecipiebat
1346 2293 1360 2329 :
1393 2282 1452 2329 ut
1486 2289 1659 2345 neque
1688 2275 1741 2329 in
1772 2275 1874 2330 illis
1904 2290 2053 2345 qua:-

465 2371 678 2417 reretur
717 2361 940 2418 felicitas
964 2404 979 2430 ,
1028 2379 1198 2435 neque
1224 2365 1275 2419 in
1305 2364 1419 2420 istis
1446 2364 1728 2420 infelicitas
1755 2366 2053 2420 timeretur.

466 2450 633 2511 Natus
679 2453 820 2508 enim
868 2440 936 2510 de
976 2464 1149 2510 matre
1188 2471 1308 2527 qua:
1354 2456 1596 2533 quamvis
1638 2471 1671 2511 a
1704 2456 1822 2511 viro
1859 2456 2055 2515 intacta

467 2548 818 2617 conceperit,
855 2562 1173 2620 semperque
1215 2548 1411 2605 intacta
1461 2550 1853 2620 permanserit,
1905 2550 2056 2620 virgo

468 2639 809 2710 concipiens,
835 2640 985 2712 virgo
1015 2641 1227 2712 pariens
1250 2684 1265 2710 ,
1299 2641 1448 2713 virgo
1478 2645 1710 2697 moriens
1728 2685 1744 2711 ,
1779 2653 1954 2698 tamen
1979 2640 2058 2697 fa-

466 2728 568 2787 bro
582 2731 911 2811 desponsata
940 2741 1089 2800 erat,
1120 2748 1333 2789 omnem
1362 2734 1582 2806 typbum
1608 2735 1837 2791 carnalis
1863 2735 2055 2791 nobili-

467 2822 593 2876 tatis
638 2823 909 2882 exstinxit.
956 2823 1124 2879 Natus
1167 2825 1325 2880 etiam
1370 2825 1423 2880 in
1465 2826 1678 2882 civitate
1705 2827 2054 2896 Bethlehem,

470 2928 592 2984 quin
619 2914 757 2971 inter
785 2930 973 2971 omnes
1000 2915 1198 2972 ludam
1222 2918 1468 2973 civitates
1496 2918 1569 2972 ita
1597 2927 1713 2975 erat
1741 2920 1927 2990 exigua
1954 2962 1968 2987 ,
2000 2927 2060 2973 ut

470 3002 739 3076 hodieque
756 3005 881 3065 villa
901 3007 1197 3078 appelletur
1215 3051 1230 3076 ,
1260 3009 1428 3063 noluit
1447 3025 1767 3081 quemquam
1793 3010 1861 3065 de
1881 3011 2058 3080 cujus-

470 3112 635 3168 quam
677 3106 903 3156 terrenae
944 3100 1176 3156 civitatis
1214 3100 1538 3157 sublimitate
1576 3103 1808 3174 gloriari.
1852 3104 2060 3175 Pauper

471 3188 641 3247 etiam
684 3187 858 3245 factus
902 3198 1019 3257 est,
1065 3190 1215 3262 cujus
1261 3200 1387 3248 sunt
1421 3192 1635 3261 omnia,
1676 3201 1730 3249 et
1768 3209 1864 3265 per
1901 3210 2059 3266 quem

473 3287 653 3335 creata
682 3288 810 3336 sunt
832 3282 1007 3337 omnia
1032 3302 1046 3349 ;
1080 3298 1146 3338 ne
1170 3283 1451 3355 quisquam
1480 3300 1601 3341 cum
1632 3286 1686 3341 in
1716 3302 1837 3342 eum
1869 3287 2059 3343 crede-

473 3377 596 3435 ret,
640 3368 709 3426 de
752 3372 978 3428 terrenis
1014 3372 1212 3430 divitiis
1252 3376 1477 3432 auderet
1509 3376 1715 3433 extuli.
1754 3379 1935 3434 Noluit
1959 3396 2058 3435 rex

472 3460 543 3517 ab
580 3459 886 3521 hominibus
911 3462 1023 3520 ﬁeri
1048 3483 1062 3531 ;
1094 3467 1217 3537 quia
1243 3466 1556 3524 humilitatis
1578 3470 1899 3527 ostendebat
1919 3472 2060 3527 viam

474 3550 689 3609 miseris
707 3594 722 3620 ,
757 3569 894 3626 quos
917 3555 985 3611 ab
1007 3570 1073 3612 eo
1097 3558 1117 3590 ¹η
1139 3559 1385 3629 superbia
1410 3569 1755 3630 separaverat
1782 3580 1796 3617 :
1820 3564 2061 3633 quamvis

473 3643 859 3713 sempiternum
883 3645 1000 3717 ejus
1020 3663 1241 3718 regnum
1268 3649 1517 3705 universa
1541 3659 1783 3708 creatura
1811 3662 2058 3710 testetur.

474 3733 713 3791 Esurivit
731 3777 746 3803 ,
768 3737 859 3807 qui
885 3753 1073 3794 omnes
1099 3740 1301 3809 pascit;
1333 3742 1498 3797 sitivit
1515 3785 1529 3810 ,
1560 3758 1654 3813 per
1673 3759 1830 3815 quem
1853 3756 2063 3802 creatur

476 3825 652 3881 Omnis
682 3834 864 3896 potus,
882 3836 937 3883 et
960 3829 1050 3899 qui
1075 3830 1418 3900 spiritualiter
1443 3834 1594 3903 panis
1614 3844 1696 3889 est
1716 3836 2064 3893 esurientium

478 3913 709 3988 forisque
737 3918 1031 3974 sitientium
1066 3938 1080 3974 :
1110 3922 1178 3979 ab
1203 3923 1393 3979 itinere
1423 3926 1664 3980 terrestri
1694 3924 1942 4000 fatigatus
1959 3936 2061 3997 est,

478 4009 571 4089 qui
594 4025 655 4066 se
682 4010 854 4082 ipsum
884 4012 1036 4069 nobis
1057 4012 1196 4069 viam
1218 4015 1341 4071 fecit
1368 4016 1420 4071 in
1445 4018 1638 4074 coelum
1667 4035 1682 4073 :
1711 4020 1855 4081 velut
1878 4020 2068 4075 obmu-

478 4103 583 4160 tuit
628 4110 684 4158 et
726 4103 1005 4162 obsurduit
1048 4119 1227 4160 coram
1270 4107 1722 4174 conviciantibus,
1772 4126 1869 4181 per
1906 4127 2065 4182 quem

478 4204 662 4275 mutus
687 4197 896 4253 locutus
922 4207 1004 4255 est
1030 4206 1085 4255 et
1108 4199 1300 4254 surdus
1325 4199 1525 4256 audivit
1556 4220 1569 4256 :
1598 4203 1806 4259 vinetus
1833 4212 1945 4273 est,
1979 4206 2067 4275 qui

482 4287 556 4345 de
597 4289 962 4346 inﬁrmitatum
1005 4292 1230 4346 vinculis
1272 4292 1475 4349 solvit:
1504 4293 1798 4367 ﬁagellatus
1831 4306 1945 4365 est,
1976 4298 2067 4368 qui

481 4380 720 4437 omnium
747 4381 990 4437 dolorum
1017 4381 1222 4454 ﬂagella
1252 4382 1320 4439 de
1340 4382 1613 4440 hominum
1636 4387 1947 4457 corporibus
1976 4405 2069 4449 ex-

479 4472 619 4546 pulit
665 4487 681 4526 :
723 4473 1008 4529 cruciﬁxus
1047 4482 1166 4540 est,
1197 4474 1287 4545 qui
1315 4475 1583 4532 cruciatus
1611 4487 1824 4532 nostros
1850 4477 2019 4534 finivit
2052 4497 2064 4533 :

482 4571 727 4623 mortuus
761 4571 882 4631 est,
924 4565 1014 4636 qui
1051 4572 1290 4621 mortuos
1328 4566 1622 4622 suscitavit.
1658 4567 1763 4623 Sed
1801 4575 1857 4623 et
1887 4584 2068 4627 resur-

483 4656 625 4712 rexit
668 4670 938 4727 nunquam
975 4655 1298 4723 moriturus,
1342 4671 1411 4719 ne
1451 4657 1518 4717 ab
1556 4657 1648 4722 illo
1686 4659 1965 4737 quisquam
1993 4660 2070 4716 sic

482 4746 719 4805 disceret
768 4756 993 4808 mortem
1040 4756 1419 4817 contemnere,
1470 4750 1622 4822 quasi
1673 4767 1942 4823 nunquam
1985 4754 2068 4808 vi-

483 4849 669 4898 cturus
696 4840 741 4897 ἰ

486 4926 493 4947 λ
558 4933 784 4991 CAPUT
813 4931 1002 4989 XXI“.
1028 4963 1100 4974 —
1125 4933 1214 4995 41.
1246 4933 1467 5003 Spiritus
1492 4944 1695 4990 sanctus
1718 4935 1800 4990 die
1824 4938 2072 5008 quinqua-

485 5027 675 5099 gesima
722 5034 832 5099 post
866 5025 1276 5085 resurrectionem
1302 5023 1491 5083 Chriin
1513 5027 1718 5082 missus.
1740 5027 1912 5082 Judwi
1939 5045 2072 5098 prae-

485 5120 737 5174 dicatione
773 5117 1133 5189 Apostolorum
1158 5118 1379 5175 conversi
1394 5160 1410 5185 ,
1441 5119 1554 5175 vim
1576 5120 1876 5191 evangelica:
1901 5121 2070 5175 studio

484 5210 778 5285 ﬂagrantes.
801 5206 1045 5264 Ecclesia:
1062 5208 1201 5279 apud
1221 5206 1400 5264 Gentes
1420 5226 1509 5280 per
1528 5208 1747 5263 Paulum
1766 5213 2067 5267 constituta.

482 5298 617 5353 inde
637 5299 965 5354 conﬁrmatis
989 5298 1265 5369 discipulis
1285 5339 1300 5365 ,
1328 5309 1677 5355 conversatus
1697 5315 1817 5355 cum
1841 5303 1919 5357 eis
1941 5319 2071 5374 qua-

485 5391 728 5463 draginta
758 5392 945 5448 diebus
967 5435 982 5459 ,
1012 5392 1215 5448 eisdem
1240 5392 1602 5463 spectantibus
1622 5394 1863 5448 ascendit
1883 5396 1938 5457 in
1957 5412 2071 5452 coe-

484 5482 597 5540 lum
620 5499 636 5551 ;
676 5491 731 5539 et
764 5484 1046 5555 completis
1069 5501 1099 5540 ιι
1128 5485 1516 5547 resurrectione
1543 5484 1922 5557 quinquaginta
1950 5487 2067 5543 die-

488 5576 588 5634 bus
629 5576 774 5635 misit
809 5577 889 5633 eis
918 5577 1171 5649 Spiritum
1205 5587 1447 5634 sanctum
1491 5574 1829 5650 (promiserat
1857 5581 2022 5651 enim)
2047 5623 2064 5651 ,

554 5718 570 5749 ί
604 5718 677 5767 Sic
696 5721 804 5767 uss.
832 5724 886 5768 At
909 5717 1049 5776 editi,
1069 5714 1127 5765 ab
1142 5728 1217 5765 ea.

556 5781 576 5811 ι
607 5786 708 5829 Am.
735 5786 811 5829 Er.
832 5785 886 5830 et
906 5778 1015 5829 fere
1048 5789 1221 5829 omnes
1255 5784 1379 5836 Mss,
1427 5776 1632 5839 ﬁttitrtts.
1669 5782 1796 5828 Unus
1820 5778 2071 5833 vaticanus

491 5848 564 5895 lis.
578 5873 595 5907 ,
618 5847 994 5892 resurrecturus.

1267 408 1355 465 DE
1393 406 1943 464 Ci’l‘ECiIIZANDlS
1980 404 2293 474 RUDIBUS,
2333 406 2392 463 S.
2434 406 2800 466 AUGUSTINI

3618 412 3723 469 540

2146 534 2243 591 per
2283 535 2440 591 quem
2486 519 2675 577 diﬁ'usa
2714 522 2971 578 charitate
3006 522 3061 578 in
3090 524 3337 581 cordibus
3365 540 3584 594 eorum,
3614 544 3725 583 non

2144 612 2319 666 solum
2358 612 2477 668 sine
2507 629 2703 681 onere,
2742 614 2835 670 sed
2862 615 3019 671 etiam
3050 631 3169 670 cum
3195 616 3525 687 jucunditate
3551 619 3724 689 legem

2144 712 2365 773 possent
2389 705 2627 775 implere.
2650 705 2780 774 Qute
2806 705 2926 761 data
2951 716 3033 762 est
3059 707 3258 763 Judzeis
3289 709 3341 762 in
3370 708 3556 764 decem
3585 725 3727 779 prm-

2146 796 2342 866 ceptis,
2388 797 2529 868 quod
2575 800 2843 869 appellant
2883 800 3215 871 decalogum.
3260 802 3390 870 Quae
3434 818 3615 859 rursus
3659 804 3729 859 ad

2146 887 2254 942 duo
2282 888 2591 960 rediguntur
2608 931 2622 955 ,
2656 900 2711 945 ut
2730 890 3013 963 diligamus
3038 893 3202 948 Deum
3228 909 3294 949 ex
3316 904 3428 949 toto
3451 895 3630 963 corde,
3659 911 3730 953 ex

2148 990 2257 1037 tota
2303 985 2477 1039 anima
2498 1027 2513 1052 ,
2554 1001 2620 1040 ex
2653 994 2762 1041 tota
2789 994 2968 1042 mente
2995 1004 3009 1052 ;
3040 987 3400 1058 et‘diligamus
3427 990 3731 1058 proximum

2149 1074 2284 1129 sicut
2322 1090 2421 1130 nos
2464 1077 2629 1146 ipsos.
2665 1077 2795 1132 Nam
2827 1079 2877 1131 in
2909 1078 2993 1133 his
3023 1077 3230 1133 duobus
3263 1081 3539 1150 praeceptis
3563 1090 3729 1136 tutam

2148 1163 2342 1233 Legem
2372 1166 2767 1238 Pmphetasque
2795 1168 3024 1238 pendere
3046 1211 3059 1234 ,
3094 1169 3206 1237 ipse
3236 1169 3491 1225 Dominus
3522 1180 3575 1226 et
3599 1173 3737 1227 dixit

2142 1250 2204 1311 in
2229 1257 2519 1327 Evangelio
2551 1257 2760 1327 (Matth.
2794 1276 2901 1314 χχιι
2924 1302 2939 1325 ,
2970 1260 3163 1330 5740)
3190 1303 3204 1327 ,
3238 1270 3291 1315 et
3311 1276 3407 1315 suo
3429 1262 3741 1322 manifesta-

2152 1348 2225 1401 vit
2262 1350 2527 1418 exemplo.
2568 1348 2699 1403 Nam
2745 1359 2792 1405 et
2845 1352 3067 1421 populus
3095 1351 3257 1410 israel
3287 1368 3355 1406 ex
3382 1352 3470 1409 die
3496 1369 3600 1424 quo
3629 1355 3739 1424 pri»

2150 1454 2295 1492 mum
2325 1440 2517 1506 pascha
2542 1441 2591 1494 in
2616 1440 2843 1511 imagine
2866 1444 3221 1506 celebrarunt,
3248 1458 3401 1498 ovem
3429 1445 3740 1501 occidentes

2152 1541 2207 1587 et
2234 1533 2610 1589 manducantes
2628 1577 2641 1600 ,
2674 1536 2825 1604 cujus
2851 1537 3104 1606 sanguine
3132 1546 3310 1607 postes
3338 1553 3522 1592 eorum
3550 1537 3616 1593 ad
3647 1553 3741 1593 sa-

2142 1622 2279 1679 ‘lutis
2324 1626 2541 1679 tutelam
2584 1627 2774 1697 signati
2813 1636 2933 1682 sunt
2975 1627 3165 1699 (Exod.
3198 1630 3342 1699 xu);
3374 1645 3438 1683 ex
3469 1631 3582 1699 ipso
3607 1646 3739 1700 ergo

2154 1715 2239 1770 die
2269 1718 2733 1787 quinquagesimus
2753 1717 2866 1773 dies
2889 1720 3137 1788 impletus
3161 1727 3243 1774 est
3262 1760 3277 1785 ,
3307 1729 3360 1775 et
3388 1720 3559 1791 legem
3586 1736 3740 1777 acce-

2155 1814 2349 1876 perunt
2391 1807 2641 1877 scriptam
2683 1809 2846 1879 digito
2886 1810 2977 1863 Dei
3021 1808 3130 1882 (Id.
3171 1826 3299 1875 χιχ,
3337 1810 3431 1881 xx)
3458 1853 3473 1877 ,
3506 1826 3612 1881 quo
3643 1826 3744 1867 no-.

2156 1897 2297 1952 mine
2331 1898 2439 1967 jam
2483 1898 2713 1954 diximus
2742 1900 3025 1970 signiﬁcari
3051 1900 3306 1969 Spiritum
3334 1912 3574 1956 sanctum
3606 1902 3743 1973 (Su-

2158 2007 2277 2062 pro,
2291 2008 2402 2062 cap.
2433 2006 2499 2044 xx
2519 2034 2535 2058 ,
2564 2008 2616 2043 η.
2647 1991 2737 2064 55)
2773 2010 2785 2046 :
2817 1993 2950 2046 sicut
2978 2000 3098 2063 post
3126 1992 3332 2045 Domini
3361 1994 3660 2062 passionem
3688 2003 3743 2049 et

2157 2082 2602 2136 resurrectionem
2631 2123 2644 2147 ,
2670 2082 2807 2151 quod
2839 2091 2916 2136 est
2951 2097 3133 2136 verum
3157 2081 3351 2151 pascha
3372 2124 3386 2149 ,
3410 2082 3743 2153 quinquage-

2158 2174 2294 2228 simo
2332 2174 2416 2228 die
2450 2174 2563 2243 ipse
2602 2173 2830 2243 Spiritus
2856 2185 3071 2228 sanctus
3100 2174 3371 2244 discipulis
3397 2175 3590 2229 missus
3611 2184 3694 2229 est
3728 2193 3742 2230 :

2159 2282 2264 2322 non
2301 2267 2410 2337 jam
2451 2266 2671 2338 lapideis
2704 2267 2894 2322 tabulis
2923 2267 3085 2321 corda
3114 2266 3245 2321 dura
3273 2267 3618 2338 signiﬁcans;
3649 2269 3746 2323 sed

2160 2375 2279 2415 cum
2309 2369 2487 2415 essent
2513 2376 2672 2413 unum
2705 2360 2757 2413 in
2783 2359 2961 2415 locum
2985 2361 3288 2430 congregati
3316 2360 3369 2413 in
3397 2360 3509 2429 ipsa
3532 2359 3747 2415 Jerusa-

2158 2450 2264 2505 lem
2290 2493 2305 2518 ,
2338 2450 2504 2504 factus
2534 2458 2615 2505 est
2643 2449 2819 2505 subito
2848 2450 2913 2506 de
2938 2450 3075 2506 cmlo
3105 2466 3273 2505 sonus
3293 2492 3307 2517 ,
3340 2451 3491 2521 quasi
3517 2450 3750 2510 ferretur

2161 2539 2318 2595 ﬂatus
2343 2540 2649 2607 vehemens,
2672 2549 2727 2595 et
2745 2540 2872 2595 visre
2892 2550 3015 2595 sunt
3039 2541 3145 2595 illis
3170 2541 3363 2610 lingua:
3387 2540 3570 2596 divisae
3595 2542 3751 2612 quasi

2162 2632 2296 2703 ignis
2316 2672 2330 2697 ,
2369 2640 2422 2687 et
2447 2639 2722 2702 coeperunt
2750 2632 2940 2702 linguis
2971 2632 3144 2702 loqui,
3179 2631 3249 2686 ita
3278 2642 3335 2687 ut
3358 2647 3543 2687 omnes
3568 2633 3656 2702 qui
3678 2634 3748 2688 ad

2161 2723 2283 2777 illos
2310 2732 2585 2785 venerant,
2615 2738 2767 2777 suam
2796 2724 3029 2794 linguam
3050 2724 3271 2794 quisque
3294 2733 3639 2794 cognosceret
3661 2724 3751 2792 (ad

2162 2812 2304 2866 illam
2339 2811 2481 2867 enim
2512 2810 2780 2867 civitatem
2809 2827 2873 2868 ex
2904 2813 3047 2870 omni
3078 2822 3215 2867 terra
3243 2813 3633 2868 conveniebant
3657 2813 3751 2868 Ju-

2162 2903 2261 2960 daei
2283 2946 2297 2970 ,
2333 2918 2669 2975 quacumque
2702 2904 2929 2973 dispersi
2968 2912 3153 2971 erant,
3193 2913 3248 2959 et
3281 2904 3519 2959 diversas
3545 2906 3752 2975 linguas

2162 2997 2396 3068 gentium
2416 2997 2747 3051 diversarum
2769 2996 3068 3052 didicerant
3089 2995 3223 3070 [Αει.
3249 3013 3306 3064 ιι,
3332 2996 3529 3069 1-11]);
3555 2997 3754 3053 deinde

2162 3104 2285 3144 cum
2324 3072 2440 3143 tota
2482 3087 2673 3143 ﬁducia
2714 3088 2986 3143 Christum
3017 3088 3365 3159 praedicantes
3386 3131 3400 3154 ,
3431 3089 3480 3141 in
3510 3088 3623 3157 ejus
3652 3103 3754 3143 "0-!

2163 3184 2309 3238 mine
2346 3181 2509 3236 multa
2552 3182 2701 3252 signa
2743 3180 3045 3247 faciebant,
3087 3182 3159 3235 ita
3200 3189 3256 3235 ut
3289 3179 3568 3251 quemdam
3604 3196 3754 3236 mor-

2165 3283 2313 3329 tuum
2336 3280 2642 3328 transeunte
2670 3273 2825 3327 Petro
2850 3273 3036 3328 umbra
3059 3273 3174 3343 ejus
3203 3272 3462 3344 tetigerit,
3493 3281 3546 3327 et
3571 3287 3756 3327 rcsur.

2156 3365 2363 3420 rexerit
2387 3361 2498 3436 (Id.
2526 3379 2559 3417 v
2580 3405 2595 3430 ,
2628 3362 2739 3436 15).

2235 3456 2325 3513 42.
2354 3456 2459 3512 Sed
2481 3472 2600 3511 cum
2628 3456 2867 3511 viderent
2885 3455 3054 3511 Judmi
3078 3465 3221 3511 tanta
3245 3456 3395 3527 signa
3417 3456 3529 3512 ﬁeri
3554 3456 3608 3511 in
3636 3456 3754 3527 ejus

2167 3549 2383 3605 nomine
2406 3592 2422 3616 ,
2464 3564 2621 3620 quem
2663 3549 2851 3618 partim
2888 3565 2983 3618 per
3015 3550 3265 3604 invidiam
3287 3593 3301 3617 ,
3330 3550 3523 3619 partim
3552 3566 3645 3620 per
3665 3565 3756 3604 er-

2167 3656 2343 3695 rorem
2370 3640 2749 3698 cruciﬁxerunt
2767 3682 2782 3707 ,
2810 3641 2899 3694 alii
2922 3641 3107 3695 irritati
3130 3650 3253 3695 sunt
3275 3641 3339 3695 ad
3357 3642 3754 3712 persequendos

2167 3731 2547 3802 prmdieatores
2588 3731 2704 3801 ejus
2751 3732 3035 3800 Apostolos
3056 3772 3071 3795 ,
3114 3730 3203 3785 alii
3232 3746 3359 3785 vero
3385 3731 3611 3801 idipsum
3632 3747 3751 3785 am-

2169 3823 2308 3893 plius
2333 3821 2657 3877 admirantes
2677 3863 2690 3887 ,
2723 3822 2863 3892 quod
2895 3823 2946 3876 in
2977 3822 3093 3893 ejus
3122 3823 3339 3877 nomine
3360 3863 3375 3889 ,
3402 3838 3561 3892 quem
3582 3821 3754 3876 veluti

2170 3931 2199 3969 a
2244 3930 2303 3970 se
2339 3928 2652 3984 oppressum
2700 3923 2755 3968 et
2797 3914 2993 3968 victum
3033 3915 3297 3977 riserant,
3327 3923 3469 3967 tanta
3499 3913 3756 3967 miracula

2171 4006 2358 4061 ﬁerent
2383 4046 2399 4071 ,
2431 4004 2738 4077 paenitendo
2766 4006 3010 4060 conversi
3032 4004 3374 4060 crediderunt
3401 4005 3453 4058 in
3481 4019 3602 4059 eum
3635 4005 3757 4059 mil-

2172 4100 2241 4155 lia
2264 4102 2281 4132 ¹
2308 4099 2636 4155 Judmorum.
2663 4098 2778 4153 Non
2810 4107 2961 4152 erant
2982 4099 3094 4168 jam
3124 4098 3198 4152 illi
3222 4098 3529 4169 temporalia
3554 4097 3761 4152 beneﬁ—

2172 4190 2253 4245 cia
2296 4199 2673 4260 terrenumque
2714 4203 2936 4257 regnum
2977 4187 3345 4244 desiderantes
3391 4204 3423 4242 a
3466 4189 3613 4252 Deo,
3654 4203 3761 4244 nec

2174 4282 2495 4351 promissum
2533 4296 2711 4351 regem
2736 4279 3007 4335 Christum
3031 4280 3315 4334 carnaliter
3339 4289 3711 4350 exspectantes
3743 4299 3757 4336 :

2173 4373 2271 4430 sed
2310 4373 2681 4429 immortaliter
2720 4372 3077 4444 intelligentes
3115 4381 3168 4428 et
3208 4372 3486 4443 diligentes
3517 4388 3637 4428 eum
3665 4374 3759 4441 qui

2175 4481 2271 4535 pro
2318 4466 2449 4536 ipsis
2494 4467 2562 4521 ab
2603 4464 2733 4533 ipsis
2775 4474 2918 4519 tanta
2959 4465 3255 4521 mortaliter
3292 4465 3546 4536 pertulit,
3588 4473 3639 4519 et
3682 4467 3766 4520 eis

2174 4573 2341 4628 usque
2370 4556 2436 4612 ad
2463 4556 2546 4612 sui
2575 4557 2845 4627 sanguinis
2871 4559 2892 4590 ³
2925 4568 3137 4628 peccata
3166 4558 3419 4625 donavit,
3451 4566 3503 4613 et
3532 4557 3761 4611 innuer-

2174 4652 2432 4706 talitatem
2472 4665 2502 4704 a
2544 4664 2602 4705 se
2640 4650 2956 4720 sperandam
2996 4661 3047 4707 et
3076 4649 3480 4706 desiderandam
3508 4651 3762 4720 exemplo

2176 4756 2284 4796 suae
2312 4741 2715 4799 resurrectionis
2740 4742 2990 4798 ostendit.
3022 4742 3202 4813 Itaque
3223 4742 3334 4813 jam
3360 4744 3557 4798 veteris
3584 4743 3764 4799 homi-

2178 4834 2259 4889 nis
2281 4843 2488 4891 terrena
2509 4836 2770 4891 desideria
2799 4836 3179 4892 mortiﬁeantes
3198 4878 3213 4904 ,
3239 4848 3293 4893 et
3315 4838 3607 4908 spiritualis
3635 4836 3768 4894 vita:

2170 4928 2409 4983 novitate
2458 4929 2742 5000 ﬂagrantes
2770 4972 2783 4996 ,
2828 4930 2965 4986 sicut
3011 4938 3333 5001 prteceperat
3377 4932 3427 4985 in
3470 4931 3765 5000 Evangelio

2178 5019 2434 5075 Dominus
2452 5062 2465 5084 ,
2495 5021 2796 5076 vendebant
2820 5022 2995 5076 omnia
3025 5037 3144 5092 qum
3168 5021 3435 5077 habebant
3459 5065 3472 5088 ,
3506 5032 3560 5077 et
3587 5024 3764 5093 pretia

2175 5127 2354 5175 rerum
2382 5127 2595 5167 suarum
2622 5123 2747 5169 ante
2775 5114 2937 5184 pedes
2956 5116 3331 5185 Apostolorum
3358 5114 3627 5185 ponebant
3653 5158 3670 5183 ,
3703 5127 3765 5172 ut

2178 5203 2276 5274 ipsi
2306 5203 2685 5260 distribuerent
2711 5206 3034 5277 unicuique,
3077 5209 3214 5263 sicut
3254 5208 3448 5279 cuique
3476 5223 3611 5279 Opus
3645 5219 3769 5265 erat

2179 5293 2288 5366 (Id.
2319 5312 2353 5350 ιι
2379 5338 2394 5362 ,
2426 5297 2525 5361 44,
2557 5304 2604 5351 et
2625 5313 2677 5351 tv
2698 5338 2713 5362 ,
2743 5298 2837 5368 54)
2871 5315 2884 5353 :
2914 5299 3261 5371 viventesque
3289 5301 3339 5353 in
3364 5299 3653 5355 christiana
3681 5302 3767 5354 di-

2178 5385 2406 5441 lectione
2432 5386 2772 5442 concorditer
2794 5430 2807 5454 ,
2835 5404 2939 5443 non
2961 5388 3212 5444 dicebant
3232 5389 3427 5461 aliquid
3456 5405 3632 5451 suum,
3664 5390 3763 5445 sed

2177 5485 2329 5531 erant
2355 5477 2458 5532 illis
2478 5477 2654 5535 omnia
2680 5481 2980 5534 communia
3006 5522 3021 5548 ,
3049 5488 3104 5536 et
3122 5481 3295 5535 anima
3322 5492 3376 5536 et
3400 5497 3493 5537 cor
3513 5497 3678 5536 unum
3707 5482 3763 5537 in

2179 5568 2343 5623 Deum
2366 5566 2476 5642 (Id.
2504 5585 2557 5624 tv
2577 5610 2589 5633 ,
2616 5568 2792 5640 52-35)
2806 5613 2818 5625 .
2844 5570 3042 5625 Deinde
3063 5572 3221 5628 etiam
3245 5572 3342 5641 ipsi
3362 5587 3391 5625 a
3412 5571 3614 5629 Iudaeis
3635 5586 3762 5627 car-

2243 5659 2276 5726 "
2295 5666 2425 5719 lov.,
2451 5668 2576 5723 post,
2619 5661 2932 5726 crediderunt
2964 5663 3019 5715 in
3060 5676 3171 5715 eum
3212 5662 3367 5716 millia
3385 5699 3400 5726 ,
3445 5663 3765 5721 addiderunt,

2175 5718 2341 5777 multa,
2368 5718 2429 5770 ei:
2451 5718 2548 5774 imo
2565 5718 2740 5775 codice
2772 5732 2853 5775 Ms.

2176 5783 2376 5897 be;;1ic
2398 5785 2443 5833 in
2462 5786 2673 5835 editione
2698 5794 2806 5839 Lov.
2832 5786 3041 5841 additum
3064 5787 3241 5850 fuerat,
3265 5785 3539 5851 emisionem
3563 5798 3581 5837 .'
3602 5788 3768 5837 minus
