4046 6332
258 296 375 357 ill

280 405 491 462 nalibus
516 404 723 459 civibus
754 404 929 458 carnis
956 420 1065 458 ςιιιυ
1097 405 1517 473 persecutionem
1550 403 1687 472 passi
1710 411 1868 470 atque

278 495 507 566 dispersi
548 504 711 561 sunt,
761 503 819 549 ut
860 496 1014 549 latius
1054 495 1296 551 Christus
1320 510 1504 550 eorum
1531 495 1867 563 dispersione

280 586 694 658 praedicaretur,
748 596 802 641 et
845 587 1176 642 imitarentur
1215 589 1375 642 etiam
1415 588 1513 657 ipsi
1556 587 1864 658 patientiam

282 679 489 735 Domini
516 680 598 735 sui
632 698 645 734 :
672 680 793 750 quia
821 679 908 750 qui
932 694 1025 734 eos
1053 680 1068 711 ¹
1095 688 1402 734 mansuetus
1436 694 1620 749 passus
1648 677 1822 732 fuerat
1847 719 1861 745 ,

280 770 672 827 mansuefactos
703 786 799 840 pro
827 786 883 825 se
907 770 1266 841 patijnbcbat.

348 863 439 919 45.
471 861 711 930 Exipsis
737 870 1041 914 sanctorum
1068 861 1491 930 persecutoribus
1514 859 1683 914 fuerat
1703 859 1864 913 etiam

279 955 548 1025 apostolus
590 952 826 1017 Paulus,
868 964 921 1007 et
962 954 1012 1006 in
1047 952 1375 1007 Christianos
1413 953 1641 1006 maxime
1681 950 1863 1005 sanie-

278 1048 365 1103 bat
409 1064 422 1099 :
470 1045 563 1099 sed
599 1054 780 1113 postea
814 1045 1038 1100 credens
1064 1054 1117 1099 et
1142 1045 1413 1115 apostolus
1439 1045 1638 1106 factus,
1673 1044 1866 1097 missus

280 1149 360 1193 est
383 1148 438 1193 ut
459 1138 720 1193 Gentibus
748 1137 1089 1208 Evangelium
1120 1138 1450 1207 praedicaret,
1480 1138 1720 1207 graviora
1746 1152 1866 1205 per-

280 1244 468 1297 pessus
510 1244 605 1298 pro
641 1230 855 1283 nomine
893 1228 1123 1305 Christi,
1152 1246 1307 1300 quam
1344 1230 1538 1283 fecerat
1562 1239 1748 1283 contra
1771 1244 1866 1281 no-

280 1337 399 1376 men
440 1319 658 1375 Christi.
708 1320 974 1374 Ecclesias
1001 1330 1177 1374 autem
1204 1322 1531 1376 constituens
1562 1336 1655 1390 per
1677 1335 1865 1376 omnes

277 1424 461 1482 gentes
481 1429 583 1484 qua
610 1413 947 1484 Evangelium
971 1413 1266 1469 seminabat
1284 1454 1299 1480 ,
1326 1414 1563 1483 impense
1587 1414 1861 1484 prmcipie«

278 1506 398 1569 bat,
431 1514 488 1557 ut
518 1504 767 1573 quoniam
798 1504 895 1574 ipsi
924 1520 988 1559 ex
1021 1504 1280 1561 idolorum
1304 1505 1455 1559 cultu
1472 1493 1743 1560 venientes
1763 1546 1777 1571 ,
1810 1514 1865 1559 et

278 1596 340 1650 ad
369 1612 535 1649 unum
563 1596 731 1650 Deum
764 1596 1045 1650 colendum
1079 1598 1236 1651 rudes
1261 1638 1274 1661 ,
1304 1613 1408 1650 non
1440 1598 1587 1652 facile
1620 1608 1861 1667 poterant

279 1688 434 1742 rebus
474 1688 585 1741 suis
625 1687 853 1743 venditis
894 1698 947 1743 et
984 1689 1277 1744 distributis
1302 1690 1503 1744 servire
1533 1690 1642 1744 Deo
1666 1732 1680 1756 ,
1714 1690 1862 1745 obla-

277 1784 447 1836 tiones
491 1780 726 1835 facerent
770 1780 821 1835 in
867 1797 1125 1852 pauperes
1160 1791 1464 1836 sanctorum
1506 1784 1594 1853 qui
1626 1785 1859 1839 erantin

277 1873 529 1927 l-Icclcsiis
565 1872 797 1938 Judzrre,
843 1889 959 1941 qua:
998 1872 1209 1928 Christo
1234 1873 1569 1928 crediderant
1600 1891 1612 1926 :
1642 1876 1710 1929 ita
1744 1874 1863 1929 illos

278 1976 529 2036 tauquam
571 1964 803 2032 milites,
845 1964 961 2019 illos
1000 1974 1177 2019 autem
1208 1974 1454 2034 tanquam
1487 1966 1861 2035 stipendiarios

277 2058 627 2129 provinciales
662 2056 953 2125 apostolica
996 2057 1235 2112 doctrina
1273 2058 1585 2122 constituit;
1619 2059 1863 2115 inserens

275 2152 351 2206 eis
378 2151 645 2205 Christum
670 2149 814 2204 velut
841 2148 1066 2220 lapidem
1087 2150 1394 2220 angularem
1419 2192 1433 2216 ,
1461 2151 1594 2206 sicut
1623 2168 1719 2221 per
1740 2167 1864 2220 pro-

274 2243 491 2313 phetam
513 2243 892 2313 praenuntiatus
918 2252 1051 2307 erat,
1083 2242 1134 2297 in
1156 2258 1260 2313 quo
1283 2243 1439 2298 ambo
1459 2244 1608 2314 quasi
1633 2244 1858 2313 parietes

274 2336 339 2390 de
370 2336 579 2389 diverso
606 2334 878 2390 venientes
898 2376 910 2399 ,
943 2334 1010 2389 de
1037 2333 1235 2389 Judtcis
1264 2335 1513 2389 videlicet
1536 2344 1693 2405 atque
1716 2334 1857 2391 Gen-

274 2429 450 2493 tibus,
490 2443 741 2497 germaua
780 2427 1039 2483 cbaritate
1076 2428 1450 2499 copularentur
1486 2427 1651 2496 (Psal.
1688 2444 1860 2497 cxvu,

276 2518 343 2572 2‘2
364 2562 377 2582 ,
422 2530 466 2572 et
504 2518 635 2572 Isai.
666 2536 857 2585 xxvnt,
892 2519 1003 2591 16).
1030 2519 1132 2574 Sed
1164 2529 1346 2589 postea
1374 2520 1644 2590 graviores
1670 2527 1721 2573 et
1746 2533 1861 2572 erc-

276 2609 479 2664 briores
506 2611 903 2678 persecutiones
929 2625 993 2663 ex
1024 2609 1307 2665 incredulis
1336 2610 1580 2680 gentibus
1608 2609 1863 2664 adversus

277 2699 469 2755 Christi
515 2700 804 2755 Ecclesium
836 2709 1182 2755 surrexerunt
1203 2741 1216 2764 ,
1246 2709 1298 2754 et
1328 2700 1642 2771 implebatur
1669 2700 1718 2754 in
1747 2700 1862 2754 dies

277 2793 512 2863 singulos
544 2794 765 2848 verbum
802 2794 1009 2848 Domini
1043 2793 1408 2864 praedicentis,
1441 2793 1575 2850 Ecce
1604 2812 1693 2865 ego
1720 2795 1861 2848 mitto

278 2899 358 2938 eos
385 2885 521 2937 velut
552 2900 664 2939 oues
697 2886 748 2938 in
778 2885 941 2938 medio
970 2885 1202 2956 luporum
1232 2884 1440 2956 (Matth.
1474 2903 1534 2952 χ,
1570 2884 1681 2959 16).

343 2974 573 3031 CAPUT
612 2974 804 3030 XXIV.
826 3006 898 3016 -—
921 2976 1007 3031 44.
1042 2975 1269 3031 Ecclesia
1295 2978 1438 3047 quasi
1467 2977 1576 3032 vitis
1606 2977 1825 3049 pullttlut
1844 3021 1859 3046 ,

278 3079 321 3122 et
344 3079 572 3139 putatur.
599 3066 685 3123 Ea:
703 3069 765 3123 iis
789 3085 902 3138 qua:
920 3068 1147 3123 videntur
1167 3070 1373 3140 impleta
1392 3110 1406 3135 ,
1435 3070 1707 3124 credantur
1728 3087 1859 3141 ριγη-

281 3163 408 3215 dicta
453 3178 567 3231 qua:
606 3169 795 3215 restant
818 3161 1073 3232 implenda
1094 3203 1107 3228 ,
1138 3164 1413 3232 prteserlim
1432 3163 1686 3233 judicium
1719 3166 1862 3234 [utu-

282 3268 410 3305 ram.
435 3252 538 3307 Sed
571 3252 657 3306 illa
685 3252 805 3307 vitis
833 3268 952 3323 qua:
982 3269 1075 3323 per
1103 3253 1283 3308 orbem
1318 3262 1613 3322 terrarum,
1639 3254 1773 3309 sicut
1795 3255 1863 3310 de

283 3343 364 3398 illa
412 3342 820 3413 prophetatum,
863 3352 918 3398 et
960 3345 1027 3399 ab
1063 3343 1178 3414 ipso
1205 3345 1429 3398 Domino
1455 3345 1863 3415 prtenuntiatnm

282 3444 391 3489 erat
410 3475 425 3499 ,
468 3433 770 3489 fructuosos
799 3433 1040 3504 palmites
1065 3434 1393 3491 diffundebat
1412 3477 1426 3501 ,
1457 3445 1603 3491 tanto
1632 3436 1863 3507 pullula-

282 3524 366 3580 bat
408 3525 670 3594 amplius,
717 3535 911 3595 quanto
952 3525 1237 3581 uberiore'
1277 3535 1567 3600 martyrum
1610 3529 1866 3598 sanguine

281 3616 567 3685 rigabatur.
616 3615 819 3684 Quibus
857 3633 952 3687 per
991 3632 1179 3672 omnes
1215 3626 1382 3673 terras
1410 3618 1869 3674 innumerabiliter

282 3723 375 3777 pro
400 3706 524 3763 fidei
546 3708 771 3764 veritate
791 3709 1158 3777 morientibus,
1180 3710 1337 3765 etiam
1363 3710 1473 3781 ipsa
1496 3712 1866 3781 persequentia

282 3814 440 3871 regna
470 3809 773 3864 cesserunt,
803 3808 857 3856 et
879 3800 943 3855 ad
968 3798 1237 3855 Christum
1260 3800 1687 3872 cognoscendum
1709 3810 1868 3871 atque

283 3893 645 3948 venerandum
688 3891 859 3948 fracta
902 3893 1167 3964 superbiae
1203 3894 1413 3949 cervice
1441 3908 1697 3949 conversa
1723 3904 1864 3949 sunt.

283 3985 575 4056 Oportebat
620 3994 799 4041 autem
846 3995 903 4041 ut
948 3986 1134 4042 eadem
1178 3985 1337 4054 vitis,
1384 3987 1521 4043 sicut
1566 4002 1594 4041 a
1644 3987 1873 4043 Domino

284 4078 571 4135 identidem
592 4079 905 4149 praedictum
942 4088 1055 4134 erat
1077 4121 1092 4146 ,
1125 4087 1400 4149 putaretur
1423 4120 1437 4142 ,
1468 4087 1521 4132 et
1549 4094 1611 4132 ex
1642 4094 1704 4132 ea
1728 4093 1838 4147 pra:

286 4172 596 4227 riderentur
629 4170 953 4226 infructuosa
992 4179 1256 4225 sarmenta
1285 4167 1463 4240 (Joan.
1493 4186 1563 4224 xv
1582 4211 1596 4235 ,
1626 4168 1681 4240 2)
1705 4210 1721 4236 ,
1750 4168 1868 4240 qui-

285 4264 381 4319 bus
428 4264 665 4319 hmreses
703 4272 757 4318 et
793 4262 1077 4317 schismata
1122 4278 1217 4331 per
1254 4261 1368 4316 loca
1408 4261 1541 4316 facta
1582 4269 1742 4329 sunt,
1773 4260 1872 4317 sub

285 4354 480 4411 Christi
524 4355 771 4420 nomine,
817 4370 922 4409 non
953 4354 1117 4424 ipsius
1141 4354 1359 4424 gloriam
1381 4393 1397 4419 ,
1429 4352 1522 4408 sed
1550 4367 1698 4407 suam
1723 4368 1870 4422 qua:-

286 4450 556 4513 rentium,
600 4463 695 4517 per
736 4463 963 4518 quorum
1006 4445 1354 4500 adversitates
1393 4447 1559 4517 magis
1602 4445 1875 4516 magisque

288 4547 629 4596 exerceretur
654 4538 911 4605 Ecclesia,
936 4546 986 4591 et
1011 4537 1325 4606 probaretur
1345 4546 1502 4607 atque
1520 4535 1876 4591 illustraretur

288 4641 339 4687 et
367 4632 611 4687 doctrina
641 4631 755 4702 ejus
785 4640 839 4685 et
869 4630 1139 4701 patientia.

357 4723 448 4777 45.
477 4721 668 4777 Omnia
699 4734 826 4790 ergo
852 4719 996 4787 haec,
1028 4720 1163 4774 sicut
1192 4727 1337 4773 tanto
1365 4726 1487 4773 ante
1514 4717 1763 4788 prtedicta
1795 4719 1877 4775 le-

291 4816 461 4885 gimus
482 4856 497 4879 ,
544 4814 620 4869 sic
664 4821 718 4868 et
746 4812 879 4867 facta
906 4812 1272 4882 cognoscimus
1303 4828 1316 4863 :
1346 4819 1398 4865 et
1429 4808 1877 4880 quemadmodum

291 4907 448 4977 primi
490 4905 801 4970 christiani,
841 4904 961 4975 quia
1008 4902 1241 4957 nondum
1268 4902 1366 4955 ista
1396 4901 1703 4970 provenisse
1728 4897 1879 4956 vidc-

294 4996 455 5061 baut,
500 4995 773 5051 miraculis
820 4994 1168 5049 movebantur
1214 5001 1269 5046 ut
1304 4990 1624 5056 crederent;
1668 4992 1745 5045 sic
1781 5005 1879 5045 nos

293 5088 417 5157 quia
452 5086 633 5143 omnia
670 5086 769 5140 ista
799 5084 869 5139 ita
899 5085 1159 5155 completa
1187 5090 1310 5138 sunt
1330 5123 1344 5149 ,
1376 5082 1513 5137 sicut
1542 5097 1603 5136 ea
1632 5083 1683 5136 in
1705 5082 1881 5138 Libris

298 5179 554 5250 legimus,
588 5180 680 5252 qui
722 5179 879 5247 longe
915 5186 1197 5247 antequam
1233 5176 1348 5231 haec
1376 5175 1725 5245 implerentur
1753 5192 1876 5232 con-

299 5272 486 5341 scripti
510 5281 673 5337 sunt,
704 5270 794 5325 ubi
822 5269 995 5324 omnia
1020 5268 1191 5323 futura
1213 5267 1543 5336 dicebantur,
1577 5276 1630 5324 et
1654 5284 1872 5340 prtesen

305 5364 372 5417 tia
404 5363 514 5433 jam
542 5362 794 5419 videntur
813 5402 828 5428 ,
860 5360 1184 5416 tedificamur
1210 5359 1278 5415 ad
1309 5359 1465 5415 fidem
1488 5401 1502 5427 ,
1531 5367 1587 5415 ut
1616 5360 1778 5416 etiam
1810 5361 1864 5415 ill

370 5542 502 5610 (Am.
533 5549 586 5593 et
609 5546 706 5598 En,
722 5539 813 5610 Aqui
828 5547 944 5610 “ante
964 5553 1059 5590 eos.
1080 5546 1216 5610 _t.ov.,
1238 5540 1321 5610 qui
1343 5553 1432 5605 pro
1562 5541 1749 5610 aliquot
1773 5549 1881 5610 Mss.

332 5602 407 5673 qui
423 5617 508 5666 per
526 5615 648 5664 cos;
682 5602 953 5664 et'quidam
972 5637 985 5663 ,
1010 5602 1090 5665 qui
1115 5602 1311 5666 propter
1337 5602 1447 5666 eos;
1472 5602 1697 5667 plerique
1722 5618 1751 5654 θ
1787 5607 1802 5633 ⁸
1821 5617 1919 5660 tut.-

330 5678 405 5731 tit.“
426 5676 523 5716 ωε.
754 5730 757 5731 ,
883 5722 895 5731 .

365 5728 385 5757 ³
415 5735 511 5777 Am.
540 5732 596 5777 et
613 5731 715 5785 In,
742 5728 993 5775 teneriore.

1699 289 1900 344 LIBER
1944 288 2135 343 UNUS.

3441 293 3559 349 sta

1976 418 2092 470 qure
2116 410 2314 457 restant
2335 446 2347 465 ,
2376 404 2697 459 sustinentes
2717 413 2770 459 et
2798 415 3197 475 perseverantes
3217 407 3268 461 in
3296 406 3554 476 Domino,

1974 494 2088 547 sine
2125 494 2453 549 dubitatione
2497 504 2715 550 ventura
2750 496 3047 551 credamus.
3082 496 3353 567 Siquidem
3378 499 3555 555 adhuc

1974 586 2336 642 tribulationes
2365 585 2551 643 futurae
2575 590 2625 643 in
2652 588 2851 642 eisdem
2879 588 3169 660 Scriptnris
3190 591 3434 659 leguntur
3454 634 3467 655 ,
3493 604 3548 648 ct

1974 678 2086 743 ipse
2128 677 2341 731 ultimus
2377 677 2557 748 judicii
2594 677 2739 743 dies,
2774 678 2863 733 ubi
2890 693 3076 734 onmcs
3106 679 3246 734 cives
3275 681 3550 736 auibarutn

1973 767 2180 822 illarum
2203 770 2471 825 civitatum
2499 771 2727 842 receptis
2753 772 3065 843 corporibus
3096 775 3381 827 surrecturi
3405 784 3549 838 sunt,

1964 869 2025 937 et
2051 862 2306 916 rationem
2336 863 2455 916 vita:
2475 878 2583 916 sua:
2609 872 2729 916 ante
2754 861 2979 916 tribunal
3001 861 3192 916 Christi
3216 862 3410 933 jndicis
3433 865 3554 919 red-

1962 950 2149 1029 dituri.
2196 954 2380 1010 Veniet
2419 956 2560 1010 enim
2601 957 2649 1010 in
2676 957 2916 1011 claritate
2945 958 3256 1028 potestatis,
3283 957 3375 1028 qui
3402 958 3551 1028 prius

1972 1046 2025 1099 iu
2073 1043 2369 1102 humilitate
2415 1045 2757 1102 humanitatis
2800 1050 2985 1103 venire
3032 1048 3278 1119 dignatus
3326 1058 3446 1113 est;
3500 1059 3554 1104 et

1966 1152 2155 1211 omnes
2185 1139 2300 1208 pios
2326 1140 2393 1194 ab
2419 1140 2593 1209 impiis
2618 1142 2915 1212 segregabit
2944 1161 2956 1196 :
2991 1158 3096 1197 non
3131 1151 3332 1197 tantum
3363 1143 3441 1198 eis
3463 1143 3551 1213 qui

1962 1230 2021 1299 in
2051 1246 2173 1285 eum
2202 1229 2424 1287 credere
2453 1234 2671 1288 onmiuo
2697 1234 2984 1290 noluerunt
3004 1276 3017 1299 ,
3047 1218 3139 1290 sed
3170 1235 3328 1290 etiam
3355 1235 3433 1309 eis
3461 1236 3552 1306 qui

1970 1320 2161 1376 frustra
2191 1332 2243 1377 et
2270 1322 2594 1379 infructuose
2619 1324 2960 1380 crediderunt
2989 1326 3039 1379 in
3070 1340 3189 1403 eum
3214 1342 3231 1390 ;
3264 1325 3368 1380 illis
3392 1308 3551 1381 datu-

1968 1428 2059 1467 rus
2112 1430 2328 1484 regnum
2374 1430 2554 1469 secum
2600 1425 2856 1470 :eternum
2886 1457 2902 1483 ,
2957 1416 3059 1471 illis
3112 1425 3287 1472 autem
3339 1432 3550 1488 poenam

1967 1515 2225 1559 cateruam
2248 1522 2368 1559 cum
2398 1505 2627 1560 diabolo.
2661 1506 2765 1561 Sed
2796 1508 2934 1560 sicut
2964 1507 3166 1561 nullum
3192 1507 3436 1578 gaudium
3462 1522 3549 1562 re-

1968 1613 2086 1652 rum
2130 1600 2496 1669 temporalium
2524 1617 2587 1654 cx
2616 1600 2788 1670 aliqua
2819 1609 2966 1670 parte
2993 1600 3166 1655 simile
3197 1610 3369 1671 potest
3399 1600 3552 1655 inve-

1968 1691 2066 1743 niri
2129 1691 2322 1761 gaudio
2381 1691 2503 1747 vita:
2545 1700 2759 1746 aeternae
2790 1732 2803 1755 ,
2854 1707 3011 1761 quam
3064 1692 3229 1747 Sancti
3283 1691 3551 1761 accepturi

1966 1792 2127 1848 sunt;
2159 1782 2227 1837 ita
2255 1782 2429 1837 nullus
2454 1783 2722 1839 cruciatus
2752 1795 3027 1853 panarmn
3059 1784 3425 1853 temporalium
3458 1799 3552 1853 po-

1968 1884 2067 1931 test
2096 1876 2433 1945 sempiternis
2457 1876 2756 1946 iniquorum
2784 1874 3103 1930 cruciatibus
3122 1875 3440 1945 comparari.

2034 1968 2258 2023 CAPUT
2295 1967 2462 2022 XXV.
2494 1997 2563 2008 -—-
2588 1969 2675 2023 46.
2712 1968 2865 2022 Fides
2893 1968 3265 2023 resurrectionis
3283 1967 3547 2041 suadetur.

1966 2060 2108 2115 Mors
2152 2070 2390 2131 perpetua
2429 2061 2479 2114 in
2518 2061 2794 2115 tormentis.
2844 2059 2959 2114 Vita
2997 2069 3185 2114 a'terna
3237 2071 3549 2114 sanctorum.

1966 2149 2251 2205 Curandum
2300 2167 2399 2203 non
2446 2160 2640 2204 tantum
2681 2167 2713 2204 a
2768 2149 3017 2221 Paganis,
3067 2148 3288 2217 Judtcis,
3326 2161 3370 2205 et
3401 2151 3555 2204 lucre-

1966 2244 2095 2307 ticis,
2114 2242 2202 2294 setl
2218 2242 2363 2294 etiam
2381 2260 2410 2292 (ι
2428 2242 2573 2294 malis
2590 2241 2907 2295 Christianis.
2929 2242 3155 2295 Societas
3176 2242 3369 2297 sitcum
3389 2244 3554 2302 bonis;

1965 2349 2065 2387 non
2093 2343 2256 2386 tamen
2283 2350 2396 2403 spes
2422 2335 2473 2399 in
2500 2333 2623 2401 ipsis
2645 2342 2878 2402 ponatur.
2911 2332 3112 2403 Itaque,
3139 2332 3323 2401 frater,
3353 2334 3553 2388 Confir-

1964 2438 2047 2477 ma
2084 2433 2133 2477 te
2165 2424 2334 2491 ipsum
2367 2423 2416 2476 in
2443 2423 2560 2492 ejus
2585 2424 2799 2479 nomine
2823 2431 2983 2494 atque
3019 2424 3281 2494 adjutorio
3316 2425 3399 2479 cui
3430 2440 3554 2479 cre-

1964 2515 2064 2581 dis,
2082 2514 2333 2569 adversus
2350 2513 2553 2584 linguas
2569 2529 2751 2569 eorum
2768 2514 2855 2585 qui
2882 2514 3037 2569 fidem
3057 2525 3292 2571 nostram
3310 2515 3552 2583 irrident,

1965 2604 2032 2660 de
2057 2604 2247 2675 quibus
2278 2604 2520 2658 diabolus
2539 2604 2837 2659 seductoria
2866 2605 3020 2659 verba
3046 2605 3296 2675 loquitur,
3314 2606 3545 2661 maxime

1967 2697 2153 2752 volens
2183 2696 2406 2752 irridere
2433 2695 2588 2750 fidem
2630 2697 3049 2752 resurrectionis.
3094 2695 3198 2751 Sed
3240 2712 3306 2751 ex
3350 2706 3398 2751 te
3434 2697 3551 2766 ipso

1968 2789 2125 2846 Crede
2148 2789 2382 2844 futurum
2415 2797 2464 2845 te
2490 2803 2607 2843 esse
2631 2805 2751 2844 cum
2780 2789 2942 2845 fueris
2967 2831 2982 2857 ,
3011 2789 3222 2859 quando
3263 2805 3383 2844 cum
3427 2799 3554 2846 ante

1967 2896 2071 2935 non
2101 2880 2284 2943 fueris,
2308 2895 2444 2934 nunc
2470 2895 2588 2935 esse
2621 2890 2671 2935 te
2694 2879 2859 2936 vides.
2890 2879 2986 2935 Ubi
3012 2880 3157 2935 enim
3178 2889 3292 2935 erat
3319 2863 3416 2935 ista
3444 2896 3553 2936 mo-

1967 2974 2045 3029 les
2072 2972 2311 3043 corporis
2345 2973 2416 3026 tui
2448 2982 2502 3027 et
2528 2971 2626 3026 ista
2655 2972 2823 3026 forma
2844 2973 3311 3044 membrorumque
3331 2989 3554 3045 compa-

1966 3081 2034 3136 go
2057 3073 2179 3119 ante
2216 3077 2410 3134 paucos
2445 3078 2632 3131 annos,
2685 3063 2991 3133 priusquam
3039 3073 3216 3130 natus,
3259 3064 3344 3119 vel
3390 3064 3551 3118 etiam

1968 3159 2271 3230 priusquam
2303 3158 2354 3212 iu
2386 3156 2571 3211 matris
2600 3164 3059 3227 utcro_conceptus
3085 3158 3269 3211 esses?
3309 3158 3395 3211 ubi
3431 3168 3549 3213 erat

1970 3252 2083 3306 haec
2109 3251 2277 3305 moles
2301 3261 2355 3305 et
2379 3249 2493 3304 haec
2513 3257 2711 3304 statura
2737 3249 2978 3320 corporis
3009 3250 3121 3304 tui?
3149 3248 3336 3305 Nonne
3356 3250 3423 3305 de
3454 3266 3549 3305 oc-

1967 3343 2124 3399 cultis
2155 3341 2311 3412 hujus
2337 3351 2595 3396 creatura:
2616 3340 2862 3406 secretis,
2890 3340 3113 3394 Domino
3139 3340 3248 3394 Deo
3266 3340 3553 3396 invisibili-

1969 3443 2050 3490 ter
2073 3434 2334 3488 formante
2357 3473 2372 3499 ,
2416 3433 2673 3502 processit
2703 3432 2754 3486 in
2786 3434 2958 3487 lucem
2979 3472 2995 3497 ,
3036 3432 3300 3503 certisque
3333 3441 3551 3487 aetatum

1970 3526 2310 3582 incrementis
2338 3526 2392 3581 in
2414 3526 2567 3580 istam
2586 3525 3000 3596 magnitudinem
3022 3526 3351 3598 formamque
3371 3540 3554 3584 surre-

1970 3619 2082 3674 xit?
2103 3617 2369 3688 Numquid
2392 3633 2519 3687 ergo
2541 3616 2755 3672 difficile
2773 3626 2855 3673 est
2875 3618 3003 3685 Deo,
3028 3618 3115 3691 qui
3143 3618 3301 3674 etiam
3329 3634 3551 3690 aggeres

1972 3711 2188 3766 nubium
2218 3727 2285 3766 ex
2314 3710 2524 3766 occulto
2551 3710 2601 3765 in
2632 3718 2904 3767 momento
2930 3710 3215 3780 contrahit,
3241 3722 3294 3768 et
3320 3714 3557 3784 contegit

1970 3805 2166 3861 cmlum
2194 3804 2245 3858 in
2277 3804 2381 3859 ictu
2412 3803 2697 3877 temporis,
2738 3803 2960 3859 reddere
3005 3803 3160 3858 istam
3205 3804 3554 3875 quantitatem

1972 3896 2213 3966 corporis
2236 3896 2311 3951 tui
2337 3896 2473 3950 sicut
2498 3903 2631 3960 erat,
2657 3895 2745 3966 qui
2767 3910 2883 3950 eam
2906 3895 3079 3951 facere
3105 3896 3273 3965 potuit
3292 3896 3429 3952 sicut
3444 3913 3553 3953 non

1972 3988 2156 4046 erat‘?
2186 3987 2356 4043 Crede
2384 4003 2512 4059 ergo
2550 3988 2755 4053 fortiter
2783 3996 2837 4045 et
2864 3988 3180 4045 inconcusse
3210 3991 3335 4061 quia
3373 3992 3552 4048 omnia

1973 4098 2091 4153 quae
2117 4081 2375 4137 videntur.
2387 4080 2536 4152 quasi
2569 4081 2838 4152 pereundo
2874 4080 3118 4137 humanis
3150 4083 3321 4138 oculis
3342 4084 3556 4140 subtra-

1968 4175 2050 4241 hi,
2083 4175 2225 4230 salva
2266 4185 2320 4231 et
2360 4175 2564 4245 integra
2594 4185 2718 4230 sunt
2754 4163 3153 4246 Omnipotentire
3181 4177 3312 4242 Dei;
3357 4178 3449 4247 qui
3490 4194 3557 4233 ea

1975 4281 2096 4321 cum
2127 4267 2370 4331 voluerit,
2399 4266 2514 4322 sine
2546 4266 2647 4321 ulla
2678 4282 2823 4321 mora
2849 4275 2903 4321 et
2921 4266 3234 4323 difficultate
3261 4268 3552 4337 reparabit,

1977 4372 2039 4412 ea
2066 4356 2318 4411 duntaxat
2346 4372 2465 4426 quae
2489 4356 2689 4426 justitia
2715 4356 2829 4427 ejus
2855 4357 3146 4427 reparanda
3174 4372 3292 4413 esse
3316 4358 3519 4427 judicat
3544 4378 3558 4415 :

1978 4457 2035 4502 ιιι
2056 4448 2109 4502 in
2132 4448 2214 4502 his
2233 4447 2543 4517 corporibus
2560 4446 2781 4501 reddant
2801 4446 3043 4501 homines
3060 4446 3320 4503 factormn
3338 4463 3556 4504 suorum

1976 4522 2262 4598 rationem.
2290 4539 2341 4592 in
2380 4538 2572 4607 quibus
2597 4553 2658 4592 ea
2686 4538 2953 4604 fecerunt;
2982 4546 3034 4592 et
3060 4537 3112 4592 in
3143 4538 3226 4605 his
3255 4549 3561 4595 mereantur

1981 4639 2072 4685 aut
2106 4630 2572 4685 connnutationein
2603 4629 2839 4685 cmlestis
2866 4628 3281 4700 incorruptionis
3324 4647 3420 4701 pro
3450 4648 3563 4686 me-

1982 4722 2098 4778 ritis
2120 4720 2349 4791 pietatis,
2372 4728 2463 4774 aut
2482 4720 2877 4790 corruptibilem
2895 4722 2916 4753 ¹
2945 4721 3185 4792 corporis
3204 4722 3561 4778 conditionem

1985 4829 2081 4885 pro
2105 4814 2308 4870 meritis
2336 4814 2649 4884 iniquitatis,
2682 4832 2786 4871 non
2813 4832 2933 4887 qua:
2965 4827 3139 4876 morte
3167 4819 3435 4885 solvatur,
3469 4818 3565 4874 sed

1985 4926 2103 4982 qua:
2122 4909 2397 4965 materiam
2425 4910 2763 4980 sempiternis
2791 4910 3065 4967 doloribus
3093 4913 3346 4982 praebeat.

2055 5003 2143 5057 47.
2186 5000 2328 5070 Fuge
2357 5015 2484 5071 ergo
2514 5016 2607 5071 per
2638 5002 2965 5058 immobilem
2995 5002 3151 5058 fidem
3186 5014 3240 5059 et
3262 5016 3437 5057 mores
3465 5002 3565 5057 bo—

1986 5112 2084 5152 nos
2102 5096 2143 5163 ³,
2169 5097 2309 5167 fuge,
2339 5094 2520 5159 frater,
2548 5094 2636 5150 illa
2659 5103 2920 5151 tormenta
2939 5136 2955 5160 ,
2982 5095 3069 5150 ubi
3099 5109 3196 5149 nec
3218 5101 3446 5150 tortores
3469 5095 3567 5152 de-

1978 5189 2190 5254 ficiunt,
2221 5202 2323 5243 nec
2370 5187 2493 5242 torti
2532 5187 2863 5251 moriuntur;
2905 5186 3096 5255 quibus
3140 5184 3257 5242 sine
3291 5184 3398 5240 fine
3425 5197 3573 5241 mors

1989 5288 2092 5347 est,
2136 5296 2239 5334 non
2288 5293 2445 5348 posse
2486 5278 2541 5333 in
2584 5278 2904 5333 cruciatibus
2952 5275 3108 5330 mori.
3166 5276 3235 5330 Et
3283 5275 3572 5334 exardesee

1991 5383 2172 5428 amore
2199 5377 2358 5438 atque
2382 5366 2658 5425 desiderio
2701 5366 3037 5436 sempiterna:
3074 5366 3196 5422 vita:
3239 5376 3570 5433 sanctorum,

2056 5546 2179 5594 ιεεο
2202 5551 2303 5591 Αιῃ,
2328 5549 2401 5591 ετ,
2428 5548 2481 5592 et
2497 5540 2667 5604 plures
2684 5546 2788 5604 uss.
2810 5546 3007 5604 autem,
3035 5542 3184 5604 potuit
3206 5557 3318 5594 cum
3336 5557 3429 5596 non
3449 5548 3579 5596 erat.

1992 5606 2298 5658 oorbeiensis
2316 5606 2473 5653 codex
2493 5602 2521 5652 a
2543 5602 2754 5663 sectanda
2778 5614 2939 5663 manu,
2965 5602 3171 5655 siccum
3195 5619 3286 5656 non
3309 5613 3431 5657 erat.

2056 5671 2078 5701 ι
2108 5667 2291 5731 Αιεφιοι
2311 5672 2443 5731 uss,
2458 5660 2798 5731 corruptibilis.
2894 5660 2935 5731 _'
3008 5688 3011 5691 ί

2063 5732 2080 5761 ³
2105 5730 2176 5778 sic
2192 5723 2302 5779 διες.
2330 5723 2682 5787 Editit'01‘0,tt(l
2707 5738 2862 5777 mores
2890 5724 3047 5779 bonos.
