4046 6332
498 270 611 362 ’διδ

503 416 594 476 ubi
641 430 740 472 nec
782 430 1008 488 operosa
1052 418 1152 474 erit
1196 419 1352 485 actio,
1401 438 1501 481 nec
1532 426 1743 496 requies
1782 426 2086 496 desidiosa;

503 508 616 562 laus
645 507 747 562 erit
794 507 884 562 Del
910 509 1025 563 sine
1053 509 1294 577 fastidio,
1328 513 1444 567 sine
1488 514 1696 569 defectu
1732 534 1745 572 :
1789 519 1991 576 nullum
2037 520 2088 579 in

502 600 684 655 animo
712 599 925 654 taedium
949 642 964 666 ,
994 601 1169 657 nullus
1207 602 1354 658 labor
1398 604 1447 663 in
1491 620 1750 680 corpore;
1782 611 1921 671 nulla
1952 609 2089 665 iudi-

500 690 711 760 gentia,
739 705 839 746 nec
870 700 955 745 tua
987 693 1071 748 cui
1100 694 1367 752 subveniri
1393 695 1695 766 desideres,
1729 717 1827 755 nec
1859 702 2087 772 proximi

500 782 585 837 cui
612 782 897 842 subvenire
923 782 1157 841 fesﬁnes.
1181 783 1379 841 Omnes
1399 787 1603 844 delicia:
1628 790 1768 847 Deus
1794 792 1895 848 erit
1915 803 1969 850 et
1996 809 2086 850 sa-

497 872 657 927 tio-tas
674 873 689 903 '
723 884 919 927 sanctae
940 873 1170 929 civitatis
1195 875 1247 953 in
1269 876 1359 932 illo
1386 884 1441 939 et
1468 877 1533 933 de
1554 878 1645 941 illo
1663 882 1931 955 sapienter
1956 884 2085 953 bea-

498 970 659 1033 teque
690 963 931 1019 viventis.
962 963 1266 1021 Eliieiemur
1292 968 1457 1033 enim,
1485 969 1623 1039 sicut
1647 972 1827 1049 abillo
1853 976 2085 1053 promis;-

500 1067 620 1108 sum
649 1067 926 1124 speramus
955 1064 1006 1110 et
1034 1069 1404 1131 exspectamus
1426 1101 1441 1122 ,
1482 1063 1712 1136 aequales
1756 1066 1970 1134 Angelis
1992 1066 2084 1145 Dei

497 1144 655 1215 (Luc.
688 1160 761 1200 xx
781 1187 797 1211 ,
823 1146 915 1218 56)
935 1188 951 1214 ,
977 1155 1175 1203 etcum
1205 1149 1283 1205 eis
1314 1152 1511 1221 pariter
1539 1152 1626 1230 illa
1660 1152 1917 1235 Trinitate
1957 1144 2083 1227 per?

496 1232 738 1290 fruemur
758 1235 868 1305 jam
900 1252 995 1307 per
1033 1238 1291 1308 speciem,
1334 1241 1385 1295 in
1437 1257 1539 1312 qua
1590 1232 1731 1325 nunc
1772 1260 1869 1316 per
1924 1248 2082 1304 tidem

496 1325 832 1382 ambulamus
855 1326 875 1401 (
896 1326 939 1383 ll
975 1328 1093 1383 Cor.
1138 1344 1193 1395 v,
1224 1329 1300 1402 ⁸1).
1332 1325 1610 1413 Credimus
1638 1336 1779 1415 enim
1809 1338 1948 1417 quod
1975 1354 2083 1417 non

493 1416 760 1481 videmus,
784 1426 842 1472 ut
865 1420 994 1496 ipsis
1024 1420 1225 1476 meritis
1253 1420 1376 1498 fidei
1396 1425 1556 1501 etiam
1589 1426 1769 1507 videre
1794 1415 1933 1515 qudd
1961 1415 2081 1493 cre-

496 1503 673 1563 dimus
701 1518 757 1563 et
777 1508 1041 1569 inhzerere
1073 1526 1410 1586 mereamur;
1443 1523 1501 1570 ut
1527 1504 1882 1599 aequalitatem
1909 1521 2082 1579 Patris

497 1594 550 1655 et
573 1600 693 1657 Filii
713 1612 766 1657 et
785 1601 1013 1673 Spiritus
1033 1607 1223 1674 sancti,
1247 1616 1300 1663 et
1320 1609 1483 1689 ipsius
1503 1594 1780 1689 Trinitatis
1801 1604 2077 1684 unitatem,

496 1694 765 1764 quomodo
785 1697 892 1750 sint
919 1696 1032 1752 huc
1052 1698 1152 1753 tria
1176 1715 1315 1755 unus
1345 1688 1503 1767 Deus,
1540 1688 1649 1788 non
1670 1706 1781 1776 jam
1811 1707 1989 1763 verbis
2019 1708 2077 1789 ti.-

493 1786 581 1842 dei
611 1795 664 1843 et
686 1790 1044 1859 strepentibus
1067 1790 1287 1863 syllabis
1321 1781 1688 1864 personemus,
1712 1799 1805 1854 sed
1833 1784 2079 1879 contem;-

493 1876 727 1946 platione
749 1879 1028 1948 purissima
1056 1889 1109 1938 et
1135 1878 1509 1965 ardentissima
1534 1887 1587 1943 in
1615 1878 1706 1963 ilio
1730 1890 1941 1962 silentio
1963 1876 2079 1965 sor-

487 1964 753 2022 beamus'.

558 2057 650 2115 ιε.
673 2058 800 2115 Haec
826 2062 948 2116 ten’e
978 2059 1080 2117 lixa
1111 2062 1164 2117 in
1208 2064 1371 2141 corde
1403 2074 1529 2133 tuo,
1578 2076 1634 2124 et
1674 2069 1861 2151 invoca
1909 2072 2077 2151 Deum

489 2148 577 2203 cui
604 2150 801 2216 credis,
831 2161 890 2205 ut
910 2159 1121 2208 tueatur
1141 2163 1193 2209 te
1215 2156 1470 2231 adversus
1498 2148 1820 2239 mutationes
1842 2148 2071 2237 diaboli:

485 2252 543 2299 et
575 2249 694 2300 esto
731 2249 919 2300 cautus
942 2282 957 2311 ,
994 2258 1064 2303 ne
1094 2245 1187 2322 tibi
1225 2246 1439 2303 aliunde
1473 2247 1646 2323 hostis
1674 2250 1765 2306 ille
1797 2251 2071 2322 subrepat,

485 2333 576 2404 qui
605 2334 671 2390 ad
698 2335 947 2392 solatium
978 2336 1547 2413 malevolentissimmu
1564 2339 1918 2422 damnationis
1937 2336 2072 2412 suae,

486 2438 609 2507 cum
638 2426 831 2497 quibus
859 2426 1142 2506 damnetur
1162 2431 1397 2502 inquirit.
1423 2433 1539 2517 Non
1570 2432 1712 2513 enim
1739 2445 1833 2517 per
1856 2447 1949 2517 eos
1978 2448 2069 2511 so-

483 2506 568 2571 les
587 2517 678 2588 qui
708 2516 1056 2576 christianum
1087 2517 1281 2578 nomen
1310 2512 1556 2592 oderunt,
1586 2508 1643 2582 et
1663 2512 1846 2585 dolent
1871 2512 1938 2597 eo
1965 2506 2067 2603 no;-

483 2609 632 2666 mine
668 2622 985 2693 occupatum
1025 2628 1144 2685 esse
1181 2617 1364 2700 orbem
1406 2629 1688 2704 terrarum,
1719 2631 1771 2678 et
1797 2623 1968 2680 adhuc
1996 2626 2068 2680 si-

482 2701 737 2757 mulacris
786 2713 841 2759 et
873 2705 1257 2782 daemoniorum
1279 2701 1896 2793 curiositatibusservire
1925 2715 2067 2772 desi-

482 2790 696 2860 derant,
737 2793 897 2850 audet
926 2795 1015 2850 ille
1039 2784 1245 2877 tentare
1273 2784 1593 2879 christianos
1620 2821 1634 2858 :
1666 2790 1761 2859 Sed
1790 2787 1946 2861 etiam
1968 2823 2065 2879 per

485 2895 580 2936 eos
608 2897 744 2953 quos
792 2885 950 2966 paulo
989 2895 1114 2969 ante
1155 2876 1708 2974 commemoravimus,
1754 2895 1823 2951 de
1865 2876 2064 2970 unitate

484 2974 761 3039 Ecclesiae,
788 2960 933 3033 velut
966 2962 1146 3049 putata
1166 2982 1301 3067 vite,
1324 2984 1597 3065 praecisos,
1615 2960 1703 3071 qui
1722 2986 1957 3069 bteretici
1977 2966 2063 3047 vel

480 3065 801 3142 schismatici
830 3059 1108 3141 dicuntur,
1146 3059 1368 3129 conatur
1391 3062 1553 3131 etiam
1580 3077 1630 3150 id
1646 3064 1863 3149 quidem
1888 3060 2062 3149 inter-

480 3154 633 3211 dum.
661 3155 767 3213 Sed
807 3166 982 3233 tamen
1018 3160 1071 3215 id
1101 3163 1260 3218 etiam
1302 3164 1586 3236 aliquando
1613 3167 1838 3244 conatur
1872 3178 1928 3227 et
1967 3186 2063 3243 per

477 3246 692 3305 Judzeos
722 3258 949 3328 tentare,
977 3263 1136 3331 atque
1159 3246 1435 3314 seducere.
1468 3260 1573 3317 Sed
1600 3264 1831 3321 maxime
1863 3256 2060 3323 caven-

478 3338 607 3394 dum
647 3350 728 3396 est
753 3357 820 3397 ne
846 3337 1212 3413 per'bomiues
1249 3337 1341 3420 qui
1379 3360 1501 3407 sunt
1542 3353 1596 3408 in
1639 3354 1751 3425 ipsa
1799 3359 2060 3418 catholica

479 3430 742 3499 Ecclesia,
769 3447 902 3504 quos
926 3436 1071 3492 velut
1094 3438 1297 3508 paleam
1326 3456 1494 3514 usque
1516 3445 1582 3501 ad
1608 3458 1819 3519 tempus
1840 3452 2061 3508 ventila-

476 3523 639 3580 tionis
658 3538 769 3581 sua:
793 3522 1049 3594 Sustinet,
1091 3527 1451 3606 unusquisque
1481 3545 1714 3594 tentetur
1738 3549 1794 3596 et
1821 3541 2056 3614 decipia-

473 3623 584 3668 tur.
629 3613 917 3695 Propterea
951 3619 1092 3697 enim
1133 3621 1276 3678 Deus
1302 3626 1513 3693 patiens
1540 3637 1623 3683 est
1661 3630 1714 3684 in
1741 3631 1881 3698 illos,
1924 3613 2059 3690 utet

471 3718 693 3760 suorum
721 3696 1023 3763 electorum
1054 3709 1212 3790 ﬁdem
1250 3712 1410 3783 atque
1437 3717 1771 3796 prudentiam
1816 3696 1912 3792 per
1938 3723 2058 3802 illo-

471 3808 593 3849 rum
624 3797 1022 3866 perversitatem
1061 3804 1362 3881 exercendo
1400 3802 1720 3887 confirmet;
1757 3822 1810 3866 et
1838 3797 1960 3883 quia
1987 3815 2057 3871 de

472 3900 700 3943 numero
721 3902 905 3944 eorum
934 3890 1086 3946 multi
1120 3893 1417 3975 proﬁciunt,
1441 3904 1497 3953 et
1514 3898 1580 3954 ad
1604 3897 1915 3973 placendum
1943 3906 2054 3962 Deo

471 3975 711 4035 miserati
728 3978 750 4011 ³
775 3980 981 4061 animas
1006 3997 1152 4052 suas,
1190 3999 1383 4057 magno
1420 3983 1621 4061 impetu
1651 4003 2052 4057 convertuntur“.

471 4066 591 4125 Non
619 4070 762 4126 enim
791 4057 976 4130 omnes
996 4074 1096 4130 sibi
1122 4090 1219 4147 per
1240 4057 1545 4150 patientiam
1570 4083 1672 4139 Dei-
1695 4084 2055 4170 thesaurizant

466 4160 603 4218 iram
624 4161 675 4217 in
704 4163 898 4220 dieirze
910 4165 1034 4235 justi
1046 4167 1226 4238 judicii
1243 4170 1355 4241 ejus
1373 4189 1387 4227 ε
1406 4173 1500 4229 sed
1516 4177 1711 4232 multos
1726 4178 1911 4236 eadem
1925 4165 2052 4239 0m;

466 4253 759 4325 nipotentis
784 4258 1031 4326 patientia
1059 4248 1301 4330 perducit
1335 4263 1403 4319 ad
1444 4266 1850 4344 saluberrimum
1881 4274 2052 4343 pinni-

471 4346 654 4403 tentia:
701 4348 937 4407 dolorem
988 4349 1167 4435 (Rom.
1218 4369 1274 4421 it,
1317 4356 1379 4435 5,
1412 4356 1491 4427 6).
1534 4357 1686 4425 Quod
1727 4358 1907 4439 donec
1936 4364 2046 4435 ﬁat,

477 4446 755 4493 exercetur
774 4454 871 4520 per
890 4455 986 4519 eos
1006 4428 1214 4499 illorum
1238 4445 1324 4515 qui
1341 4430 1451 4515 jam
1468 4458 1667 4527 rectam
1684 4428 2044 4531 viamftenenr,

470 4541 579 4583 non
604 4529 775 4584 solum
795 4515 1079 4587 tolerantia
1101 4573 1115 4598 ,
1143 4533 1240 4589 sed
1264 4535 1424 4593 etiam
1451 4523 1831 4598 miSericordia.
1856 4515 2045 4604 Multos

468 4630 599 4686 ergo
624 4618 833 4674 visurus
859 4634 925 4675 es
946 4621 1205 4689 ebriosos,
1233 4638 1443 4693 avaros,
1466 4627 1815 4711 fraudatores,
1845 4635 2044 4693 aleato-

466 4721 577 4775 res,
604 4708 892 4778 adulteros,
918 4710 1284 4780 fornicatores,
1315 4719 1548 4774 remedia
1575 4708 1827 4795 sacrilega
1857 4727 1956 4781 sibi
1977 4729 2047 4783 al-

465 4796 712 4869 ligantes,
738 4804 1206 4870 prmcantatoribus
1224 4815 1277 4861 et
1293 4808 1679 4868 mathematicis
1692 4817 1775 4871 vel
1795 4831 2045 4886 quarum-

463 4886 594 4946 libet
612 4890 891 4962 impiarum
919 4894 1113 4949 artium
1133 4894 1518 4955 divinatoribus
1537 4901 1764 4960 deditos.
1791 4909 2043 4966 Animad-

465 4994 718 5039 versurus
740 4984 899 5040 etiam
915 4986 1067 5057 quod
1085 4988 1189 5043 illa
1206 4991 1373 5046 turba:
1388 4992 1642 5064 impleant
1669 5000 1920 5055 ecclesias
1945 5017 2044 5072 per

461 5071 582 5130 dies
626 5073 795 5132 festos
833 5076 1289 5145 Christianorum,
1336 5098 1455 5153 quae
1494 5085 1715 5159 implent
1749 5099 1803 5147 et
1835 5071 2039 5150 theatra

462 5178 563 5235 per
597 5163 713 5220 dies
745 5165 1014 5224 solemnes
1049 5169 1417 5241 Paganorum;
1459 5184 1515 5229 et
1551 5166 1666 5232 hinc
1705 5180 1933 5239 videndo
1971 5186 2037 5241 sd

462 5253 777 5311 imitandum
804 5259 1108 5316 tentaberis.
1134 5260 1207 5317 Et
1231 5263 1365 5331 quid
1386 5265 1557 5320 dicam
1580 5308 1596 5333 ,
1625 5270 1829 5327 videbis
1852 5315 1867 5340 ,
1896 5278 2039 5346 quod

460 5344 622 5401 etiam
646 5362 787 5403 nunc
809 5348 920 5419 jam
940 5351 1121 5423 utique
1137 5353 1320 5413 nosti?
1347 5370 1451 5412 non
1480 5358 1623 5415 enim
1648 5363 1825 5419 nescis
1841 5344 2039 5426 multos

971 5503 1135 5574 Arms
1154 5501 1519 5574 τοτιοιιιιίηίιιιε
1541 5513 1670 5569 ηεξ..

536 5557 641 5609 ’Sic
659 5559 755 5611 duo
770 5567 876 5611 Itss.
898 5569 955 5613 At
987 5557 1125 5617 éditi.
1148 5557 1443 5617 sorbeantur:

1457 5630 1724 5699 et_aAliquot_..
1734 5642 1865 5699 uss,
1895 5639 2035 5691 nti-sev

460 5681 583 5758 {ut}.
598 5681 769 5758 uiguit
788 5683 848 5758 ῳ
866 5684 987 5736 illud
1004 5684 1349 5758 fodcsiastiei,
1369 5704 1473 5756 car.
1508 5693 1589 5755 so,
1611 5681 1659 5757 ὶζ
1671 5681 2035 5758 emensae

456 5744 634 5799 animi:
661 5751 756 5801 tute
778 5744 971 5809 placens
998 5754 1110 5801 Deo.

1358 308 1445 367 DE
1484 310 2020 371 CATECHIZANDIS
2058 317 2374 389 RUDIBUS,
2414 322 2473 379 S.
2514 327 2880 389 AUGUSTINI

2195 433 2284 505 qui
2323 436 2655 511 appellantur
2682 444 2954 525 christiani
2974 490 2987 511 .
3017 448 3131 528 hmo
3169 456 3343 519 omnia
3373 459 3510 530 maia
3535 453 3770 536 operari.

2193 530 2325 594 qua!
2355 527 2583 586 breviter
2617 542 3048 610 commemoravi.
3082 544 3145 598 Et
3184 527 3502 618 aliquando.‘
3543 527 3771 617 fortasse
3810 600 3819 603 -

2192 616 2432 689 graviora
2461 619 2637 677 facere
2668 624 2908 695 homines
2938 647 3042 687 non
3073 634 3284 705 ignoras
3304 681 3319 704 ,
3351 656 3483 711 quos
3511 650 3653 702 nosti
3678 666 3773 723 ap-

2192 705 2375 774 pellari
2404 708 2740 770 christianos.
2763 717 2868 773 Sed
2896 721 2938 775 si
2965 723 3063 777 hoc
3091 727 3268 783 animo
3289 733 3500 801 venisti,
3533 747 3589 791 ut
3618 705 3770 809 quarsi

2191 811 2410 875 securus
2435 803 2557 877 talia
2584 805 2745 863 facias
2765 851 2781 878 ,
2810 814 3033 870 multum
3060 832 3207 874 erras
3232 839 3245 873 :
3271 837 3371 879 nec
3412 825 3503 881 tibi
3535 803 3770 899 proderit

2148 966 2153 975 ⁸
2192 903 2383 963 nomen
2405 892 2622 962 Christi,
2645 913 2763 954 eum
2786 907 3007 975 coeperit
3035 908 3124 964 ille
3147 915 3482 972 severissime
3501 919 3769 992 judicare,

2190 982 2280 1050 qui
2328 985 2474 1052 prius
2503 987 2748 1059 dignatus
2793 1005 2874 1049 est
2919 997 3415 1061 misericordissime
3460 1010 3769 1071 subvenire.

2189 1073 2441 1153 Praedixit
2474 1080 2615 1135 enim
2662 1083 2760 1139 ista
2783 1127 2796 1151 ,
2826 1096 2879 1141 et
2911 1088 2985 1143 ait
3016 1090 3067 1156 in
3101 1094 3383 1166 Evangelio
3410 1115 3425 1152 :
3457 1098 3577 1155 Non
3606 1108 3772 1161 omnis

2188 1167 2271 1236 qui
2293 1167 2412 1241 dicit
2441 1173 2596 1237 mihi,
2638 1173 2888 1261 Domine,
2926 1180 3180 1261 Domine,
3224 1189 3425 1266 intrabit
3463 1193 3520 1248 in
3559 1211 3793 1275 regnmp.

2188 1259 2428 1336 calorum
2447 1279 2467 1343 :q
2494 1265 2581 1341 sed
2609 1266 2651 1320 is
2671 1268 2758 1347 qui
2788 1259 2908 1340 facit
2935 1274 3237 1354 uoluntatem
3268 1259 3444 1357 Patris.
3468 1287 3583 1361 mei.
3613 1259 3770 1363 diuiti

2187 1351 2353 1433 dicent
2395 1356 2518 1435 milii
2558 1358 2611 1411 in
2647 1360 2741 1439 ilia
2778 1363 2879 1432 die,
2920 1351 3168 1440 Domine,
3212 1351 3458 1443 Domine,
3490 1351 3772 1445 innantin‘c

2187 1449 2274 1505 tuo
2311 1445 2728 1525 ntunducavimus
2768 1461 2817 1531 et:
2855 1452 3072 1526 bibimus
3110 1458 3336 1531 (Matth.
3378 1481 3471 1541 vni,
3518 1467 3607 1537 21,
3635 1469 3707 1526 22
3722 1472 3765 1543 ).

2185 1529 2441 1590 Omnibus
2471 1552 2599 1609 ergo
2647 1541 2739 1619 qui
2780 1529 2834 1598 in
2886 1547 3080 1621 talibus
3121 1529 3371 1633 operibus
3400 1529 3765 1635 perseveranti,

2183 1622 2452 1697 damnatio
2483 1628 2605 1701 finis~
2631 1641 2732 1705 est.
2759 1634 2891 1707 Cum
2931 1654 3060 1711 ergo
3100 1622 3299 1702 videris
3323 1649 3516 1707 multos
3546 1668 3652 1708 non
3677 1670 3769 1717 so-

2183 1712 2290 1779 lum
2331 1716 2445 1774 hinc
2474 1719 2669 1789 facere,
2714 1727 2808 1783 sed
2834 1730 2993 1785 etiam
3021 1732 3307 1793 defendere
3332 1750 3488 1813 atque
3517 1746 3763 1815 suadere,

2185 1814 2307 1887 tene
2334 1818 2386 1865 te
2412 1811 2478 1867 ad
2508 1814 2681 1885 legem
2710 1819 2828 1887 Dei,
2856 1830 2909 1877 et
2938 1839 3043 1879 non
3071 1831 3311 1899 sequaris
3332 1811 3766 1903 praevaricatores

2181 1900 2317 1975 ejus.
2346 1902 2462 1958 Non
2483 1908 2626 1961 enim
2649 1912 2939 1969 secundum
2963 1916 3170 1975 illorum
3190 1936 3426 1995 sensum,
3455 1930 3548 1985 sed
3570 1946 3765 2001 secunr

2181 1992 2305 2047 dum
2326 1994 2465 2074 illius
2484 2002 2759 2081 veritatem
2776 2005 3120 2083 judicaberis.

2250 2086 2340 2142 49.
2380 2086 2713 2169 Conjungere
2738 2096 2911 2173 bouis,
2934 2116 3066 2171 quos
3095 2104 3240 2175 vides
3259 2123 3439 2180 amare
3467 2120 3641 2170 tecum
3670 2134 3761 2174 re-

2177 2192 2296 2264 gem
2334 2188 2502 2237 tuum.
2543 2184 2734 2246 Multos
2766 2190 2907 2265 enim
2939 2192 3245 2269 inventurus
3274 2216 3359 2279 es,»
3397 2204 3442 2258 si
3471 2216 3526 2279 et
3561 2217 3614 2263 tu
3641 2211 3761 2283 talis

2177 2284 2299 2327 esse
2321 2276 2567 2346 coeperis.
2586 2277 2718 2345 Nam
2745 2284 2788 2351 si
2814 2283 2865 2337 in
2896 2292 3212 2357 spectaculis
3239 2276 3359 2349 cum
3383 2276 3494 2353 illis
3516 2316 3636 2366 esse
3664 2278 3761 2375 cu;-

2178 2361 2360 2432 piebas
2387 2374 2443 2431 et
2477 2368 2557 2423 eis
2598 2371 2913 2447 iuhzerere',
2936 2379 3034 2455 qui}
3058 2390 3232 2459 tecum
3268 2386 3351 2454 vel
3376 2391 3640 2461 aurigam,
3671 2361 3758 2453 vel

2174 2462 2480 2512 venatorem
2501 2499 2517 2525 ,
2545 2462 2628 2517 vel
2656 2464 2884 2541 aliquem
2928 2470 3240 2544 histrionem
3272 2478 3432 2549 simul
3472 2484 3753 2555 amabant;

2173 2554 2375 2617 qucum
2398 2550 2565 2631 inagis
2593 2560 2643 2607 te
2679 2553 2948 2631 delectare
2986 2561 3148 2637 debet
3187 2580 3371 2635 eorum
3409 2550 3753 2645 conjunctio,

2171 2639 2263 2719 qui
2289 2649 2462 2717 tecum
2486 2652 2667 2709 amant
2695 2646 2860 2712 Deum
2885 2690 2900 2718 ,
2932 2651 3000 2709 de
3027 2671 3133 2725 quo
3169 2639 3435 2739 nunquam
3474 2639 3756 2737 erubescet

2171 2741 2377 2810 amator
2418 2736 2555 2808 ejus,
2586 2740 2707 2811 quia
2739 2758 2843 2799 non
2884 2746 3057 2803 solum
3103 2747 3216 2817 ipse
3252 2736 3358 2806 non
3386 2765 3561 2827 potest
3589 2760 3750 2830 vinci,

2169 2823 2263 2878 sed
2290 2826 2451 2882 etiam
2472 2829 2754 2889 dilectores
2781 2852 2908 2892 suos
2937 2840 3123 2897 reddet
3152 2823 3416 2903 invictos?
3440 2850 3549 2907 Nec
3572 2823 3750 2925 tamen

2169 2914 2331 2989 etiam
2358 2917 2411 2973 in
2436 2919 2565 3000 ipsis
2585 2923 2758 2990 bonis,
2789 2929 2877 2999 qui
2906 2938 2959 2986 te
2989 2933 3072 2989 vel
3100 2938 3405 3004 pracedunt
3428 2944 3512 2999 vel
3543 2946 3636 3003 tibi
3660 2914 3752 3004 co:-

2167 3006 2423 3083 mitantur
2439 3010 2506 3069 ad
2534 3012 2756 3088 Deum',
2779 3034 2927 3089 spem
2951 3031 3093 3079 tuam
3119 3028 3382 3087 collocare
3406 3033 3591 3103 debes,
3623 3040 3749 3109 quia

2167 3112 2269 3154 nec
2293 3099 2346 3154 in
2375 3108 2427 3156 te
2460 3102 2576 3173 ipso
2613 3106 2775 3181 debes
2801 3122 3281 3190 quantumcumque
3308 3099 3614 3193 profeceris,
3638 3099 3746 3201 sed

2166 3189 2223 3271 in
2253 3190 2342 3246 illo
2361 3195 2449 3264 qui
2477 3210 2568 3252 eos
2594 3207 2647 3265 et
2671 3206 2723 3265 te
2734 3200 3081 3276 iustiﬁcando.
3102 3189 3232 3269 tales
3267 3189 3406 3270 facit.
3430 3189 3663 3277 Securus
3683 3189 3746 3287 es

2164 3280 2306 3335 enim
2337 3282 2404 3337 de
2444 3285 2587 3355 Deo,
2619 3290 2741 3367 quia
2776 3309 2879 3353 non
2909 3307 3142 3373 mutetur
3172 3320 3184 3355 :
3226 3304 3295 3359 de
3322 3305 3537 3366 homine
3565 3280 3749 3372 autem

2164 3387 2323 3477 nemo
2342 3377 2632 3445 prudenter
2658 3398 2876 3459 securus
2902 3400 3004 3451 est.
3036 3392 3142 3451 Sed
3177 3397 3222 3451 si
3248 3396 3369 3476 illos
3394 3403 3484 3472 qui
3505 3407 3748 3478 qondum

2158 3461 2288 3533 justi
2322 3476 2480 3535 sunt,
2510 3485 2690 3529 amare
2719 3475 2977 3536 debemus
3006 3490 3065 3555 ut
3089 3485 3228 3563 sint;
3251 3461 3448 3560 quanto
3469 3461 3751 3565 ardentius

2162 3556 2250 3626 qui
2267 3557 2376 3626 jam
2404 3570 2549 3627 sunt,
2575 3566 2787 3622 amandi
2811 3573 2973 3627 sunt?
2990 3573 3096 3631 Sed
3116 3556 3374 3650 aliudvest
3397 3556 3619 3657 diligere
3644 3556 3753 3646 ho;

2162 3649 2381 3721 minem,
2409 3654 2550 3710 aliud
2572 3673 2719 3727 spem
2749 3677 2947 3731 ponere
2977 3667 3029 3722 in
3053 3668 3298 3738 homine;
3328 3682 3634 3751 tantumque
3661 3684 3717 3740 in
3736 3715 3751 3725 ς

2160 3746 2346 3819 terest,
2380 3752 2437 3798 ut
2464 3745 2589 3802 illud
2618 3749 2756 3806 Deus
2782 3752 2984 3824 jubeat,
3015 3757 3116 3816 hoc
3145 3763 3444 3831 prohibeat.
3476 3770 3531 3826 Si
3550 3745 3747 3832 autem

2159 3833 2362 3910 aliquas
2380 3837 2464 3891 vel
2495 3838 2864 3900 insultationes
2883 3848 2964 3902 vel
3001 3850 3369 3912 tribulationes
3399 3875 3495 3929 pro
3521 3864 3745 3922 nomine

2158 3922 2354 3997 Christi
2384 3941 2577 4004 passus.
2598 3947 2701 3987 non
2740 3933 2998 4009 deieceris
3035 3956 3065 3995 a
3097 3942 3219 4011 iide,
3262 3962 3361 4003 nec
3380 3965 3410 4003 a
3440 3950 3574 4006 bona
3604 3954 3688 4009 via
3723 3956 3749 3990 δ

2157 4012 2480 4085 deviaveris,
2528 4023 2782 4093 majorem
2814 4032 3120 4112 mercedem
3157 4049 3473 4109 accepturus
3511 4059 3607 4099 es:
3645 4048 3746 4118 qui

2155 4117 2332 4163 autem
2350 4108 2402 4183 in
2424 4109 2737 4183 hisdiabolo
2747 4121 3025 4197 cesserint,
3040 4108 3198 4181 etiam
3213 4108 3470 4187 minorem
3485 4135 3745 4204 perdunt.

2156 4194 2264 4252 Sed
2292 4196 2508 4257 humilis
2531 4213 2649 4260 esto
2673 4206 2806 4278 Deo,
2836 4218 2895 4277 ut
2922 4194 3026 4268 non
3068 4223 3120 4269 te
3134 4219 3406 4288 permittat
3435 4194 3623 4281 tentari
3655 4229 3747 4284 ul-

2156 4294 2236 4343 tra
2263 4289 2405 4366 vires
2428 4300 2565 4371 tuas.
3206 4288 3209 4291 ’

2224 4379 2452 4461 CAPUT
2489 4384 2677 4461 XXVI.
2708 4419 2777 4432 -—-
2804 4390 2893 4448 50.
2934 4392 3159 4471 Initiatio
3201 4404 3571 4480 catechumcni,
3618 4426 3746 4465 cum

2153 4472 2463 4551 expositione
2485 4477 2764 4553 signorum.
2807 4482 2987 4540 Sermo
3022 4472 3320 4560 quandoque
3352 4472 3563 4557 brevior
3584 4502 3747 4555 aditi-

2151 4561 2357 4620 bendus.
2378 4566 2568 4637 Incipit
2586 4586 2747 4625 sermo
2769 4574 2899 4629 alius
2922 4576 3130 4633 brevior.
3158 4580 3323 4648 Filius
3343 4585 3439 4659 Dei
3458 4588 3742 4663 inmissus,

2151 4661 2211 4717 ut,
2228 4669 2261 4706 a
2288 4666 2444 4715 marte
2461 4674 2575 4729 qua
2600 4676 2690 4731 per
2707 4661 2959 4740 A‘dqmum
2987 4668 3189 4741 intrauit
3208 4714 3223 4738 ,
3262 4674 3604 4734 liberaremur.
3636 4661 3744 4740 llis

2151 4741 2308 4817 dictis
2327 4787 2342 4811 ,
2375 4745 2778 4820 interrogandus
2804 4762 2885 4809 est
2903 4771 2970 4811 an
2996 4757 3109 4813 haec
3137 4763 3319 4827 credat
3352 4777 3509 4843 atque
3536 4771 3738 4827 obser-

2150 4848 2276 4890 vare
2296 4833 2583 4898 desidcmt.
2606 4840 2757 4915 Quod
2781 4859 2900 4905 cum
2927 4851 3278 4923 responderit,
3302 4833 3610 4933 solemniter
3628 4864 3747 4919 uti-

2149 4939 2253 5003 que
2264 4926 2552 4997 signandus
2571 4940 2653 4987 est
2668 4942 2720 4988 ct
2743 4933 2993 4992 Ecclesia:
3020 4955 3169 4997 more
3195 4926 3521 5020 tractandus.
3543 4951 3622 5008 De
3642 4970 3742 5010 sa-

2148 5029 2421 5083 cramento
2444 5036 2570 5097 sane
2588 5023 2665 5100 (tt)
2680 5026 2821 5097 quod
2836 5030 3073 5107 accipit',
3088 5049 3206 5090 cum
3226 5036 3284 5107 ei
3297 5037 3433 5099 bene
3456 5057 3695 5103 commer
3712 5079 3746 5092 -

2147 5106 2328 5183 datum
2354 5109 2530 5188 fuerit,
2557 5114 2822 5187 signacula
2851 5106 3584 5200 quidem'rerumdivinarum
3608 5151 3686 5194 ess
3704 5157 3743 5197 e

2146 5198 2397 5275 visibilia,
2426 5202 2523 5278 sed.
2544 5206 2789 5273 resipsas
2818 5206 3108 5269 invisibiles
3134 5198 3188 5270 in
3208 5219 3286 5273 eis
3311 5218 3594 5292 honorari;
3628 5241 3743 5287 ntrc

2146 5290 2224 5344 sic
2250 5290 2546 5373 habendam
2575 5311 2694 5375 esse
2721 5298 3108 5382 illamsyecicm
3137 5307 3503 5387 benedictione
3526 5290 3743 5376 sancti-

2207 5402 2731 5495 ias-etme.--
2779 5479 2820 5495 ..
2839 5480 2969 5495 .-_-
3209 5480 3220 5493 .

2247 5465 2321 5533 sic
2340 5472 2443 5533 Am.
2468 5465 2542 5517 Er.
2568 5476 2621 5519 et
2640 5477 2748 5533 uss.
2769 5479 2825 5523 Αῑ
2839 5480 2969 5525 Lov.:
2998 5486 3115 5529 Nam
3136 5480 3180 5532 si
3201 5480 3251 5533 in

2682 5522 3125 5611 meo:
3135 5522 3287 5611 ἓιιῑνῖἐ

2205 5586 2229 5618 ι
2244 5592 2316 5637 ιι.
2335 5589 2483 5653 υμαά
2504 5599 2625 5645 ven.
2658 5600 2768 5645 ιον.
2792 5586 3290 5662 assentiar”;

2203 5646 2225 5717 ξ
2251 5655 2353 5717 5m.
2371 5656 2446 5701 Er.
2469 5660 2522 5703 et
2542 5651 2709 5717 plures
2725 5664 2850 5717 Mss,
2868 5666 2979 5709 vita.

2204 5709 2226 5785 ξ
2236 5709 2445 5785 ξιο-Μεβ.
2472 5722 2525 5764 At
2539 5709 2675 5785 editi,
2700 5709 2898 5785 accepit.

2206 5768 2278 5826 (α)
2309 5777 2465 5829 Forte.
2489 5774 2618 5834 satia

3356 5487 3558 5540 cumulis
3580 5497 3628 5541 et
3650 5505 3737 5545 ua-

3405 5547 3675 5621 iuhwrcrc.
