4046 6332
274 384 378 442 345

275 501 483 556 beatam
508 540 523 563 ,
572 494 1021 568 quemadmodum
1062 494 1286 549 habetur
1324 495 1374 549 in
1419 509 1516 549 usu
1562 494 1798 565 quolibet
1840 511 1855 550 :

274 589 559 646 dicendum
580 590 743 643 etiam
763 587 890 658 quid
915 585 1170 656 signiticet
1190 592 1243 639 et
1271 600 1447 640 sermo
1478 586 1564 639 ille
1592 600 1748 654 quem
1772 599 1864 637 au-

274 681 435 747 divit,
468 680 596 751 quid
628 680 681 734 in
713 679 807 733 illo
832 678 1103 744 condiat‘,
1131 677 1284 745 cujus
1320 676 1407 731 illa
1440 691 1528 731 res
1556 675 1863 731 similitudi-

278 788 396 829 nem
438 773 597 843 gerit.
641 770 845 826 Deinde
874 769 1171 825 monendus
1207 778 1289 823 est
1325 782 1391 823 ex
1435 768 1534 822 bac
1561 768 1863 836 occasione,

274 874 330 918 ut
358 864 403 917 si
429 862 559 934 quid
584 863 745 918 etiam
788 863 840 916 in
870 860 1160 931 Seripturis
1192 858 1373 914 audiat
1414 857 1556 929 quod
1583 858 1866 915 carnaliter

275 965 464 1023 sonet,
495 955 705 1010 etiamsi
735 969 838 1009 non
866 954 1147 1024 intelligit,
1176 952 1357 1007 credat
1387 961 1561 1006 tamen
1592 950 1865 1021 spirituale

276 1048 474 1119 aliquid
498 1048 808 1118 signiﬁcari,
832 1046 973 1117 quod
1000 1046 1065 1100 ad
1091 1054 1303 1100 sanctos
1329 1060 1505 1099 mores
1533 1044 1865 1114 futuramque

275 1142 438 1196 vitam
481 1140 763 1210 pertineat.
794 1139 906 1193 lloc
944 1147 1121 1193 autem
1171 1137 1241 1191 ita
1270 1137 1503 1192 breviter
1540 1136 1695 1190 discit
1717 1138 1759 1204 ',
1804 1146 1865 1190 ut

277 1234 534 1307 quidquid
558 1232 786 1287 audierit
812 1247 875 1286 ex
899 1230 1073 1285 Libris
1092 1229 1361 1284 canonicis
1385 1229 1525 1299 quod
1548 1229 1612 1283 ad
1633 1228 1865 1283 dilectio.

278 1342 401 1384 nem
435 1310 752 1382 aeternitatis
779 1329 834 1378 et
865 1321 1105 1377 veritatis
1128 1331 1179 1375 et
1210 1320 1523 1385 sanctitatis,
1552 1328 1605 1374 et
1632 1318 1696 1373 ad
1724 1318 1861 1373 dile-

277 1421 512 1474 etionem
558 1415 787 1487 proximi
833 1412 1034 1469 referre
1060 1427 1162 1467 nou
1193 1412 1377 1482 possit,
1412 1410 1633 1481 figurate
1661 1409 1861 1463 dictum

278 1511 360 1565 vel
381 1491 590 1579 gestum
620 1520 740 1561 esse
764 1504 976 1570 credat;
999 1513 1157 1573 atque
1190 1502 1261 1555 ita
1290 1511 1515 1557 conetur
1545 1500 1860 1569 intelligere,

278 1612 336 1655 ut
359 1599 428 1655 ad
464 1598 610 1653 illam
639 1596 904 1667 geminam
935 1593 1129 1649 rel'crat
1155 1590 1514 1647 dilectionem.
1545 1591 1618 1644 Ita
1650 1604 1778 1643 sane
1808 1596 1864 1642 ut

279 1692 577 1763 proximum
588 1670 700 1744 non
722 1687 1006 1743 carnaliter
1021 1685 1296 1755 intelligat,
1311 1683 1402 1739 sed
1415 1698 1625 1738 omnem
1643 1682 1862 1753 quicum

279 1782 343 1839 eo
362 1783 414 1837 in
433 1780 520 1835 illa
542 1788 724 1836 sancta
744 1778 959 1834 civitate
975 1783 1146 1846 potest
1163 1770 1301 1838 esse,
1320 1774 1433 1829 sive
1450 1776 1579 1843 jam,
1602 1775 1715 1827 sive
1732 1787 1865 1825 non-

278 1874 405 1929 dum
441 1879 697 1944 appareat
727 1886 741 1922 :
774 1877 828 1923 et
856 1877 913 1923 ut
940 1867 1007 1922 de
1037 1866 1232 1921 nullius
1277 1865 1507 1919 hominis
1533 1863 1864 1917 correctione

277 1961 566 2035 desperet,
604 1975 762 2031 quem
800 1959 1055 2030 patientia
1098 1958 1187 2011 Dei
1237 1956 1380 2010 videt
1422 1955 1619 2021 vivere,
1662 1970 1764 2007 non
1794 1952 1865 2007 ob

277 2034 442 2122 aliud,
472 2055 611 2109 sicut
640 2046 925 2123 Apostolus
948 2050 1041 2117 ait,
1070 2048 1167 2103 nisi
1196 2056 1255 2103 ut
1281 2046 1575 2102 adducatur
1601 2045 1666 2100 ad
1697 2043 1865 2115 posui-

278 2140 498 2202 ten'tiam
531 2144 705 2217 (Rom.
735 2159 794 2210 ll,
820 2144 899 2213 ὁ).

351 2238 443 2295 51.
471 2237 529 2293 Si
552 2237 740 2308 longus
767 2236 861 2291 tibi
889 2234 1096 2291 videtur
1121 2234 1222 2289 iste
1250 2246 1448 2296 sermo,
1480 2246 1584 2302 quo
1613 2241 1862 2300 tanquam

276 2338 596 2402 prmaentem
628 2328 814 2383 rudem
844 2326 1111 2381 hominem
1136 2323 1383 2388 instruxi,
1411 2323 1535 2378 licet
1563 2337 1626 2377 ea
1654 2321 1748 2376 tibi
1777 2320 1862 2375 di-

277 2417 405 2479 cere
429 2420 659 2484 brevius,
681 2418 973 2489 longiorem
1004 2427 1177 2471 tamen
1203 2429 1323 2470 esse
1351 2414 1548 2469 debere
1566 2427 1670 2467 non
1699 2421 1857 2482 puto:

278 2525 581 2583 quanquam
607 2510 831 2565 multum
860 2509 1080 2562 interest
1103 2504 1230 2577 quid
1260 2519 1346 2560 res
1375 2504 1507 2574 ipsa,
1525 2519 1647 2557 cum
1669 2503 1861 2573 agitur,

278 2602 518 2669 moneat,
545 2608 597 2656 et
629 2599 754 2671 quid
782 2598 1082 2653 auditorum
1111 2595 1395 2667 praesentia
1426 2609 1529 2648 non
1560 2594 1731 2648 solum
1761 2592 1866 2648 l‘er-

278 2713 355 2762 re,
374 2693 472 2752 sed
501 2694 665 2750 etiam
691 2690 996 2749 desiderare
1024 2703 1084 2744 se
1112 2686 1377 2743 ostendat.
1409 2685 1539 2740 Cum
1570 2694 1746 2740 autem
1771 2699 1863 2739 ce-

279 2787 486 2842 ieritate
512 2799 650 2857 opus
676 2793 790 2849 est,
822 2781 942 2837 vide
974 2794 1133 2851 quam
1162 2777 1316 2833 facile
1345 2776 1595 2847 explicari
1640 2782 1746 2831 tota
1778 2788 1865 2830 res

280 2881 462 2951 possit.
483 2859 595 2934 Fac
618 2889 804 2932 rursus
829 2874 1017 2929 adesse
1044 2873 1296 2942 aliquem,
1316 2870 1407 2940 qui
1430 2869 1557 2924 velit
1583 2883 1704 2923 esse
1724 2866 1866 2923 chri-‘-

283 2956 482 3027 stianus
502 2990 516 3025 :
536 2985 668 3041 ergo
688 2977 741 3024 et
761 2952 1161 3036 interrogatum,
1181 2962 1311 3017 illud
1332 2960 1471 3031 quod
1492 2960 1737 3029 superior
1782 2972 1869 3013 re-

284 3063 595 3134 spondisse;
618 3046 743 3131 quia
773 3067 827 3115 et
855 3057 903 3112 si
929 3072 1033 3112 non
1064 3055 1165 3109 hoc
1193 3053 1497 3122 reSpondet,
1519 3052 1618 3106 hoc
1645 3066 1766 3107 eum
1784 3065 1868 3105 re-

284 3155 552 3227 spondere
579 3153 830 3209 debuisse
858 3148 1140 3207 dicendum
1161 3154 1262 3203 est.
1278 3144 1480 3202 Deinde
1505 3143 1606 3199 hoc
1630 3142 1788 3199 modo
1813 3149 1869 3198 et

284 3258 471 3305 σείει-ο
500 3243 856 3304 contexenda.

352 3339 443 3396 52.
476 3338 635 3401 Vere,
675 3336 857 3398 frater,
888 3333 975 3387 illa
1005 3346 1193 3403 magna
1223 3338 1278 3386 et
1309 3344 1434 3385 vera
1465 3326 1734 3385 beatitudo
1763 3334 1864 3392 est,

286 3448 399 3503 quze
428 3431 481 3485 in
504 3430 685 3485 futuro
713 3427 910 3483 saeculo
929 3425 1126 3481 sanctis
1150 3423 1492 3495 promittitur.
1522 3420 1712 3475 Omnia
1741 3432 1868 3472 vero

286 3522 509 3578 visibilis
558 3526 871 3584 transeunt,
904 3525 957 3571 et
990 3514 1164 3570 omnis
1193 3514 1349 3584 hujus
1389 3511 1571 3567 saeculi
1600 3523 1788 3580 pompa
1815 3516 1871 3562 et

286 3612 489 3670 delicis
528 3619 589 3665 et
621 3608 905 3672 curiositas
934 3606 1256 3673 interibunt,
1286 3614 1343 3658 et
1373 3617 1552 3658 secum
1583 3600 1653 3655 ad
1700 3600 1867 3669 inter—

286 3705 415 3760 itum
445 3702 665 3757 trahunt
687 3707 951 3757 ρωποι-ω
977 3712 1127 3769 suos.
1156 3697 1197 3749 Α
1228 3710 1336 3766 quo
1362 3694 1599 3759 interitu,
1632 3691 1732 3746 hoc
1752 3699 1865 3755 est,

287 3795 456 3865 penis
501 3790 847 3861 sempiternis
894 3788 1031 3843 Deus
1061 3786 1365 3841 misericors
1392 3784 1578 3840 volens
1626 3782 1871 3837 homines

287 3885 515 3941 liberare
535 3923 554 3950 ,
581 3882 627 3936 si
658 3881 758 3937 sibi
803 3880 903 3950 ipsi
945 3894 1051 3933 non
1078 3877 1185 3932 sint
1214 3875 1447 3942 inimici,
1478 3883 1533 3930 et
1567 3889 1673 3929 non
1731 3873 1868 3927 resi—

285 3985 427 4051 stant
457 3969 838 4029 misericordia:
864 3968 1128 4025 Creatoris
1158 3967 1260 4031 sui,
1279 3967 1423 4022 misit
1447 3965 1770 4047 unigenitum
1783 3965 1871 4019 Fi-

285 4067 410 4123 lium
438 4079 596 4120 suum
615 4104 629 4125 .
660 4062 761 4117 hoc
787 4069 905 4127 est,
932 4059 1166 4114 Verbum
1194 4072 1347 4112 suum
1372 4057 1575 4127 mquale
1605 4056 1705 4112 sibi
1727 4096 1742 4122 ,
1776 4071 1872 4126 per

285 4158 426 4228 quod
451 4154 690 4211 condidit
714 4152 913 4207 omnia.
937 4152 1000 4206 Et
1028 4162 1252 4204 mancus
1278 4148 1489 4219 quidem
1517 4148 1571 4203 in
1595 4147 1871 4202 divinitate

285 4264 400 4315 sua,
430 4256 487 4302 et
510 4261 618 4301 non
649 4243 907 4300 recedens
935 4257 964 4297 a
995 4242 1169 4306 Patre,
1203 4256 1301 4296 nec
1328 4241 1382 4294 in
1407 4240 1583 4310 aliquo
1611 4247 1866 4303 mutatus,

286 4337 612 4395 assumendo
642 4343 816 4390 tamen
848 4333 1138 4396 hominem,
1158 4341 1213 4387 et
1236 4332 1290 4385 in
1317 4345 1478 4386 carne
1506 4330 1752 4384 mortali'
1776 4329 1872 4383 bo-

286 4431 524 4487 minibus
551 4425 859 4498 appetendo
897 4424 1044 4479 venit
1083 4421 1152 4477 ad
1196 4422 1441 4477 homines
1470 4438 1485 4473 :
1518 4430 1576 4475 ut
1611 4419 1869 4489 quemad-

288 4521 505 4578 modum
534 4534 630 4591 per
656 4531 819 4572 unum
850 4515 1118 4570 hominem
1143 4513 1232 4583 qui
1263 4513 1465 4583 primus
1491 4511 1662 4566 factus
1690 4518 1790 4575 est,
1819 4509 1871 4564 id

289 4624 369 4670 est
396 4613 606 4678 Adam,
648 4624 794 4665 mors
839 4607 1056 4662 intravit
1100 4606 1152 4659 in
1182 4618 1354 4674 genus
1395 4603 1720 4666 humanum,
1751 4600 1872 4670 quia

290 4704 567 4760 consensit
594 4701 800 4757 mulieri
830 4714 943 4753 suae
970 4697 1201 4754 seducta:
1228 4710 1259 4749 a
1288 4694 1501 4749 diabolo
1520 4734 1534 4759 ,
1566 4701 1625 4747 ut
1669 4707 1873 4762 prmee-

292 4808 437 4867 ptum
489 4796 585 4851 Dei
631 4791 1165 4862 transgrederentur;
1214 4786 1294 4841 sic
1340 4800 1436 4855 per
1482 4800 1645 4838 unum
1697 4782 1873 4837 homi-

293 4902 413 4942 nem
459 4885 551 4955 qui
590 4884 750 4939 etiam
796 4881 937 4936 Deus
980 4887 1063 4937 est
1108 4877 1201 4933 Dei
1244 4875 1446 4941 Filius,
1493 4874 1672 4930 lesum
1719 4873 1874 4928 Chri-

294 4989 467 5042 smm,
512 4975 705 5031 deletis
730 4972 978 5027 omnibus
1023 4970 1256 5040 peccatis
1284 4966 1564 5037 prmteritis
1585 5006 1600 5033 ,
1644 4965 1875 5020 creden-

298 5079 377 5125 tes
417 5070 474 5124 in
506 5081 630 5123 eum
660 5079 849 5121 omnes
890 5063 945 5117 in
984 5072 1237 5117 aeternam
1262 5059 1425 5115 vitam
1469 5056 1876 5128 ingrederentur

300 5159 407 5231 tu.
438 5174 506 5225 ν,
538 5155 749 5225 1249.).

365 5321 381 5351 ί
410 5325 485 5367 Er.
512 5326 566 5366 et
582 5309 981 5373 t.ov.,condatur.
1005 5311 1177 5373 verius
1194 5315 1299 5357 Mss.
1327 5312 1516 5373 et_Am.,
1540 5302 1747 5373 cmtdiat.
1765 5311 1877 5355 Nam

304 5382 459 5441 agitur
481 5379 559 5427 hic
573 5370 637 5425 de
661 5367 966 5441 sacramento
986 5369 1233 5441 salis...un
1246 5368 1623 5441 eateeliumenus
1644 5367 1873 5441 ipitiatur:

305 5428 400 5490 {ius
420 5443 636 5503 pertinet
664 5436 782 5503 illud
822 5433 1063 5503 Augustini
1096 5428 1180 5503 lih'.
1218 5431 1235 5479 l
1266 5428 1504 5503 tmntt,ess.,
1523 5441 1628 5503 cap.
1650 5429 1717 5503 _tl
1738 5434 1880 5503 :a'tzt

316 5522 337 5547 ι
609 5499 710 5565 jam
731 5498 874 5559 signo
1074 5493 1198 5554 ejus,
1233 5499 1285 5565 et
1319 5490 1579 5565 eoudiebar
1619 5490 1729 5565 ejus
1755 5490 1877 5565 sale,

316 5582 337 5609 ι
471 5562 582 5612 inde
605 5550 835 5625 abutere
1207 5570 1230 5597 ι
1272 5559 1373 5625 Ipsa
1398 5559 1473 5601 est
1494 5564 1638 5613 quam
1662 5550 1736 5625 hic
1756 5550 1881 5602 dixit

902 5613 1249 5687 sanctiﬁcatum
1272 5610 1533 5675 {adeoque
1574 5610 1715 5675 paulo
1736 5625 1880 5675 supra

312 5676 429 5744 Eoo,
450 5698 595 5745 sime;
615 5680 890 5748 legendum
910 5676 1121 5748 videtur,
1142 5676 1273 5727 salis.

372 5750 389 5779 ³
406 5738 477 5808 ἐς
497 5738 599 5796 Μεέ.
625 5738 747 5793 Editi
771 5753 909 5799 vero,
934 5738 1102 5808 discet.

376 5810 395 5843 ³
423 5807 605 5875 Aliquot
626 5815 758 5866 atas,
791 5798 1021 5867 nwrtalis.

1650 376 1848 436 LIBER
1887 375 2085 437 UNUS.

3433 406 3540 465 5l6

2037 502 2259 560 CAPUT
2302 504 2513 563 XXVII.
2545 539 2613 548 —
2642 509 2729 565 53.
2774 508 3083 582 Prop/actias
3142 515 3327 573 Veteris
3367 518 3545 576 Testa-

1962 597 2119 649 ‘menti
2146 597 2373 668 impletas
2398 600 2532 654 cerui
2562 602 2611 655 in
2639 602 2882 657 Ecclesia.
2914 603 3049 659 Ilinc
3076 608 3277 674 ﬁrmata
3303 611 3429 674 fides
3457 629 3543 666 eo-

1965 703 2078 739 rum
2106 705 2219 757 qua:
2246 700 2452 745 veritum
2480 701 2703 759 restant,
2724 695 2911 764 judicii
2939 697 3102 750 ultimi
3128 708 3175 751 et
3211 703 3535 765 resurrectio-

1965 777 2063 830 nis.
2093 776 2336 833 Caveudw
2363 768 2665 837 teutationes
2683 800 2714 836 α
2743 785 2888 838 malis
2923 787 3074 840 etiam
3104 788 3155 841 in
3196 786 3424 842 Ecclesia
3454 807 3542 843 re-

1968 872 2137 940 pertis.
2173 871 2397 927 Societas
2423 890 2535 929 cum
2565 875 2722 931 bonis.
2754 877 2884 947 Spes
2925 879 3085 933 omnis
3114 879 3164 933 in
3192 878 3321 935 Deo.
3349 881 3542 936 Omnia

1966 962 2106 1016 enim
2133 963 2147 994 ¹
2180 979 2296 1033 quae
2336 981 2477 1021 nunc
2502 966 2649 1022 vides
2678 968 2729 1022 in
2758 969 2991 1024 Ecclesia
3026 971 3117 1025 Dei
3137 1013 3151 1038 ,.
3179 981 3231 1026 et
3260 972 3358 1027 sub
3379 970 3541 1027 Chri-

1967 1052 2031 1104 sti
2065 1053 2275 1107 nomine
2302 1070 2395 1123 per
2422 1065 2583 1110 totum
2607 1057 2789 1113 orbem
2816 1068 3070 1114 terrarum
3095 1061 3265 1131 geri’,
3287 1072 3410 1116 ante
3439 1078 3534 1116 say

1967 1141 2081 1196 cula
2109 1142 2217 1212 jam
2264 1144 2510 1213 prmdicta
2542 1157 2699 1213 sunt,
2729 1157 2782 1202 et
2825 1150 2960 1204 sicut
2988 1165 3048 1204 ea
3081 1150 3334 1219 legimus,
3377 1152 3444 1207 ita
3486 1159 3543 1215 et

1966 1234 2235 1301 videmus;
2256 1246 2308 1291 et
2333 1236 2453 1293 inde
2478 1238 2798 1295 aediﬁcantur
2818 1242 2869 1296 in
2897 1242 3073 1297 iidem.
3095 1242 3314 1298 Pactum
3340 1254 3421 1301 est
3442 1245 3544 1299 ali-

1967 1325 2175 1399 quando
2201 1326 2453 1383 diluvium
2484 1345 2578 1400 per
2603 1339 2763 1384 totam
2793 1340 3010 1400 terram,
3032 1341 3089 1387 ut
3117 1345 3424 1403 peccatores
3442 1335 3538 1390 de-

1966 1415 2204 1470 lerentur
2235 1434 2248 1470 :
2285 1427 2337 1473 et
2366 1428 2537 1474 tamen
2570 1421 2640 1474 illi
2668 1422 2755 1492 qui
2786 1433 3068 1478 evaserunt
3098 1424 3150 1477 in
3180 1441 3330 1492 arca;
3361 1442 3543 1481 sacra-

1967 1516 2203 1560 mentum
2236 1506 2421 1563 l'uturze
2467 1509 2716 1564 Ecclesia:
2743 1511 3212 1579 demonstrabant,
3244 1530 3362 1584 qua:
3401 1530 3540 1571 nunc

1966 1593 2021 1649 in
2048 1595 2290 1651 ﬂuctibus
2316 1598 2492 1652 sa-culi
2524 1609 2667 1654 natat
2686 1642 2701 1668 ,
2731 1610 2784 1656 et
2827 1618 2919 1672 per
2945 1603 3142 1672 lignum
3183 1604 3358 1658 crucis
3383 1604 3541 1659 Chri-

1966 1686 2034 1739 sti
2064 1701 2093 1739 a
2122 1687 2486 1744 subntersiozie
2529 1691 2800 1747 liberatur.
2844 1692 3157 1748 Praedictum
3200 1703 3283 1748 est
3312 1696 3540 1751 Abrahae

1968 1776 2107 1831 ﬁdeli
2138 1792 2291 1833 servo
2318 1779 2408 1834 Del
2431 1823 2444 1845 ,
2477 1783 2565 1836 uni
2611 1783 2846 1850 homini,
2873 1784 3012 1855 quod
3042 1785 3107 1839 de
3136 1786 3226 1839 illo
3271 1797 3412 1842 esset
3444 1803 3542 1858 ι)οέ

1968 1868 2121 1937 pulus
2166 1871 2461 1925 nasciturus
2481 1912 2495 1937 ,
2529 1874 2616 1944 qui
2646 1875 2845 1929 coleret
2871 1892 3029 1930 unum
3060 1877 3227 1931 Deum
3270 1878 3405 1932 inter
3434 1893 3542 1943 ca:-

1970 1966 2110 2013 tcras
2151 1970 2335 2029 gentes
2379 1977 2496 2031 qua:
2526 1963 2663 2017 idola
2708 1965 2953 2019 colebant
2985 1982 2997 2017 :
3030 1974 3085 2019 et
3112 1966 3287 2020 omnia
3318 1982 3436 2036 qua:
3468 1966 3543 2022 illi

1968 2051 2163 2120 populo
2188 2042 2411 2107 ventura
2434 2054 2680 2125 prazdicta
2708 2064 2865 2121 sunt,
2898 2056 2973 2111 sic
2999 2066 3293 2112 evenerunt
3319 2068 3373 2111 ut
3404 2068 3554 2127 pra:«'

1962 2140 2104 2195 dicta
2133 2151 2274 2196 sunt.
2304 2144 2653 2213 Pr0pltetatus
2679 2154 2757 2200 est
2786 2147 2835 2200 in
2869 2147 2958 2201 illo
2984 2148 3176 2217 populo
3201 2149 3357 2203 etiam
3388 2147 3547 2202 Cbri-

1967 2242 2081 2286 stus
2125 2248 2216 2287 I'CX
2246 2235 2480 2288 omnium
2509 2245 2811 2291 sanctorum
2837 2246 2891 2292 et
2917 2238 3057 2293 Deus
3084 2249 3335 2293 venturus
3361 2254 3426 2295 CX
3452 2254 3544 2293 SC-

1967 2324 2111 2380 mine
2151 2325 2314 2395 ipsius
2344 2326 2609 2382 Abraham
2641 2329 2929 2383 secundum
2972 2344 3185 2383 carnem
3205 2372 3220 2395 ,
3252 2345 3408 2397 quam
3452 2344 3541 2384 as-

1967 2416 2215 2486 sumpsit,
2236 2424 2293 2471 ut
2316 2432 2501 2472 omnes
2518 2418 2675 2473 etiam
2704 2418 2794 2472 lilii
2813 2426 2992 2473 essent
3009 2418 3256 2483 Abrabze,
3274 2421 3363 2490 qui
3388 2419 3546 2475 ﬁdem

1968 2508 2083 2578 ejus
2110 2509 2470 2575 imitarentur;
2501 2519 2555 2565 et
2580 2511 2657 2565 sic
2699 2520 2781 2565 est
2814 2510 3003 2565 factum
3040 2527 3052 2563 :
3086 2519 3241 2565 natus
3265 2518 3347 2565 est
3384 2510 3542 2565 Chri-

1969 2610 2082 2655 stus
2104 2600 2171 2657 de
2200 2601 2360 2656 Maria
2388 2603 2590 2673 virgine
2610 2644 2623 2669 ,
2656 2619 2773 2673 quze
2802 2618 2871 2658 ex
2913 2603 3004 2658 illo
3028 2618 3222 2673 genere
3251 2604 3362 2657 fuit.
3395 2604 3543 2658 Prac-

1968 2692 2165 2749 dictunt
2190 2704 2271 2750 est
2301 2710 2396 2765 per
2421 2695 2715 2765 Pr0pbetas
2740 2695 2879 2767 quod
2918 2696 2969 2750 iu
2997 2711 3154 2750 cruce
3180 2710 3429 2765 passurus
3454 2711 3544 2751 cs-

1969 2793 2049 2839 set
2072 2785 2140 2839 ab
2169 2785 2354 2840 eodem
2382 2787 2574 2857 populo
2603 2786 2908 2841 Iudaeorum
2931 2829 2943 2852 ,
2972 2789 3039 2841 de
3065 2787 3212 2855 cujus
3238 2800 3432 2857 genere
3455 2802 3545 2843 se-

1969 2877 2198 2933 cundum
2227 2893 2438 2933 carnem
2469 2880 2740 2944 veniebat;
2773 2888 2827 2934 et
2865 2880 2941 2934 sic
2969 2887 3051 2933 est
3095 2880 3306 2934 factum.
3339 2880 3542 2935 Prmdi-

1969 2979 2111 3025 ctum
2140 2977 2219 3024 est
2246 2969 2385 3039 quod
2414 2979 2807 3025 resurrecturus
2835 2981 3007 3036 esset;
3036 2972 3324 3026 resurrexit
3348 2988 3361 3024 :
3386 2982 3439 3025 et
3458 2986 3548 3026 se-

1969 3060 2197 3116 cundum
2217 3060 2327 3129 ipsa
2346 3060 2593 3129 prmdieta
2613 3059 2993 3130 Prophetarum
3011 3060 3243 3115 ascendit
3260 3061 3311 3115 in
3326 3061 3542 3127 calum,

1970 3162 2023 3209 et
2052 3152 2321 3224 discipulis
2347 3152 2455 3209 suis
2485 3151 2737 3223 Spiritum
2766 3161 3002 3209 sanctum
3030 3154 3192 3206 misit.
3221 3153 3542 3209 Praedictum

1971 3255 2053 3300 cst
2076 3262 2179 3299 non
2208 3246 2378 3299 solum
2399 3261 2427 3299 n
2450 3245 2747 3316 Prophetis,
2769 3244 2864 3300 sed
2892 3244 3052 3300 etiam
3077 3244 3143 3298 ab
3172 3244 3286 3313 ipso
3318 3243 3544 3299 Domino

1970 3335 2095 3391 Jesu
2125 3335 2337 3390 Christo
2356 3376 2370 3401 ,
2402 3336 2541 3405 quod
2579 3336 2811 3391 Ecclesia
2840 3335 2954 3406 ejus
2983 3350 3078 3406 per
3120 3335 3423 3391 universum
3450 3349 3544 3389 or-

1972 3427 2090 3481 bem
2117 3435 2380 3482 terrarum
2420 3436 2560 3481 esset
2587 3426 2760 3481 futura
2780 3469 2794 3495 ,
2826 3443 2922 3498 per
2962 3435 3263 3481 sanctorum
3291 3426 3546 3497 martyria

1971 3518 2353 3589 passionesque
2367 3517 2731 3582 disseminata;
2752 3526 2807 3573 et
2830 3527 2955 3573 tunc
2984 3518 3313 3588 praedictum,
3332 3516 3546 3588 quando

1971 3610 2144 3669 adhuc
2170 3625 2362 3665 nomen
2388 3609 2504 3680 ejus
2527 3619 2581 3665 et
2604 3610 2800 3665 latebat
2822 3618 3029 3680 gentes,
3046 3618 3099 3663 et
3114 3609 3203 3664 ubi
3231 3617 3411 3663 notum
3428 3617 3546 3664 erat

1974 3702 2290 3757 irridebatur
2310 3718 2324 3753 :
2344 3710 2397 3755 et
2426 3709 2600 3755 tamen
2632 3701 2681 3755 in
2708 3701 2987 3755 virtutibus
3013 3700 3383 3755 miraculorum
3404 3699 3542 3769 ejus,

1973 3794 2085 3848 sive
2112 3808 2231 3864 qua:
2258 3804 2353 3862 per
2379 3807 2437 3847 se
2467 3792 2600 3862 ipse,
2629 3793 2739 3847 sive
2766 3808 2884 3862 qua:
2916 3808 3007 3861 per
3035 3806 3217 3846 servos
3244 3805 3369 3845 suos
3399 3791 3544 3860 fecit,

1974 3885 2098 3940 dum
2142 3884 2522 3940 annuntiantur
2550 3883 2665 3940 haec
2706 3893 2761 3939 et
2805 3884 3125 3950 creduntur,
3150 3883 3259 3953 jam
3302 3882 3543 3939 videmus

1973 3977 2111 4049 quod
2142 3976 2451 4049 praedictum
2477 3986 2560 4032 est
2592 3990 2711 4030 esse
2739 3975 3085 4045 completum,
3116 3989 3371 4045 regesque
3401 3974 3547 4044 ipsos

1974 4082 2165 4140 teme,
2211 4072 2299 4143 qui
2341 4079 2494 4129 antea
2539 4070 2990 4140 persequebantur
3028 4068 3389 4132 Christianos,
3432 4067 3542 4135 jam

1974 4163 2169 4220 Christi
2195 4162 2393 4218 nomini
2418 4160 2739 4231 subjugatos.
2768 4152 3085 4217 Przedietum
3111 4165 3195 4215 est
3217 4158 3377 4213 etiam
3403 4156 3543 4227 quod

1974 4256 2257 4310 schismata
2305 4262 2360 4308 et
2386 4252 2615 4306 haereses
2642 4266 2707 4306 ex
2727 4250 2841 4319 ejus
2871 4250 3112 4305 Ecclesia
3146 4257 3324 4304 essent
3368 4249 3546 4303 exitu-

1974 4362 2068 4411 τιν,
2094 4354 2148 4399 et
2192 4344 2291 4397 sub
2317 4343 2430 4413 ejus
2478 4342 2691 4397 nomine
2731 4357 2826 4411 per
2851 4340 2964 4395 loca
2991 4340 3077 4395 ubi
3105 4348 3341 4409 possent,
3368 4354 3539 4404 suam,

1975 4452 2081 4490 non
2129 4433 2358 4499 Christi,
2398 4432 2619 4503 gloriam
2665 4432 2999 4502 quassiturat;
3039 4439 3093 4486 et
3136 4432 3235 4485 ista
3280 4430 3549 4499 completa

1975 4539 2120 4583 811111.

2048 4618 2135 4671 54.
2166 4612 2429 4684 Numquid
2456 4627 2580 4683 ergo
2608 4612 2694 4667 illa
2724 4628 2841 4683 qua:
2882 4621 3084 4667 restant
3110 4628 3217 4667 non
3253 4620 3376 4667 sunt
3415 4628 3546 4667 ven-

1978 4707 2133 4760 tura?
2159 4705 2485 4759 Manifestum
2532 4704 2759 4774 estquia
2790 4704 2927 4758 sicut
2953 4705 3048 4757 ista
3095 4703 3344 4774 prmdicta
3386 4720 3548 4758 vene-

1978 4807 2133 4865 runt,
2178 4798 2253 4851 sic
2282 4798 2438 4852 etiam
2491 4796 2576 4850 illa
2606 4804 2829 4849 ventura
2876 4804 2999 4849 sunt
3028 4812 3040 4847 :
3075 4809 3421 4864 qtuecumque
3453 4797 3548 4847 tri-

1978 4891 2275 4946 bulationes
2315 4889 2573 4960 justorum
2605 4887 2778 4942 adhuc
2820 4896 3055 4952 restant;
3089 4897 3141 4941 et
3168 4885 3346 4956 judieii
3391 4885 3505 4938 dies
3528 4925 3546 4950 ,

1979 4982 2067 5053 qui
2096 4980 2360 5051 separabit
2385 4995 2570 5035 omnes
2600 4978 2791 5047 impios
2820 4993 2848 5032 a
2875 4977 3031 5048 justis
3060 4978 3113 5032 in
3156 4974 3547 5033 resurrectione

1980 5087 2342 5139 mortuorum;
2386 5082 2440 5127 et
2462 5088 2565 5127 non
2592 5074 2763 5127 solum
2791 5086 2886 5127 eos
2913 5072 3003 5142 qui
3037 5078 3161 5124 sunt
3184 5078 3329 5125 extra
3357 5068 3549 5125 Eccle-

1980 5166 2110 5220 siam
2133 5206 2147 5231 ,
2192 5163 2284 5218 sed
2312 5163 2469 5218 etiam
2498 5162 2662 5232 ipsius
2689 5162 2939 5217 Ecclesia:
2980 5161 3189 5230 paleas,
3224 5173 3549 5235 quasopor—

1980 5267 2054 5312 tet
2082 5272 2246 5326 usque
2272 5255 2339 5311 ad
2366 5256 2707 5311 novissimam
2735 5254 3125 5309 ventilationem
3167 5252 3549 5321 patientissime

1982 5346 2231 5414 sufferat,
2261 5346 2325 5401 ad
2354 5347 2528 5416 ignem
2560 5346 2790 5400 debitum
2816 5342 3129 5412 segregabit.
3154 5342 3251 5411 Qui
3279 5352 3453 5399 autem
3482 5345 3554 5399 ir-

1983 5439 2154 5493 rident
2180 5439 2655 5500 resurrectionem,
2692 5443 2933 5505 putantes
2972 5433 3113 5503 quod
3139 5449 3266 5489 caro
3291 5434 3388 5489 ista
3428 5434 3553 5504 quia

1984 5531 2271 5601 putrescit,
2301 5544 2577 5600 resurgere
2602 5541 2707 5581 non
2737 5533 2944 5595 potest,
2971 5524 3037 5580 ad
3082 5540 3266 5597 pinnas
3300 5525 3350 5580 in
3378 5540 3438 5579 ea
3467 5542 3551 5579 re-

1984 5621 2270 5679 surrecturi
2300 5629 2423 5675 sunt
2455 5637 2469 5673 :
2500 5627 2556 5673 et
2582 5616 2830 5673 ostendet
2851 5617 2928 5673 eis
2958 5617 3097 5676 Deus
3126 5619 3246 5691 quia
3268 5617 3354 5689 qui
3385 5617 3552 5688 potuit

2053 5737 2069 5767 ι
2092 5733 2393 5795 Corbeiensts
2407 5731 2506 5787 .\ts‘.,
2543 5727 2710 5779 omuia
2737 5740 2866 5795 ergo.

2054 5798 2074 5829 ³
2097 5798 2259 5855 Abest,
2280 5793 2402 5859 geri,
2425 5805 2452 5841 a
2473 5799 2579 5842 ita.
