4046 6332
495 339 599 394 317

496 454 612 505 lure
641 464 862 519 corpora
877 449 1353 520 facererantequam
1379 458 1578 516 essent,
1602 459 1774 520 potest
1797 466 1858 505 ea
1887 451 1937 504 in
1957 466 2071 505 mo-

496 552 676 595 mento
702 543 981 597 restituere
1006 542 1143 597 sicut
1165 550 1334 597 erant.
1358 540 1555 596 Omnes
1580 553 1755 596 autem
1779 541 1965 597 fideles
1988 558 2077 599 re-

495 633 704 702 gnaturi
734 648 851 687 cum
873 632 1105 700 Christo,
1126 634 1194 687 ita
1225 644 1503 702 resurgent
1531 635 1582 688 in
1609 634 1797 690 eodem
1825 650 2070 704 corpore,

496 731 557 777 ut
604 725 760 778 etiam
805 726 1116 779 commutari
1165 736 1470 779 mereantur
1510 726 1575 780 ad
1622 726 2073 796 incorruptionem

496 816 786 887 angelicam
820 835 835 873 :
871 826 925 869 ut
956 817 1080 870 liant
1108 819 1337 886 mqttalcs
1369 818 1583 885 Angelis
1628 818 1755 884 Dei,
1788 820 1923 872 sicut
1972 819 2076 873 Do-

499 907 672 960 minus
714 907 824 979 ipse
851 908 1095 978 promisit
1137 906 1284 975 (Luc.
1338 923 1402 959 xx
1423 949 1437 971 ,
1471 909 1593 974 50);
1626 917 1677 961 et
1708 908 1922 962 laudent
1950 924 2073 963 eum

497 997 612 1049 sine
642 998 819 1067 aliquo
858 997 1067 1051 defectu
1111 1007 1163 1051 et
1210 997 1324 1051 sine
1354 999 1528 1066 aliquo
1572 999 1817 1064 fastidio,
1864 1015 2078 1068 semper

500 1089 739 1142 viventes
782 1088 833 1141 in
880 1088 965 1141 illo
993 1097 1045 1142 et
1084 1087 1150 1141 de
1197 1088 1320 1152 illo,
1350 1104 1469 1142 eum
1516 1089 1602 1142 tali
1631 1090 1822 1157 gaudio
1864 1100 1916 1144 et
1947 1092 2077 1146 bea-

500 1180 760 1246 titudine,
808 1182 946 1250 quali
994 1197 1091 1236 nec
1138 1181 1243 1235 dici
1273 1182 1288 1212 ¹
1338 1197 1437 1236 nec
1481 1182 1702 1252 cogitari
1746 1182 1815 1237 ab
1862 1182 2079 1239 homine

498 1281 693 1340 potest.

572 1362 661 1415 55.
696 1361 772 1416 Tu
801 1361 975 1439 itaque
1002 1362 1227 1419 credens
1266 1365 1363 1418 ista
1385 1405 1399 1429 ,
1430 1379 1559 1419 cave
1590 1366 1909 1420 tentationes
1935 1365 2079 1439 (quia

497 1450 737 1507 diabolus
765 1438 1057 1524 quccritqui
1086 1470 1264 1509 secum
1291 1454 1528 1526 pereant)
1550 1471 1563 1506 :
1585 1464 1641 1509 ut
1666 1471 1771 1510 non
1796 1458 1967 1511 solum
1987 1473 2081 1527 per

497 1556 594 1597 eos
617 1543 705 1613 qui
746 1554 893 1598 extra
923 1545 1212 1599 Ecclesium
1254 1554 1411 1612 sunt,
1439 1546 1552 1600 sive
1577 1546 1770 1615 Pagani
1792 1587 1807 1611 ,
1845 1547 1957 1602 sive
1984 1547 2079 1601 Ju-

498 1632 599 1686 duri
623 1675 636 1696 ,
680 1634 791 1688 sive
822 1633 1090 1699 lueretici,
1125 1651 1229 1689 non
1278 1644 1330 1690 te
1362 1636 1528 1690 hostis
1572 1636 1660 1691 ille
1703 1636 1954 1703 seducat;
1984 1638 2080 1694 sed

500 1724 660 1778 etiam
691 1740 823 1794 quos
850 1725 902 1779 in
932 1725 1042 1796 ipsa
1075 1725 1308 1781 Ecclesia
1339 1725 1596 1782 catholica
1626 1727 1821 1782 videris
1841 1728 1980 1782 male
2006 1729 2084 1782 vi-

499 1824 706 1883 ventes,
726 1824 816 1869 ant
843 1816 1222 1871 immoderatos
1242 1819 1262 1847 ²
1294 1818 1647 1887 voluptatibus
1669 1818 1868 1873 ventris
1889 1829 1941 1873 et
1962 1828 2081 1889 gut-

501 1908 636 1963 turis
656 1950 669 1973 ,
700 1917 790 1961 aut
818 1909 1111 1979 impudicos
1131 1951 1145 1976 ,
1175 1918 1266 1963 aut
1295 1908 1445 1963 vanis
1474 1908 1869 1963 curiositatibus
1896 1910 1979 1963 vel
2020 1910 2085 1965 il-

500 1999 660 2053 licitis
687 1998 913 2066 deditos,
934 2001 1043 2055 sive
1070 2001 1513 2070 spectaculorum,
1541 2001 1655 2055 sive
1682 2001 2037 2055 remediorum
2060 2000 2081 2032 ³

500 2101 591 2145 aut
617 2091 995 2145 divinationum
1032 2092 1411 2146 diabolicarum
1435 2134 1449 2159 ,
1480 2091 1590 2145 sive
1616 2091 1668 2144 in
1699 2106 1885 2161 pompa
1922 2100 1976 2145 et
2004 2102 2085 2157 tv-

502 2181 610 2248 pbo
637 2182 871 2234 avaritia:
897 2191 1053 2251 atque
1079 2182 1358 2250 superbiai,
1378 2182 1489 2236 sive
1516 2182 1567 2235 in
1595 2182 1769 2251 aliqua
1797 2183 1901 2235 vita
1924 2197 2081 2251 quam

500 2270 590 2324 lex
616 2268 637 2301 "
666 2270 878 2324 damnat
908 2282 959 2326 et
987 2274 1166 2341 punit,
1199 2288 1308 2326 non
1347 2288 1440 2327 eos
1464 2273 1688 2327 imiteris
1721 2290 1735 2325 :
1769 2274 1863 2328 sed
1908 2274 2085 2343 potius

502 2364 839 2434 conjungaris
864 2364 1046 2431 bonis,
1078 2381 1212 2436 quos
1239 2368 1549 2422 inventurus
1574 2383 1632 2423 es
1657 2368 1811 2423 facile
1830 2410 1843 2434 ,
1873 2369 1920 2423 si
1946 2380 2001 2424 et
2029 2380 2085 2427 tu

502 2460 622 2513 talis
645 2458 841 2525 fueris;
871 2470 927 2513 ut
953 2459 1107 2514 simul
1134 2459 1324 2514 colatis
1352 2470 1405 2515 et
1431 2461 1660 2531 diligatis
1684 2463 1846 2516 Deum
1877 2466 2042 2532 gratis
2067 2482 2082 2517 :

500 2552 621 2620 quia
641 2560 806 2607 totum
833 2552 1110 2624 przcntium
1130 2560 1368 2608 nostrum
1393 2554 1505 2624 ipse
1529 2555 1650 2621 erit,
1669 2563 1725 2607 ut
1753 2555 1804 2608 in
1829 2554 1916 2609 illa
1936 2556 2041 2609 vita
2064 2556 2085 2587 ⁸

499 2642 735 2699 bonitate
756 2645 870 2714 ejus
895 2655 949 2700 et
976 2645 1365 2714 pulchritudine
1392 2647 1745 2717 perfruamur.
1776 2648 1881 2703 Sed
1904 2665 2087 2704 aman-

498 2736 602 2791 dus
645 2746 758 2802 est,
793 2754 894 2790 non
927 2738 1061 2791 sicut
1090 2737 1287 2809 aliquid
1317 2738 1458 2809 quod
1498 2738 1707 2794 videtur
1749 2740 1957 2807 oculis;
1991 2741 2085 2796 sed

501 2831 639 2885 sicut
680 2838 890 2884 amatur
917 2831 1172 2899 sapientia
1196 2873 1210 2899 ,
1258 2841 1312 2887 et
1351 2832 1579 2899 veritas,
1612 2840 1668 2887 et
1709 2834 1993 2900 sanctitas,
2030 2843 2084 2889 et

565 2965 585 3031 ξ
608 2963 679 3031 sic
699 2968 803 3031 Mss.
822 2970 875 3012 At
898 2963 1032 3031 editi,
1056 2962 1212 3031 quatis
1233 2976 1319 3013 nec
1337 2963 1453 3015 dici.

567 3025 586 3093 ξ
610 3030 739 3093 tussi,
763 3023 1092 3093 ἱιῃηιοιιωᾟιᾷξς
1113 3039 1131 3075 :
1157 3026 1364 3093 fortasse
1375 3040 1485 3093 pro,
1510 3027 1559 3076 in
1581 3026 1927 3093 imuwderalis.

565 3085 585 3116 ³
609 3084 741 3142 Editi,
774 3084 870 3134 sive
894 3086 1215 3151 remediormn
1237 3084 1597 3151 sacrifegorum.
1626 3092 1788 3151 Abest,
1814 3088 2088 3151 sacrilego-

502 3158 638 3216 rum,
656 3153 832 3216 τιμᾷς,
854 3154 909 3216 ut
932 3146 1010 3195 illa
1025 3161 1136 3216 qua:
1161 3157 1266 3210 post
1283 3146 1556 3216 adhibetur,
1588 3165 1697 3216 vox,
1717 3146 2086 3211 diabolicarttm,

503 3214 555 3257 et
581 3209 639 3255 ad
665 3206 1003 3270 dit‘titﬂliﬂﬂhtn
1022 3206 1280 3270 referatur,
1309 3219 1361 3261 et
1388 3212 1447 3261 ad
1468 3206 1807 3262 remediorum.

504 3270 585 3379 da"
608 3269 915 3319 Corheieusis
953 3278 1053 3331 .\ts.,
1093 3270 1173 3322 lea:
1194 3271 1283 3322 Dei
1310 3285 1328 3323 .‘
1361 3275 1449 3323 sed
1473 3275 1704 3334 additum,
1734 3273 1838 3334 Dei,
1864 3287 1891 3323 a
1914 3287 2089 3323 secun-

589 3343 749 3379 manu.

540 3342 563 3378 3
589 3343 749 3379 manu.

564 3395 585 3425 ⁵
608 3392 742 3454 Editi,
766 3390 815 3442 in
838 3390 922 3442 illa
944 3398 1135 3445 cetema
1159 3395 1268 3446 vita.
1295 3397 1457 3459 Abest,
1482 3402 1683 3458 wterna,
1707 3409 1737 3447 a
1758 3404 1865 3447 Mss.

618 3599 673 3603 -_
712 3600 753 3605 -A
786 3601 835 3606 ἰ*
918 3601 1016 3608 ῥ’-
1117 3601 1137 3608 -
1204 3601 1237 3608 ‘
3148 3592 3432 3602 -——————-——

513 3599 3432 3651 ww

786 3601 1137 3608 .—.-—-————-—-’-
1204 3601 1237 3608 ‘

1458 333 1829 391 ADMONITIO
1867 335 1934 390 ΙΝ
1972 335 2517 403 SUBSEQUENTEM
2556 334 2840 393 LIBRUM.

3654 343 3760 397 διδ

2174 450 2376 523 justitia
2396 491 2412 517 ,
2455 461 2507 505 et
2535 449 2765 505 cbaritas
2788 451 2805 481 ¹
2827 492 2841 516 ,
2873 458 2928 505 et
2955 450 3000 504 si
3045 451 3169 521 quid
3218 451 3360 506 aliud
3391 452 3493 508 tale
3522 452 3714 509 dicitur
3740 473 3756 509 ;

2179 558 2285 598 non
2311 542 2755 613 quemadmodum
2782 551 2906 598 sunt
2931 542 3028 597 ista
3047 542 3099 596 in
3115 542 3415 598 hominibus
3433 562 3447 607 ;
3462 543 3557 600 sed
3568 562 3726 616 quem
3743 579 3761 589 -

2178 633 2465 689 admodum
2516 642 2640 687 sunt
2683 633 2734 687 in
2792 633 2907 702 ipso
2950 633 3095 688 fonte
3134 634 3550 704 incorruptibilis
3578 645 3633 692 et
3676 638 3764 692 in-

2180 726 2570 782 commutabilis
2587 742 2642 781 sa
2651 726 2880 796 pientiat.
2899 727 3269 797 Quoscumque
3285 744 3412 799 ergo
3431 730 3629 785 videris
3643 729 3762 787 inec

2181 831 2393 883 amare.
2441 818 2544 872 illis
2571 819 2926 889 conjungere,
2954 827 3013 873 ut
3038 834 3133 888 per
3168 818 3437 872 Christum
3466 820 3557 889 qui
3597 820 3761 876 homo

2182 908 2353 963 factus
2387 918 2500 976 est,
2547 918 2604 963 ut
2631 921 2774 964 esset
2816 909 3072 964 Mediator
3102 910 3190 964 Dei
3220 919 3276 965 et
3322 909 3629 975 hominum,
3675 927 3763 966 re-

2181 1001 2483 1056 concilieris
2527 1002 2654 1056 Deo.
2686 1002 2940 1056 llomincs
2981 1011 3158 1056 autem
3191 1017 3504 1071 perversos.
3551 1003 3762 1058 etiamsi

2184 1091 2382 1147 intrent
2420 1093 2648 1161 parietes
2673 1093 2915 1147 ecclesia:
2934 1133 2949 1157 ,
2979 1108 3083 1147 non
3113 1108 3208 1147 eos
3236 1092 3509 1147 arbitreris
3537 1093 3765 1147 intratu-

2183 1200 2272 1239 ros
2312 1186 2364 1238 in
2394 1200 2614 1254 regnum
2645 1184 2940 1249 cmlorum;
2972 1184 3093 1254 quia
3135 1198 3235 1237 suo
3262 1192 3500 1253 tempore
3542 1199 3765 1253 separa-

2186 1274 2398 1340 buntur,
2424 1276 2469 1331 si
2498 1292 2557 1330 se
2584 1277 2635 1330 in
2663 1276 2854 1330 melius
2884 1290 2989 1329 non
3015 1276 3477 1329 commutaverint.
3505 1274 3763 1331 Homines

2183 1383 2310 1437 ergo
2336 1367 2506 1421 bonos
2534 1367 2741 1421 imitare
2759 1407 2774 1433 ,
2802 1366 2972 1420 malos
2998 1365 3197 1429 tolera,
3225 1379 3416 1419 omnes
3443 1380 3596 1429 ama;
3622 1380 3762 1434 quo-

2184 1458 2324 1512 niam
2348 1457 2523 1512 nescis
2546 1457 2672 1527 quid
2697 1472 2816 1512 cras
2840 1456 3047 1511 futurus
3070 1455 3138 1509 sit
3163 1455 3253 1524 qui
3281 1454 3438 1509 hodie
3462 1454 3635 1509 malus
3655 1462 3764 1510 est.

2183 1547 2292 1603 Nec
2315 1562 2500 1602 eorum
2530 1562 2676 1602 ames
2705 1546 3047 1615 injustitiam;
3078 1544 3169 1598 sed
3199 1545 3344 1614 ipsos
3371 1543 3492 1598 ideo
3516 1559 3635 1597 ama
3654 1585 3668 1607 ,
3710 1553 3770 1599 ut

2183 1638 2862 1711 apprehendantjustitiam
2896 1656 2910 1692 :
2940 1637 3062 1707 quia
3092 1652 3196 1690 non
3224 1636 3395 1689 solum
3422 1634 3636 1689 dilectio
3668 1635 3769 1688 Dei

2185 1731 2338 1785 nobis
2368 1738 2632 1800 praecepta
2673 1738 2787 1795 est,
2831 1728 2924 1784 sed
2965 1728 3124 1783 etiam
3168 1726 3384 1783 dilectio
3413 1727 3677 1796 proximi,
3710 1727 3768 1782 in

2185 1821 2375 1890 quibus
2398 1819 2604 1874 duobus
2630 1820 2908 1890 praeceptis
2936 1827 3043 1874 tota
3070 1818 3179 1873 Lex
3213 1816 3411 1888 pendet
3448 1827 3501 1871 et
3527 1815 3771 1886 Propbe-

2187 1922 2253 1968 l'J‘.
2294 1912 2503 1985 (Matth.
2547 1927 2655 1966 χιιι
2677 1953 2692 1979 ,
2724 1910 2936 1982 57-40).
2968 1911 3136 1978 Quam
3167 1925 3273 1964 non
3305 1909 3488 1979 implet
3532 1908 3631 1962 nisi
3671 1908 3769 1978 qtti

2186 2005 2385 2061 donum
2405 2006 2425 2036 ³
2455 2003 2722 2073 acceperit
2762 2002 3015 2072 Spiritttm
3063 2010 3304 2057 sanetum
3325 2040 3342 2066 ,
3374 1999 3513 2053 Patri
3544 2007 3596 2054 et
3626 1997 3787 2053 Filio.

2187 2099 2367 2168 utique
2392 2097 2648 2166 mqualem
2672 2112 2686 2160 ;
2715 2096 2837 2166 quia
2864 2096 2976 2164 ipsa
3002 2094 3234 2149 Trinitas
3263 2092 3407 2146 Deus
3432 2099 3514 2147 est
3538 2108 3551 2143 :
3576 2092 3628 2145 in
3655 2105 3769 2161 quo

2188 2189 2298 2243 Deo
2325 2203 2449 2259 spes
2475 2187 2646 2241 omnis
2673 2186 2917 2256 ponenda
2946 2195 3046 2241 est.
3078 2185 3135 2239 In
3164 2184 3380 2238 homine
3415 2199 3523 2238 non
3562 2193 3645 2237 est
3671 2199 3771 2253 po-

2188 2279 2381 2345 nenda,
2412 2278 2810 2348 qualiscumque
2838 2276 2926 2330 ille
2953 2275 3131 2330 fuerit.
3158 2275 3316 2329 Aliud
3341 2281 3425 2328 est
3447 2273 3589 2328 enim
3618 2273 3708 2328 ille
3732 2288 3768 2328 a

2187 2388 2292 2440 quo
2326 2369 2710 2440 justiticamur,
2738 2367 2882 2422 aliud
2906 2368 2982 2421 illi
3024 2382 3145 2421 cum
3176 2367 3367 2436 quibus
3388 2364 3769 2436 justiticamur.

2188 2463 2301 2518 Non
2328 2471 2503 2517 autem
2533 2462 2704 2517 solum
2730 2476 2825 2531 per
2850 2460 3165 2529 cupiditates
3193 2458 3434 2513 diabolus
3462 2465 3646 2520 tentat,
3670 2456 3773 2511 sed

2189 2556 2346 2610 etiam
2372 2570 2469 2625 per
2491 2561 2724 2609 terrores
2749 2552 3153 2607 insultationum
3180 2559 3235 2606 et
3258 2549 3500 2604 dolorum
3527 2559 3581 2603 et
3601 2547 3774 2618 ipsius

2190 2648 2396 2703 mortis.
2424 2646 2689 2717 Quidquid
2729 2654 2907 2701 autem
2939 2645 3101 2698 bomo
3142 2658 3328 2713 passus
3355 2642 3513 2697 fuerit
3541 2656 3636 2711 pro
3664 2656 3773 2697 no-

2190 2741 2332 2794 mine
2357 2738 2586 2803 Christi,
2619 2747 2673 2793 et
2699 2752 2795 2807 pro
2820 2751 2913 2805 spe
2942 2736 3063 2789 vita:
3091 2744 3305 2789 aeterna:
3325 2776 3340 2800 ,
3369 2742 3423 2788 et
3449 2747 3775 2803 permanens

2150 2896 2153 2899 ,
2191 2830 2518 2896 toleraverit,
2548 2829 2718 2899 major
2744 2829 2793 2883 ei
2821 2843 3027 2883 merces
3055 2826 3268 2881 dabitur
3301 2844 3313 2879 :
3348 2825 3490 2896 quod
3518 2826 3563 2879 si
3591 2838 3777 2880 cesse-

2190 2926 2261 2981 rit
2287 2925 2531 2990 diabolo,
2574 2939 2692 2979 cum
2724 2922 2813 2977 illo
2840 2919 3199 2976 damnabitur.
3228 2917 3334 2974 Sed
3368 2932 3529 2988 opera
3556 2916 3777 2971 miseri-

2189 3016 2386 3072 cordiae
2429 3030 2548 3070 cum
2581 3014 2664 3085 pia
2708 3012 3005 3067 humilitate
3032 3010 3317 3080 impetrant
3343 3023 3372 3062 a
3404 3006 3665 3072 Domino,
3714 3018 3778 3062 ut

2190 3125 2296 3163 non
2329 3107 2597 3177 permittat
2638 3119 2820 3161 servos
2845 3118 2971 3160 suos
3000 3102 3189 3159 tentari
3215 3102 3331 3173 plus
3356 3114 3513 3171 quam
3542 3107 3779 3169 possunt

2191 3201 2452 3254 sustinere
2474 3196 2516 3269 (l
2547 3196 2663 3252 Cor.
2696 3213 2746 3261 x,
2776 3196 2888 3267 15).

2258 3337 2273 3364 ι
2298 3339 2405 3393 Mss.
2424 3332 2669 3390 omittunt,
2694 3334 2737 3379 et
2756 3326 2995 3393 sanctitas,
3016 3332 3063 3377 et
3076 3323 3284 3393 justitia,
3310 3330 3357 3375 et
3372 3322 3597 3393 citaritas.

2256 3396 2276 3426 ³
2299 3392 2405 3443 sola
2429 3393 2578 3442 editio
2601 3398 2709 3442 Lov.
2735 3404 2839 3454 pro,
2865 3389 3042 3441 donum
3059 3425 3074 3452 ,
3098 3390 3267 3450 habet,
3294 3389 3565 3437 Bonu'num.

3148 3590 3497 3602 -——————--',—
3509 3591 3705 3602 ¢—,—,-,>:,=
3714 3593 3721 3597 ε
3738 3591 3751 3602 ξ

1611 3773 2653 3888 ΔυΜθΝΙΤΙθ

1655 4012 1722 4068 ΙΝ
1761 4009 2312 4080 SUBSEQUENTEM
2349 4007 2628 4066 LIBRUM.

576 4390 792 4446 Librum
817 4390 885 4446 de
903 4390 1241 4447 Continentia
1268 4404 1422 4445 suum
1452 4389 1564 4459 ipse
1584 4389 1825 4459 agnoscit
1849 4388 2171 4459 Augustinus
2201 4388 2253 4444 in
2281 4389 2513 4460 Epistola
2541 4388 2667 4456 262,
2699 4388 2765 4443 ad
2796 4387 3008 4443 Darium
3034 4388 3302 4443 comitem.
3341 4384 3599 4456 Ejusdem
3655 4400 3810 4455 ope.

505 4500 580 4540 τις
630 4484 870 4538 meminit
910 4484 1179 4539 Possidius
1209 4484 1259 4537 in
1293 4481 1543 4545 Indiculo,
1574 4497 1692 4553 cap.
1724 4481 1807 4547 10,
1841 4490 1893 4535 et
1924 4481 2174 4536 nonnulla
2198 4497 2264 4537 ex
2290 4483 2482 4538 eodem
2524 4483 2656 4536 libro
2685 4490 2935 4549 excerpta
2982 4481 3033 4534 in
3064 4481 3174 4535 suis
3198 4479 3539 4534 collectaneis
3576 4480 3802 4548 profert

510 4572 653 4629 Beda
683 4588 775 4628 seu
802 4573 1009 4638 Florus,
1040 4582 1089 4627 et
1118 4573 1208 4644 qui
1233 4573 1298 4628 ab
1319 4572 1595 4643 Augustini
1619 4581 1856 4642 tempore
1882 4572 2125 4643 proprius
2142 4571 2301 4626 distat
2328 4572 2614 4641 Eugypius.
2662 4570 2798 4626 Hinc
2819 4587 3042 4627 censura
3064 4572 3317 4627 refellitur
3362 4570 3621 4626 Desiderii
3651 4571 3808 4626 Era-

509 4665 638 4731 smi,
671 4681 829 4736 quam
856 4665 908 4720 in
937 4664 1108 4720 fronte
1130 4665 1269 4720 Libri
1298 4663 1542 4735 prtclixit,
1575 4662 1740 4717 videri
1791 4664 1889 4718 sibi
1916 4679 2034 4718 esse
2061 4663 2315 4734 IIugonis,
2341 4670 2397 4717 et
2426 4662 2657 4732 pbrasim
2679 4677 2903 4736 arguere
2931 4664 3070 4735 quod
3100 4679 3204 4719 non
3251 4664 3322 4719 sit
3343 4663 3641 4733 Augustini.
3670 4662 3802 4718 Sti-

509 4762 604 4818 lus
619 4769 674 4816 et
700 4760 881 4828 dictio,
928 4768 1115 4814 nostro
1142 4758 1353 4829 quidem
1392 4758 1612 4827 judicio,
1660 4757 1847 4811 similis
1874 4757 2092 4811 omnino
2121 4766 2202 4810 est
2246 4755 2532 4811 ’multorum
2592 4756 2871 4827 Augustini
2909 4756 3244 4821 Sermonum,
3272 4771 3456 4811 eorum
3486 4756 3807 4826 praesertim

514 4868 647 4924 quos
667 4852 855 4923 primis
883 4852 1037 4906 annis
1077 4851 1209 4907 dixit
1233 4852 1345 4906 sive
1370 4850 1608 4905 dictavit.
1638 4848 1786 4903 Hunc
1804 4863 1931 4903 vero
1956 4849 2148 4904 librum
2197 4848 2510 4904 Sermonem
2533 4849 2815 4920 quemdam
2840 4864 2981 4914 esse,
3013 4864 3168 4919 quem
3200 4848 3403 4904 ideirco
3441 4849 3493 4902 in
3519 4847 3806 4904 librorum

513 4960 733 5000 suorum
757 4942 1238 4998 Retractationibus
1264 4940 1536 5013 praeteriit,
1565 4940 1680 5009 ipso
1717 4937 1845 4993 satis
1872 4937 2089 4993 exordio
2113 4937 2430 4993 declaratur.
2455 4939 2546 4995 Sic
2572 4954 2700 4994 vero
2725 4939 2993 5010 appellant
3012 4947 3216 4993 veteres
3234 4938 3375 5004 libri,
3406 4951 3613 4993 necnon
3644 4938 3800 4993 Pos-

518 5038 707 5103 sidius,
738 5037 1008 5108 Eugypius
1043 5042 1097 5091 et
1115 5035 1326 5090 Florus.
1353 5032 1643 5090 Commode
1658 5032 1815 5086 etiam
1844 5031 1895 5084 in
1921 5031 2122 5100 priores
2148 5045 2319 5085 annos
2345 5032 2508 5101 ipsius
2548 5031 2787 5087 revocari
2813 5046 2971 5087 nemo
3015 5030 3323 5100 negaverit;
3350 5026 3818 5100 quandoquidem

509 5141 565 5187 et
592 5130 799 5203 longior
821 5131 1014 5187 Sermo
1042 5140 1143 5193 est,
1168 5138 1221 5184 et
1259 5141 1503 5196 magnam
1550 5135 1750 5198 partem
1777 5134 1959 5181 contra
1994 5121 2328 5189 Manichazos,
2355 5138 2582 5193 quorum
2610 5123 2856 5179 hzeresim
2887 5108 3208 5194 Augustinus
3232 5121 3462 5178 maxime
3489 5119 3643 5176 initio
3665 5132 3802 5177 sum

518 5225 888 5284 conversionis
907 5223 1157 5283 insectari
1183 5220 1411 5280 solebat.

1943 5498 2363 5607 Μ
