4046 6332
249 413 3498 474 m

675 455 1808 672 ῇῦ-ΙΞΕΕῙῙ
1887 549 2912 666 AUGUSTINI

1387 761 1894 825 HIPPONENSIS
1935 762 2291 826 EPISCOPI

617 927 965 1089 DE
1237 926 3122 1094 CONTINENTIA

1329 1198 1804 1306 LIBER
1901 1197 2107 1304 UN
2119 1197 2290 1303 US
2328 1196 2455 1307 (α).

1651 1387 2125 1445 °>>>>>)>~94<<<<<<~

291 1509 503 1579 explicat
519 1507 798 1579 versiculos
817 1507 937 1579 duos
960 1506 1126 1579 Psalmi
1159 1506 1274 1558 HO:
1299 1517 1448 1579 pone,
1473 1507 1668 1579 nomine
1683 1543 1697 1567 ,
1733 1506 2000 1579 custodiam
2019 1508 2094 1579 o_ri
2115 1523 2245 1570 meo,
2271 1519 2317 1579 et
2339 1511 2511 1564 ostium
2532 1515 2832 1568 continentia:
2848 1519 3030 1568 circum
3050 1518 3177 1570 labia
3197 1534 3304 1571 mea
3325 1534 3418 1572 :nc
3438 1523 3522 1573 de-

241 1568 375 1643 clines
408 1585 498 1643 cor
521 1584 690 1643 nicum
715 1570 780 1643 in
803 1570 943 1620 verba
978 1569 1219 1643 maligna,
1245 1568 1310 1618 ad
1340 1570 1644 1643 excusandus
1665 1569 2010 1643 .excusqtiqnes
2033 1569 2083 1619 in
2100 1568 2340 1643 peccatis.
2373 1582 2617 1643 Captaque
2640 1579 2752 1627 inde
2784 1583 3024 1630 sermonis
3055 1568 3346 1643 argumento
3361 1568 3520 1634 docet

241 1635 550 1698 (momenti-te
579 1634 812 1698 virtutem
831 1645 931 1698 _|il_'0
961 1644 1051 1698 ευρ
1088 1629 1570 1698 (illicioooercendas
1602 1631 1787 1680 habere
1814 1629 2124 1698 libidinesct'
2136 1638 2349 1698 corporis
2367 1645 2418 1687 et
2436 1629 2624 1698 'aniini,
2650 1647 2798 1698 atque
2831 1629 3094 1693 universim
3111 1629 3522 1694 delectationibus

243 1695 664 1757 concupiscentite,
687 1707 797 1756 qum
815 1691 1126 1764 delectationi
1163 1693 1416 1754 sapientia:
1449 1693 1796 1764 adversantur,
1817 1692 2120 1764 cobibeudis
2139 1691 2410 1764 invigilare.
2439 1702 2585 1764 Jubet
2611 1691 2676 1748 ne
2707 1691 2770 1750 de
2795 1704 2997 1764 prepriis
3023 1691 3220 1754 viribus
3231 1691 3522 1757 confidamus

243 1753 510 1827 pugnantes
531 1753 1179 1827 conti-siccocupiscentiam,
1203 1753 1320 1827 quae.
1339 1767 1443 1827 per;
1462 1753 1626 1827 legem
1660 1754 1858 1824 quidem
1880 1756 2218 1827 cognoscitur,
2237 1753 2331 1827 sed
2357 1773 2452 1808 non
2475 1762 2681 1827 vincitur
2709 1753 2807 1812 nisi
2827 1753 2914 1826 pe'r
2937 1753 3521 1827 gratiam.Superbosre;

243 1814 495 1886 prehendit
518 1814 1118 1886 excusau_ones'varias_iu
1141 1814 1350 1886 peccatis
1371 1814 1809 1886 ιιιΐυιιιξιιηιιςτξςἰιιιο¹
1824 1815 1872 1862 in
1900 1828 2091 1886 genere
2108 1814 2382 1886 iniquiores
2395 1823 2676 1886 Manichacus
2691 1860 2704 1883 ,
2730 1814 3032 1886 qui'peceata
3053 1840 3140 1876 sua
3165 1829 3211 1876 in
3245 1814 3360 1876 inali
3383 1814 3522 1878 natu-

243 1875 408 1952 fatain
431 1892 491 1928 se
517 1879 636 1952 ipsis
658 1879 851 1952 insltam
874 1875 1173 1952 referebant,
1209 1878 1466 1952 Operosius
1487 1875 1769 1952 refellit,
1787 1875 1952 1952 iocum
1980 1879 2186 1952 apostoli
2204 1875 2271 1928 'ad
2294 1881 2442 1931 Galat.
2457 1897 2494 1952 _v
2513 1919 2539 1952 _,_
2561 1885 2636 1952 17,
2659 1875 2782 1952 cur?)
2798 1875 2940 1952 enim
2963 1875 3260 1952 concupiscit
3294 1875 3523 1940 adversus

243 1938 476 2012 spe-itm,
501 1937 620 1999 etc.,
645 1940 1120 2012 quodemonstratas
1139 1937 1260 1988 duas
1275 1938 1390 1987 boni
1421 1945 1473 1988 et
1509 1937 1619 1987 mali
1660 1944 1856 1988 naturas
1877 1937 2122 1999 volebant,
2146 1955 2403 2004 perperam
2425 1945 2487 1994 ab
2510 1937 2570 1994 iis
2593 1937 2837 1997 haereticis
2856 1937 3164 1999 intellectum
3177 1937 3299 1999 esse
3325 1937 3523 2012 exiapo;

243 2001 361 2054 εἰωο
384 2001 565 2052 eodem
589 2001 789 2050 evincit.

308 2127 540 2184 CAPUT
567 2125 851 2182 PRIMUM.
882 2156 948 2166 —
972 2126 1022 2180 1.
1046 2125 1366 2180 Continentia
1384 2141 1415 2178 a
1437 2125 1642 2179 libidine
1661 2125 1832 2179 carnis

245 2218 338 2274 Dei
378 2219 585 2272 donum.
639 2217 961 2272 Continentia
1009 2217 1110 2270 oris
1147 2225 1195 2269 et
1223 2217 1335 2285 ipsa
1365 2216 1553 2269 donum
1601 2215 1719 2270 Dei.
1755 2217 1827 2271 Us

245 2311 475 2380 corporis
510 2319 556 2366 et
583 2326 640 2364 os
675 2309 866 2364 cordis.
897 2309 970 2364 De
1006 2309 1200 2364 virtute
1230 2309 1450 2375 animm,
1482 2324 1599 2378 qua:
1645 2307 1832 2362 Conti-

246 2404 426 2458 nentia
456 2403 763 2456 nominatur
787 2443 803 2467 ,
830 2400 959 2455 satis
985 2401 1368 2455 convenienter
1395 2409 1449 2455 et
1469 2401 1624 2470 digne
1646 2401 1832 2470 dispu-

249 2504 361 2550 tare
394 2493 612 2548 difﬁcile
635 2503 720 2548 est
751 2511 764 2546 :
796 2492 890 2548 sed
917 2493 1261 2563 exiguitatem
1294 2501 1528 2547 nostram
1570 2495 1670 2548 sub
1707 2495 1836 2548 tanti

253 2585 504 2657 ponderis
533 2586 740 2640 sarcina
767 2584 856 2639 ille
876 2584 1027 2654 cujus
1051 2584 1166 2639 lucc
1183 2585 1352 2638 virtus
1373 2600 1618 2654 magnum
1644 2601 1838 2642 munus

255 2683 364 2742 est,
386 2675 680 2744 adiuvabit.
711 2673 845 2729 Nam
875 2675 962 2744 qui
1008 2691 1124 2730 eam
1153 2675 1318 2730 donat
1355 2677 1747 2731 continentibus
1780 2679 1838 2730 ti-

255 2767 458 2822 delibus
477 2768 590 2821 suis
613 2807 629 2833 ,
661 2767 776 2837 ipse
817 2766 908 2821 dat
935 2781 1236 2822 sermonem
1267 2767 1336 2822 de
1382 2768 1467 2821 illa
1500 2768 1838 2838 loquentibus

258 2860 515 2916 ministris
541 2859 673 2913 suis.
706 2859 943 2926 Denique
964 2858 1029 2913 de
1054 2874 1112 2914 re
1138 2868 1301 2922 tanta,
1325 2859 1466 2929 quod
1493 2860 1605 2928 ipse
1630 2859 1840 2915 dederit

263 2951 530 3016 locuturi,
567 2948 668 3004 Dei
696 2949 894 3004 donum
937 2964 1061 3004 esse
1086 2950 1467 3004 continentiam
1507 2950 1733 3019 primum
1761 2949 1842 3005 di-

261 3043 423 3097 cimus
445 3049 501 3095 et
539 3038 844 3110 probamus.
877 3039 934 3094 In
964 3040 1101 3095 libro
1125 3041 1411 3109 Sapientia:
1441 3042 1696 3110 scriptum
1741 3040 1840 3096 ha—

262 3133 481 3196 bemus,
525 3131 630 3186 nisi
677 3133 817 3186 Deus
858 3132 978 3197 det,
1006 3131 1368 3188 continentem
1425 3148 1546 3188 esse
1575 3135 1840 3190 neminem

265 3239 413 3294 posse
436 3223 591 3295 (Sap.
618 3239 706 3278 vui
727 3263 742 3289 ,
768 3223 882 3295 21).
913 3225 1168 3279 Dominus
1200 3232 1376 3280 autem
1407 3224 1473 3279 de
1502 3227 1611 3294 ipsa
1641 3228 1845 3296 majore

263 3322 316 3369 et
361 3314 680 3384 gloriosiore
727 3315 1071 3382 continentia,
1112 3329 1215 3384 qua
1259 3330 1289 3369 a
1337 3315 1604 3384 coniugali
1631 3315 1845 3371 vinculo

264 3406 563 3460 continetur
587 3406 607 3438 ‘
628 3446 645 3472 ,
697 3405 812 3460 ait:
845 3404 966 3460 Non
1003 3421 1176 3460 omnes
1217 3407 1425 3476 capiunt
1470 3405 1669 3460 verbum
1697 3407 1791 3460 hoc
1823 3447 1838 3473 ,

263 3497 345 3550 scd
369 3498 553 3568 quibus
599 3495 775 3550 datum
825 3507 897 3551 est
926 3495 1136 3568 (Matth.
1193 3513 1285 3552 xu:
1305 3539 1320 3562 ,
1349 3495 1460 3566 Η).
1488 3497 1554 3551 Et
1595 3497 1843 3567 quoniam

265 3587 374 3655 ipsa
401 3603 615 3658 quoque
648 3587 865 3643 castitas
911 3589 1233 3658 coniugalis,
1277 3589 1378 3643 nisi
1407 3589 1742 3644 contineatur
1778 3587 1846 3642 ab

266 3679 446 3734 illicito
487 3679 812 3747 concubitu,
862 3696 966 3735 non
1010 3688 1184 3750 potest
1225 3680 1510 3745 custodiri;
1557 3692 1846 3751 utrumque

267 3771 553 3840 Apostolus
579 3772 778 3827 donum
823 3773 915 3828 Dei
941 3787 1060 3828 esse
1093 3773 1432 3843 praedicavit,
1468 3789 1589 3829 cum
1621 3773 1687 3829 de
1738 3775 1844 3829 vita

265 3867 488 3931 utraque
507 3903 522 3928 ,
558 3861 610 3916 id
633 3872 715 3916 est
735 3904 750 3928 ,
777 3871 830 3916 et
852 3862 1110 3932 coniugali
1133 3902 1148 3924 ,
1171 3871 1224 3916 et
1244 3877 1305 3915 ca
1327 3878 1444 3932 qua:
1473 3863 1691 3918 estsine
1720 3879 1849 3918 con-

262 3949 437 4020 iugio,
488 3951 797 4021 loqueretur
834 3952 1058 4007 dicens:
1101 3950 1290 4006 Vellem
1320 3969 1490 4007 omnes
1526 3954 1751 4008 homines
1776 3955 1848 4008 sic

267 4058 370 4098 csse
391 4044 524 4096 sicut
550 4060 630 4097 me
666 4044 832 4114 ipsum
860 4060 880 4098 :
904 4043 992 4098 sed
1012 4046 1348 4115 unusquisque
1367 4047 1630 4116 praprium
1652 4048 1849 4124 donum

269 4133 414 4188 habet
441 4152 473 4187 ιι
499 4134 608 4190 Deo
623 4151 646 4200 ;
671 4137 802 4190 alius
829 4137 900 4190 sic
917 4179 932 4200 ,
959 4137 1091 4191 alius
1121 4147 1286 4191 autem
1312 4139 1384 4192 sic
1413 4138 1454 4210 (l
1481 4138 1598 4193 Cor.
1625 4156 1692 4194 vn
1713 4182 1726 4206 ,
1771 4139 1846 4212 7).

339 4225 395 4279 9...
431 4225 499 4280 Et
522 4242 593 4282 ne
619 4227 672 4281 in
694 4229 804 4282 sola
835 4227 1142 4283 inferiorum
1169 4230 1394 4300 partium
1424 4232 1600 4286 carnis
1629 4233 1850 4289 libidine

271 4316 602 4371 continentia
627 4319 927 4372 necessaria
947 4318 1219 4374 videretur
1239 4335 1266 4372 a
1296 4320 1520 4376 Domino
1545 4323 1809 4393 speranda
1830 4363 1846 4390 ,

265 4408 428 4461 etiam
459 4407 514 4462 in
546 4407 758 4462 Psalmo
787 4409 1027 4476 canitur,
1063 4408 1207 4464 Pone
1226 4452 1240 4475 ,
1268 4410 1487 4465 Domine
1515 4454 1530 4478 ,
1571 4414 1852 4467 custodiam

263 4499 342 4551 ori
365 4515 478 4552 meo
501 4540 517 4565 ,
562 4507 610 4552 et
646 4499 829 4553 ostium
856 4500 1174 4554 continentia:
1221 4501 1411 4554 circum
1446 4501 1580 4555 labia
1608 4519 1737 4556 mea.
1793 4503 1853 4558 ln

267 4588 369 4656 hoc
392 4599 574 4647 autem
594 4591 758 4646 divini
776 4591 970 4662 eloquii
991 4592 1316 4658 testimonio,
1345 4593 1389 4647 si
1416 4607 1476 4648 os
1497 4593 1854 4665 intelligamus

264 4682 402 4738 sicut
427 4683 726 4754 intelligere
745 4683 1023 4752 debemus,
1053 4683 1122 4739 ibi
1145 4684 1316 4755 posita
1337 4685 1659 4740 continentia
1681 4703 1853 4757 quan-

264 4780 376 4828 tum
401 4776 473 4828 sit
493 4774 586 4829 Dei
614 4789 810 4830 munus
829 4774 1185 4846 agnoscimus.
1222 4775 1413 4830 Parum
1457 4785 1540 4832 est
1567 4778 1763 4848 quippe
1792 4794 1855 4835 os

265 4866 512 4936 corporis
535 4867 810 4922 continere
832 4907 848 4933 ,
878 4883 944 4922 ne
967 4867 1164 4938 aliquid
1190 4867 1312 4922 inde
1333 4866 1472 4937 quod
1502 4884 1606 4922 non
1635 4870 1856 4940 expedit

267 4970 364 5024 per
390 4971 587 5012 sonum
612 4959 760 5013 vocis
788 4969 1050 5028 erumpat.
1083 4959 1228 5014 Intus
1251 4967 1336 5014 est
1360 4959 1499 5014 enim
1531 4974 1592 5014 os
1626 4961 1805 5016 cordis
1830 5005 1846 5030 ,

266 5047 358 5102 ubi
385 5049 487 5105 sibi
508 5050 807 5106 custodiam
837 5060 891 5106 et
911 5051 1104 5106 ostium
1124 5052 1464 5107 continentite
1491 5055 1612 5123 poni
1642 5054 1854 5112 deside-

276 5140 410 5194 ravit
438 5153 470 5194 a
518 5139 779 5208 Domino,
809 5140 899 5211 qui
949 5141 1106 5197 verba
1137 5141 1224 5198 illa
1277 5141 1448 5210 dixit,
1483 5143 1743 5215 nobisque
1771 5146 1855 5200 di-

1937 2126 2106 2182 cenda
2130 2131 2461 2202 conscripsit.
2489 2133 2643 2188 Multa
2667 2135 2806 2189 enim
2826 2138 3064 2206 corporis
3093 2153 3187 2193 ore
3219 2154 3326 2192 non
3369 2137 3508 2194 dici-

1941 2233 2090 2282 mus,
2121 2229 2174 2274 et
2194 2221 2353 2276 corde
2379 2225 2671 2280 clamamus
2701 2245 2712 2280 :
2747 2228 2947 2282 nullum
2966 2237 3144 2284 autem
3174 2230 3414 2299 procedit
3439 2231 3514 2286 rei

1939 2307 2165 2377 alicuius
2191 2326 2255 2365 ex
2285 2328 2378 2368 ore
2404 2317 2644 2385 corporis
2665 2317 2920 2385 verbum,
2951 2320 3102 2390 cuius
3127 2330 3209 2376 cst
3259 2324 3313 2376 in
3355 2321 3521 2378 corde

1940 2400 2233 2456 silentium.
2265 2402 2392 2460 lude
2441 2407 2602 2476 igitur
2654 2409 2794 2479 quod
2823 2427 2926 2464 non
2955 2422 3165 2466 emanat
3193 2455 3208 2478 ,
3240 2413 3368 2469 foris
3413 2429 3521 2468 non

1940 2503 2096 2548 sonat
2125 2513 2138 2548 :
2168 2497 2307 2566 quod
2337 2515 2463 2554 vero
2492 2512 2702 2556 emanat
2729 2503 2849 2557 inde
2872 2545 2888 2570 ,
2929 2505 2972 2558 si
3012 2505 3210 2560 malum
3249 2517 3362 2572 est,
3414 2506 3517 2561 etsi

1941 2599 2048 2638 non
2077 2597 2284 2642 moveat
2317 2589 2548 2660 linguam
2575 2634 2590 2657 ,
2625 2593 2865 2662 inquinat
2892 2595 3142 2649 animam.
3174 2595 3248 2650 lbi
3271 2611 3399 2666 ergo
3425 2611 3524 2666 po-

1941 2676 2116 2731 nenda
2139 2687 2220 2732 est
2243 2681 2566 2736 continentia
2589 2725 2602 2746 ,
2627 2684 2714 2737 ubi
2735 2693 2788 2739 et
2811 2687 3096 2740 tacentimn
3145 2688 3376 2758 loquitur
3395 2703 3495 2741 con
3521 2716 3524 2720 -

1941 2767 2181 2822 scicntia.
2212 2768 2295 2823 Fit
2315 2771 2455 2824 enim
2486 2787 2580 2841 per
2600 2774 2793 2827 ostium
2821 2777 3180 2844 continentiae,
3199 2786 3256 2830 ut
3278 2793 3380 2830 non
3404 2776 3529 2830 inde

1943 2867 2097 2912 exeat
2134 2859 2274 2928 quod
2305 2860 2466 2915 etiam
2496 2863 2695 2918 clausis
2725 2864 2880 2920 labiis
2923 2867 3100 2920 carnis
3134 2867 3294 2920 vitam
3327 2865 3530 2936 polluat

1943 2948 2245 3016 cogitantis.

2013 3039 2239 3095 CAPUT
2267 3039 2328 3095 ll.
2358 3071 2430 3081 —
2448 3044 2501 3097 5.
2523 3043 2593 3097 0s
2618 3045 2803 3109 cordis,
2849 3062 2946 3116 quo
2973 3063 3242 3101 consensus
3290 3057 3530 3119 tanquam

1945 3131 2146 3185 uerbum
2173 3133 2381 3187 interius
2411 3136 2732 3205 exprimitur.
2764 3135 2944 3191 Cordis
2984 3139 3289 3191 continentia
3333 3140 3532 3192 nomine

1946 3225 2049 3278 oris
2078 3226 2429 3280 commendata
2449 3244 2480 3279 α
2504 3227 2724 3283 Christo.
2753 3229 3124 3283 Continentiam
3153 3230 3321 3284 cordis
3371 3230 3532 3283 inter-

1948 3317 2068 3371 dum
2097 3319 2278 3372 uiolari
2304 3337 2404 3373 non
2431 3319 2618 3374 violato
2648 3338 2877 3392 corpore.
2904 3321 3222 3376 Continentia
3251 3321 3418 3375 cordis
3441 3339 3526 3376 rc-

1949 3417 2084 3462 tenta
2105 3425 2203 3462 non
2225 3411 2425 3479 peccari
2443 3421 2622 3464 contra
2649 3413 3002 3467 continentiam
3026 3414 3267 3484 corporis.
3295 3414 3534 3484 Denique

1951 3507 2009 3552 ut
2035 3499 2270 3567 apertius
2296 3514 2358 3554 os
2383 3500 2606 3555 interius
2627 3543 2642 3568 ,
2675 3502 2815 3571 quod
2867 3518 2964 3573 per
2993 3502 3078 3556 illa
3127 3503 3286 3558 verba
3326 3503 3530 3572 signifi-

1949 3591 2126 3656 cavit,
2155 3589 2497 3658 ostenderet,
2529 3607 2650 3648 cum
2690 3594 2944 3662 dixisset,
2967 3593 3138 3662 Pone,
3170 3595 3415 3660 Domine,
3445 3612 3534 3650 cu-

1949 3681 2167 3735 stodiam
2209 3684 2285 3736 ori
2319 3700 2464 3750 meo,
2515 3695 2559 3738 ct
2581 3686 2762 3739 ostium
2805 3687 3126 3740 continentiae
3175 3687 3364 3740 circum
3397 3686 3535 3740 labia

1949 3787 2099 3836 mea;
2127 3774 2378 3828 continuo
2400 3775 2668 3842 subdidit,
2695 3774 2776 3830 Ne
2795 3776 3013 3831 declines
3035 3793 3121 3830 cor
3137 3793 3298 3830 meum
3319 3777 3371 3830 in
3391 3776 3536 3830 verba

1949 3849 2176 3934 maligna
2198 3862 2370 3935 (Psal.
2397 3880 2500 3920 cst.
2521 3907 2535 3929 ,
2563 3865 2597 3920 5
2616 3907 2631 3932 ,
2661 3867 2740 3936 4).
2774 3867 3065 3920 Dcclinatio
3082 3867 3260 3921 cordis
3288 3866 3410 3936 quid
3430 3875 3532 3930 est,

1953 3953 2054 4008 nisi
2081 3954 2656 4010 consensio?Nondum
2678 3958 2820 4012 enim
2839 3956 2972 4010 dixit
2992 3998 3006 4022 ,
3037 3956 3277 4027 quisquis
3299 3957 3350 4010 in
3373 3957 3537 4012 corde

1954 4047 2363 4102 occurrentibus
2432 4049 2859 4119 suggestionibus
2911 4064 3246 4118 quorumque
3295 4049 3531 4103 visorum

1953 4139 2096 4194 nulla
2127 4139 2307 4194 cordis
2335 4139 2688 4196 declinatione
2711 4139 3000 4196 consensit.
3017 4140 3074 4195 Si
3101 4149 3277 4194 autem
3302 4155 3535 4194 consen-

1953 4232 2060 4297 sit,
2091 4232 2195 4302 iam
2227 4233 2387 4287 corde
2416 4232 2576 4299 dixit,
2605 4233 2814 4287 etiamsi
2833 4248 2927 4288 ore
2946 4247 3052 4287 non
3073 4232 3251 4286 sonuit
3281 4250 3293 4285 :
3326 4231 3536 4286 etiamsi

1955 4339 2124 4397 manu
2146 4325 2228 4377 vel
2259 4324 2494 4393 qualibet
2521 4324 2762 4394 corporis
2791 4336 2939 4394 parte
2964 4340 3071 4377 non
3100 4323 3224 4378 fecit
3249 4363 3263 4388 ,
3306 4321 3433 4377 fecit
3457 4331 3538 4376 ta-

1953 4429 2077 4470 men
2102 4415 2246 4484 quod
2266 4416 2584 4486 cogitatione
2606 4415 2905 4471 faciendum
2925 4416 3024 4470 sibi
3049 4431 3167 4470 esse
3184 4415 3292 4485 jam
3312 4415 3532 4481 statuit;

1955 4505 2154 4560 divinis
2179 4505 2382 4575 legibus
2409 4521 2532 4560 rcus
2556 4548 2571 4572 ,
2599 4507 2839 4575 quamvis
2863 4505 3110 4560 humanis
3131 4505 3375 4560 sensibus
3403 4507 3526 4558 abs-

1957 4597 2202 4652 conditus
2225 4614 2238 4662 ;
2273 4597 2436 4652 verbo
2464 4598 2515 4651 in
2545 4597 2706 4652 corde
2731 4597 2875 4653 dicto
2895 4640 2909 4664 ,
2943 4598 3087 4652 nullo
3112 4596 3253 4652 facto
3298 4613 3392 4667 per
3414 4613 3536 4651 cor-

1957 4703 2056 4758 pus
2081 4686 2334 4741 admisso.
2378 4686 2722 4757 Nequaquam
2769 4703 2896 4742 vero
2927 4688 3224 4743 membrum
3261 4686 3387 4743 foris
3416 4703 3535 4742 mo-

1957 4778 2122 4832 visset
2152 4779 2204 4832 in
2230 4777 2398 4844 iacto,
2426 4778 2578 4849 cuius
2609 4778 2730 4834 facti
2758 4779 2964 4834 initium
2994 4797 3100 4836 non
3140 4780 3282 4834 intus
3313 4794 3541 4850 praeces-

1961 4873 2118 4927 sisset
2143 4873 2195 4926 in
2217 4872 2399 4926 verbo.
2422 4871 2605 4942 Neque
2633 4874 2772 4927 cnim
2801 4873 3132 4928 mendaciter
3157 4873 3410 4940 scriptum
3435 4878 3538 4934 est,

1963 4964 2171 5020 initium
2198 4964 2372 5020 omnis
2396 4967 2574 5035 operis
2594 5009 2606 5031 ,
2628 4967 2869 5022 verbum.
2892 4966 3052 5021 Multa
3073 4966 3269 5036 quippe
3294 4963 3542 5018 homines

1964 5055 2163 5112 faciunt
2189 5071 2283 5113 ore
2302 5057 2485 5114 clauso
2505 5102 2519 5126 ,
2548 5059 2727 5130 quieta
2772 5060 2949 5130 lingua
2972 5102 2987 5127 ,
3018 5074 3147 5112 voce
3175 5059 3374 5110 frenata
3407 5074 3421 5108 ι
3446 5055 3542 5110 sed

1965 5157 2140 5203 tamen
2167 5149 2296 5202 nihil
2322 5160 2483 5220 agunt
2527 5153 2766 5221 corporis
2813 5167 3003 5223 opere,
3054 5149 3195 5220 quod
3243 5161 3348 5202 non
3391 5147 3542 5218 prius

1434 5251 1719 5291 AD‘HONITIO
1755 5254 1836 5291 PP.
1875 5256 2346 5296 BENEDICTINORUM.

301 5382 314 5392 _
333 5323 469 5372 Uber
488 5323 552 5393 d_e
573 5324 874 5393 continentia
895 5331 1152 5393 correctus
1167 5318 1243 5374 est
1264 5324 1323 5374 ad
1349 5330 1492 5393 vetus
1525 5326 1776 5389 exemplar
1800 5330 2033 5393 Ecclesia:
2073 5334 2340 5391 nemcnsis,
2377 5332 2436 5381 ad
2471 5340 2684 5382 .‘tetense
2718 5333 2924 5382 abbatire
2946 5338 2989 5380 s.
3015 5328 3260 5393 Arnulphi,
3285 5330 3342 5380 ad
3364 5337 3544 5393 (aster-

276 5385 456 5453 cietnse,
475 5385 531 5453 ad
552 5392 777 5453 Fuxense
801 5399 928 5434 nunc
947 5385 1289 5453 Colbertinum,
1316 5387 1374 5435 ad
1397 5387 1620 5453 ttuliense
1655 5385 1862 5453 emnobii
1898 5393 2179 5443 Parisiensis
2199 5402 2243 5442 s.
2287 5385 2531 5453 Bernardi,
2563 5397 2621 5444 ad
2654 5394 3074 5450 Genovel'aeanum,
3106 5385 3542 5448 ad'htiidiaelinum.

277 5451 330 5518 et
345 5445 399 5492 ad
423 5447 638 5518 vaticina
663 5449 785 5518 tria;
812 5460 1002 5518 necnan
1018 5448 1078 5518 ad
1101 5447 1338 5500 lectiones
1362 5450 1602 5498 variantes
1619 5451 1764 5500 trium
1787 5453 2084 5516 Belgicorutn
2098 5457 2276 5518 quibus
2293 5457 2366 5506 usi
2388 5464 2503 5506 sunt
2520 5445 2867 5517 Lovanienses;
2895 5460 2948 5504 et
2961 5455 3020 5502 ad
3045 5445 3285 5505 editiones
3304 5445 3544 5504 Desiderii

273 5507 446 5555 ειειηὶ
468 5519 523 5556 ac
543 5509 910 5557 Lovauiensium
926 5508 1296 5572 'l‘beologoram.

371 5588 870 5671 Camparaoimus
888 5569 1188 5672 praeterea
1213 5613 1312 5654 eas
1338 5612 1542 5655 omnes
1564 5595 1868 5658 editiones
1898 5599 2084 5661 initio
2114 5601 2286 5661 Retr.
2315 5607 2369 5657 ct
2395 5597 2681 5658 Confess.
2719 5608 2768 5661 t.
2797 5599 2854 5678 1,
2875 5607 3262 5662 memoratas.
3299 5569 3302 5574 Ι
3372 5596 3458 5660 Μ.

271 5701 274 5703 Α
343 5711 356 5740 ¹
381 5713 708 5766 Cisterciensis
743 5722 824 5765 Ms.
844 5749 860 5776 ,
893 5727 990 5777 qua
1023 5715 1275 5780 conjugule
1313 5716 1554 5767 uinculum
1591 5719 1921 5771 contemnitur.

339 5797 410 5862 (α)
439 5807 646 5865 smptus
674 5801 872 5854 circiter
901 5801 1070 5852 Christi
1102 5813 1277 5852 annum
1300 5803 1392 5854 595
1411 5837 1425 5865 ,
1457 5804 1714 5867 Augustino
1738 5807 2022 5870 presbytero
2047 5813 2126 5857 aut
2151 5816 2324 5856 recens
2347 5803 2586 5870 episcopo.
