4046 6332
516 416 619 477 551

512 523 745 590 dixerint
769 524 949 581 corde.
983 525 1058 580 Ac
1088 540 1182 595 per
1211 523 1311 579 hoc
1340 525 1590 596 quoniam
1613 528 1778 581 multa
1806 535 1928 582 sunt
1958 538 2089 596 pec-

513 630 630 677 cata
653 619 705 674 in
729 618 1071 674 interioribus
1098 617 1253 673 dictis
1272 660 1286 682 ,
1310 633 1427 688 qua:
1455 633 1559 673 non
1586 628 1711 673 sunt
1737 620 1788 673 in
1807 618 2095 673 exteriori-

511 716 614 772 hus
646 715 831 781 factis;
862 716 1002 771 nulla
1029 724 1153 770 sunt
1186 702 1363 769 autem
1413 713 1465 769 in
1512 714 1864 783 exterioribus
1891 712 2047 779 factis
2074 752 2091 778 ,

513 823 635 879 quze
664 824 770 863 non
799 807 1100 879 praecedant
1125 808 1176 861 in
1225 806 1566 862 interioribus
1593 806 1749 861 dictis
1776 808 1792 838 ³
1829 824 1842 860 :
1874 808 1976 861 erit
2030 805 2098 860 ab

512 902 751 972 utrisque
772 903 974 973 puritas
998 900 1318 957 innocentia:
1341 942 1356 967 ,
1384 902 1430 956 si
1442 899 1933 958 .circumtinteriora
1950 898 2098 959 labia

512 1001 743 1062 ponatur
764 994 958 1057 ostium
988 994 1352 1063 contincutjte.

584 1085 638 1138 4.
671 1084 897 1154 Propter
922 1084 1062 1154 quod
1102 1085 1261 1138 etiam
1312 1085 1425 1154 ipse
1465 1099 1561 1140 ore
1598 1083 1815 1155 proprio
1842 1082 2099 1138 Dominus

509 1172 584 1228 ait
612 1190 626 1227 :
659 1171 908 1227 Mundate
930 1190 1043 1243 qua:
1069 1174 1205 1236 intus
1229 1184 1345 1226 sunt
1361 1215 1376 1239 ,
1398 1184 1444 1228 et
1461 1183 1583 1245 ηοω
1618 1174 1753 1243 foris
1768 1182 1884 1228 sunt
1910 1172 2099 1228 munda

510 1273 657 1318 erant
677 1263 887 1336 (Matth.
915 1265 1068 1333 xxiii,
1087 1265 1199 1335 26).
1226 1264 1459 1336 Itemque
1473 1266 1578 1320 alio
1602 1266 1719 1320 loco
1736 1279 1855 1319 cum
1883 1263 2097 1319 ,1υάωο-

510 1370 629 1410 rum
687 1355 1018 1427 stultiloquia
1091 1358 1384 1424 refutaret,
1461 1358 1582 1427 quia
1634 1356 2094 1412 calumniahantur

510 1447 788 1518 discipulis
812 1449 927 1521 ejus
966 1465 1072 1506 non
1119 1451 1238 1506 lotis
1294 1450 1540 1513 manibus
1590 1448 2037 1519 manducautibus
2079 1466 2092 1502 :

516 1538 640 1598 Non
670 1529 804 1611 quod
827 1542 980 1596 intrat
1008 1544 1061 1597 in
1089 1560 1145 1598 os
1167 1584 1182 1608 ,
1214 1544 1416 1613 inquit,
1456 1543 1745 1612 coinquinat
1793 1543 2095 1610 hominem;

512 1631 603 1686 sed
625 1632 760 1701 quod
783 1634 1006 1702 procedit
1026 1650 1087 1687 ea:
1105 1650 1191 1687 ore
1210 1677 1224 1702 ,
1248 1635 1341 1689 hoc
1365 1634 1651 1704 coinquinat
1673 1634 1941 1694 hominem.
1964 1635 2097 1701 Qua:

513 1723 779 1791 sententia
808 1723 854 1778 si
884 1734 987 1779 tota
1013 1724 1080 1779 de
1109 1740 1201 1778 ore
1230 1726 1471 1795 corporis
1498 1726 1824 1795 accipiatur,
1857 1725 2090 1780 absurda

512 1822 616 1867 est.
640 1813 822 1884 Neque
853 1817 995 1870 enim
1042 1834 1197 1885 quem
1230 1834 1333 1871 non
1378 1818 1687 1888 coinquinat
1731 1819 1914 1883 cibus,
1946 1818 2095 1885 coin-

512 1904 695 1975 quinat
727 1908 977 1977 vomitus.
1009 1907 1173 1963 Cibus
1188 1912 1391 1980 quippe
1431 1912 1481 1964 in
1509 1926 1571 1965 os
1620 1910 1819 1979 intrat,
1863 1913 2104 1969 vomitus.

514 2010 579 2049 ex
611 2013 702 2052 ore
724 1998 983 2067 procedit.
1012 2000 1117 2055 Sed
1143 2001 1323 2069 procul
1345 2002 1506 2056 dubio
1535 2003 1709 2071 priora
1738 2004 1895 2058 verba
1925 2006 2092 2074 perti-

513 2096 641 2141 nent
664 2086 730 2142 ad
762 2104 821 2141 os
848 2089 1025 2144 carnis
1045 2132 1059 2155 ,
1092 2090 1177 2159 ubi
1205 2091 1311 2155 ait,
1360 2090 1479 2145 Non
1531 2092 1666 2162 quod
1706 2094 1856 2146 intrat
1902 2095 1956 2147 in
1986 2111 2090 2159 os,

510 2178 800 2248 coinquinat
830 2180 1119 2244 hominem;
1148 2182 1444 2251 posteriora
1475 2198 1602 2236 vero
1650 2182 1715 2238 ad
1762 2198 1824 2237 os
1871 2184 2049 2239 cordis
2073 2226 2089 2250 ,

513 2266 602 2320 ubi
632 2269 738 2335 ait,
766 2270 854 2322 sed
876 2270 1011 2340 quod
1040 2273 1261 2341 procedit
1289 2289 1351 2326 ea:
1392 2289 1476 2327 ore
1494 2314 1510 2339 ,
1560 2274 1653 2328 hoc
1695 2275 1984 2345 coinquinat
2008 2275 2093 2339 ha-

512 2357 713 2414 minent.
748 2359 987 2431 Denique
1017 2377 1138 2417 cum
1160 2363 1227 2417 ah
1251 2364 1340 2435 illo
1361 2368 1630 2433 ap0§t0lus
1658 2366 1849 2422 Petrus
1875 2368 2089 2437 exposi—

513 2447 714 2503 tionem
742 2450 887 2506 velut
917 2452 1183 2521 parahola:
1208 2453 1363 2528 hujus
1384 2456 1726 2525 exquireret,
1756 2456 1845 2513 ille
1867 2473 2090 2525 l'CSpOﬂ:

510 2535 591 2591 dit
620 2555 632 2591 :
661 2539 840 2605 Adhuc
859 2550 903 2594 et
929 2557 1015 2595 vos
1034 2543 1141 2597 sine
1164 2544 1415 2612 intellectu
1440 2547 1602 2603 estis?
1644 2564 1744 2601 non
1768 2547 2088 2618 iutelligitis,

507 2627 626 2698 quia
656 2645 801 2684 omne
821 2632 957 2702 quod
985 2633 1035 2686 in
1063 2650 1118 2688 os
1160 2634 1313 2688 intrat
1337 2637 1434 2707 ,_in
1481 2648 1698 2691 ventrem
1742 2638 1878 2692 radit
1901 2679 1916 2705 ,
1962 2649 2008 2695 et
2038 2640 2091 2703 in

507 2736 754 2793 secessum
781 2723 1062 2780 emittitur?
1088 2724 1184 2781 llic
1211 2736 1357 2782 certe
1386 2729 1435 2782 in
1461 2728 1602 2798 quod
1627 2730 1787 2784 intrat
1816 2730 1999 2794 cibus,
2028 2744 2091 2785 os

510 2812 687 2866 carnis
734 2814 1094 2884 agnoscimus.
1142 2816 1200 2872 In
1246 2817 1327 2874 his
1373 2834 1500 2881 vero
1539 2835 1658 2895 quae
1705 2818 1978 2890 adjungit,
2035 2829 2093 2881 ut

509 2917 922 2971 agnosceremus
950 2920 1012 2961 os
1032 2907 1209 2963 cordis
1229 2948 1244 2972 ,
1291 2924 1396 2963 non
1440 2917 1755 2980 sequeretur
1781 2911 1950 2973 nostri
1978 2920 2090 2971 lar.-

510 2995 653 3052 ditas
680 2998 858 3054 cordis
881 3040 897 3066 ,
932 2999 1034 3054 nisi
1061 3009 1263 3065 etcum
1294 3001 1750 3058 tardisambulare
1775 3002 1985 3059 Veritas
2009 3003 2091 3058 di-

509 3099 781 3159 gnaretur.
814 3090 903 3146 Ait
926 3091 1068 3146 enim
1089 3133 1105 3161 ,
1138 3092 1265 3160 Quae
1288 3104 1454 3147 autem
1485 3094 1765 3164 procedunt
1793 3095 1856 3149 de
1889 3112 1993 3163 ore,
2029 3095 2093 3157 de

509 3182 661 3237 corde
685 3193 864 3238 exeunt
880 3202 899 3249 ;
928 3192 1178 3256 tauquam
1205 3186 1436 3252 diceret,
1467 3188 1600 3241 Cum
1631 3187 1784 3249 audis
1810 3188 1872 3241 de
1895 3205 1998 3253 ore,
2023 3188 2091 3253 de

511 3275 672 3331 corde
689 3277 940 3349 intellige.
969 3278 1260 3350 Utrumque
1281 3279 1402 3335 dico
1426 3295 1441 3346 ;
1473 3279 1567 3335 scd
1589 3280 1815 3337 alterum
1832 3296 1896 3334 ex
1922 3281 2091 3339 altero

510 3382 743 3437 expono.
774 3369 945 3425 liabet
967 3385 1027 3425 os
1049 3370 1275 3427 interius
1297 3372 1458 3427 homo
1484 3372 1740 3438 interior,
1771 3382 1824 3427 et
1854 3374 1956 3427 hoc
1984 3372 2094 3428 dis-

511 3459 683 3515 cernit
707 3461 850 3527 auris
877 3461 1137 3518 interior:
1166 3463 1233 3519 de
1260 3462 1363 3519 hoc
1409 3478 1504 3518 ore
1529 3478 1649 3533 qum
1679 3461 1992 3533 procedunt,
2023 3463 2091 3520 de

508 3550 671 3606 corde
699 3560 933 3619 exeunt,
962 3562 1016 3608 et
1043 3568 1104 3609 ea
1146 3555 1488 3625 coinquinant
1540 3555 1832 3611 hominem.
1891 3556 2091 3613 Deinde

502 3640 615 3712 jam
647 3644 836 3709 relicto
858 3645 965 3698 oris
992 3645 1206 3699 nomine
1229 3685 1244 3711 ,
1290 3646 1430 3717 quod
1453 3655 1631 3716 potest
1668 3656 1722 3702 et
1759 3647 1827 3702 de
1865 3663 2092 3717 corpore

508 3731 727 3802 intelligi
753 3773 768 3799 ,
796 3734 1030 3803 apertius
1055 3735 1181 3805 quid
1208 3735 1351 3790 dicat
1378 3736 1650 3791 ostendit:
1680 3736 1760 3791 De
1783 3737 1934 3792 corde
1958 3740 2091 3793 enim

511 3832 712 3885 exeunt,
742 3822 942 3891 inquit,
965 3825 1288 3895 cogitationes
1305 3827 1472 3893 malae,
1495 3828 1797 3896 homicidia,
1820 3829 2087 3896 adulteria,

513 3911 904 3980 fornicationes,
952 3917 1118 3984 furta,
1166 3916 1301 3986 falsa
1354 3917 1673 3985 testimonia,
1726 3918 2089 3987 blasphemiae:

511 4001 617 4053 harc
636 4011 749 4055 sunt
796 4018 909 4072 qua:
952 4004 1275 4075 coinquinant
1320 4006 1606 4081 hominem(
1637 4008 1724 4064 Id.
1751 4027 1851 4078 xv,
1878 4010 2087 4083 11-20).

509 4089 650 4144 Nihil
695 4100 779 4146 cst
822 4102 968 4147 certe
1023 4094 1248 4151 istorum
1296 4100 1556 4155 malorum
1582 4140 1598 4165 ,
1629 4115 1748 4170 qua:
1787 4103 2091 4172 perpetrari

511 4181 669 4237 etiam
701 4182 953 4237 membris
978 4187 1225 4255 corporis
1249 4199 1503 4258 possunt,
1534 4190 1677 4259 quod
1702 4192 1954 4262 cogitatio
1984 4208 2091 4249 non

511 4271 790 4326 antecedat
840 4273 1010 4340 mala,
1063 4285 1115 4330 et
1158 4277 1469 4347 coinquinet
1524 4278 1835 4348 hominem,
1880 4282 2089 4339 etiamsi

511 4361 708 4431 aliquid
749 4361 999 4434 impediat
1038 4381 1105 4420 ne
1130 4366 1520 4439 subsequantur
1542 4386 1702 4440 opera
1749 4370 2010 4443 ﬂagitiosa
2037 4382 2092 4429 et

508 4454 807 4509 faciuorosa
854 4457 1231 4521 membrorum.
1263 4446 1335 4527 Si.
1371 4462 1514 4517 enim
1564 4464 1686 4534 quia
1720 4473 1953 4537 potestas
1982 4482 2089 4523 non

512 4546 668 4601 datur
687 4549 707 4579 ²
734 4590 748 4616 ,
780 4559 933 4603 vacat
957 4567 1146 4610 manus
1172 4553 1238 4617 ah
1260 4555 1488 4621 hominis
1515 4557 1906 4628 interfectione,
1937 4576 2091 4616 num-

510 4638 637 4709 quid
659 4640 775 4695 ideo
796 4642 1052 4697 mundum
1080 4652 1164 4699 est
1186 4645 1254 4699 ab
1280 4646 1482 4705 scelere
1506 4663 1600 4711 eor
1639 4650 1960 4706 homicidae?
1982 4651 2092 4706 Aut

510 4726 555 4781 si
582 4744 692 4783 rem
724 4731 1003 4802 subripere
1048 4734 1312 4799 alienam,
1341 4751 1447 4792 non
1494 4747 1550 4792 ut
1585 4740 1704 4809 quis
1725 4742 1833 4795 vult
1871 4750 2088 4810 potest,

511 4821 764 4892 numquid
791 4822 911 4878 ideo
954 4825 1007 4879 in
1044 4827 1156 4896 ipsa
1184 4827 1454 4887 voluntate
1480 4828 1567 4893 fur
1609 4846 1717 4886 non
1746 4833 1871 4887 est?
1902 4833 2005 4888 Aut
2045 4834 2091 4889 si

507 4923 653 4967 casta
680 4921 789 4980 est,
820 4930 977 4986 quam
995 4918 1107 4972 vult
1131 4918 1433 4976 adulterare
1460 4935 1565 4979 non
1588 4931 1765 4978 castus
1786 4965 1802 4989 ,
1834 4923 1955 4980 ideo
1971 4941 2089 4981 eam

510 5020 616 5060 non
646 5014 730 5061 est
759 5006 809 5061 in
834 5007 997 5064 corde
1020 5009 1356 5066 moechatus?
1384 5013 1491 5069 Aut
1515 5012 1559 5067 si
1584 5015 1843 5079 meretrix
1874 5032 1979 5071 non
2007 5018 2089 5079 in-

507 5099 748 5154 veniatur
775 5100 825 5155 in
853 5100 1053 5156 fornice
1072 5142 1088 5170 ,
1122 5102 1241 5157 ideo
1267 5105 1357 5174 qui
1383 5118 1499 5160 eam
1526 5109 1748 5176 quaerit,
1782 5124 1887 5164 non
1918 5110 2091 5173 forni-

510 5198 663 5244 catur
685 5191 737 5245 in
782 5193 1003 5248 mente?
1031 5193 1137 5247 Aut
1164 5193 1208 5248 si
1246 5193 1478 5264 cupienti
1509 5212 1604 5266 per
1633 5199 1970 5257 mendacium
2000 5202 2091 5257 ιω-

508 5281 639 5337 dere
669 5284 967 5353 proximum
987 5325 1004 5354 ,
1034 5292 1245 5355 tempus
1274 5287 1360 5342 vel
1382 5288 1531 5344 locus
1552 5290 1729 5359 desit,
1755 5293 1874 5348 ideo
1899 5294 2089 5350 falsum

511 5373 876 5428 testimonium
908 5392 1012 5430 non
1036 5392 1129 5432 ore
1156 5378 1408 5433 interiore
1423 5379 1531 5448 jam
1555 5381 1687 5436 dixit
1712 5383 1734 5435 ?
1755 5384 1916 5438 Autsi
1946 5386 2091 5455 quis-

511 5478 671 5531 quam
709 5466 951 5521 homines
973 5469 1196 5535 timcns,
1231 5485 1336 5525 non
1362 5472 1556 5527 audeat
1581 5474 1755 5544 lingua
1780 5477 1957 5532 carnis
1997 5492 2092 5533 so-

512 5569 640 5610 nare
690 5556 1115 5628 blasphemiam,
1168 5562 1288 5619 ideo
1353 5578 1459 5620 non
1500 5573 1585 5621 est
1640 5564 1798 5638 hujus
1844 5569 2089 5627 criminis

514 5662 659 5715 rcus,
713 5648 799 5718 qui
858 5648 986 5705 dicit
1036 5651 1088 5706 in
1144 5655 1307 5712 corde
1334 5672 1467 5727 suo,
1516 5657 1880 5717 NonestDeas
1913 5660 2087 5732 (Psal.

572 5802 589 5871 ξ
600 5804 670 5871 sic
678 5802 860 5864 aliquot
873 5812 975 5853 λιες.
990 5805 1105 5871 [aliti
1124 5821 1259 5865 vero,
1276 5811 1535 5871 procedant
1542 5812 1601 5862 ab
1616 5812 1915 5866 interioribus
1928 5818 2085 5871 dictis.

569 5864 591 5895 ³
609 5869 682 5914 Er.
712 5874 765 5916 et
783 5872 917 5917 Mss:
963 5866 1011 5920 si
1029 5867 1153 5919 enim
1185 5864 1387 5932 potestas
1410 5886 1500 5924 non
1521 5875 1663 5927 datur
1682 5864 1697 5903 ’ν
1932 5864 2078 5936 ﬁnit;

1585 413 1673 469 DE
1712 404 2187 469 CONTINENTIA,
2231 401 2285 460 S.
2330 405 2693 465 AUGUSTINI

3682 416 3790 475 352

2202 531 2332 583 xm,
2399 518 2494 590 l)?
2541 519 2617 574 Ita
2661 529 2852 577 cmtcra
2908 520 3044 577 mala
3092 522 3231 579 facta
3290 524 3561 582 hominum
3597 568 3612 593 ,
3657 545 3781 600 qua:

2207 607 2387 663 nullus
2410 609 2518 679 agit
2545 611 2785 682 corporis
2814 621 3028 681 motus,
3083 629 3202 685 qua:
3246 617 3416 671 nescit
3469 617 3608 673 ullus
3653 634 3781 674 cor-

2210 699 2357 770 poris
2381 715 2613 771 sensus,L
2628 718 2750 758 reos
2776 718 2904 759 suos
2932 704 3171 762 occultos
3187 705 3427 774 habent;
3455 723 3590 779 quos
3611 710 3779 766 etiam

2202 791 2349 854 solus
2374 792 2617 863 inquinat
2644 795 2697 849 in
2727 796 3047 867 cogitatione
3068 813 3363 855 consensus
3389 841 3403 865 ,
3444 799 3495 855 id
3522 810 3639 869 est,
3666 804 3783 858 oris

2203 881 2472 940 interioris
2498 885 3059 961 verbummalignum.
3082 890 3141 946 In
3167 892 3307 961 quod
3337 892 3531 948 timens
3567 893 3655 949 ille
3683 894 3773 951 de-

2202 975 2387 1030 clinari
2412 991 2505 1047 cor
2552 992 2709 1034 suum
2727 983 2970 1053 ,jostium
2996 984 3361 1055 continentixn.
3388 986 3592 1042 circum
3636 988 3807 1051 labia_

2201 1066 2312 1122 oris
2341 1067 2498 1138 hujus
2519 1071 2642 1140 poni
2669 1074 2841 1142 poscit
2858 1089 2889 1128 a
2912 1075 3136 1131 Domino
3154 1118 3170 1143 ,
3197 1076 3339 1147 quod
3368 1078 3641 1135 contineat
3663 1094 3783 1147 cor,

2202 1172 2279 1213 ne.
2308 1157 2605 1217 declinetur
2642 1162 2696 1218 in
2724 1166 2886 1222 verba
2925 1166 3152 1237 maligna
3186 1185 3199 1221 :
3227 1168 3499 1224 contineat
3548 1179 3731 1225 autem
3764 1213 3783 1241 ,

2201 1265 2307 1304 non
2324 1251 2549 1309 sinendo
2568 1256 2943 1327 cogitationem
2967 1259 3257 1328 procedere
3274 1260 3327 1315 in
3348 1263 3783 1327 consensionem;

2200 1341 2279 1398 sic
2298 1344 2444 1405 enim
2471 1348 2762 1405 secundum
2794 1361 3116 1422 prreceptum
3148 1355 3530 1423 apostolicum,
3564 1372 3671 1411 non
3700 1373 3790 1413 re-

2202 1444 2329 1513 gnat
2355 1446 2630 1506 peccatum
2658 1441 2708 1495 in
2733 1451 2916 1501 nostro
2941 1445 3152 1499 mortali
3172 1460 3416 1516 corpore,
3443 1463 3615 1519 neque
3631 1448 3791 1504 exhi-

2198 1525 2386 1591 bemus
2416 1529 2654 1585 memhra
2687 1542 2867 1587 nostra
2887 1536 3576 1607 armainiquimtistpecmto
3602 1540 3782 1613 (ηοω.

2198 1631 2250 1670 γι
2273 1657 2288 1682 ,
2320 1617 2387 1671 12
2406 1658 2420 1685 ,
2454 1620 2566 1691 15).
2599 1624 2641 1675 Α
2670 1637 2777 1693 quo
2800 1633 3067 1694 prmccpto
3095 1627 3365 1696 implendo
3395 1630 3576 1700 utique
3616 1631 3784 1687 alieni

2198 1718 2357 1777 sunt,
2388 1713 2476 1781 qui
2505 1713 2573 1768 oh
2590 1712 2691 1768 hoc
2705 1714 2775 1779 ad,
2799 1704 3127 1785 peccandum
3148 1719 3523 1781 membranou
3545 1733 3785 1789 movent,

2198 1817 2320 1872 quia
2354 1813 2589 1873 potestas
2620 1807 2760 1860 nulla
2790 1808 3156 1877 permittitur:
3183 1824 3301 1880 quze
3329 1812 3372 1865 si
3404 1810 3577 1877 adsit,
3607 1813 3789 1882 proti—

2197 1911 2297 1950 nus
2319 1912 2384 1952 ex
2416 1897 2778 1965 membrorum
2800 1900 2947 1961 velut
2991 1916 3261 1957 armorum
3287 1904 3547 1971 motibus,
3574 1906 3693 1974 quis
3723 1906 3781 1964 in

2197 1986 2274 2042 eis
2322 1988 2464 2047 intus
2512 1998 2737 2059 regnet,
2788 1990 3094 2047 ostendunt.
3128 1993 3359 2049 Proinde
3408 2006 3662 2065 quantum
3724 2000 3782 2052 in

2196 2078 2325 2147 ipsis
2346 2087 2455 2141 est,
2485 2078 2741 2137 membra
2752 2094 2846 2137 sua
2871 2080 3127 2138 exhibent
3152 2098 3302 2140 arma
3331 2084 3620 2155 iniquitatis
3643 2102 3778 2156 pec-

2196 2176 2348 2233 cato;
2372 2169 2493 2239 quia
2512 2168 2857 2240 hoevolunt,
2889 2171 3030 2243 quod
3058 2182 3339 2245 propterea
3361 2190 3477 2237 non
3492 2176 3773 2245 exhibent,

2195 2259 2317 2329 quia
2347 2275 2451 2327 non
2477 2270 2717 2332 possunt.

2266 2351 2319 2406 5.
2360 2350 2439 2406 Ac
2468 2367 2562 2421 per
2589 2352 2694 2413 hoc
2719 2353 2961 2426 illaquze
2985 2356 3301 2427 genitalibus
3340 2360 3589 2429 membris
3623 2361 3780 2433 pudi—

2194 2439 2318 2495 citia
2350 2440 2633 2509 refrenatis
2653 2485 2669 2511 ,
2701 2444 2840 2517 solet
2864 2448 3096 2517 maxime
3120 2464 3191 2511 ac
3211 2451 3422 2521 proprie
3446 2452 3776 2519 continentia

2197 2532 2500 2600 nominari,
2539 2535 2682 2591 nulla
2715 2540 3137 2610 transgressione
3161 2540 3409 2607 violatur,
3450 2542 3496 2597 si
3537 2543 3785 2613 superior

2196 2624 2543 2690 continentia,
2566 2626 2634 2682 de
2656 2642 2760 2697 qua
2783 2628 2997 2699 jamdiu
3016 2629 3303 2701 loquimur,
3329 2632 3381 2686 in
3410 2631 3572 2687 corde
3591 2648 3786 2689 serve—

2201 2722 2306 2781 tur.
2335 2715 2622 2788 Propterea
2651 2719 2907 2781 Dominus
2933 2737 3056 2778 cum
3104 2722 3345 2790 dixisset,
3374 2723 3452 2779 De
3474 2725 3625 2780 corde
3647 2727 3787 2781 enim

2195 2818 2373 2861 exeunt
2413 2809 2741 2880 cogitationes
2784 2813 2971 2878 matre;
3008 2812 3201 2870 deinde
3241 2816 3366 2886 quid
3409 2818 3670 2886 pertineat
3710 2818 3784 2874 ad

2194 2898 2547 2966 cogitationes
2574 2901 2742 2957 malas
2767 2913 2983 2958 secutus
3008 2904 3268 2973 adjunxit,
3299 2906 3592 2973 homicidia,
3621 2907 3784 2963 adul-

2196 2989 2342 3054 teria,
2392 2997 2447 3043 ct
2491 2999 2702 3045 cetera.
2733 2991 2849 3055 Nec
2888 2992 3033 3059 dixit
3063 2994 3277 3061 omnia;
3318 2995 3411 3051 sed
3463 2996 3784 3067 quibusdam

2196 3080 2625 3151 exempligratia
2654 3084 2939 3149 nominatis
2964 3094 3018 3141 et
3043 3086 3147 3153 alia
3158 3086 3510 3158 intelligenda
3540 3104 3787 3146 commo-

2195 3172 2329 3228 nuit.
2362 3172 2599 3241 Quorum
2629 3175 2760 3241 nihil
2789 3187 2871 3233 est
2896 3178 3054 3249 quod
3068 3178 3181 3234 fieri
3212 3180 3410 3251 possit,
3440 3180 3650 3249 simala
3679 3196 3785 3238 co-

2194 3266 2379 3337 gitatio
2424 3284 2528 3323 non
2574 3271 2930 3339 praecesserit,
2958 3288 3061 3342 qua
3093 3273 3236 3328 intus
3267 3274 3556 3330 instituitur
3587 3276 3603 3307 ¹
3633 3276 3784 3346 quod

2195 3356 2325 3411 foris
2353 3357 2566 3428 agitur;
2598 3368 2653 3415 et
2680 3375 2744 3415 ex
2775 3375 2869 3417 ore
2905 3362 3085 3417 cordis
3112 3364 3440 3433 procedens,
3472 3365 3582 3436 jam
3623 3368 3785 3422 coin-

2193 3449 2380 3520 quinat
2406 3449 2701 3520 hominem,
2730 3453 2939 3508 etiamsi
2965 3455 3107 3510 nulla
3135 3454 3383 3513 facultate
3412 3459 3667 3527 permissa
3697 3458 3787 3515 fo-

2195 3542 2268 3601 ris
2314 3557 2409 3612 per
2451 3542 2692 3599 membra
2732 3546 2977 3616 corporis
3021 3561 3129 3602 non
3175 3558 3381 3620 agatur.
3412 3549 3592 3606 Posito
3620 3551 3786 3622 igitur

2195 3631 2334 3685 ostio
2362 3632 2706 3690 continentia:
2736 3636 2791 3690 in
2815 3651 2910 3692 ore
2943 3638 3139 3705 cordis,
3182 3639 3324 3695 unde
3358 3648 3549 3695 cuncta
3577 3652 3782 3697 exeunt

2194 3738 2314 3794 quae
2340 3725 2689 3796 coinquinant
2714 3727 3009 3795 hominem,
3038 3731 3085 3785 si
3112 3731 3186 3786 nil
3215 3732 3318 3788 tale
3346 3732 3472 3788 inde
3502 3734 3785 3802 permitta—

2196 3821 2282 3868 tur
2309 3815 2477 3883 exire,
2514 3817 2757 3888 sequitur
2787 3819 3046 3875 munditia
3076 3835 3178 3892 qua
3214 3821 3384 3892 possit
3405 3822 3513 3893 jam
3546 3822 3787 3893 gaudere

2194 3904 2555 3973 conscientia;
2584 3907 2830 3978 quamvis
2869 3908 3105 3965 nondum
3143 3911 3214 3971 sit
3252 3911 3342 3969 illa
3383 3912 3662 3983 perfectio,
3690 3914 3784 3970 ubi

2194 4009 2301 4050 non
2348 3996 2645 4057 luctabitur
2683 4014 2805 4055 cum
2850 4000 2981 4056 vitio
3024 4001 3374 4070 continentia.
3409 4002 3562 4060 Nunc
3596 4013 3783 4060 autem

2193 4088 2807 4163 quamdiuconcupiscit
2838 4093 3259 4161 earoadversus
3283 4094 3639 4165 spiritum,_et
3665 4098 3787 4167 spi-

2194 4180 2329 4237 ritus
2356 4180 2612 4241 adversus
2641 4198 2858 4245 carnem
2893 4185 2911 4257 (
2938 4184 3111 4240 Galat.
3138 4201 3195 4255 ν,
3226 4186 3291 4241 17
3321 4186 3364 4257 ).
3391 4197 3475 4247 sat
3506 4196 3592 4243 est
3625 4189 3787 4245 nobis

2194 4286 2302 4331 non
2343 4274 2646 4342 consentire
2688 4275 2843 4331 malis
2885 4291 3007 4348 quae
3048 4277 3307 4334 sentimus
3348 4279 3403 4334 in
3439 4279 3614 4335 nobis.
3641 4279 3785 4336 Cum

2193 4370 2369 4419 autem
2400 4363 2461 4418 ﬁt
2487 4364 2585 4419 ista
2611 4366 2913 4432 consensio,
2938 4375 3066 4423 tunc
3093 4368 3203 4429 exit
3227 4384 3293 4425 ex
3319 4383 3415 4426 ore
3432 4370 3611 4425 cordis
3632 4373 3785 4441 quod

2193 4454 2503 4524 coinquinat
2549 4454 2842 4511 hominem.
2888 4456 3022 4513 Cum
3068 4474 3198 4515 vero
3246 4473 3343 4529 per
3391 4460 3783 4518 continentiam

2193 4546 2477 4602 consensio
2506 4562 2611 4602 non
2644 4556 2855 4604 tenetur
2877 4550 2920 4614 ⁸,
2943 4549 3142 4604 malum
3172 4551 3617 4621 concupiscentia:
3652 4566 3786 4610 car-

2193 4638 2353 4706 nalis,
2383 4648 2569 4695 contra
2599 4641 2740 4711 quod
2770 4650 2970 4713 pugnat
2996 4643 3424 4714 concupiscentia
3464 4644 3785 4715 spiritualis,

2194 4746 2391 4786 nocere
2412 4748 2516 4786 non
2543 4732 2754 4789 sinitur.

2264 4820 2489 4878 CAPUT
2528 4822 2616 4878 Ill.
2640 4854 2706 4864 —
2727 4824 2777 4879 6.
2797 4824 3126 4881 Coruinentiae
3144 4843 3316 4898 pugna
3341 4836 3517 4882 contra
3547 4827 3789 4886 libidines

2194 4912 2434 4982 quamdiu
2454 4930 2627 4969 sumus
2654 4915 2706 4968 in
2729 4917 2822 4968 hac
2842 4917 2963 4971 vita.
2994 4916 3177 4988 Pugna
3202 4920 3396 4974 interna
3419 4922 3787 4993 concupiscen-

2194 5008 2379 5060 tiaram
2411 5024 2510 5061 non
2533 5017 2739 5078 experta
2766 5008 2864 5065 nisi
2892 5008 3214 5065 bellatoribus
3241 5011 3496 5069 uirtutum.
3526 5012 3787 5083 Concupi-

2193 5098 2382 5159 scentia
2407 5114 2497 5167 per
2525 5099 2684 5168 legem
2710 5100 3049 5170 cognoscitur,
3081 5104 3283 5166 nonm‘n
3311 5121 3401 5175 per
3427 5106 3643 5175 gratiam
3667 5107 3786 5162 vin-

2194 5187 2347 5249 citur.
2390 5186 2732 5258 Pugnandum
2781 5206 2843 5243 ne
2895 5194 3085 5260 peccati
3132 5195 3536 5264 concupiscentia
3585 5206 3781 5267 regnet.

2199 5276 2369 5347 Opera
2396 5279 2563 5333 carnis
2592 5280 2965 5349 mortiﬁcanda.
2993 5283 3099 5339 Sed
3127 5284 3272 5340 aliud
3301 5295 3387 5341 est
3411 5286 3548 5341 bene
3574 5301 3774 5357 pugna-

2194 5384 2275 5434 re,
2301 5368 2442 5438 quod
2470 5384 2611 5424 nunc
2642 5379 2743 5439 est,
2771 5373 2985 5443 quando
3013 5376 3197 5429 mortis
3219 5372 3545 5432 contentioni
3572 5377 3779 5432 resisti-

2194 5469 2281 5516 tur
2307 5460 2348 5528 ³;
2371 5460 2516 5516 aliud
2552 5461 2915 5520 adversarium
2948 5480 3054 5522 non
3084 5466 3304 5536 habere,
3334 5468 3477 5540 quod
3504 5477 3629 5524 tunc
3651 5470 3782 5535 erit,

2258 5576 2276 5607 ι
2295 5572 2608 5626 Michaelinus
2630 5583 2734 5637 Ms.,
2748 5577 3066 5631 constituitur.

2257 5637 2278 5668 ²
2302 5644 2402 5685 Duo
2430 5639 2638 5688 Vaticani
2655 5645 2762 5690 Itss.
2781 5648 2833 5691 et
2855 5640 3107 5704 Fuliensis,
3132 5643 3374 5698 consensio
3398 5650 3615 5707 tenetur;
3638 5648 3787 5697 onus-

2195 5709 2278 5793 ωδ
2292 5711 2627 5812 Ἢέωριίηιιε
2694 5763 2849 5817 codex
2871 5800 2886 5822 ,
2960 5766 3103 5816 morti
3158 5768 3450 5820 contentione
3522 5766 3779 5819 resistitur.

2194 5824 2401 5890 Vaticani
2433 5824 2559 5890 duo,
2607 5824 2778 5890 mentis
2819 5824 3078 5890 intentione
3118 5826 3308 5879 resistit.
3349 5829 3495 5890 Male;
3529 5843 3636 5877 nam
3652 5827 3781 5877 allu-

2194 5883 2263 5935 dit
2303 5888 2592 5947 Augustinus
2615 5888 2671 5938 ad
2713 5887 2830 5939 illud
2858 5889 3063 5953 Alutvstoli
3101 5892 3158 5939 ad
3196 5893 3428 5955 Corintlt.,
3464 5883 3542 5955 ait“,
3690 5901 3708 5940 t
3729 5891 3788 5942 bi
