4046 6332
231 472 430 545 quando
455 486 607 527 mors
632 470 917 527 novissima
940 467 1151 524 inimica
1174 464 1474 521 destruetur
1494 461 1537 533 (l
1556 460 1676 520 Cor.
1704 476 1797 528 xv,

234 570 317 632 $5,
338 566 455 636 26).
478 564 612 619 Nam
643 573 698 619 et
724 565 835 633 ipsa
860 560 1185 617 continentia
1213 574 1337 614 cum
1366 557 1539 612 frenat
1556 553 1804 610 cohibet-

232 677 330 731 qne
353 659 622 723 libidines,
641 656 799 712 simul
825 663 878 711 et
902 655 1103 725 appetit
1124 654 1321 708 bonum
1339 650 1405 705 ad
1419 650 1569 719 cujus
1592 649 1810 703 immor-

234 751 488 804 talitatem
519 746 807 811 tendimus,
831 753 885 800 et
911 744 1112 812 respuit
1136 741 1332 796 malum
1355 753 1476 794 cum
1501 752 1606 808 quo
1635 738 1687 791 in
1711 735 1810 791 hac

218 840 554 897 mortalitate
600 835 994 892 contendimus.
1039 834 1185 888 lllius
1235 832 1431 901 quippe
1484 828 1711 884 amatrix
1757 835 1814 882 et

232 931 516 1002 spectatrix
547 930 587 993 ί,
614 926 779 996 hujus
796 941 928 980 vero
953 934 1006 979 et
1037 922 1207 979 ltOstis
1233 931 1289 977 et
1313 920 1462 976 testis
1489 928 1608 983 est;
1638 926 1693 973 et
1716 917 1814 974 de-

233 1037 325 1078 cus
367 1028 649 1091 appetens,
690 1028 747 1073 et
805 1016 1037 1072 dedecus
1082 1014 1308 1085 fugiens.
1364 1011 1480 1067 Non
1540 1010 1720 1080 utique
1762 1010 1814 1064 in

236 1110 613 1184 cupiditatibus
640 1107 912 1164 frenandis
939 1106 1261 1161 continentia
1284 1104 1579 1167 laboraret,
1606 1103 1653 1157 'si
1684 1101 1816 1156 nihil

238 1218 333 1259 nos
357 1209 545 1259 contra
571 1200 715 1271 quod
746 1199 899 1254 decet
922 1198 1107 1252 liberet
1138 1198 1180 1261 ¹,
1208 1196 1253 1250 si
1282 1194 1411 1249 nihil
1443 1203 1638 1249 nostra:
1665 1192 1819 1247 bona:

238 1292 499 1350 voluntati
528 1307 594 1346 ex
624 1291 765 1345 mala
792 1289 1221 1359 concupiscentia
1250 1294 1586 1357 repugnaret.
1613 1283 1821 1339 Clamat

238 1382 523 1455 Apostolus
551 1399 567 1436 :
599 1380 740 1447 Scio,
779 1379 965 1450 inquit,
996 1379 1116 1448 quia
1144 1394 1245 1432 non
1282 1377 1471 1430 habitat
1510 1376 1563 1429 in
1592 1391 1689 1441 me,
1725 1374 1820 1427 Itoc

240 1488 308 1534 est
332 1478 387 1531 in
410 1491 568 1530 carne
589 1489 721 1540 mea,
749 1471 952 1527 bonum.
987 1470 1131 1525 Velle
1154 1470 1286 1525 enim
1311 1470 1511 1539 adiacet
1540 1468 1682 1530 mihi,
1706 1482 1822 1537 per-

240 1569 383 1637 ﬁcere
419 1574 592 1619 autem
618 1566 805 1618 bonum
844 1577 943 1617 non
987 1561 1206 1615 inuenio.
1233 1560 1385 1615 Nunc
1411 1560 1554 1614 enim
1577 1558 1690 1613 ﬁeri
1721 1558 1820 1614 bo-

241 1677 360 1716 num
389 1668 588 1729 potest,
628 1668 689 1713 ut
724 1658 878 1713 make
904 1659 1350 1727 concupiscentia:
1379 1673 1485 1712 non
1517 1656 1824 1712 consentia-

244 1763 355 1817 tur;
378 1752 687 1823 perﬁcietur
710 1758 887 1805 autem
914 1750 1134 1817 bonum,
1158 1748 1371 1821 quando
1397 1749 1508 1819 ipsa
1533 1749 1670 1803 mala
1695 1762 1825 1803 con-

243 1844 567 1915 cupiscentia
616 1843 849 1899 ﬁnietur.
892 1842 1128 1912 Itemque
1176 1843 1315 1898 idem
1363 1841 1550 1897 doctor
1575 1842 1823 1897 Gentium

243 1937 433 1991 clamat
455 1954 469 1989 ;
494 1932 825 1989 Cattdelector
855 1934 953 2004 legi
977 1933 1072 1987 Dei
1096 1932 1371 1987 secundum
1408 1933 1695 1987 interiorem
1728 1932 1825 1987 Ito-

243 2026 454 2092 tttinettt;
480 2025 624 2079 video
650 2033 820 2078 autem
848 2026 1003 2079 aliam
1033 2025 1192 2095 legem
1218 2025 1272 2078 in
1297 2023 1530 2078 membris
1571 2024 1712 2087 meis,
1740 2039 1824 2077 re-

244 2128 549 2190 pugnantem
577 2118 676 2189 legi
707 2118 883 2171 mentis
908 2133 1032 2172 mete
1054 2116 1228 2189 (Rom.
1256 2132 1352 2180 vtt,
1376 2116 1464 2180 18,
1485 2115 1577 2181 22,
1603 2115 1719 2187 εδ).

315 2211 373 2265 7.
416 2209 561 2264 lianc
608 2223 838 2278 pugnam
886 2224 992 2262 non
1040 2207 1387 2276 experiuntur
1432 2206 1484 2260 itt
1528 2204 1830 2275 semetipsis

246 2301 348 2356 nisi
400 2299 681 2355 bellatores
727 2301 981 2354 virtutum
1024 2297 1487 2368 debellatoresque
1534 2298 1826 2353 vitiorum:

250 2406 349 2446 nec
370 2398 638 2461 expugnat
655 2391 1101 2460 concupiscentia:
1121 2390 1339 2457 malum,
1367 2390 1467 2445 nisi
1493 2390 1832 2445 continentia:

246 2482 468 2538 bonum.
497 2482 632 2538 Sunt
658 2491 838 2536 autem
868 2482 958 2552 qui
1001 2482 1172 2551 legem
1212 2482 1304 2537 Dei
1336 2481 1553 2537 omnino
1585 2483 1831 2538 nescien-

250 2583 350 2639 tes,
383 2575 555 2629 malas
581 2574 1047 2644 cottcupiscentias
1074 2590 1173 2630 nec
1203 2575 1256 2628 in
1287 2574 1528 2630 hostibus
1556 2574 1832 2646 deputant,

242 2666 433 2737 eisque
472 2665 761 2721 miserabili
802 2665 1038 2720 e‘ecitate
1076 2665 1393 2732 servientes,
1424 2665 1641 2737 insuper
1669 2666 1830 2720 etiam

258 2755 440 2811 beatos
467 2771 529 2812 se
554 2765 763 2826 putant,
786 2755 1032 2813 satiando
1052 2770 1144 2811 eas
1167 2756 1344 2826 potius
1367 2771 1524 2826 quam
1547 2756 1831 2812 domando.

250 2848 345 2916 Qui
373 2863 504 2904 vero
531 2864 628 2919 per
651 2848 823 2919 legem
851 2856 1217 2919 cognoverunt
1240 2863 1331 2903 eas
1358 2847 1488 2919 (Per
1517 2847 1675 2920 legem
1703 2850 1837 2904 enim

251 2940 465 3012 cognitio
494 2940 689 3011 peccati
720 2937 830 3012 [Id.
855 2955 928 3005 ιιι,
959 2938 1085 3011 20];
1113 2947 1187 3005 et,
1214 2937 1719 3010 Concupiscentiam,
1751 2939 1836 2994 in-

253 3033 379 3102 quit,
403 3031 703 3098 nesciebam,
735 3031 833 3085 nisi
862 3031 943 3085 (ea:
964 3029 1169 3095 diceret,
1198 3028 1321 3085 Non
1351 3031 1692 3102 concupisces,
1724 3028 1835 3105 [Μ.

254 3139 345 3189 vn,
370 3121 477 3197 7]),
495 3132 548 3179 et
572 3137 758 3178 earum
775 3131 947 3179 tamen
973 3122 1366 3193 Oppugnatione
1388 3123 1693 3191 vincuntur,
1714 3123 1838 3195 quia

254 3215 350 3271 sub
375 3216 494 3286 lege
516 3215 723 3281 vivunt,
753 3229 857 3285 qua
882 3213 1098 3284 jubetur
1126 3213 1265 3284 quod
1295 3214 1491 3269 bonum
1519 3222 1621 3279 est,
1650 3229 1754 3268 non
1784 3222 1840 3271 et

256 3306 443 3373 datur;
472 3321 581 3361 non
616 3307 797 3361 vivunt
828 3305 927 3360 sub
953 3306 1118 3376 gratia
1138 3348 1153 3370 ,
1190 3322 1309 3376 qua:
1350 3304 1440 3359 dat
1467 3321 1560 3374 per
1583 3304 1839 3375 Spiritum

256 3406 494 3453 sanctum
522 3396 665 3468 quod
690 3412 786 3466 per
807 3396 975 3467 legem
1001 3395 1215 3466 jubetnr
1239 3414 1252 3450 ;
1280 3396 1361 3450 his
1382 3395 1501 3450 ideo
1526 3395 1843 3451 subintravit

256 3488 370 3555 lex,
417 3498 474 3543 ut
514 3488 570 3542 in
609 3488 688 3542 eis
717 3485 1010 3542 abundaret
1036 3486 1286 3541 delictum
1324 3485 1435 3556 (Id.
1462 3501 1514 3553 v,
1541 3486 1653 3556 ιο).
1682 3486 1844 3541 Auxit

258 3579 547 3651 prohibitio
572 3578 1058 3649 concupiscentiam
1078 3618 1093 3643 ,
1119 3592 1343 3647 eamque
1382 3576 1507 3632 fecit
1551 3576 1839 3643 invictam;

258 3683 312 3729 ut
346 3672 631 3729 accederet
672 3670 1059 3742 praevaricatio,
1099 3685 1216 3739 qua:
1259 3669 1376 3726 sine
1418 3669 1533 3739 lege
1570 3685 1675 3723 non
1720 3668 1841 3738 fuit,

256 3765 462 3820 etiamsi
485 3772 761 3835 peccatum
789 3761 885 3819 fuit
907 3761 947 3812 ³.
978 3760 1075 3814 Ubi
1099 3760 1229 3813 enim
1254 3776 1354 3813 non
1377 3768 1449 3814 est
1474 3759 1572 3825 lex,
1598 3776 1686 3813 nec
1713 3775 1845 3831 prte-

257 3858 498 3912 earieatio
531 3854 642 3929 (Id.
674 3871 744 3920 tv,
775 3856 890 3918 l5).
915 3853 990 3908 Ita
1021 3852 1105 3908 lex
1132 3855 1300 3924 gratia
1330 3869 1434 3907 non
1457 3852 1695 3923 juvante,
1718 3869 1843 3924 pro-

257 3947 449 4005 bibens
489 3955 790 4018 peccatum,
823 3946 989 4001 vit-tus
1016 3954 1101 4000 est
1140 3946 1356 4014 insuper
1385 3944 1521 3999 facta
1547 3944 1569 3975 ’⁵
1596 3945 1796 4015 peccati
1826 3961 1842 4000 :

259 4039 398 4095 unde
424 4038 500 4093 ait
528 4038 834 4109 Apostolus,
875 4036 1045 4091 Virtus
1074 4036 1265 4106 peccati
1293 4035 1373 4090 lex
1402 4035 1440 4107 (I
1466 4033 1584 4091 Cor.
1612 4053 1702 4104 xv,
1731 4037 1842 4108 56).

257 4129 363 4186 Nec
392 4129 697 4185 mirandum
735 4138 816 4184 est
845 4128 984 4198 quod
1022 4128 1250 4182 humana
1282 4127 1561 4182 infirmitas
1589 4128 1749 4183 etiam
1778 4127 1847 4185 de

259 4224 371 4293 lege
400 4225 543 4278 bona
574 4222 718 4277 vires
753 4220 893 4275 malo
933 4219 1164 4286 addidit,
1204 4219 1326 4274 dum
1367 4220 1431 4274 ad
1469 4221 1634 4290 ipsam
1674 4220 1846 4292 legem

261 4314 559 4371 faciendam
598 4308 668 4368 de
712 4314 824 4367 suis
856 4312 1057 4367 viribus
1087 4311 1218 4366 ﬁdit.
1248 4311 1500 4383 Ignorans
1528 4315 1722 4383 quippe
1757 4312 1848 4368 Dei

259 4407 516 4477 justitiam
536 4447 554 4470 ,
594 4420 754 4475 quam
783 4404 873 4460 dat
902 4405 1138 4471 inﬁrme,
1169 4412 1223 4459 et
1250 4419 1401 4458 suam
1436 4404 1620 4459 volens
1646 4404 1850 4460 consti-

262 4508 445 4562 tuere,
481 4511 586 4568 qua
628 4505 773 4551 caret
815 4494 1077 4560 infirmus,
1103 4494 1321 4563 justitia:
1352 4494 1449 4549 Dei
1479 4511 1583 4549 non
1613 4504 1696 4551 est
1720 4495 1850 4551 sub-

263 4591 457 4659 iectus,
491 4588 750 4659 reprobus
794 4595 849 4642 et
891 4587 1150 4657 superbus
1189 4586 1362 4658 (Item.
1394 4602 1446 4651 x,
1480 4588 1557 4655 3).
1590 4588 1645 4643 Si
1673 4596 1852 4643 autem

266 4685 347 4739 lex
380 4682 579 4737 factum
616 4680 1098 4752 prccvarieatorem,
1128 4688 1373 4748 tanquam
1410 4678 1476 4733 ad
1513 4682 1613 4736 hoc
1638 4682 1854 4751 gravius

268 4778 607 4830 vulneratum
639 4784 695 4827 ut
720 4773 985 4828 desideret
1016 4770 1300 4836 medicum,
1330 4779 1577 4841 tanquam
1605 4772 1852 4843 pa-dago-

268 4884 366 4939 gus
394 4865 644 4940 perducit
679 4863 746 4920 ad
782 4863 1040 4936 gratiam;
1076 4871 1261 4919 contra
1290 4862 1603 4918 suavitatem
1640 4864 1853 4919 noxiam

278 5006 368 5063 tu,
398 5011 558 5056 mors,
595 4994 835 5048 contentio
854 4993 980 5063 tua?
1011 5002 1074 5045 Ita
1098 5008 1279 5063 nempe
1310 4996 1465 5063 citare
1489 4995 1615 5063 solet
1637 4995 1765 5063 hunc
1787 4994 1857 5063 lo.

278 5056 400 5122 alii),
424 5062 509 5125 qui
532 5074 637 5123 pro,
671 5065 780 5109 cont
806 5056 992 5125 utique;
1016 5057 1190 5125 modo,
1210 5056 1476 5125 uictoriam,
1501 5058 1650 5125 habet
1673 5059 1721 5106 in
1750 5059 1858 5108 γυι-

273 5118 421 5187 gata:
445 5118 563 5185 'quia
580 5118 795 5184 gramm
828 5118 986 5187 πείθοι
1003 5132 1112 5187 cum
1145 5120 1445 5187 diphthongo
1465 5122 1715 5182 scriptum,
1740 5134 1856 5170 con-

273 5181 548 5236 {cntionem
567 5181 752 5243 {secus
773 5194 909 5240 vero,
932 5181 1176 5243 victoriam
1201 5181 1454 5243 signiﬁcat.

330 5249 358 5318 f
385 5241 595 5296 Vaticani
636 5254 762 5303 κει,
803 5242 1083 5306 appetitria‘.
1117 5241 1265 5293 Forte
1285 5241 1565 5307 legendum,
1607 5251 1858 5309 exspecta-

485 5377 539 5419 ει
560 5376 690 5426 um,
717 5379 803 5418 nos
824 5371 992 5417 contra
1013 5365 1143 5426 quod
1174 5366 1495 5424 contenderet,
1530 5365 1777 5419 detineret.
1805 5375 1860 5418 Αῑ

278 5438 403 5493 ius,
426 5444 510 5482 nos
530 5438 697 5481 contra
719 5429 847 5493 quod
863 5430 997 5493 decet
1014 5426 1358 5493 (vel,decer_et)
1383 5426 1418 5493 li
1447 5434 1565 5478 eret.
1581 5431 1663 5493 _sic
1685 5431 1860 5491 passim

280 5463 843 5566 ὗὲὥιῖιῗῗ
855 5463 993 5549 ἱὲιῖἕῖ
1009 5463 1138 5552 ἱιίιῖὲἰ
1149 5463 1315 5553 Ἒῖιῖέῖ
1321 5463 1488 5540 iiade
1504 5463 1667 5550 Ἔὸιέἴ,
1685 5463 1861 5555 inﬁgi;

350 5569 653 5677 gignat
685 5613 793 5679 fuit.
832 5613 1003 5672 Abest,
1035 5623 1155 5674 non,
1197 5613 1260 5661 ab
1293 5613 1509 5662 editione
1540 5613 1715 5662 Erasmi
1750 5621 1800 5664 et
1832 5626 1860 5663 a

283 5686 449 5789 “sibi!
471 5747 573 5790 uss.
594 5739 900 5789 restituimus
931 5735 1154 5797 verbum,
1179 5735 1325 5797 facta.
1359 5738 1586 5787 omissum
1626 5737 1675 5786 in
1699 5736 1857 5789 editis.

286 5801 391 5864 Cius
409 5811 567 5853 tamen
587 5802 697 5852 loco
717 5796 940 5849 nonnulli
957 5805 1061 5845 uss.
1087 5796 1286 5857 habent,
1310 5797 1442 5860 facti.

1628 346 1830 403 LIBER
1870 344 2070 402 UNUS.

3389 350 3495 407 δδι

1918 474 2022 529 qua
2052 457 2295 514 vincebat
2320 457 2768 530 concupiscentia,
2794 462 3045 518 Dominus
3069 464 3158 519 dat
3179 468 3494 527 suavan

1919 550 2213 606 beneﬁcam
2239 566 2341 619 qua
2363 551 2624 607 delectet‘
2643 553 2870 622 amplius
2896 557 3239 625 continentia,
3267 570 3322 615 et
3353 570 3496 617 terra

1896 649 2102 701 nostra
2135 641 2226 696 dat
2264 642 2490 697 fructum
2532 658 2686 699 suum
2718 645 2735 714 (
2766 643 2908 700 Psal.
2952 663 3180 715 Lxxxtv,
3224 650 3355 719 l3),
3395 666 3503 722 quo

1921 736 2158 807 pascitur
2181 736 2354 801 miles,
2385 737 2476 806 qui
2502 735 2734 792 debellat
2757 738 2865 793 Deo
2885 738 3103 808 juvante
3126 752 3433 810 peccatum.

1992 828 2047 883 8.
2090 828 2246 883 Tales
2276 828 2473 885 milites
2501 831 2790 900 apostolica
2824 833 2944 887 tuba
2974 832 3075 886 isto
3104 835 3279 889 sonitu
3307 849 3502 891 accen-

1921 916 2000 972 dit
2025 918 2077 972 in
2106 919 2352 988 pnelium
2385 936 2398 973 :
2430 919 2551 973 Non
2579 937 2700 992 ergo
2733 931 2921 991 regnet,
2951 923 3138 993 inquit,
3164 936 3422 993 peccatum
3450 928 3503 982 iit

1922 1018 2086 1063 vestro
2116 1011 2320 1063 mortali
2363 1028 2572 1081 corpore
2609 1012 2676 1064 ad
2714 1012 3046 1068 obediettdunt
3075 1016 3334 1072 desideriis
3360 1020 3504 1090 ejus;

1923 1118 2080 1170 neque
2104 1102 2427 1158 exhibueritis
2453 1105 2673 1158 membra
2708 1116 2870 1160 vestra
2899 1124 3043 1161 arma
3079 1109 3357 1178 iniquitatis
3391 1127 3501 1181 pec-

1925 1200 2036 1246 cato
2068 1208 2086 1246 :
2114 1194 2204 1247 sed
2229 1192 2455 1248 exhibete
2481 1211 2565 1249 vos
2595 1195 2699 1250 Deo
2737 1207 2975 1265 tanquam
3003 1216 3066 1253 ea:
3098 1202 3306 1255 mortuis
3339 1202 3510 1256 viven-

1926 1292 2019 1349 tes,
2042 1292 2088 1337 et
2111 1285 2332 1338 membra
2352 1295 2513 1339 vestra
2540 1303 2683 1339 arma
2696 1289 2913 1357 justititz
2933 1288 3057 1344 Deo.
3084 1289 3355 1346 Peccatum
3376 1294 3511 1347 enim

1926 1376 2062 1430 vobis
2088 1393 2187 1430 non
2210 1377 2569 1432 dominabitur.
2599 1378 2719 1433 Non
2745 1382 2878 1434 enim
2900 1383 3016 1436 estis
3044 1384 3135 1437 sub
3158 1384 3285 1454 lege,
3309 1385 3399 1439 sed
3417 1385 3510 1439 sub

1925 1468 2092 1537 gratia
2121 1467 2139 1537 (
2172 1468 2321 1522 llam.
2344 1484 2417 1534 νι,
2444 1468 2665 1541 12-16).
2701 1470 2765 1526 Et
2797 1473 2902 1526 alio
2929 1473 3047 1527 loco
3075 1492 3088 1526 :
3120 1472 3280 1543 Ergo,
3317 1476 3508 1545 inquit,

1928 1564 2132 1631 fratres,
2160 1559 2403 1614 debitores
2427 1578 2598 1616 sumus
2624 1579 2725 1616 non
2754 1564 2916 1628 carni,
2933 1574 2985 1617 ιιι
3010 1565 3280 1620 secundant
3307 1582 3512 1621 carnem

1927 1650 2172 1705 vivamus.
2212 1651 2272 1705 Si
2323 1651 2456 1705 enim
2498 1654 2771 1707 secundum
2811 1672 3013 1709 carnem
3053 1656 3293 1724 vixeritis,
3325 1658 3512 1712 morie-

1930 1742 2053 1796 mini
2075 1758 2094 1796 :
2114 1742 2158 1796 si
2181 1750 2349 1797 autem
2372 1743 2551 1812 spiritu
2572 1748 2709 1815 facta
2735 1746 2901 1799 carnis
2923 1746 3358 1816 mortiﬁcaveritis,
3383 1749 3515 1804 vire-

1931 1834 2014 1888 tis.
2049 1834 2304 1905 Quotquot
2343 1836 2476 1890 enim
2516 1836 2716 1907 Spiritu
2759 1838 2855 1892 Dei
2894 1850 3133 1910 aguntur,
3176 1842 3230 1894 Iti
3265 1842 3362 1911 ﬁlii
3398 1852 3514 1897 sunt

1931 1930 2028 1985 Dei
2058 1932 2076 2002 (
2106 1930 2192 1985 Id.
2226 1948 2341 1999 vui,
2370 1934 2534 1988 ιε-ιι
2556 1933 2596 2002 ).
2630 1934 2683 1988 Id
2712 1949 2840 2004 ergo
2874 1950 3013 1988 nunc
3042 1935 3234 2005 agitur,
3264 1936 3515 2004 quamdiu

1931 2032 2017 2079 est
2040 2023 2277 2078 mortalis
2308 2023 2421 2078 haec
2443 2025 2549 2078 vita
2576 2034 2754 2079 nostra
2780 2026 2880 2079 sub
2906 2026 3094 2094 gratia,
3122 2040 3189 2079 ne
3217 2035 3514 2094 peccatum,

1933 2115 1985 2170 id
2024 2122 2135 2179 est,
2163 2116 2587 2185 concupiscentia
2636 2117 2835 2185 peccati
2867 2116 3039 2188 (hanc
3073 2117 3217 2171 enim
3260 2116 3360 2172 hoc
3399 2116 3518 2173 loco

1934 2204 2140 2275 peccati
2187 2206 2401 2259 nomine
2445 2204 2739 2277 appellat),
2780 2215 2964 2275 regnet
3000 2207 3054 2260 in
3097 2215 3280 2261 nostro
3307 2207 3518 2262 mortali

1934 2311 2179 2367 corpore.
2203 2295 2351 2351 Tunc
2370 2305 2546 2351 autem
2574 2312 2801 2367 regnare
2822 2297 3142 2362 ostenditur,
3168 2298 3212 2352 si
3239 2297 3520 2353 desideriis

1935 2390 2051 2459 ejus
2078 2388 2342 2444 obeditur.
2366 2389 2460 2443 Est
2486 2405 2615 2459 ergo
2644 2389 2695 2444 in
2722 2390 2876 2445 nobis
2899 2390 3104 2460 peccati
3131 2392 3520 2460 concupiscen-

1938 2482 2030 2548 tia,
2064 2497 2180 2551 qua:
2213 2497 2315 2536 non
2344 2490 2428 2537 est
2454 2483 2804 2551 permittenda
2832 2497 3060 2553 regnare
3087 2501 3102 2537 :
3132 2491 3257 2538 sunt
3280 2483 3397 2552 ejus
3423 2482 3522 2540 de-

1937 2572 2161 2639 sidcria,
2189 2573 2383 2642 quibus
2411 2589 2517 2628 non
2547 2582 2629 2629 est
2652 2573 3031 2639 obedientium,
3062 2589 3130 2630 ne
3152 2573 3522 2632 obedientibus

1937 2674 2143 2735 regnet.
2170 2664 2395 2734 Propter
2421 2665 2565 2735 quod
2605 2666 2842 2721 mentbra
2872 2673 3055 2720 nostra
3085 2681 3189 2720 non
3232 2665 3334 2720 sibi
3368 2681 3524 2721 usur-

1940 2764 2030 2826 pet
2057 2756 2509 2827 concupiscentia,
2539 2755 2636 2811 sed
2675 2756 2775 2811 sibi
2813 2755 3043 2812 vindicet
3077 2755 3435 2822 continentia;
3466 2764 3527 2812 ut

1939 2851 2048 2902 sint
2074 2862 2220 2901 arma
2248 2848 2468 2916 justitia:
2499 2847 2634 2913 Deo,
2666 2863 2734 2902 ne
2763 2848 2870 2902 sint
2904 2847 3195 2918 iniquitatis
3219 2862 3365 2903 arma
3394 2862 3525 2917 pee—

1940 2950 2063 2996 cato
2087 2958 2100 2994 :
2123 2940 2202 2994 sic
2229 2940 2369 2994 enim
2399 2939 2553 2994 nobis
2579 2947 2852 3009 peccatum
2880 2955 2987 2994 non
3014 2938 3394 2994 dominabitur.
3408 2938 3524 2993 Non

1940 3031 2084 3086 enim
2129 3043 2315 3085 sumus
2352 3030 2453 3085 sub
2495 3029 2631 3098 lege,
2668 3029 2865 3084 bonum
2899 3029 3110 3099 quidem
3145 3028 3385 3099 jubente,
3419 3041 3527 3084 non

1944 3132 2120 3177 tamen
2150 3120 2308 3177 dante
2332 3140 2345 3176 :
2369 3120 2466 3177 sed
2492 3136 2678 3176 sumus
2701 3121 2802 3176 sub
2830 3121 3020 3192 gratia,
3050 3137 3168 3191 qua:
3191 3120 3243 3176 id
3270 3120 3409 3190 quod
3440 3122 3526 3177 lex

1937 3213 2092 3284 jubet
2119 3212 2318 3268 faciens
2348 3227 2446 3267 nos
2474 3227 2675 3279 amare,
2702 3220 2881 3282 potest
2908 3211 3090 3266 liberis
3118 3212 3401 3281 imperare.

2014 3305 2068 3360 9.
2110 3303 2345 3374 Itemque
2369 3318 2491 3356 cum
2514 3302 2760 3357 hortatur
2781 3312 2838 3357 ut
2859 3318 2965 3357 non
2992 3302 3284 3357 secundum
3309 3316 3526 3357 carnem

1943 3396 2204 3460 vivamus,
2233 3410 2301 3450 ne
2328 3394 2639 3461 moriamur,
2671 3394 2766 3450 sed
2791 3394 2982 3464 spiritu
3011 3393 3145 3449 facta
3172 3394 3350 3448 carnis
3384 3409 3531 3448 mor-

1947 3488 2230 3553 tiﬁcemus,
2258 3496 2318 3544 ut
2344 3486 2617 3553 vivamus;
2649 3487 2771 3542 tuba
2794 3486 2975 3556 utique
2998 3502 3117 3558 qua:
3145 3486 3305 3551 canit,
3330 3486 3527 3543 bellum

1947 3580 1999 3634 in
2024 3594 2131 3650 quo
2154 3594 2428 3634 versamur
2452 3577 2716 3647 ostendit,
2745 3586 2800 3634 et
2825 3587 2880 3635 ut
2909 3579 3104 3633 acriter
3132 3576 3445 3634 dimicemus
3472 3588 3528 3635 et

1944 3673 2131 3730 hostes
2159 3683 2373 3730 nostros
2399 3674 2802 3742 mortiﬁcemus,
2826 3691 2894 3731 ne
2920 3675 2989 3731 ab
3017 3675 3096 3730 eis
3125 3674 3527 3742 mortiﬁcemur,

1947 3764 2209 3820 accendit.
2231 3764 2332 3833 Qui
2361 3765 2468 3820 sint
2485 3781 2615 3822 vero
2641 3766 2728 3821 isti
2757 3766 2960 3833 hostes,
2987 3767 3115 3822 satis
3141 3766 3416 3823 evidenter
3438 3782 3531 3821 ex-

1949 3856 2159 3927 pressit.
2198 3856 2346 3925 Quos
2382 3857 2525 3912 enim
2565 3872 2595 3910 a
2640 3856 2793 3912 nobis
2836 3857 3002 3912 voluit
3050 3857 3387 3925 ntortiiicari,
3430 3857 3532 3928 ipsi

1949 3957 2109 4015 sunt,
2155 3950 2359 4004 scilicet
2400 3964 2561 4019 Opera
2602 3949 2798 4005 carnis.
2832 3948 2920 4004 Sic
2958 3949 3102 4005 enim
3143 3950 3251 4004 ait:
3278 3949 3338 4005 Si
3365 3961 3534 4004 autem

1949 4041 2131 4109 spiritu
2160 4043 2296 4112 facta
2320 4042 2486 4096 carnis
2515 4042 2954 4111 mortiﬁcavcritis,
2978 4043 3165 4097 viretis.
3193 4043 3260 4098 Et
3286 4043 3386 4098 ista
3414 4059 3534 4114 qua:

1950 4134 2055 4189 sint
2085 4143 2143 4190 ut
2168 4135 2417 4199 sciamus,
2445 4134 2691 4190 eumdem
2721 4134 2903 4191 itidem
2928 4135 3205 4190 audiamus
3230 4136 3295 4190 ad
3316 4135 3537 4193 Galatas

1951 4227 2269 4282 scribentem
2298 4236 2353 4282 et
2379 4226 2644 4282 dicentem
2671 4245 2685 4282 :
2713 4225 2990 4299 Manifesta
3024 4236 3142 4281 sunt
3178 4238 3344 4282 autem
3380 4244 3537 4299 opera

1953 4317 2149 4382 carnis,
2185 4331 2298 4385 quae
2333 4324 2450 4371 sunt
2489 4317 2876 4389 fornicationes,
2915 4318 3265 4383 inmunditia,
3297 4319 3535 4388 luxuriae,

1953 4407 2206 4462 idolorum
2248 4408 2488 4475 servitus,
2530 4409 2796 4477 veneficia,
2835 4408 3134 4476 inimicitiae,
3176 4411 3537 4478 contentiones,

1954 4499 2317 4563 aemulationes,
2359 4499 2721 4567 animositates,
2763 4499 3117 4565 dissensiones,
3147 4502 3377 4568 hereses,
3409 4502 3541 4557 invi-

1956 4589 2073 4653 diaz,
2099 4589 2379 4657 ebrietates,
2411 4590 2814 4657 comessationes,
2844 4601 2888 4644 et
2920 4592 2999 4646 Itis
3023 4593 3243 4657 similia;
3268 4610 3379 4665 quae
3407 4611 3541 4666 price

1956 4678 2070 4732 dico
2094 4678 2249 4743 vobis,
2276 4679 2403 4734 sicut
2433 4680 2667 4749 prtedixi,
2703 4681 2944 4751 quoniam
2981 4683 3066 4752 qui
3094 4684 3217 4737 talia
3244 4694 3421 4755 agunt,
3454 4703 3539 4739 re-

1957 4786 2111 4841 gnum
2132 4768 2226 4824 Dei
2256 4785 2355 4824 non
2382 4769 2726 4841 possidebunt.
2753 4771 2925 4840 ipsum
2955 4773 3096 4828 enim
3131 4775 3291 4829 etiam
3327 4776 3398 4829 ibi
3427 4776 3541 4829 bel-

1958 4860 2090 4926 lum,
2139 4867 2198 4914 nt
2240 4858 2355 4915 ham
2400 4858 2603 4914 diceret
2645 4861 2981 4928 ostendebat,
3023 4872 3078 4918 et
3116 4864 3182 4917 ad
3227 4863 3323 4919 hos
3358 4864 3541 4918 hostes

1958 4949 2358 5006 ntortilicandos
2383 4950 2570 5006 eadem
2597 4951 2803 5007 caelesti
2832 4959 2887 5006 et
2912 4953 3169 5021 spirituali
3201 4953 3323 5007 tuba
3344 4952 3541 5008 Christi

1958 5042 2159 5097 milites
2200 5042 2483 5098 excitabat.
2518 5042 2689 5112 Supra
2730 5043 2872 5097 enim
2915 5042 3159 5098 dixerat:
3187 5043 3312 5096 Dico
3351 5051 3540 5111 autent,

1960 5135 2143 5205 spiritu
2179 5133 2461 5200 ambulate,
2507 5143 2554 5187 et
2602 5134 2850 5188 desideria
2893 5134 3061 5188 carnis
3107 5150 3170 5186 ne
3212 5134 3541 5205 perfeceritis.

1963 5228 2095 5283 Caro
2121 5227 2251 5282 enim
2275 5227 2581 5299 concupiscit
2605 5226 2843 5279 adversus
2869 5226 3121 5295 spiritum,
3143 5224 3350 5294 spiritus
3374 5234 3543 5280 autent

1963 5320 2201 5373 adversus
2239 5334 2460 5371 carnem.
2505 5316 2635 5371 Ha'c
2676 5317 2804 5370 enim
2848 5315 3058 5367 invicem
3103 5314 3454 5381 adversantur,
3487 5327 3545 5371 ut

1964 5424 2065 5463 non
2100 5425 2158 5463 ea
2194 5424 2307 5479 qua:
2342 5408 2491 5462 vultis
2535 5406 2754 5478 faciatis.
2787 5404 2938 5471 Quod
2975 5404 3020 5458 si
3059 5405 3241 5475 spiritu
3279 5405 3541 5475 ducimiui,

1963 5516 2067 5554 non
2112 5500 2231 5555 estis
2276 5498 2367 5553 sub
2410 5500 2536 5568 lege.
2576 5497 2718 5567 Ergo
2760 5497 2857 5551 sub
2896 5496 3061 5566 gratia
3090 5498 3405 5553 constitutos
3435 5500 3545 5557 vult

1965 5593 2127 5648 istum
2165 5591 2419 5647 adversus
2460 5604 2622 5659 opera
2663 5588 2839 5643 carnis
2884 5588 3080 5645 habere
3120 5590 3444 5646 conﬂictum.
3476 5590 3544 5647 Et

1967 5686 2083 5743 hanc
2105 5700 2265 5756 opera
2294 5683 2467 5738 carnis
2494 5690 2553 5737 ut
2580 5681 2989 5750 demonstraret,
3021 5682 3262 5754 adjunxit
3295 5698 3411 5755 quae
3446 5698 3539 5738 su-

2035 5806 2051 5829 ι
2070 5805 2135 5847 tta
2156 5794 2485 5846 Cisterciensis
2503 5800 2585 5844 its.
2614 5800 2667 5845 Αι
2692 5792 2823 5848 editi.
2848 5793 3121 5848 delectetur.
