4046 6332
544 361 658 420 355

551 494 642 549 pra
670 475 1076 532 commemoravi
1104 491 1116 526 :
1143 469 1414 540 Manifesta
1439 477 1604 522 autent
1627 477 1742 520 sunt
1763 481 1914 536 opera
1935 463 2122 529 carnis,

546 586 663 641 qua
703 579 820 624 sunt
858 567 1243 638 fornicationes,
1281 572 1335 618 et
1362 572 1576 628 caetera,
1607 560 1719 614 sive
1745 572 1864 628 qua:
1893 568 2129 612 comme-

545 661 794 725 moravit,
833 658 945 714 sive
981 673 1099 728 qua:
1135 653 1474 721 intelligenda
1511 647 1860 714 commonuit,
1897 647 2126 700 maxime

546 751 825 822 adjiciens,
851 760 896 804 et
925 751 1002 802 his
1031 748 1236 814 similia.
1263 745 1498 812 Denique
1527 743 1581 796 in
1607 741 1708 794 hoc
1733 739 1915 810 praelia
1939 736 2126 791 adver-

545 857 637 897 sus
680 841 946 897 carnalem
987 839 1214 908 quodam
1259 835 1416 890 modo
1456 833 1744 889 exercitum
1788 831 1931 885 velut
1967 829 2124 884 aliam

545 932 845 1002 producens
873 930 1040 984 aciem
1069 927 1397 998 spiritualem
1430 944 1442 979 :
1475 923 1696 978 Fructus
1724 932 1889 975 autent
1917 921 2124 992 spiritus

542 1035 638 1094 est,
675 1024 864 1095 inquit,
896 1023 1135 1084 Charitas,
1179 1019 1440 1091 gaudium,
1480 1033 1602 1088 pax,
1631 1015 2007 1086 longanimitas,
2034 1012 2120 1064 be-

543 1116 782 1186 nignitas,
807 1113 1020 1177 bonitas,
1045 1110 1186 1180 ﬁdes,
1213 1107 1560 1174 mansuetudo,
1589 1105 1894 1159 continentia
1915 1118 1935 1157 :
1953 1103 2125 1155 adver-

542 1223 628 1260 sus
655 1203 944 1276 hujusmodi
969 1219 1069 1256 non
1094 1212 1165 1255 est
1191 1200 1291 1254 lex.
1320 1199 1434 1254 Non
1459 1199 1553 1265 ait,
1582 1197 1841 1250 adversus
1876 1194 2022 1259 base;
2056 1207 2124 1246 ne

541 1298 654 1352 sola
698 1311 817 1350 esse
866 1301 1178 1366 palarentur
1218 1308 1234 1346 :
1277 1290 1517 1361 quamvis
1561 1296 1614 1343 et
1661 1285 1708 1341 si
1758 1286 1856 1340 hoc
1899 1285 2119 1346 diceret,

538 1388 718 1442 omnia
758 1387 1074 1442 deberemus
1113 1383 1439 1453 intelligere,
1477 1396 1596 1450 qua:
1635 1378 1871 1448 ejusdem
1907 1376 2122 1446 generis

537 1479 680 1532 bona
704 1479 938 1547 cogitare
961 1490 1237 1545 possemus
1262 1492 1273 1526 :
1299 1471 1393 1528 sed
1417 1473 1510 1538 ait,
1534 1471 1771 1524 adversus
1793 1469 2120 1538 hujusmodi;

535 1578 595 1624 et
636 1568 750 1623 haec
793 1568 993 1622 scilicet
1033 1576 1086 1621 et
1118 1580 1466 1636 quascumque
1502 1563 1714 1616 similia.
1742 1561 2120 1614 Verumtamen

537 1660 682 1730 quod
723 1660 780 1713 in
822 1660 901 1714 eis
938 1657 1092 1712 bonis
1135 1674 1253 1727 qua:
1293 1652 1752 1716 commemoravit,
1790 1652 1972 1704 ultimo
2003 1651 2119 1704 loco

537 1753 714 1822 posuit
741 1750 1141 1815 continentiam,
1175 1749 1241 1802 de
1270 1763 1372 1818 qua
1405 1760 1543 1800 nunc
1574 1745 1844 1812 disputare
1880 1741 2120 1811 suscepi-

537 1859 677 1908 mus,
709 1853 762 1898 et
792 1851 1012 1912 prepter
1039 1856 1198 1911 quam
1239 1839 1399 1893 tnulta
1433 1838 1542 1908 jam
1571 1837 1822 1900 diximus,
1854 1833 2118 1904 prtecipne

535 1935 701 1988 voluit
723 1948 841 1988 eam
873 1933 1070 1986 nostris
1100 1930 1367 1984 mentibus
1396 1928 1676 1982 inhaerere.
1703 1927 1819 1995 Ipsa
1844 1927 2038 1995 quippe
2063 1924 2116 1978 in

534 2024 638 2080 hoc
679 2025 821 2081 bello
858 2025 1000 2078 valet
1039 2023 1346 2094 plurimum,
1389 2022 1440 2074 in
1477 2034 1582 2090 quo
1619 2019 1874 2074 adversus
1901 2032 2114 2071 carnem

534 2117 756 2187 spiritus
797 2116 1158 2185 concupiscit;
1188 2113 1438 2184 quoniam
1485 2112 1626 2182 ipsas
1652 2111 1830 2165 carnis
1867 2108 2120 2177 concupi-

531 2209 764 2264 scentias
816 2207 1046 2278 quodam
1101 2205 1261 2260 modo
1313 2204 1594 2272 cruciﬁgit.
1643 2201 1795 2256 Unde
1836 2215 1956 2255 cum
2003 2199 2117 2254 lucc

532 2299 757 2355 dixisset
781 2299 1090 2368 Apostolus,
1120 2295 1374 2350 continuo
1402 2294 1647 2363 subjecit,
1676 2293 1776 2359 Qui
1801 2302 1968 2344 autem
1988 2289 2116 2344 Jesu

534 2389 721 2444 Christi
758 2399 904 2456 sunt,
939 2405 1140 2442 carnent
1165 2405 1312 2442 suam
1339 2386 1696 2454 cruci/ixerunt
1722 2400 1836 2436 cum
1870 2383 2118 2452 passionis

533 2482 624 2536 bus
650 2491 696 2536 et
727 2480 1141 2552 concupiscentiis
1172 2478 1368 2550 (σαῖσι.
1395 2493 1452 2545 v,
1479 2476 1690 2546 16-24).
1719 2477 1842 2530 llazc
1869 2484 1953 2530 est
1979 2475 2117 2530 actio

535 2573 878 2628 continentia:
904 2590 920 2626 :
951 2574 1029 2626 sic
1055 2587 1217 2641 Opera
1250 2572 1267 2602 ¹
1297 2571 1473 2624 carnis
1499 2569 1904 2623 mortiﬁcamur.
1930 2566 2115 2621 Morti-

531 2663 696 2719 ﬁcant
715 2679 842 2720 vero
865 2679 980 2729 eos,
1007 2679 1141 2734 quos
1164 2661 1475 2716 deﬁcientes
1498 2675 1528 2714 a
1551 2660 1874 2715 continentia
1901 2657 1967 2712 ad
1987 2673 2117 2712 con-

530 2757 835 2811 sensionem
859 2754 1333 2825 perpetrandorum
1357 2753 1542 2808 talium
1566 2767 1786 2823 cperam
1810 2751 1970 2806 trahit
1988 2766 2117 2805 con-

531 2849 878 2918 cupisccntia.

601 2939 824 2995 CAPUT
857 2937 1117 2994 lV.——iO.
1145 2936 1212 2992 Ut
1223 2937 1527 2991 continentia
1538 2934 1724 2990 servari
1753 2935 1926 3005 possit,
1945 2949 2118 2988 caven-

529 3032 598 3086 da
614 3033 936 3102 pr'wstunptio
965 3031 1027 3083 de
1049 3030 1266 3101 propriis
1291 3028 1497 3082 uiribus.
1533 3027 1705 3081 Vivere
1726 3027 2003 3080 secundum
2023 3027 2115 3079 ho-

529 3125 794 3190 minem,et
812 3123 968 3176 viuere
987 3121 1263 3176 secundum
1287 3134 1510 3186 carnem,
1533 3118 1667 3172 idem
1691 3126 1783 3172 est.
1808 3117 2066 3174 Utautem
2084 3133 2116 3172 a

530 3215 856 3271 continentia
883 3229 988 3269 non
1030 3213 1375 3278 deliciamus,
1407 3210 1664 3266 adversus
1694 3210 1812 3264 illas
1848 3211 2116 3280 praecipue

530 3310 910 3366 diabolicarum
942 3309 1335 3379 suggestionum
1355 3305 1575 3360 insidias
1597 3304 1814 3374 vigilare
1833 3304 2113 3370 debemus,

533 3419 602 3458 ne
625 3403 692 3458 de
721 3403 913 3457 nostris
939 3401 1138 3456 viribus
1171 3412 1578 3469 praesumamus.
1620 3397 1926 3451 Maledictus
1971 3396 2114 3450 ettim

531 3497 694 3550 omnis
721 3497 806 3568 qui
826 3511 965 3566 spent
988 3511 1134 3548 suam
1161 3493 1301 3564 ponit
1321 3493 1374 3546 in
1403 3492 1604 3546 homine
1631 3490 1839 3562 (Jerem.
1869 3505 2002 3556 xvu,
2035 3491 2115 3560 5).

532 3587 600 3641 Et
624 3586 742 3655 quis
769 3595 852 3639 est
878 3587 1005 3650 iste,
1038 3585 1138 3638 nisi
1169 3583 1330 3637 homo
1353 3584 1415 3634 ’Υ
1446 3581 1561 3636 Non
1593 3591 1765 3651 potest
1798 3597 1928 3651 ergo
1959 3597 2114 3636 vera-

533 3678 667 3732 citer
694 3677 874 3730 dicere
901 3691 1005 3729 non
1032 3689 1091 3729 se
1113 3689 1261 3743 spem
1293 3687 1490 3743 ponere
1515 3673 1569 3726 in
1599 3672 1813 3727 homine
1836 3714 1849 3738 ,
1879 3673 1968 3742 qui
1995 3688 2114 3727 eam

535 3769 685 3836 ponit
709 3768 762 3820 in
793 3781 870 3821 se.
897 3765 1028 3819 Nam
1053 3773 1106 3819 et
1131 3765 1232 3818 hoc
1259 3764 1553 3818 secundum
1598 3763 1867 3817 hominem
1897 3764 2076 3818 vivere
2097 3805 2113 3830 ,

534 3859 662 3929 quid
691 3867 772 3913 est
801 3858 902 3911 nisi
943 3857 1234 3912 secundum
1267 3872 1481 3911 carnem
1523 3855 1738 3910 vivere?
1769 3856 1965 3910 Audiat
1989 3870 2119 3926 ergo

533 3953 625 4022 qui
652 3952 740 4006 tali
767 3950 1102 4021 suggestione
1132 3958 1380 4015 tentatur,
1413 3958 1468 4004 et
1515 3949 1562 4004 si
1607 3951 1746 4006 ullus
1783 3950 1834 4005 ei
1863 3951 2114 4006 christia-

537 4060 638 4099 nus
675 4057 865 4097 sensus
900 4050 1012 4105 est,
1051 4041 1426 4096 contremiscat
1455 4058 1468 4093 :
1497 4041 1698 4109 audiat,
1753 4041 2002 4112 inquam,
2050 4043 2112 4099 Si

536 4133 814 4189 secundum
834 4149 1036 4188 carnem
1059 4133 1302 4200 vixeritis,
1327 4133 1628 4186 moriemini.

609 4225 819 4282 ll.Sed
840 4225 1104 4294 quispiam
1130 4224 1371 4278 dicturus
1417 4233 1502 4279 est
1538 4223 1668 4278 mihi
1693 4225 1834 4280 aliud
1871 4240 1992 4281 esse
2023 4241 2112 4282 se-

538 4317 771 4373 cundum
800 4317 1069 4370 hominem
1089 4357 1103 4382 ,
1147 4314 1293 4370 aliud
1321 4315 1614 4370 secundum
1647 4330 1862 4370 carnem
1891 4318 2069 4373 vivere
2100 4336 2114 4375 :

538 4413 662 4482 quia
690 4411 851 4465 homo
881 4410 1125 4464 videlicet
1157 4408 1433 4463 rationalis
1461 4418 1703 4462 creatura
1732 4418 1815 4464 est
1835 4451 1850 4474 ,
1882 4419 1936 4464 et
1967 4412 2018 4464 in
2055 4427 2120 4466 co

538 4502 810 4557 rationalis
837 4511 921 4556 est
953 4501 1160 4554 animus
1181 4541 1196 4566 ,
1223 4513 1328 4568 quo
1354 4498 1514 4552 distat
1538 4513 1566 4550 a
1594 4513 1822 4568 pecore;
1865 4516 1991 4555 caro
2026 4517 2124 4556 au-

541 4604 648 4648 tem
674 4603 757 4648 est
785 4594 962 4647 inﬁma
991 4578 1044 4646 et
1072 4601 1282 4646 terrena
1322 4604 1444 4661 pars
1488 4591 1750 4658 hominis,
1785 4602 1838 4648 et
1880 4593 2000 4648 ideo
2029 4610 2119 4649 se-

538 4685 771 4740 cundum
799 4700 916 4740 eam
947 4685 1124 4740 vivere
1149 4685 1394 4738 vitiosum
1433 4692 1516 4737 est
1544 4700 1556 4735 :
1589 4693 1807 4753 propter
1845 4685 1986 4755 quod
2030 4685 2120 4740 ille

539 4778 629 4848 qui
660 4777 949 4832 secundum
977 4776 1244 4830 hominem
1273 4777 1433 4837 vivit,
1460 4791 1564 4828 non
1595 4779 1776 4846 utique
1821 4777 2119 4831 secundum

539 4883 792 4932 carnem,
837 4867 928 4921 sed
959 4867 1135 4938 potius
1164 4865 1458 4921 secundum
1485 4880 1603 4919 eam
1639 4876 1841 4935 partem
1887 4867 2120 4922 hominis

543 4959 676 5015 vivit
715 4974 816 5028 qua
851 4959 1009 5012 homo
1062 4967 1174 5023 est,
1223 4955 1325 5011 hoc
1374 4965 1493 5023 est,
1541 4956 1830 5011 secundum
1875 4958 2118 5026 Spiritum

541 5051 756 5116 mentis,
781 5065 888 5121 quo
907 5049 1185 5119 pecoribus
1211 5048 1540 5119 praeeminet.
1564 5046 1763 5102 Verum
1795 5047 1909 5102 hinc
1937 5047 2119 5117 dispu-

541 5145 672 5199 tatio
700 5143 834 5198 valet
862 5142 1102 5196 fortassis
1129 5139 1328 5210 aliquid
1354 5140 1407 5193 in
1424 5138 1624 5193 scholis
1640 5139 2080 5209 philosophorum
2103 5157 2117 5194 :

539 5251 640 5291 nos
668 5246 846 5290 autem
874 5241 932 5288 ut
969 5232 1326 5303 intelligamus
1377 5233 1692 5301 Apostolum
1737 5232 1966 5298 Christi,
1997 5233 2120 5289 libri

541 5326 818 5381 christiani
843 5325 1286 5395 quemadmodum
1314 5324 1455 5394 loqui
1483 5325 1719 5390 soleant,
1750 5325 2007 5380 debemus
2028 5327 2121 5382 ad-

543 5426 772 5472 vertere.
815 5416 972 5474 Fides
1009 5428 1156 5473 certe
1197 5418 1433 5473 omnium
1483 5427 1723 5471 nostrum
1766 5427 1876 5486 est,
1929 5421 2121 5489 quibus

543 5505 788 5564 Christus
812 5509 990 5564 vivere
1015 5519 1096 5565 est
1121 5509 1164 5579 ³,
1202 5508 1469 5565 hominem
1491 5523 1522 5563 a
1558 5507 1734 5565 Verbo
1775 5511 1868 5567 Dei
1911 5526 2123 5568 assum-

611 5707 629 5776 ξ
651 5706 983 5776 cisterclensis
993 5713 1092 5776 Ms;
1108 5714 1221 5758 Han:
1235 5713 1304 5776 est
1317 5708 1441 5758 actio
1457 5707 1768 5776 continentior,
1785 5707 1829 5759 si
1844 5720 2008 5772 opera.

611 5771 630 5834 ξ
657 5769 789 5829 Editi,
813 5769 906 5820 nisi
923 5768 1022 5831 ipse
1038 5768 1192 5817 homo.
1215 5772 1364 5819 Abest
1387 5784 1498 5834 vox,
1515 5773 1633 5834 ipse,
1658 5785 1686 5820 a
1711 5780 1813 5834 Mss.

613 5832 766 5884 "fres
787 5839 914 5893 atas,
947 5835 1158 5880 nostrum
1185 5838 1272 5892 est,
1297 5837 1346 5881 ut
1366 5831 1580 5884 christns
1603 5833 1797 5896 uenerit,
1819 5839 1864 5884 et
1885 5831 2124 5886 hominem

1906 5943 1943 5989 \

1652 351 1739 408 DE
1778 346 2252 413 CONTINENTIA,
2292 345 2350 400 S.
2390 338 2754 403 AUGUSTINI

3705 330 3810 399 356

2223 467 2391 530 .ptum
2413 499 2429 526 ,
2461 473 2567 514 non
2593 459 2772 528 utique
2795 457 2910 512 sine
2933 456 3108 512 anima
3131 456 3394 524 rationali,
3425 457 3562 512 sicut
3593 457 3808 529 quidam

2236 548 2473 604 haeretici
2501 549 2712 615 volunt;
2743 557 2798 604 et
2827 558 3000 604 tamen
3033 547 3260 618 legimus
3279 589 3295 615 ,
3333 547 3549 602 Verbum
3573 563 3692 601 caro
3720 552 3797 620 [a-

2231 647 2367 692 ctum
2391 647 2464 692 est
2495 637 2668 710 (Joan.
2693 653 2732 702 ι,
2761 637 2872 708 ll).
2900 637 3036 706 Quid
3065 638 3150 692 hic
3173 652 3300 692 caro
3331 637 3671 708 intelligenda
3700 647 3806 705 est,

2230 729 2332 784 nisi
2362 727 2560 784 homo?
2588 729 2656 783 Et
2673 729 2854 783 uidebit
2874 730 3036 784 omnis
3052 746 3169 784 caro
3188 729 3409 784 salutare
3428 728 3522 784 Dei
3538 728 3687 803 (Luc.
3712 745 3795 796 ιη,

2231 819 2318 890 6);
2344 820 2469 891 quid
2511 830 2686 892 potest
2727 821 2983 892 intelligi,
3010 822 3142 887 nisi,
3174 823 3349 877 omnis
3389 822 3593 877 homo?
3635 823 3719 876 Ad
3763 827 3812 878 t'e

2231 914 2392 968 omnis
2419 929 2538 967 caro
2579 916 2737 968 veniet
2787 913 2955 987 (Psal.
2998 931 3146 980 utv,
3192 915 3289 987 5);
3337 914 3464 986 quid
3502 923 3615 982 est,
3666 916 3801 984 nisi,

2229 1007 2401 1060 omnis
2423 1005 2583 1060 homo
2599 1008 2620 1060 ?
2639 1005 2838 1060 Dedisti
2858 1008 2900 1061 ei
2931 1016 3220 1078 potestatem
3240 1007 3402 1060 omnis
3428 1007 3596 1060 carnis
3623 1005 3806 1080 (Joan.

2229 1111 2361 1161 xvn,
2388 1097 2422 1150 2
2444 1098 2497 1167 );
2528 1097 2653 1167 quid
2682 1106 2790 1163 est,
2823 1099 2954 1163 nisi,
2984 1098 3156 1153 omnis
3185 1097 3446 1152 hominis?
3469 1097 3551 1152 Ea:
3569 1099 3811 1168 operibus

2229 1186 2351 1257 legis
2372 1204 2471 1240 non
2487 1189 2852 1257 justi/imbitur
2877 1189 3038 1244 omnis
3061 1205 3178 1242 caro
3205 1187 3380 1260 (Rom.
3411 1204 3490 1254 ut,
3518 1188 3646 1258 20);
3670 1189 3804 1258 quid

2227 1289 2347 1345 est,
2405 1280 2543 1346 nisi,
2595 1282 2771 1335 nullus
2808 1281 3184 1350 justiﬁcabitur
3224 1280 3416 1334 homo?
3460 1280 3612 1347 Quod
3662 1281 3808 1336 idem

2225 1371 2494 1439 apostolus
2536 1371 2658 1426 alibi
2695 1372 2999 1442 exprimens
3039 1370 3403 1438 manifestius,
3437 1370 3581 1439 Non,
3611 1373 3811 1442 inquit,

2217 1462 2583 1532 justi/imbitur
2609 1464 2757 1517 homo
2802 1480 2864 1517 ea:
2902 1465 3134 1534 operibus
3182 1464 3305 1535 legis
3339 1462 3532 1536 (Galat.
3578 1479 3636 1528 ll,
3683 1464 3809 1535 16).

2224 1551 2531 1609 Corinthios
2560 1570 2772 1625 quoque
2816 1555 3052 1625 increpat
3087 1554 3272 1609 dicens
3301 1571 3316 1609 :
3342 1553 3528 1608 Nonne
3568 1556 3806 1610 carnales

2223 1646 2360 1713 estis,
2391 1654 2438 1699 et
2479 1647 2752 1700 secundum
2795 1647 3046 1700 hominem
3073 1645 3342 1700 anrbulatis
3385 1646 3430 1718 (1
3455 1645 3574 1701 Cor.
3600 1662 3675 1712 ιιι,
3709 1647 3809 1715 5)?

2223 1735 2353 1790 Cum
2375 1738 2619 1792 carnales
2659 1753 2752 1793 eos
2791 1738 3040 1804 dixisset,
3076 1754 3182 1793 non
3220 1739 3328 1804 ait,
3364 1739 3658 1794 secundum
3692 1755 3816 1795 car-

2224 1846 2348 1886 nem
2374 1830 2691 1895 ambulau's;
2717 1830 2843 1896 sed,
2875 1830 3146 1885 secundum
3167 1831 3418 1884 hominem
3440 1848 3460 1885 :
3487 1833 3609 1901 quia
3627 1842 3678 1886 et
3698 1832 3806 1888 huc

2223 1921 2347 1992 quid
2382 1922 2550 1976 voluit
2583 1921 2805 1992 intelligi
2826 1963 2840 1987 ,
2871 1921 3006 1989 nisi,
3038 1921 3332 1977 secundum
3377 1923 3635 1978 carnem?
3668 1924 3808 1980 Nam

2223 2015 2405 2082 utique
2447 2013 2492 2067 si
2539 2013 2876 2082 culpabiliter
2924 2012 3138 2083 quidem
3196 2013 3488 2068 secundum
3540 2029 3806 2083 carnem,

2221 2105 2555 2160 laudabiliter
2577 2113 2755 2159 autem
2783 2103 3076 2159 secundum
3103 2103 3376 2159 hominem
3412 2105 3808 2172 ambularetur,

2222 2198 2274 2252 id
2301 2207 2383 2252 est
2401 2239 2416 2265 ,
2445 2198 2734 2264 viveretur,
2764 2213 2869 2252 non
2899 2199 3232 2268 exprobrans
3263 2197 3497 2265 diceret,
3524 2199 3808 2252 secundum

2222 2291 2473 2344 hominem
2515 2289 2804 2344 ambulatis.
2858 2291 3128 2360 Agnoscat
3176 2290 3336 2345 homo
3383 2290 3726 2360 opprobrium
3755 2291 3805 2358 ι,

2220 2391 2388 2437 mutet
2431 2383 2793 2452 propositum,
2841 2381 2971 2436 vitet
3022 2381 3316 2436 interitum.
3371 2381 3544 2447 Audi,
3597 2383 3801 2447 homo;

2220 2475 2329 2530 noli
2355 2475 2627 2529 ambulare
2660 2473 2955 2544 secundum
3001 2472 3306 2539 hominem,
3360 2472 3458 2527 sed
3503 2473 3806 2527 secundum

2219 2580 2342 2621 eum
2371 2565 2462 2634 qui
2493 2565 2614 2620 fecit
2643 2565 2909 2618 hominem
2938 2581 2951 2616 :
2981 2564 3051 2618 ab
3073 2578 3138 2618 eo
3163 2564 3252 2633 qui
3280 2561 3410 2617 fecit
3440 2571 3520 2629 te,
3557 2563 3662 2616 noli
3695 2562 3804 2618 de-

2221 2658 2380 2712 ﬁcere
2411 2671 2507 2711 nec
2533 2656 2600 2710 ad
2627 2665 2696 2711 te.
2726 2656 2897 2710 llomo
2923 2656 3064 2710 enim
3095 2655 3340 2721 dicebat,
3368 2655 3456 2725 qui
3485 2663 3664 2709 tamen
3691 2669 3810 2710 non

2219 2750 2511 2806 secundum
2541 2751 2810 2805 hominem
2842 2749 3091 2804 vivebat:
3123 2748 3246 2802 Non
3267 2751 3391 2817 quia
3418 2750 3585 2804 idonei
3623 2765 3807 2804 sumus

2219 2844 2439 2913 cogitare
2460 2843 2653 2913 aliquid
2680 2859 2712 2894 a
2737 2843 2876 2896 nobis
2895 2842 3039 2911 quasi
3054 2857 3118 2895 ea:
3141 2841 3506 2912 nobismetipsis
3528 2857 3548 2906 ;
3575 2842 3664 2896 sed
3683 2845 3809 2913 suf-

2219 2935 2439 3004 ficientia
2467 2944 2640 2988 nostra
2660 2950 2723 2988 ea:
2746 2933 2852 2987 Deo
2872 2943 2944 2987 est
2967 2932 3035 3004 (ll
3072 2932 3191 2987 Cor.
3226 2949 3303 2999 tn,
3331 2933 3406 3003 5).
3455 2933 3584 2988 Vide
3621 2933 3667 2992 si
3713 2947 3813 2988 se-

2219 3025 2449 3083 eundum
2476 3027 2744 3082 hominem
2784 3029 3022 3094 vivebat,
3045 3027 3135 3096 qui
3159 3028 3421 3080 veraciter
3445 3025 3544 3079 ista
3565 3026 3810 3082 dicebat.

2221 3120 2526 3176 Admoncns
2553 3135 2682 3191 ergo
2710 3121 2996 3190 Apostolus
3024 3120 3321 3186 hominem,
3347 3135 3411 3173 ne
3438 3119 3579 3172 vivat
3603 3134 3817 3173 secun-

2220 3213 2347 3268 dum
2374 3213 2642 3269 hominem
2667 3255 2682 3281 ,
2714 3215 2981 3268 hominem
3009 3213 3119 3268 Deo
3142 3213 3331 3269 reddit.
3361 3214 3460 3279 Qui
3481 3223 3655 3268 autem
3687 3228 3811 3270 non

2221 3305 2350 3359 vivit
2373 3305 2665 3360 secundum
2693 3305 2984 3372 hominem,
3012 3305 3107 3359 sed
3127 3303 3415 3359 secundum
3440 3304 3604 3358 Deum
3625 3345 3639 3372 ,
3668 3320 3808 3374 pro-

2222 3396 2361 3452 fecto
2386 3413 2490 3451 non
2514 3397 2640 3452 vivit
2669 3397 2826 3452 etiam
2863 3397 3157 3451 secundum
3186 3398 3451 3467 seipsum;
3481 3397 3605 3467 quia
3635 3396 3809 3454 homo

2221 3500 2304 3546 est
2329 3500 2384 3546 et
2403 3492 2537 3560 ipse.
2567 3489 2670 3546 Sed
2695 3490 2816 3545 ideo
2843 3490 3038 3545 dicitur
3073 3491 3233 3545 etiam
3266 3489 3558 3545 secundum
3586 3504 3816 3545 carnem

2222 3585 2436 3650 vivere,
2465 3599 2586 3639 cum
2618 3584 2689 3637 ita
2715 3583 2871 3649 vivit;
2905 3584 3031 3654 quia
3072 3592 3126 3637 ct
3167 3597 3329 3637 carne
3373 3583 3486 3637 sola
3531 3581 3815 3638 nominata
3889 3632 3892 3638 .

2224 3678 2533 3747 intelligitur
2578 3677 2759 3745 homo,
2791 3677 2931 3748 quod
2955 3678 3064 3748 jam
3111 3677 3442 3733 ostendimus
3475 3678 3649 3732 :sicut
3692 3677 3816 3733 sola

2223 3770 2399 3824 anima
2421 3769 2689 3823 nominata
2717 3771 3025 3839 intelligitur
3054 3769 3248 3837 homo;
3292 3771 3432 3824 unde
3454 3769 3653 3824 dictum
3685 3777 3768 3823 est
3791 3805 3810 3835 ,

2228 3859 2405 3914 Omnis
2453 3861 2622 3913 anima
2677 3859 3051 3913 sublimioribus
3107 3861 3434 3930 potestatibus
3494 3859 3697 3914 subdita
3744 3861 3820 3914 sit

2227 3952 2402 4026 (Rom.
2433 3970 2548 4018 xm,
2581 3954 2659 4025 l),
2688 3953 2740 4008 id
2770 3964 2870 4018 est,
2903 3955 3076 4009 omnis
3103 3954 3298 4018 homo;
3335 3966 3386 4008 ct
3407 3995 3421 4019 ,
3471 3954 3822 4025 Septuaginta

2225 4049 2444 4123 quinque
2478 4049 2659 4102 animm
2699 4049 3058 4102 descenderunt
3096 4049 3148 4100 in
3193 4045 3481 4119 Egyptian
3501 4062 3615 4100 cum
3643 4044 3817 4098 Jacob

2229 4140 2378 4215 (Gen.
2403 4156 2551 4207 XLVI,
2583 4141 2712 4212 27),
2746 4141 2795 4194 id
2824 4151 2904 4194 cst
2927 4182 2942 4207 ,
2985 4140 3315 4210 septuaginta
3359 4140 3593 4209 quinque
3636 4138 3824 4192 homi-

2228 4248 2344 4288 nes.
2372 4232 2491 4286 Noli
2512 4248 2637 4302 ergo
2663 4233 2842 4287 vivere
2872 4232 3161 4286 secundum
3195 4239 3246 4284 te
3277 4231 3450 4300 ipsum
3472 4271 3486 4295 ,
3530 4245 3562 4284 ο
3599 4229 3767 4284 homo
3802 4246 3818 4283 :

2227 4325 2352 4379 inde
2381 4324 2619 4394 perieras
2642 4365 2657 4389 ,
2695 4323 2788 4378 sed
2841 4323 3094 4394 qumsitus
3132 4337 3210 4378 es.
3239 4321 3393 4386 Noli,
3443 4322 3654 4389 inquam
3678 4361 3694 4386 ,
3731 4320 3821 4374 vi-

2226 4431 2352 4471 vere
2375 4415 2664 4470 sccundum
2690 4423 2740 4469 te
2768 4413 2938 4482 ipsum
2971 4430 2984 4466 :
3014 4412 3136 4468 inde
3168 4413 3436 4482 perieras,
3469 4421 3523 4466 et
3564 4413 3826 4468 inventus

2226 4523 2286 4562 es
2309 4509 2351 4560 ¹.
2387 4507 2503 4560 Noli
2533 4507 2708 4560 carnis
2755 4520 3006 4560 accusare
3054 4514 3294 4559 naturam
3313 4546 3327 4570 ,
3377 4503 3586 4574 quando
3616 4504 3778 4559 audis
3803 4542 3821 4570 ,

2229 4598 2290 4652 Si
2314 4597 2588 4651 secundum
2616 4613 2816 4650 carnem
2838 4597 3081 4664 vixeritis,
3106 4596 3406 4649 ntoriemini.
3430 4595 3518 4651 Sic
3539 4595 3678 4650 enim
3708 4595 3822 4650 dici

2228 4692 2430 4762 potuit,
2462 4698 2516 4746 et
2561 4689 2837 4744 verissime
2865 4691 3034 4759 potuit
3057 4730 3072 4751 ,
3103 4689 3158 4744 Si
3209 4689 3503 4743 secundum
3533 4702 3628 4742 vos
3667 4687 3830 4743 vixe-

2229 4785 2381 4850 ritis,
2420 4783 2744 4838 moriemini.
2785 4780 2916 4836 Nam
2948 4781 3190 4835 diabolus
3222 4795 3328 4834 non
3355 4779 3514 4834 habet
3562 4794 3783 4834 carnem
3809 4821 3826 4842 ,

2227 4885 2282 4932 et
2329 4885 2504 4932 tamen
2544 4875 2666 4944 quia
2709 4873 3001 4928 secundum
3041 4886 3100 4927 se
3147 4871 3319 4942 ipsum
3377 4872 3557 4926 vivere
3611 4871 3820 4938 voluit,

2226 4971 2279 5024 in
2309 4970 2513 5023 veritate
2532 4985 2632 5021 non
2661 4968 2814 5020 stetit.
2844 4965 2980 5034 Quid
3009 4981 3136 5036 ergo
3182 4965 3377 5019 mirum
3398 4965 3418 4996 ³
3442 4965 3485 5018 si
3515 4964 3821 5018 secundum

2227 5075 2285 5116 se
2315 5061 2485 5130 ipsum
2516 5061 2699 5113 vivens
2719 5099 2734 5125 ,
2758 5073 2872 5111 cum
2900 5058 3121 5129 loquitur
3147 5057 3485 5122 mendacium,
3529 5055 3592 5110 de
3618 5073 3712 5110 suo
3735 5057 3824 5110 lo-

2227 5153 2397 5222 quitur
2439 5149 2618 5220 (Joan.
2644 5163 2758 5214 vnt,
2806 5147 2940 5218 il)?
2966 5145 3108 5218 quod
3135 5162 3322 5202 verum
3347 5146 3416 5201 de
3459 5147 3550 5201 illo
3598 5145 3823 5201 Veritas

2227 5242 2384 5298 dixit.

2271 5332 2494 5390 CAPUT
2509 5331 2740 5386 γρηὶ.
2755 5331 2875 5386 Non
2887 5330 3013 5401 ﬁdat
3029 5331 3091 5386 de
3109 5347 3162 5386 se
3181 5331 3267 5403 qui
3286 5333 3389 5386 vult
3407 5331 3600 5401 peccati
3623 5347 3823 5384 concu-

2228 5476 2260 5513 a
2288 5459 2454 5520 Verbo,
2483 5467 2578 5510 etc.
2595 5460 2974 5510 Genovel'zeanus
2989 5458 3165 5521 codex,
3189 5468 3404 5511 nostrum
3419 5466 3507 5519 est,
3531 5467 3579 5510 ut
3595 5458 3831 5510 Christus

2228 5523 2424 5581 veniret,
2447 5521 2686 5572 Iwminem
2707 5536 2740 5572 a
2768 5521 2939 5582 Verbo,
2957 5531 3052 5572 etc.

2293 5589 2311 5619 ⁸
2335 5586 2440 5649 Sola
2465 5586 2610 5634 editio
2631 5592 2764 5649 tam;
2787 5581 2958 5636 audiat
2979 5584 3118 5634 homo
3137 5581 3464 5649 opprobrium.

2294 5651 2408 5720 {Sic
2429 5648 2612 5720 habent
2632 5646 2814 5718 aliquot
2830 5653 3012 5720 Mss._At
3035 5653 3130 5695 [ξι-,ε
3148 5641 3319 5708 siquia
3337 5643 3570 5709 perieras,
3593 5641 3827 5696 inventus

2228 5725 2298 5763 es.
2323 5715 2519 5774 Lov.,si
2539 5715 2772 5774 perieras,
2792 5715 3008 5774 augemus
3023 5721 3091 5774 es.

2295 5775 2315 5806 ³
2339 5782 2402 5824 tta
2426 5766 2592 5836 plures
2610 5778 2716 5821 Mss.
2735 5766 2789 5821 at
2809 5771 2946 5836 editi,
2979 5770 3103 5832 Quid
3118 5781 3234 5836 ergo
3251 5766 3410 5821 uerius
3447 5781 3464 5821 :
3491 5777 3544 5820 et
3565 5767 3716 5819 iidem
3732 5770 3822 5820 in-

2231 5835 2302 5887 fra
2324 5832 2578 5898 pro.'qnod
2603 5844 2765 5884 certon
2775 5844 2794 5898 ;
2811 5832 3012 5896 habent,
3035 5835 3162 5897 quod
3176 5832 3312 5883 'vere.
3725 5837 3730 5840 '
