4046 6332
294 384 385 439 357

294 493 583 569 piscantium
605 491 817 545 vincere.
848 482 1116 539 Excusatio
1147 487 1458 551 peccatorum
1482 467 1757 525 cohibenda
1788 481 1874 536 per

293 584 670 645 continentiam.
719 579 1089 633 Excusationes
1140 572 1189 625 in
1237 568 1449 638 peccatis
1479 565 1705 617 diversae.
1756 558 1876 612 Fati

292 676 566 739 accusatio,
620 672 843 742 fortuna:
879 710 894 731 ,
925 664 1135 729 diaboli,
1169 661 1261 714 Dei
1287 674 1401 714 vero
1437 656 1598 725 ipsius
1627 669 1657 704 a
1708 649 1879 704 Mani-

296 770 461 824 cluris.
488 765 625 820 Cum
654 778 782 831 ergo
807 759 957 814 audis
982 800 997 825 ,
1039 754 1309 808 Peccatum
1337 749 1470 804 vobis
1499 762 1599 799 non
1645 744 1876 797 domina-

294 862 454 922 bitur;
482 857 593 911 noli
617 855 684 909 de
717 865 766 907 te
794 852 954 905 fidere
976 891 990 912 ,
1017 856 1072 901 ut
1104 853 1376 915 percolunt
1425 839 1517 893 tibi
1563 854 1667 891 non
1697 833 1877 889 domi-

297 961 477 1011 netur;
507 947 603 1001 sed
632 945 698 999 de
741 945 830 997 illo
876 940 960 995 eui
1001 938 1126 993 dicit
1173 949 1334 989 orans
1372 930 1585 1002 quidam
1617 933 1872 989 sanctus,

298 1042 489 1095 Itinera
517 1054 629 1090 mea
669 1036 831 1105 dirige
856 1030 1132 1085 secundum
1160 1026 1365 1080 verbum
1391 1032 1552 1081 tuum,
1578 1028 1622 1071 et
1651 1034 1751 1070 non
1782 1016 1877 1067 do-

300 1135 513 1186 minetur
543 1129 666 1182 mihi
695 1125 857 1179 cumis
884 1122 1120 1191 iniquitas
1152 1116 1317 1189 (Psal.
1349 1127 1532 1175 CXVIII,
1592 1106 1739 1177 155).
1788 1104 1883 1157 Et-

301 1225 436 1279 enim
465 1236 533 1276 ne
575 1220 712 1274 forte
734 1259 747 1281 ,
777 1230 896 1270 cum
921 1212 1273 1273 audissemus,
1306 1205 1570 1259 Peccatum
1601 1199 1737 1252 vobis
1780 1211 1880 1249 non

303 1317 657 1375 dominabitur,
701 1325 800 1366 nos
834 1309 979 1378 ipsos
1022 1303 1427 1362 extolleremus,
1471 1304 1523 1349 et
1551 1291 1751 1346 viribus
1783 1306 1882 1341 no-

303 1412 423 1468 stris
449 1410 552 1464 hoc
598 1405 992 1463 tribueremus,
1024 1395 1202 1452 statim
1251 1392 1351 1445 hoc
1389 1389 1519 1443 vidit
1561 1382 1880 1453 Apostolus,

303 1516 457 1574 atque
483 1498 745 1567 subjecit,
777 1492 897 1547 Non
927 1490 1055 1544 enim
1081 1487 1197 1541 estis
1218 1484 1308 1538 sub
1338 1482 1463 1551 lege,
1493 1478 1580 1533 sed
1610 1477 1697 1528 sub
1722 1472 1887 1544 gratia

307 1567 718 1667 (Rom.vt,li).
768 1584 945 1641 Gratia
993 1583 1171 1649 itaque
1216 1577 1341 1631 facit
1389 1583 1441 1627 ut
1488 1567 1887 1642 peceatumtibi

311 1705 410 1742 non
438 1686 767 1762 dominetur.
795 1678 913 1734 Noli
944 1690 1069 1744 ergo
1097 1673 1162 1726 de
1194 1680 1243 1724 te
1273 1669 1453 1726 fidere,
1489 1681 1555 1718 ne
1584 1662 1749 1716 multo
1770 1676 1886 1712 am-

312 1782 444 1850 plius
472 1750 595 1831 inde
644 1773 739 1827 tibi
769 1769 1092 1825 doxninetur.
1128 1763 1193 1817 Et
1222 1777 1341 1813 cum
1383 1757 1628 1812 audimus
1649 1796 1664 1819 ,
1699 1752 1757 1807 Si
1786 1750 1890 1821 spi-

308 1873 404 1924 ritu
438 1869 660 1921 actiones
702 1862 869 1917 carnis
907 1853 1345 1926 mortiﬁcavcritis,
1395 1849 1600 1910 vinctis;
1640 1861 1743 1899 non
1792 1843 1891 1896 hoc

313 1972 509 2017 tantum
540 1959 737 2011 bonum
771 1952 976 2022 spiritui
1008 1956 1229 2010 nostro,
1279 1941 1430 2013 quasi
1481 1956 1573 2009 per
1615 1952 1673 1992 se
1720 1936 1891 2005 ipsum

312 2056 474 2125 possit
495 2054 595 2105 ista
618 2091 633 2116 ,
669 2048 984 2102 tribuamus.
1016 2039 1146 2096 Nam
1188 2053 1253 2090 ne.
1283 2036 1440 2089 istum
1466 2030 1733 2086 carnalem
1767 2043 1893 2081 scn-

311 2163 430 2203 sum
445 2144 860 2212 spiritumortuo
889 2135 1063 2205 potius
1088 2143 1245 2201 quam
1269 2125 1622 2181 mortificante
1642 2123 1657 2152 ¹
1682 2134 1895 2188 sapere-

317 2256 468 2302 mus,
496 2238 629 2292 illico
664 2232 901 2295 addidit,
937 2228 1190 2297 Quotquot
1217 2224 1349 2281 enim
1375 2220 1574 2289 Spiritu
1615 2216 1710 2268 1).i
1734 2230 1895 2283 agun-

314 2344 420 2395 tur,
447 2330 501 2382 lii
521 2328 613 2397 ﬁlii
632 2335 747 2381 sunt
765 2322 860 2376 Dei
882 2320 993 2395 (Id.
1019 2336 1131 2384 VIII,
1156 2318 1241 2382 15,
1268 2315 1375 2382 li).
1409 2313 1587 2381 Itaque
1614 2318 1671 2363 ut
1710 2307 1898 2375 Spiritu

318 2434 499 2479 nostro
525 2437 684 2491 opera
708 2417 886 2472 carnis
916 2414 1319 2471 mortificcmos,
1342 2406 1541 2476 Spiritu
1572 2402 1662 2458 Dei
1691 2402 1899 2472 agimur

316 2516 406 2586 qui
428 2514 516 2568 dat
541 2510 921 2567 continentiam
945 2546 960 2573 ,
998 2521 1100 2575 qua
1131 2503 1421 2567 frenemus,
1445 2498 1744 2562 domemus,
1781 2494 1898 2546 vitt-

317 2622 499 2665 camus
527 2602 1039 2673 concupiscentiam.

387 2702 474 2755 15.
506 2699 563 2753 1η
587 2700 689 2751 hoc
718 2705 823 2750 tam
863 2706 1052 2762 magno
1082 2688 1297 2759 pra‘lio,
1330 2686 1381 2740 in
1424 2698 1530 2755 quo
1568 2681 1697 2736 vivit
1742 2680 1903 2733 homo

319 2792 414 2847 sub
442 2790 643 2862 gratia,
674 2798 728 2842 et
755 2802 876 2841 eum
905 2784 1040 2838 bene
1070 2788 1267 2852 pugnat
1297 2778 1510 2846 adjutus
1534 2816 1549 2840 ,
1591 2772 1820 2829 exsultat
1851 2772 1903 2824 in

324 2885 547 2940 Domino
576 2896 698 2935 cum
725 2890 953 2933 tremore
975 2918 990 2941 ,
1024 2889 1128 2927 non
1160 2872 1355 2927 desunt
1379 2877 1554 2923 tamen
1585 2866 1745 2921 etiam
1775 2872 1906 2917 stre-

324 2977 439 3030 nuis
465 2971 812 3028 bellatoribus
831 3012 847 3037 ,
883 2977 936 3023 et
961 2981 1181 3035 operum
1208 2962 1386 3018 carnis
1413 2958 1654 3030 quamvis
1697 2954 1907 3009 invictis

322 3063 793 3122 mortificatoribus
819 3104 834 3125 ,
884 3060 1058 3128 aliqua
1102 3055 1323 3109 vulnera
1382 3061 1747 3122 peccatorum,
1785 3061 1908 3115 pro-

326 3174 439 3233 pter
461 3177 582 3232 quze
612 3156 847 3213 sananda
871 3152 1105 3224 quotidie
1143 3148 1406 3204 veraciter
1432 3146 1615 3199 dicant
1638 3183 1652 3207 ,
1701 3140 1906 3193 Dimitte

325 3228 462 3308 nobis
481 3228 664 3305 debita
705 3257 877 3303 nostra
904 3242 1114 3309 (Matth.
1142 3256 1216 3305 γι,
1242 3236 1331 3309 12)
1359 3255 1372 3291 :
1398 3243 1583 3290 contra
1614 3230 1799 3286 eadem
1829 3228 1905 3285 vi-

326 3349 505 3410 tia,et
549 3350 739 3398 contra
791 3337 1062 3393 diabolum
1098 3332 1393 3404 principem
1423 3341 1709 3398 regemque
1753 3323 1909 3376 vitio-

326 3453 469 3503 rum,
497 3437 668 3492 multo
692 3431 994 3503 vigilantius
1019 3436 1072 3482 et
1097 3426 1273 3480 acrius
1305 3424 1419 3491 ipsa
1438 3419 1677 3474 oratione
1705 3422 1911 3468 Certan-

328 3539 434 3595 tes,
466 3545 535 3583 ne
565 3526 783 3580 valeant
807 3519 1003 3592 aliquid
1033 3516 1323 3573 mortiferae
1353 3510 1722 3581 suggestiones
1758 3506 1873 3575 ejus
1892 3545 1907 3569 ,

326 3625 515 3694 quibus
542 3621 756 3689 instigat
785 3617 1003 3685 insuper
1025 3619 1358 3683 peecatorem
1391 3605 1457 3661 ad
1478 3620 1573 3659 sua
1603 3598 1906 3657 exetrtsanda

329 3716 501 3785 potius
522 3728 684 3784 quam
714 3706 1010 3764 accusanda
1039 3712 1289 3776 peccata;
1336 3714 1400 3755 ac
1445 3698 1522 3753 sic
1568 3695 1660 3750 illa
1691 3694 1910 3747 vulnera

330 3823 433 3860 non
462 3804 623 3860 modo
644 3818 751 3857 non
782 3807 1058 3862 sanentur,
1091 3809 1277 3850 verum
1308 3791 1467 3847 etiam
1488 3830 1502 3852 ,
1535 3787 1634 3843 etsi
1667 3782 1911 3840 mortife-

332 3914 390 3953 ra
419 3912 522 3951 non
545 3903 738 3956 erant,
762 3891 999 3963 graviter
1019 3896 1072 3943 et
1090 3885 1354 3941 letbalitcr
1381 3881 1703 3951 inﬂigantur.
1742 3878 1805 3930 Et
1828 3874 1915 3928 hic

300 4005 457 4060 tergo
480 3988 720 4044 cautiore
766 3998 903 4053 Opus
932 3990 1015 4035 est
1060 3974 1388 4033 continentia
1411 4016 1424 4036 ,
1459 3987 1561 4041 qua
1603 3968 1916 4024 cohibeatur

330 4081 592 4152 superbus
634 4075 865 4131 hominis
896 4071 1182 4143 appetitus,
1215 4081 1322 4137 quo
1350 4066 1520 4135 placet
1562 4061 1662 4115 sibi
1706 4067 1755 4114 et
1810 4072 1915 4111 non

331 4169 747 4241 vultculpabilis
788 4164 1043 4227 inveniri,
1073 4160 1496 4229 dedignaturqoe
1535 4167 1656 4208 cum
1695 4156 1913 4220 peccat,

331 4264 575 4321 convinci
604 4259 748 4331 quod
778 4259 893 4328 ipse
926 4253 1253 4325 peccaverit;
1297 4265 1403 4304 non
1455 4245 1654 4302 salubri
1702 4241 1917 4296 Immiti-

335 4366 442 4412 tate
465 4354 764 4422 suscipiens
790 4347 1180 4403 accusationem
1228 4341 1347 4405 sui,
1392 4338 1484 4394 scd
1516 4334 1919 4392 excusationem

333 4449 508 4519 potius
546 4446 763 4501 ruinosa
793 4440 1027 4496 elatione
1060 4434 1403 4504 conquirens.
1434 4429 1515 4484 Ad
1548 4428 1688 4482 hanc
1726 4440 1921 4494 supcr-

337 4545 475 4598 biam
518 4536 912 4600 coercendam,
958 4528 1338 4587 continentiam
1390 4523 1577 4593 petivit
1614 4536 1645 4575 a
1697 4519 1923 4575 Domino

338 4635 459 4699 ille,
485 4631 640 4701 cujus
659 4626 903 4697 superius
932 4622 1090 4677 verba
1117 4621 1225 4690 jam
1277 4617 1462 4687 posui,
1492 4623 1547 4669 et
1574 4614 1710 4668 sicut
1736 4610 1879 4681 potui
1908 4649 1923 4674 ,

339 4721 728 4779 commendavi.
761 4716 997 4785 Namque
1024 4727 1144 4767 cum
1193 4709 1429 4770 dixisset,
1481 4704 1642 4768 Pone,
1688 4702 1923 4766 Domine,

342 4814 621 4869 custodiam
648 4810 725 4864 ori
754 4823 885 4872 meo,
929 4815 975 4859 et
1017 4794 1200 4858 ostiuni
1227 4798 1547 4854 continentia:
1575 4796 1762 4848 circum
1789 4792 1926 4846 labia

347 4924 489 4971 mea;
519 4923 583 4959 ne
629 4902 851 4957 declines
898 4914 987 4952 cor
1023 4911 1191 4950 meum
1232 4894 1287 4945 in
1313 4890 1459 4944 verba
1495 4887 1754 4957 maligna;
1783 4883 1928 4938 unde

347 5001 447 5054 hoc
514 4997 720 5053 diceret
765 4990 1063 5048 evidentius
1116 4984 1421 5055 explicans,
1451 4980 1519 5034 ad
1578 4976 1929 5041 excusandas,

352 5090 513 5161 inquit
540 5130 556 5155 ,
585 5084 931 5141 excusationes
952 5082 1003 5135 in
1027 5078 1243 5149 peccatis
1265 5072 1436 5146 (Psal.
1461 5088 1583 5138 CXL,
1607 5070 1660 5133 5,
1688 5069 1765 5139 lt).
1794 5064 1933 5133 Quid

357 5184 488 5237 enim
516 5179 801 5249 malignius
843 5174 926 5229 bis
955 5173 1164 5238 verbis,
1193 5168 1385 5240 quibus
1429 5166 1601 5221 malus
1640 5163 1837 5218 malum
1877 5174 1935 5214 se

360 5283 537 5345 negat,
589 5272 752 5325 etiam
794 5267 861 5323 de
888 5280 1050 5336 opere
1089 5261 1232 5316 malo
1260 5258 1533 5314 convictus
1560 5253 1701 5327 quod
1741 5265 1937 5320 negare

362 5381 459 5419 non
488 5360 704 5417 valeat?
729 5359 797 5413 Et
820 5355 1072 5428 quoniam
1103 5352 1299 5407 factum
1331 5364 1438 5403 non
1489 5355 1662 5417 potest
1711 5353 1893 5413 tegere
1919 5383 1934 5408 ,

365 5472 453 5512 nec
476 5452 813 5510 benefactum
845 5454 1018 5519 potest
1056 5444 1255 5509 dicere,
1291 5447 1345 5496 et
1388 5456 1417 5494 a
1470 5454 1528 5493 se
1567 5437 1760 5492 iactum
1796 5434 1941 5488 videt

367 5557 537 5616 patere
560 5586 576 5610 ,
608 5541 802 5613 quzcrit
827 5540 880 5594 in
906 5538 1066 5592 alium
1096 5532 1299 5589 referre
1337 5529 1479 5601 quod
1510 5528 1655 5595 fecit,
1688 5537 1935 5596 tanquam

368 5635 479 5695 inde
505 5636 671 5708 possit
694 5633 903 5688 auferre
928 5627 1067 5700 quod
1091 5627 1301 5682 meruit.
1331 5623 1527 5680 Nolens
1551 5634 1607 5676 se
1625 5635 1744 5677 esse
1770 5634 1940 5684 reum,

426 5837 443 5868 ί
459 5835 531 5883 sic
552 5838 657 5883 mss.
687 5837 740 5881 At
756 5828 891 5887 editi,
917 5822 1198 5890 viviﬁcante.

1705 345 1906 405 LIBER
1947 346 2145 402 ΕΝυᾶ

3452 338 3561 401 ⁷558

1984 458 2126 512 addit
2144 458 2317 529 potius
2329 457 2392 511 ad
2414 466 2636 519 reatum,
2652 465 2807 511 etsua
2826 456 3128 512 excusando
3144 473 3246 513 non
3262 460 3563 514 acettsando

1981 561 2216 621 peccata,
2239 551 2442 620 ignorat
2457 565 2560 604 non
2581 566 2639 603 se
2657 565 2869 619 pmoam
2890 565 3188 612 removere,
3214 551 3306 605 sed
3324 554 3553 608 veniam.

1984 641 2135 711 Apud
2184 642 2426 697 homines
2456 643 2597 695 enim
2621 640 2847 711 judiees,
2877 642 3127 711 quoniam
3168 642 3273 695 falli
3306 654 3559 712 possunt,

1982 750 2309 805 quacumque
2324 735 2462 788 velut
2479 749 2701 803 purgare
2718 732 2917 787 fallacia
2929 733 3067 803 quod
3088 748 3359 803 perperam
3374 732 3570 790 factum

1982 835 2065 881 est
2082 868 2097 892 ,
2128 825 2378 895 prodesse
2403 825 2601 895 aliquid
2626 825 2835 879 videtur
2862 824 2926 877 ad
2966 833 3173 893 tempus
3198 842 3209 876 :
3234 825 3372 893 apud
3398 826 3563 881 Deum

1984 926 2159 969 autem
2182 956 2195 980 ,
2219 914 2307 984 qui
2330 915 2434 968 falli
2461 931 2564 968 non
2590 923 2794 984 potest,
2831 930 2935 967 non
2965 924 3046 969 est
3076 914 3375 969 adhibenda
3406 914 3565 971 fallax

1984 1007 2242 1067 defensio,
2272 1007 2364 1061 sed
2391 1022 2547 1060 verax
2576 1008 2838 1062 confessio
2862 1017 3226 1076 peccatorum.

2059 1100 2144 1151 li.
2182 1099 2238 1151 EI
2270 1098 2354 1151 alii
2377 1099 2593 1167 quidem
2629 1100 2719 1169 qui
2762 1116 2856 1153 sua
2894 1111 3291 1156 consueverunt
3315 1118 3570 1160 excusare

1989 1197 2225 1257 peccata,
2268 1189 2372 1242 fato
2413 1205 2469 1243 se
2508 1189 2573 1243 ad
2628 1190 2953 1259 peccandum
2993 1203 3289 1260 queruntur
3334 1194 3531 1262 impelli
3557 1235 3570 1260 ,

1989 1291 2235 1349 tanquam
2271 1279 2369 1333 boc
2400 1279 2735 1333 decreverint
2754 1279 2925 1334 sidera
2947 1322 2961 1346 ,
2996 1291 3047 1335 et
3071 1282 3265 1336 emtum
3299 1284 3443 1351 prius
3490 1295 3570 1338 Ia-

1991 1372 2057 1425 lia
2084 1370 2415 1425 decernendo
2443 1374 2759 1441 peccaverit,
2785 1383 2840 1426 ut
2871 1372 3031 1427 horno
3069 1385 3249 1443 postea
3273 1376 3397 1429 talia
3422 1392 3572 1431 com-

1993 1462 2249 1515 mittendo
2282 1472 2538 1531 peccaret.
2563 1463 2663 1516 Alii
2687 1464 2909 1517 fortuna:
2928 1465 3129 1519 malunt
3147 1465 3407 1534 imputare
3428 1467 3568 1536 quod

1989 1561 2215 1622 p'ct'ant
2242 1571 2254 1606 :
2285 1554 2371 1622 qui
2395 1553 2572 1607 omnia
2606 1554 2833 1608 fortuitis
2877 1555 3087 1608 casibus
3116 1557 3304 1626 agitari
3343 1567 3568 1627 putant;

1994 1660 2091 1699 nec
2124 1655 2300 1698 tamen
2337 1644 2436 1698 boc
2478 1659 2535 1698 se
2579 1646 2789 1699 fortuita
2837 1646 3133 1700 temeritate
3158 1688 3172 1712 ,
3228 1647 3319 1700 sed
3362 1663 3576 1718 perspe-

1986 1746 2077 1789 cta
2108 1737 2311 1789 ratione
2342 1750 2528 1806 sapere
2554 1747 2713 1805 atque
2742 1750 3046 1790 asseverare
3064 1736 3413 1791 contendunt.
3437 1738 3579 1805 Qua~

1996 1827 2059 1881 lis
2085 1842 2211 1896 ergo
2237 1826 2502 1881 dementia
2529 1837 2610 1881 est
2629 1868 2644 1892 ,
2670 1827 3054 1896 disputationes
3088 1843 3210 1882 suas
3247 1829 3436 1883 rationi
3486 1830 3580 1883 tri-

1997 1919 2158 1973 buere
2179 1961 2192 1983 ,
2225 1928 2277 1973 et
2299 1920 2535 1973 actiones
2563 1935 2686 1974 suas
2713 1919 2921 1973 casibus
2948 1920 3385 1990 subjngare?Alii
3408 1930 3578 1977 totum

1996 2010 2136 2079 quod
2166 2010 2301 2063 male
2331 2008 2547 2075 faciunt,
2588 2010 2638 2063 in
2669 2009 2935 2063 diabolum
2968 2010 3204 2063 referunt
3232 2029 3247 2062 -:
3274 2025 3372 2065 nec
3399 2012 3583 2066 volunt

1996 2118 2118 2157 eum
2152 2103 2242 2155 illo
2275 2102 2471 2156 habere
2514 2102 2593 2156 vel
2627 2112 2827 2171 partem
2851 2143 2866 2170 ,
2896 2117 3016 2156 cum
3048 2102 3194 2157 illum
3226 2103 3325 2157 sibi
3352 2104 3578 2159 occultis

1998 2196 2426 2266 soggeslionibus
2469 2195 2607 2249 mala
2657 2196 2891 2249 suasisse
2945 2195 3201 2264 suspicari
3244 2196 3479 2266 possint,
3526 2211 3585 2252 se

2001 2296 2177 2340 autem
2235 2285 2341 2340 illis
2390 2285 2849 2354 suggestionibus,
2916 2284 3285 2354 undecumque
3351 2284 3583 2351 fuerint,

1998 2374 2337 2431 coasensisse
2362 2373 2605 2429 dubitare
2637 2391 2738 2428 non
2771 2374 2993 2445 possint.
3026 2373 3159 2430 Sunt
3182 2376 3340 2430 etiam
3375 2377 3462 2446 qui
3486 2392 3588 2431 ex:

2004 2469 2331 2522 cusationcm
2363 2483 2511 2521 suam
2535 2467 2826 2521 extendunt
2858 2467 2907 2520 in
2929 2468 3319 2521 3CCU>ﬂliOllClll
3349 2468 3473 2530 Dei,
3502 2468 3588 2521 di-

2006 2561 2130 2612 vino
2170 2559 2371 2629 judicio
2422 2559 2638 2621 miseri,
2695 2573 2792 2612 suo
2833 2567 3009 2611 autem
3053 2557 3229 2612 furore
3271 2558 3589 2627 blaSpbemi.

2008 2646 2216 2703 Etenim
2247 2649 2502 2703 adversus
2523 2664 2641 2702 eum
2673 2665 2736 2702 ex
2767 2649 3034 2702 contrario
3053 2649 3308 2718 principio
3334 2648 3590 2703 inducunt

2009 2743 2132 2797 mali
2162 2742 2512 2796 substantiam
2552 2741 2895 2795 rebellantem
2917 2780 2931 2805 ,
2970 2741 3182 2795 cuinon
3215 2740 3473 2809 potuisset
3501 2756 3591 2795 re-

2010 2834 2220 2897 sistere,
2250 2833 2349 2886 nisi
2374 2833 2681 2886 substantia:
2705 2841 3014 2900 nalurthuc
3044 2846 3153 2884 sua:
3178 2839 3380 2900 partem
3410 2829 3587 2887 cidem

2009 2926 2291 2981 rebellanti
2357 2923 2819 2978 contaminandam
2875 2923 3427 2994 corrumpendamque
3495 2924 3595 2977 mi-

2011 3020 2239 3073 scuisset
2272 3036 2284 3071 :
2318 3025 2372 3071 et
2399 3028 2522 3070 tunc
2561 3032 2618 3069 sc
2650 3030 2870 3083 peccare
2901 3014 3115 3079 dicunt,
3166 3015 3377 3083 quando
3408 3024 3597 3069 natura

2012 3112 2136 3165 mali
2168 3111 2419 3179 prtevalet
2446 3119 2645 3161 natum-
2678 3106 2790 3160 Dei.
2813 3106 2936 3159 llazc
2956 3105 3366 3159 Maniclueorum
3394 3114 3473 3159 est
3496 3105 3596 3158 im-

2013 3201 2360 3257 mundissima
2402 3199 2637 3261 insania,
2681 3212 2905 3266 quorum
2953 3194 3377 3249 machinamenta
3409 3195 3599 3249 diabo-

2015 3292 2112 3346 lica
2142 3291 2387 3345 l'acillimc
2413 3289 2609 3343 veritas
2651 3285 2947 3340 indubitata
2994 3285 3288 3350 subvertit,
3340 3301 3456 3355 qum
3504 3286 3598 3340 Dei

2016 3392 2258 3437 ruituram
2321 3378 2843 3433 incontaminabilem
2914 3384 3074 3445 atque
3144 3375 3601 3444 incorruptibilem

2015 3477 2315 3530 Conlitctttr.
2345 3470 2481 3540 Quid
2513 3480 2684 3523 autem
2727 3468 3001 3539 ﬂagitiosa:
3040 3467 3505 3522 contaminationis
3546 3477 3602 3523 et

2015 3566 2372 3637 corruptionis
2402 3566 2468 3619 de
2500 3564 2613 3617 istis
2645 3563 2833 3616 merito
2881 3576 2987 3614 non
3027 3559 3282 3620 creditur.
3331 3573 3360 3611 a
3411 3559 3604 3629 quibus

2018 3663 2187 3726 Deus,
2220 3657 2309 3729 qui
2337 3671 2544 3711 summe
2580 3663 2736 3725 atque
2764 3650 3249 3720 incomparabiliter
3283 3650 3454 3705 bonus
3490 3657 3601 3714 est,

2017 3751 2441 3809 contaminabilis
2467 3757 2521 3804 ct
2547 3747 2906 3817 corruptibilis
2934 3742 3211 3799 creditur?
3456 3746 3461 3747 ⁷

2089 3842 2313 3899 CAPUT
2342 3840 2426 3895 \’l.
2454 3870 2526 3881 —-
2555 3839 2639 3893 lii.
2673 3837 2861 3892 Contra
2886 3836 3013 3889 alios
3041 3834 3127 3905 qui
3152 3842 3205 3886 ut
3242 3849 3293 3886 se
3326 3841 3594 3897 excusent,

2021 3937 2192 3989 dicunt
2216 3934 2412 4005 placere
2442 3930 2547 3985 Deo
2571 3939 2794 4000 peccata.
2821 3925 2952 3979 Deus
2976 3935 3021 3978 et
3044 3925 3106 3977 de
3132 3923 3279 3976 malis
3305 3924 3426 3993 facit
3454 3921 3604 3975 bona.

2025 4026 2191 4081 Ilomo
2217 4041 2329 4078 cum
2371 4031 2613 4094 potestate
2655 4018 2895 4091 peccandi
2931 4020 3123 4086 factus,
3168 4031 3259 4085 pro
3285 4014 3492 4083 prtemio
3519 4028 3609 4065 ac-

2022 4130 2259 4191 cepturus
2297 4134 2396 4170 non
2428 4131 2575 4186 posse
2615 4129 2842 4185 peccare.
2871 4110 3007 4163 Sunt
3045 4119 3099 4163 et
3140 4110 3228 4179 qui
3260 4123 3326 4162 eo
3372 4106 3531 4161 modo
3557 4107 3611 4161 in

2024 4211 2364 4268 excusatione
2385 4216 2723 4278 peccatorum
2743 4219 2957 4258 suorum
2976 4210 3231 4256 accusant
3249 4202 3435 4266 Deum,
3453 4210 3511 4253 ut
3532 4200 3613 4254 di-

2024 4314 2149 4361 cant
2168 4304 2215 4360 ei
2241 4303 2451 4373 placere
2480 4309 2715 4369 peccata.
2741 4297 2871 4351 Nam
2896 4297 2939 4350 si
2969 4296 3329 4364 displicerent,
3350 4293 3612 4364 inquiunt,

2026 4400 2171 4454 nullo
2227 4395 2386 4450 modo
2442 4409 2503 4448 ea
2557 4392 2669 4446 fieri
2725 4388 3239 4461 omnipotentissima
3291 4389 3472 4456 utique
3517 4402 3616 4456 po-

2029 4498 2221 4546 testate
2244 4488 2590 4557 permitteret.
2610 4484 2770 4551 Quasi
2793 4496 2921 4536 vero
2944 4489 3157 4551 peccata
3182 4479 3323 4534 Deus
3351 4479 3611 4549 impunita

2030 4598 2149 4639 csse
2178 4578 2509 4651 permiserit,
2539 4576 2697 4630 etiam
2722 4575 2773 4628 in
2801 4574 2879 4628 eis
2907 4587 3041 4643 quos
3066 4588 3097 4626 a
3127 4571 3389 4642 supplicio
3421 4572 3620 4640 sempi-

2033 4683 2185 4729 terno
2216 4670 2532 4727 remissione
2578 4668 2771 4722 liberat
2812 4675 3170 4736 peccatorum.
3212 4665 3396 4719 Nullus
3424 4665 3620 4734 quippe

2033 4768 2225 4824 debitae
2252 4762 2512 4835 gravioris
2542 4776 2714 4831 paena:
2753 4759 2943 4829 accipit
2973 4758 3221 4823 veniam,
3250 4757 3350 4811 nisi
3379 4755 3618 4825 qualem-

2035 4874 2262 4930 cumque
2284 4900 2297 4923 ,
2324 4856 2425 4912 etsi
2454 4855 2611 4925 longe
2633 4854 2893 4908 minorem
2925 4866 3082 4920 quam
3115 4849 3373 4911 debebat,
3401 4846 3624 4900 solverit

2037 4969 2250 5026 poenam
2277 4969 2292 5007 :
2315 4960 2473 5021 atque
2514 4949 2584 5003 ita
2632 4947 2932 5020 impartitur
2965 4945 3178 5013 largitas
3204 4938 3620 5004 misericordiae,

2038 5056 2099 5103 ut
2126 5062 2231 5102 non
2272 5044 2604 5112 relinquatur
2632 5041 2790 5094 etiam
2831 5037 3035 5109 justitia
3066 5032 3377 5102 disciplinte.
3410 5029 3541 5084 Nam
3566 5038 3627 5086 et

2041 5148 2313 5213 peccatum
2343 5135 2484 5207 quod
2526 5135 2748 5189 inultum
2791 5132 3019 5195 videtur,
3049 5127 3208 5181 habet
3246 5124 3618 5195 pedissequam

2042 5246 2253 5301 pennam
2284 5243 2432 5282 suam
2454 5268 2468 5291 ,
2496 5235 2556 5280 ut
2581 5240 2739 5280 nemo
2769 5222 2836 5278 de
2863 5220 3098 5276 admisso
3123 5216 3224 5270 nisi
3246 5224 3337 5270 aut
3364 5215 3625 5270 amaritu-

2043 5323 2169 5378 dine
2207 5321 2422 5385 doleat,
2452 5328 2542 5372 aut
2580 5317 2818 5371 catcitatc
2859 5327 2966 5366 non
3004 5307 3202 5362 doleat.
3242 5305 3389 5363 Sicut
3415 5322 3542 5377 ergo
3573 5316 3628 5362 tu

2046 5415 2180 5472 dicis
2201 5456 2216 5482 ,
2244 5414 2350 5470 Cur
2380 5410 2636 5483 permittit
2664 5409 2761 5461 ista
2784 5447 2799 5471 ,
2829 5404 2871 5459 si
2901 5401 3219 5471 displicent?
3251 5401 3320 5456 ita
3351 5415 3451 5471 ego
3472 5401 3625 5467 dico,

2048 5510 2153 5565 Cur
2182 5508 2330 5575 punit
2354 5507 2483 5565 ista,
2511 5503 2555 5556 si
2583 5498 2832 5571 placent?
2863 5499 2939 5551 Ac
2969 5510 3063 5565 per
3084 5493 3186 5550 hoc
3216 5496 3353 5549 sicut
3378 5509 3478 5564 ego
3497 5509 3632 5547 eon-

2051 5584 2206 5657 ﬁtcor
2229 5598 2368 5670 quod
2395 5595 2612 5650 omnino
2640 5593 2739 5646 ista
2766 5605 2872 5645 non
2903 5589 3091 5643 fierent
3112 5628 3125 5648 ,
3157 5588 3256 5642 nisi
3290 5586 3358 5641 ab
3378 5584 3633 5654 Omnipo-

2054 5704 2197 5749 tcute
2241 5688 2710 5759 permitterentur;
2743 5681 2816 5736 ita
2864 5689 2919 5735 tu
2963 5679 3217 5734 confitere
3248 5675 3485 5731 facienda
3528 5687 3634 5728 non

2058 5800 2175 5841 esse
2204 5795 2321 5851 qua:
2362 5794 2391 5832 a
2430 5778 2575 5848 justo
2621 5775 3028 5845 puniantur:ut
3075 5786 3183 5827 non
3229 5765 3470 5824 faciendo
3516 5778 3637 5834 qua:
