4046 6332
438 305 542 362 $59

437 416 620 493 punit,
653 431 951 472 mereamur
990 413 1057 469 ab
1103 428 1169 468 eo
1212 413 1419 469 discere
1460 428 1556 467 cur
1602 415 1859 483 permittit
1901 429 2021 469 esse

440 529 558 584 qme
581 511 778 580 puniat.
809 508 1152 579 Perfectoruut
1174 516 1243 561 est
1266 506 1406 559 enim
1426 547 1440 572 ,
1467 507 1603 559 sicut
1626 506 1879 575 scriptum
1908 512 1990 559 est
2011 546 2027 572 ,

442 604 635 661 seiidus
660 600 797 655 cibus
819 599 1001 670 (Hebr.
1037 615 1087 664 ν,
1119 598 1205 668 Η)
1233 615 1246 650 :
1277 597 1331 650 in
1357 612 1462 666 quo
1489 595 1542 650 hi
1572 596 1661 666 qui
1694 598 1827 651 bene
1854 594 2030 665 profe-

443 688 629 750 CCrunt
653 735 667 759 ,
693 693 803 763 jam
835 691 1135 760 intelligunt
1160 689 1226 743 ad
1259 688 1700 757 omnipotentiam
1727 687 1820 742 Dei
1856 687 2029 758 potius

445 786 495 839 id
530 784 878 855 pertinuisse,
911 790 968 834 ιιι
1009 796 1075 834 ex
1120 780 1287 834 libero
1332 778 1552 834 arbitrio
1596 778 1883 859 voluptatis
1936 793 2032 833 ve-

446 872 640 933 nieuiia
674 875 808 929 mala
841 888 959 928 esse
984 871 1329 941 permitteret.
1355 869 1521 925 Tanta
1544 870 1737 940 quippe
1769 870 1784 901 ¹
1810 878 1890 924 est
1916 884 2031 923 om-

449 968 693 1037 nipotens
720 959 832 1033 ejus
857 952 1084 1023 bonitas,
1113 972 1165 1015 ut
1194 961 1354 1015 etiam
1385 960 1452 1014 de
1478 960 1631 1013 malis
1661 959 1827 1028 possit
1851 960 2028 1013 facere

448 1060 585 1114 bOua
605 1101 618 1123 ,
644 1059 755 1112 sive
786 1044 1107 1124 ignoscendo
1129 1095 1143 1117 ,
1173 1053 1283 1107 sive
1305 1049 1541 1107 sanando
1562 1092 1575 1117 ,
1607 1052 1719 1104 sive
1739 1050 1807 1104 ad
1827 1047 2026 1103 utilita-

450 1160 529 1205 tes
576 1145 782 1220 piorum
830 1144 1126 1216 coaptando
1172 1152 1332 1214 atque
1377 1144 1663 1210 vertendo,
1706 1145 1820 1198 sive
1868 1143 2027 1197 etiam

444 1241 738 1310 iustissime
772 1234 1106 1291 vindicando.
1132 1233 1320 1290 Omnia
1345 1250 1574 1305 namque
1600 1235 1697 1287 ista
1724 1232 1859 1287 bo‘na
1882 1234 2026 1300 sunt,

449 1340 503 1388 et
533 1335 639 1387 Deo
668 1325 807 1385 bono
851 1325 1008 1399 atque
1038 1326 1400 1399 omnipotente
1430 1326 1738 1396 dignissima
1772 1344 1785 1379 :
1820 1339 1916 1380 nec
1948 1333 2029 1379 ta-

446 1439 569 1479 men
615 1422 748 1476 fiunt
792 1421 889 1475 nisi
939 1422 1005 1475 de
1048 1420 1221 1474 malis.
1262 1409 1397 1487 Quid
1446 1418 1603 1488 igitur
1646 1417 1869 1481 melius,
1903 1415 2029 1487 quid

446 1515 863 1586 omnipotentius
909 1529 973 1567 eo
1022 1512 1112 1581 qui
1159 1527 1279 1565 cum
1329 1510 1453 1565 mali
1497 1504 1626 1563 nihil
1675 1508 1865 1574 faciat,
1896 1508 2031 1562 bene

447 1608 606 1662 etiam
635 1607 701 1661 de
726 1608 879 1660 malis
906 1595 1067 1659 facit?
1097 1600 1339 1658 Clamant
1366 1603 1431 1657 ad
1458 1617 1578 1656 eum
1602 1597 1691 1671 qui
1721 1600 1857 1656 male
1889 1600 2030 1655 fece—

448 1709 599 1763 runt,
631 1698 838 1753 Dimitte
879 1698 1020 1751 nobis
1065 1697 1229 1750 debita
1275 1705 1442 1750 nostra
1494 1689 1703 1766 (Matth.
1757 1711 1839 1759 γι,
1886 1693 1973 1763 ‘12)
2010 1710 2025 1747 :

449 1790 696 1857 exaudit,
728 1789 970 1861 ignoscit.
1004 1787 1308 1842 Nocuerunt
1345 1802 1441 1841 sua
1470 1785 1606 1839 mala
1647 1780 2027 1855 peccantibus:

448 1884 696 1939 subvenit
750 1897 935 1938 eorum
987 1880 1333 1949 medeturque
1381 1878 1739 1947 languoribus.
1794 1876 2031 1935 S:cviunt

448 1987 665 2028 suorum
709 1972 889 2027 hostes
923 1990 935 2025 :
966 1971 1034 2026 de
1079 1971 1290 2025 illorum
1340 1971 1540 2024 smvitia
1584 1968 1707 2023 facit
1747 1967 2027 2042 martyres.

448 2064 727 2119 Postremo
753 2066 912 2117 etiam
942 2062 1261 2117 condemnat
1290 2076 1383 2116 eos
1410 2075 1542 2131 quos
1576 2060 1916 2114 damnatione
1939 2050 2031 2131 ju-

448 2154 791 2225 dicatdignos
813 2170 826 2206 :
847 2152 941 2208 sna
970 2153 1091 2207 licet
1118 2153 1192 2205 illi
1223 2152 1359 2205 mala
1387 2151 1672 2220 patiantur,
1701 2150 1825 2205 facit
1853 2160 2031 2207 tamen

449 2241 539 2301 ille
564 2245 704 2316 quod
738 2246 934 2300 bonum
974 2254 1076 2299 est.
1118 2244 1232 2298 Non
1274 2251 1448 2313 potest
1492 2244 1631 2297 enim
1676 2242 1873 2297 bonum
1919 2258 2029 2297 non

448 2352 599 2403 esse,
631 2332 771 2406 quod
798 2332 998 2406 justum
1029 2345 1111 2390 est
1138 2353 1151 2388 :
1177 2344 1231 2389 et
1274 2336 1453 2403 utique
1492 2334 1631 2388 sicut
1670 2333 1923 2404 injustum
1950 2343 2033 2390 est

449 2440 723 2501 peccatum
745 2472 759 2495 ,
794 2429 863 2483 ita
892 2429 1092 2499 justum
1117 2436 1197 2482 est
1225 2426 1430 2499 peccati
1458 2426 1796 2496 supplicium.

520 2522 607 2578 i6.
652 2521 763 2575 Non
790 2531 965 2575 autem
1010 2527 1264 2591 potestas.
1285 2518 1393 2573 Deo
1434 2517 1635 2583 defuit,
1665 2517 1825 2572 talem
1853 2514 2031 2572 facere

446 2611 715 2668 hominem
761 2614 850 2684 qtti
898 2627 1120 2683 peccare
1166 2627 1271 2665 non
1316 2608 1649 2682 possetzsed
1694 2608 1880 2664 maluit
1906 2625 2030 2665 eum

445 2702 604 2761 talem
637 2705 811 2761 facere
831 2746 846 2772 ,
878 2705 962 2759 cui
1005 2704 1277 2773 adjaceret
1321 2718 1577 2774 peccare,
1606 2698 1651 2758 si
1694 2696 1888 2770 vellet;
1921 2719 2030 2759 non

445 2812 697 2867 peccare,
727 2798 771 2851 si
797 2796 961 2851 nollet
987 2813 1000 2850 :
1026 2796 1128 2851 hoc
1157 2796 1481 2867 prohibens,
1512 2786 1638 2851 illud
1670 2796 1985 2867 praecipiens
2011 2814 2026 2853 :

445 2897 505 2944 ιιι
536 2889 679 2959 prius
709 2888 781 2942 illi
814 2896 958 2943 esset
1000 2887 1200 2942 bonum
1245 2888 1491 2942 meritum
1536 2902 1641 2943 non
1682 2903 1907 2959 peccare
1927 2930 1943 2955 ,
1974 2897 2029 2946 et

443 2991 629 3051 postea
667 2981 871 3051 justum
914 2981 1192 3051 przemium
1238 2996 1346 3035 non
1394 2995 1553 3050 posse
1598 2995 1842 3051 peccare.
1894 2981 2030 3037 Nam

443 3075 603 3130 etiam
635 3070 767 3128 tales
792 3082 1003 3128 sanctos
1028 3087 1153 3128 suos
1182 3073 1235 3126 in
1264 3070 1367 3125 fine
1398 3070 1633 3127 facturus
1656 3080 1769 3140 est,
1800 3073 1890 3145 qui
1913 3088 2030 3129 om-

445 3167 573 3222 nino
595 3182 817 3237 peccare
845 3180 951 3220 non
992 3165 1214 3236 possint.
1247 3164 1403 3219 Tales
1442 3163 1602 3219 habet
1643 3164 1837 3236 quippe
1866 3167 2029 3222 etiam

443 3273 586 3314 nunc
627 3256 858 3327 Angelos
886 3271 1010 3312 suos
1031 3298 1045 3320 ,
1078 3271 1212 3327 quos
1241 3256 1292 3310 in
1323 3246 1412 3310 illo
1438 3256 1516 3311 sic
1555 3271 1794 3311 amamus
1814 3297 1829 3322 ,
1858 3265 1916 3311 ut
1959 3256 2029 3313 de

443 3351 592 3406 nullo
617 3364 803 3404 eorum
847 3365 913 3404 ne
942 3348 1213 3419 peccando
1244 3348 1335 3403 fiat
1373 3346 1616 3405 diabolus
1656 3348 2024 3406 formidemus.

444 3442 596 3511 Quod
623 3442 690 3497 de
718 3442 931 3498 nemine
956 3441 1173 3496 homine
1195 3442 1340 3524 justo
1367 3441 1419 3495 in
1448 3441 1605 3512 hujus
1634 3443 1755 3498 vitze
1784 3444 2026 3498 mortali-

442 3543 550 3590 tate
576 3535 966 3606 prwsumimus.
990 3533 1147 3588 Tales
1171 3542 1348 3587 autem
1369 3548 1559 3589 omnes
1580 3524 1783 3590 futuros
1810 3536 1862 3591 in
1886 3537 2025 3592 illius

440 3626 563 3681 vita:
619 3625 1014 3681 immortalitate
1076 3623 1412 3678 confidimus.
1470 3617 1830 3694 Omnipotens
1882 3629 2025 3683 enim

441 3717 584 3771 Deus
607 3716 695 3786 qui
726 3722 977 3784 operatur
1007 3715 1142 3769 bona
1171 3714 1330 3768 etiam
1353 3713 1420 3768 de
1448 3715 1644 3769 nostris
1671 3712 1822 3770 malis
1845 3757 1859 3780 ,
1890 3733 2026 3785 qua-

440 3806 511 3861 lia
550 3806 695 3860 dabit
741 3806 878 3859 bona
899 3845 913 3867 ,
945 3819 1065 3859 cum
1110 3804 1418 3858 liberaverit
1443 3805 1511 3859 ab
1555 3806 1801 3860 omnibus
1831 3807 2025 3863 malis?

440 3897 605 3953 Multa
634 3896 701 3951 de
731 3896 875 3952 bono
898 3912 995 3950 usu
1017 3896 1139 3951 mali
1168 3897 1435 3967 c0piosius
1460 3908 1681 3967 possunt
1700 3906 1755 3953 et
1776 3899 2023 3955 subtilius

440 3986 697 4059 disputari
728 3986 856 4042 :sed
888 4002 1058 4057 neque
1099 3988 1198 4043 hoc
1242 3988 1343 4042 isto
1373 4003 1621 4045 sermone
1656 3991 2021 4062 suscepimus,

439 4088 495 4134 et
519 4079 635 4149 ejus
661 4077 817 4132 nimia
846 4076 1058 4132 vitanda
1085 4086 1167 4133 est
1194 4079 1487 4149 longitudo.

509 4192 735 4250 CAPUT
770 4192 879 4247 VII.
910 4223 981 4233 —
1024 4194 1112 4247 17.
1159 4192 1491 4251 Continentia:
1530 4204 1576 4250 et
1610 4197 1828 4268 justitia:
1861 4199 2023 4270 oﬁicia

439 4286 629 4355 pariter
667 4284 874 4338 tendunt
901 4282 967 4336 ad
1005 4299 1199 4353 pacem.
1229 4280 1416 4336 Contra
1443 4285 1847 4341 Manichaeorum
1878 4290 2023 4343 insa-

437 4377 576 4431 niant
606 4376 668 4429 de
699 4375 893 4428 duabus
921 4374 1117 4428 naturis
1155 4375 1286 4427 inter
1313 4391 1365 4428 se
1388 4376 1791 4446 conﬂigentibus.
1820 4377 2023 4436 Bellum

437 4470 599 4524 inesse
636 4468 689 4521 in
732 4467 931 4520 homine
974 4483 1036 4520 ea:
1072 4467 1316 4537 languore
1355 4483 1442 4537 per
1477 4470 1683 4539 culpant
1725 4481 1981 4527 contracto
2003 4516 2019 4541 ,

439 4575 615 4631 pacem
639 4567 815 4611 sanato
838 4558 1082 4628 languore
1121 4561 1347 4627 futuram
1376 4574 1499 4611 esse.
1527 4557 1675 4614 Nunc
1700 4575 1826 4631 ergo
1855 4563 1923 4617 ad
1954 4565 2019 4618 il-

438 4652 527 4708 lud
551 4692 567 4720 ,
600 4661 815 4721 propter
855 4650 995 4719 quod
1036 4650 1268 4704 diximus
1313 4650 1409 4704 iSta
1432 4690 1447 4715 ,
1480 4650 1786 4708 redeamus.
1833 4654 2018 4710 Conti-

436 4745 614 4800 nentia
635 4745 788 4799 nobis
805 4759 939 4813 opus
958 4752 1059 4809 est,
1077 4753 1131 4798 et
1153 4758 1271 4798 eam
1299 4744 1533 4799 divinant
1561 4760 1682 4800 esse
1710 4762 1902 4803 munus
1923 4764 2017 4804 co-

434 4837 738 4908 gnoscimus
757 4876 772 4900 ,
805 4851 873 4890 ne
911 4836 1208 4891 declinetur
1235 4851 1329 4891 cor
1356 4846 1593 4892 nostrum
1624 4838 1678 4892 in
1716 4840 1876 4895 verba
1907 4857 2021 4895 ma-

435 4930 577 4999 ligna
622 4927 690 4982 ad
734 4926 1064 4982 excusandas
1109 4927 1482 4982 excusationes
1526 4929 1578 4982 in
1623 4931 1873 4999 peccatis.
1920 4931 2017 4988 Cui

433 5028 610 5074 autem
640 5027 858 5088 peccato
886 5017 1184 5072 cohibendo
1227 5033 1332 5073 non
1374 5017 1629 5074 habemus
1658 5024 2015 5079 necessariam

432 5110 849 5174 continentiam,
879 5124 948 5163 ne
991 5109 1371 5174 committatur,
1414 5110 1623 5179 quando
1672 5122 1725 5167 et
1772 5113 1873 5168 hoc
1903 5116 2014 5184 ipsa

432 5201 642 5256 cohibet
662 5238 677 5266 ,
701 5215 768 5254 ne
790 5199 1135 5254 commissum
1159 5198 1202 5253 si
1231 5199 1391 5253 fuerit
1416 5200 1614 5255 nefaria
1643 5204 1887 5272 superbia
1921 5206 2016 5261 de-

438 5291 718 5345 fendatur?
745 5290 1129 5346 Universaliter
1158 5306 1285 5360 ergo
1330 5292 1656 5346 continentia
1698 5293 1851 5349 nobis
1878 5311 2012 5366 opus

432 5390 536 5447 est,
562 5388 622 5435 ut
640 5380 966 5436 declinemus
984 5397 1013 5436 a
1034 5382 1193 5438 malo.
1212 5380 1279 5436 Ut
1307 5392 1483 5436 autem
1510 5381 1767 5438 faciamus
1789 5386 2009 5456 bonum,

424 5470 502 5529 ad
532 5468 689 5524 aliam
719 5470 927 5525 videtur
952 5473 1219 5538 virtutem,
1247 5473 1348 5528 hoc
1376 5484 1485 5540 est,
1516 5475 1580 5529 ad
1607 5475 1865 5545 justitiam
1891 5496 2012 5551 per-

434 5548 627 5617 tinere.
675 5561 789 5616 Hoc
835 5578 933 5618 nos
979 5563 1231 5621 admonet
1276 5581 1426 5621 sacer
1453 5567 1724 5635 Psalmus,
1758 5572 1844 5625 ubi
1878 5548 2011 5643 legi-

439 5667 557 5709 mus
587 5672 601 5707 :
627 5652 836 5707 Declina
860 5670 893 5707 a
921 5656 1054 5709 malo
1076 5695 1090 5724 ,
1132 5666 1177 5711 et
1215 5658 1296 5728 [ac
1323 5663 1525 5716 bonum.
1556 5662 1670 5729 Quo
1697 5671 1872 5719 autem
1893 5664 2008 5722 {itte

499 5765 519 5798 ³
544 5773 633 5818 uss
656 5802 669 5827 ,
691 5773 789 5817 tam
810 5766 1002 5829 quippe.

1507 300 1593 355 DE
1632 295 2112 371 CONTINENTIA,
2155 300 2215 357 s.
2258 298 2625 361 AUGUSTINI

3615 306 3721 370 360

2139 414 2235 466 ista
2281 414 2561 483 faciamus,
2596 432 2715 471 mox
2764 416 2997 482 addidit,
3030 418 3214 475 dicens
3241 438 3253 474 :
3286 422 3470 489 Quaere
3494 436 3673 498 paceni
3694 466 3711 492 ,

2134 512 2181 557 et
2210 520 2411 575 sequere
2447 522 2557 559 eam
2588 504 2754 576 (Psal.
2793 524 2957 562 χχχιιι
2978 551 2993 576 ,
3027 509 3136 581 15).
3167 511 3274 565 Pax
3301 514 3445 567 enim
3477 514 3717 583 perfecta

2137 603 2261 650 tunc
2301 598 2403 650 erit
2444 598 2623 662 nobis,
2654 599 2864 668 quando
2908 608 3094 655 natura
3136 611 3316 656 nostra
3341 602 3584 660 Creatori
3615 622 3716 665 suo

2135 683 2557 755 inseparabiliter
2584 689 2887 745 colhcrcnte
2906 734 2921 757 ,
2955 690 3085 746 nihil
3130 693 3281 747 nobis
3307 698 3619 766 repugnabit
3648 714 3717 755 ex

2135 778 2305 833 nobis.
2340 780 2451 834 lloc
2475 790 2529 834 et
2555 782 2667 850 ipse
2693 781 2935 837 Salvator
2963 784 3163 850 voluit,
3190 794 3443 855 quantum
3476 788 3607 841 mihi
3638 789 3719 842 vi-

2134 868 2307 935 detur,
2337 872 2594 943 intelligi,
2626 874 2713 927 ubi
2760 875 2867 928 ait:
2896 875 3014 929 Sint
3039 876 3193 930 lumbi
3220 879 3368 932 vestri
3395 880 3642 945 accincti,
3672 890 3719 936 et

2134 962 2352 1017 lucerna:
2377 963 2607 1018 ardentes
2636 965 2674 1019 ι.
2706 964 2843 1033 Quid
2871 975 2951 1020 est
2981 966 3191 1022 lumbos
3218 969 3540 1039 accingere?
3567 971 3719 1025 Libi-

2134 1050 2286 1107 dines
2314 1069 2562 1109 coercere
2582 1096 2596 1121 ,
2625 1056 2764 1125 quod
2797 1066 2879 1111 est
2907 1058 3265 1113 continentiaa.
3289 1056 3559 1116 Lucernas
3581 1074 3715 1117 vero

2134 1146 2384 1201 ardentes
2411 1148 2625 1215 habere,
2654 1157 2737 1204 est
2763 1150 2916 1204 bonis
2941 1152 3190 1221 operibus
3218 1153 3398 1209 lucere
3421 1163 3583 1226 atque
3610 1156 3720 1211 fer-

2134 1253 2281 1306 vere,
2308 1240 2448 1310 quod
2481 1250 2562 1295 est
2582 1241 2821 1311 justitice.
2846 1242 3027 1313 Neque
3056 1244 3139 1298 hic
3163 1246 3325 1301 tacuit
3352 1261 3459 1316 quo
3484 1247 3588 1302 ﬁne
3615 1248 3720 1303 ista

2135 1320 2418 1395 faciamus,
2446 1330 2689 1386 addendo
2724 1342 2881 1403 atque
2906 1334 3131 1389 dicendo
3157 1351 3170 1388 :
3198 1334 3262 1389 Et
3289 1353 3375 1390 vos
3404 1338 3592 1393 similes
3620 1339 3721 1393 Ita-

2135 1415 2349 1474 minibus
2377 1421 2776 1493 exspectantibus
2804 1420 3062 1479 dominum
3096 1443 3246 1480 suum
3266 1469 3281 1495 ,
3309 1429 3511 1499 quando
3554 1432 3723 1484 veniat

2136 1526 2167 1562 a
2193 1509 2380 1580 nuptiis
2421 1506 2568 1583 (Luc.
2602 1530 2676 1568 χιι
2697 1556 2712 1582 ,
2738 1515 2836 1580 35,
2871 1515 2987 1586 36).
3016 1514 3147 1571 Cum
3176 1518 3317 1573 enim
3349 1519 3589 1584 venerit,
3620 1536 3723 1575 nos

2134 1604 2529 1672 remunerabit,
2561 1607 2649 1676 qui
2694 1608 3053 1664 continuimus
3082 1616 3183 1664 nas
3227 1611 3293 1665 ab
3322 1611 3406 1666 his
3432 1629 3551 1683 quae
3576 1616 3597 1645 ⁸
3624 1624 3724 1669 cu-

2136 1692 2361 1761 piditas,
2391 1702 2446 1748 et
2488 1709 2550 1749 ea
2590 1710 2710 1766 qua:
2758 1692 3039 1766 imperavit
3081 1699 3313 1755 charitas
3356 1700 3577 1757 fecimus
3611 1721 3625 1758 :
3661 1712 3723 1760 ut

2135 1783 2189 1837 in
2233 1784 2347 1853 ejus
2376 1785 2611 1853 perfecta
2656 1795 2710 1843 et
2737 1790 3061 1858 sempiterna
3107 1804 3265 1861 pace,
3296 1792 3414 1847 sine
3454 1794 3560 1848 ulla
3591 1797 3720 1852 mali

2135 1876 2479 1931 contentione
2524 1886 2578 1933 et
2624 1893 2745 1933 cum
2786 1895 2994 1934 summa
3041 1880 3165 1936 boni
3213 1882 3600 1954 delectatione,
3626 1902 3721 1942 re-

2134 1974 2377 2036 ‘gnemus.
2500 1957 2513 1965 ’

2208 2058 2295 2113 18.
2335 2057 2532 2115 Omnes
2575 2074 2701 2130 ergo
2744 2061 2835 2132 qui
2879 2063 3147 2119 credimus
3187 2064 3239 2118 in
3273 2064 3435 2121 Deum
3465 2067 3637 2121 vivum
3667 2078 3723 2124 et

2136 2163 2342 2214 verum,
2366 2151 2517 2220 cujus
2538 2166 2745 2207 summe
2767 2153 2904 2208 bona
2932 2154 3380 2226 immutabilisque
3406 2166 3592 2212 natura
3616 2174 3718 2215 nec

2136 2239 2263 2293 mali
2293 2240 2493 2310 aliquid
2526 2240 2673 2306 facit,
2702 2257 2801 2298 nec
2826 2244 2949 2298 mali
2977 2245 3173 2315 aliquid
3206 2248 3421 2315 patitur,
3454 2264 3482 2301 a
3509 2263 3615 2319 quo
3638 2257 3722 2304 est

2136 2344 2294 2385 omne
2322 2330 2553 2398 bonum,
2585 2332 2725 2403 quod
2755 2334 2913 2389 etiam
2943 2334 3110 2389 minui
3143 2344 3317 2405 potest
3341 2337 3383 2401 ³,
3409 2346 3465 2392 et
3492 2338 3581 2407 qui
3613 2352 3713 2393 suo

2134 2422 2275 2479 bono
2316 2424 2456 2495 quod
2502 2424 2616 2495 ipse
2660 2434 2742 2481 est
2780 2427 2999 2482 omnino
3026 2428 3193 2482 minui
3224 2442 3328 2483 non
3362 2437 3559 2499 potest,
3592 2444 3718 2484 cum

2135 2515 2379 2571 audimus
2424 2516 2738 2586 Apostolum
2785 2518 3081 2586 dicentem,
3122 2520 3319 2591 Spiritu
3348 2521 3634 2587 ambulate,
3662 2530 3713 2576 ct

2135 2608 2560 2679 concupiscentias
2579 2610 2747 2663 carnis
2768 2626 2829 2663 ne
2850 2611 3156 2680 perfeceritis
3183 2628 3201 2665 :
3222 2628 3340 2666 caro
3368 2613 3501 2668 enim
3523 2630 3717 2667 concu-

2137 2698 2283 2768 piscit
2308 2698 2545 2753 adversus
2585 2701 2819 2771 spiritum
2838 2742 2852 2765 ,
2882 2702 3090 2772 spiritus
3132 2713 3302 2756 autem
3330 2703 3565 2757 adversus
3600 2720 3719 2757 car-

2134 2805 2283 2853 nem;
2307 2789 2414 2843 Itcec
2439 2791 2572 2843 enim
2593 2792 2802 2845 invicem
2829 2793 2924 2846 sibi
2944 2794 3294 2861 adversantur,
3325 2803 3383 2848 ut
3406 2810 3505 2848 non
3528 2811 3587 2848 ea
3606 2810 3721 2866 qua:

2133 2879 2284 2933 vultis
2322 2880 2521 2950 faciatis
2548 2879 2745 2952 (Colat.
2787 2897 2841 2948 v,
2868 2882 2970 2949 16,
3002 2883 3090 2955 17)
3114 2898 3129 2948 ;
3153 2883 3290 2938 absit
3317 2892 3377 2938 ut
3401 2885 3717 2952 credamus,

2133 2971 2271 3041 quod
2300 2971 2711 3029 Manichaeorum
2739 2974 2909 3029 credit
2939 2975 3140 3030 insania
3160 3016 3175 3043 ,
3204 2975 3338 3032 duas
3377 2977 3463 3032 hic
3490 2977 3715 3033 demon-

2133 3072 2327 3118 stratas
2354 3066 2475 3119 esse
2518 3072 2736 3119 naturas
2774 3081 2843 3121 ex
2883 3066 3167 3121 contrariis
3193 3067 3334 3122 inter
3354 3082 3414 3122 se
3439 3068 3719 3138 principiis

2130 3158 2507 3229 eonlligentes,
2534 3173 2693 3213 unam
2743 3159 2898 3227 boni,
2930 3159 3150 3214 alteram
3178 3159 3323 3216 mali.
3350 3160 3573 3215 Prorsus
3611 3161 3717 3217 ista

2130 3249 2238 3306 duo
2263 3251 2420 3305 ambo
2445 3259 2568 3306 sunt
2595 3251 2733 3307 bona
2759 3269 2774 3306 :
2800 3261 2854 3307 et
2878 3253 3097 3323 spiritus
3122 3252 3318 3309 bonum
3360 3261 3442 3309 est
3460 3296 3475 3320 ,
3505 3262 3560 3309 et
3584 3268 3717 3309 caro

2131 3340 2365 3407 bonum;
2394 3352 2447 3397 et
2473 3342 2633 3398 homo
2662 3342 2752 3413 qui
2796 3358 2861 3397 ex
2894 3352 3119 3414 utroque
3143 3351 3386 3409 constat,
3414 3359 3521 3400 uno
3546 3344 3719 3415 impe-

2130 3439 2303 3499 rante,
2328 3432 2432 3488 alio
2453 3433 2739 3498 serviente,
2768 3434 2955 3504 utique
2978 3434 3173 3489 bonum
3198 3442 3302 3503 est,
3333 3434 3427 3491 sed
3455 3436 3713 3492 mutabile

2135 3521 2334 3577 bonum
2364 3524 2544 3593 :quod
2590 3532 2767 3579 tamen
2814 3524 2931 3580 fieri
2980 3541 3086 3579 non
3131 3525 3377 3595 posset‘,
3409 3526 3512 3582 nisi
3539 3526 3605 3582 ab
3630 3527 3717 3582 in-

2129 3612 2492 3667 commutabili
2520 3614 2693 3680 bono,
2723 3629 2753 3668 a
2780 3630 2887 3683 quo
2918 3623 3002 3670 est
3026 3631 3184 3671 omne
3209 3617 3407 3672 bonum
3433 3626 3672 3673 creatum
3692 3659 3711 3686 ,

2130 3704 2241 3758 sive
2269 3719 2526 3774 parvum,
2555 3705 2671 3761 sive
2697 3721 2980 3777 magnum;
3010 3706 3104 3762 sed
3127 3708 3420 3778 quamlibet
3448 3724 3666 3779 parvum
3686 3750 3705 3775 ,

2128 3810 2158 3851 a
2185 3810 2379 3867 magno
2408 3804 2582 3852 tamen
2610 3797 2838 3865 factum;
2861 3809 2915 3854 et
2938 3801 3230 3870 quamlibet
3255 3816 3528 3872 magnum,
3558 3803 3709 3857 nullo

2127 3891 2289 3947 modo
2316 3900 2490 3946 tamen
2534 3890 2751 3947 factoris
2778 3893 3122 3964 magnitudini
3149 3894 3584 3964 comparandum.
3608 3894 3715 3951 Ve-

2126 3997 2245 4038 rum
2274 3983 2325 4036 in
2355 3983 2453 4037 hac
2484 3982 2621 4037 bona
2654 3982 2886 4039 hominis
2909 3992 2963 4040 et
2991 3985 3128 4041 bene
3161 4000 3190 4039 a
3220 3985 3361 4042 bono
3390 3986 3600 4041 condita
3630 3988 3714 4042 in-

2127 4073 2415 4141 stitutaque
2458 4082 2646 4127 natura
2693 4088 2836 4129 nunc
2881 4074 3081 4129 bellum
3124 4084 3237 4143 est,
3267 4077 3517 4146 quoniam
3564 4078 3713 4132 salus

2127 4162 2361 4217 nondum
2403 4172 2505 4218 est.
2560 4163 2809 4234 Languor
2836 4175 3074 4231 sanetur,
3119 4180 3221 4236 pax
3248 4176 3348 4221 est.
3377 4168 3711 4239 Languorem

2127 4263 2302 4309 autem
2336 4256 2491 4309 istum
2519 4257 2672 4326 culpa
2704 4258 2918 4326 meruit,
2952 4269 3139 4314 natura
3170 4277 3278 4317 non
3309 4262 3510 4318 habuit.
3539 4263 3712 4330 Quam

2125 4361 2256 4403 sane
2283 4348 2494 4418 culpam
2520 4364 2619 4420 per
2645 4350 2911 4405 lavacrum
2953 4353 3374 4422 regenerationis
3412 4354 3503 4411 Dei
3538 4356 3710 4426 gratia

2127 4438 2371 4493 fidelibus
2393 4440 2502 4509 jam
2531 4441 2768 4507 remisit;
2799 4440 2893 4496 sed
2925 4442 3024 4497 sub
3051 4443 3288 4513 ejusdem
3321 4445 3510 4502 medici
3538 4448 3711 4504 mani-

2125 4529 2225 4584 bus
2264 4529 2437 4585 adhuc
2465 4539 2650 4585 natura
2673 4546 2795 4585 cum
2826 4548 2925 4588 suo
2963 4533 3223 4605 languore
3250 4538 3507 4610 conﬂigit.
3533 4539 3589 4594 In
3617 4541 3710 4595 tali

2126 4628 2303 4673 autem
2336 4636 2508 4692 pugna
2536 4622 2735 4678 sanitas
2765 4624 2869 4679 erit
2894 4633 3002 4681 tota
3030 4628 3249 4683 victoria
3276 4645 3288 4681 :
3314 4646 3414 4685 nec
3442 4640 3707 4700 tempora.

2124 4708 2202 4762 ria
2233 4709 2461 4775 sanitas,
2491 4711 2588 4767 sed
2631 4722 2864 4781 aeterna;
2894 4715 2983 4771 ubi
3016 4732 3120 4772 non
3149 4718 3324 4773 solum
3366 4720 3581 4776 finiatur
3616 4721 3709 4779 hic

2122 4798 2365 4869 languor,
2397 4817 2581 4857 verum
2619 4805 2780 4859 etiam
2825 4806 3077 4877 deinceps
3122 4808 3299 4863 nullus
3324 4810 3546 4866 oriatur.
3575 4810 3709 4869 Pro-

2124 4899 2241 4960 pter
2267 4892 2411 4962 quod
2451 4895 2736 4966 alloquitur
2769 4898 3000 4951 animam
3027 4914 3179 4954 suam
3218 4900 3423 4970 justus,
3452 4912 3507 4959 et
3534 4904 3709 4964 dicit:

2124 4981 2343 5038 Benedic
2369 5025 2384 5051 ,
2416 4986 2586 5039 anima
2610 5004 2740 5053 mea,
2767 4987 3063 5056 Dominum,
3088 5000 3136 5044 et
3156 4993 3261 5046 noli
3286 4994 3509 5048 obliuisci
3534 5012 3709 5054 omnes

2121 5074 2472 5130 retributiones
2499 5077 2610 5145 ejus
2630 5092 2649 5128 :
2671 5078 2756 5146 qui
2786 5079 3038 5149 propitius
3076 5082 3134 5148 ﬁt
3161 5083 3387 5139 omnibus
3424 5086 3709 5158 iniquitati.

2188 5229 2202 5258 ³
2229 5234 2359 5305 [ιιιρὲ
2377 5230 2665 5305 cavaticanis
2697 5238 2801 5305 atss.
2820 5233 2965 5305 addit,
2993 5233 3043 5305 in
3072 5232 3289 5305 manibus
3327 5239 3525 5305 uestris;
3572 5242 3709 5305 quod

2082 5280 2085 5283 ’
2120 5301 2222 5365 ξιιρξσΔ
2246 5289 2359 5365 editi
2378 5290 2594 5365 ,negalii
2632 5292 2823 5365 codices
2860 5280 3047 5365 habent
3074 5280 3436 5365 ﬁgi-2161633
3453 5280 3521 5351 '3’

2120 5355 2259 5459 ἒξὲιιι
2276 5350 2526 5460 ἓῖῧιιεειίἰ
2546 5355 2712 5415 abest;
2732 5357 2826 5405 imo
2848 5365 2900 5406 et
2918 5371 2947 5405 a
2969 5356 3131 5421 latino,
3152 5362 3200 5409 in
3222 5350 3431 5425 antiquis
3448 5350 3709 5414 (ια-ὗεἰὲιῇ

2196 5425 2254 5459 us
2308 5427 2322 5460 ι
2379 5426 2451 5460 ns.

2779 5478 2927 5549 addit,
2951 5481 3245 5549 suggerebat.
3280 5485 3487 5533 Vaticani
3510 5492 3703 5549 autem,

2116 5536 2371 5605 instigavit.
2397 5537 2489 5585 sed
2510 5540 2807 5605 subauditur,
2840 5536 3107 5605 imperauit.

2116 5596 2207 5705 MS;
2227 5602 2356 5656 Lov.,
2381 5610 2474 5647 non
2496 5607 2657 5662 potest.
2684 5596 2820 5665 Male,
2844 5611 2895 5653 et
2910 5596 3300 5668 repugnantibus
3330 5605 3474 5657 editis
3513 5606 3622 5659 aliis
3642 5620 3707 5661 ac

2180 5724 2208 5795 ί
2220 5719 2361 5795 editi,
2394 5717 2510 5795 ﬁeri
2529 5737 2619 5773 non
2634 5738 2774 5791 posse
2796 5732 2993 5778 constat.
3035 5733 3089 5779 Αι
3109 5734 3237 5793 Mss,
3258 5725 3372 5789 fieri
3389 5742 3483 5781 non
3507 5737 3697 5795 posset,

2119 5792 2311 5843 onttsso,
2331 5790 2526 5834 constat.
