  <div class='ocr_page' id='page_1' title='image "/cluster/home/n/w/nwhite01/storage/ocr_20150623/40/hvd.32044024147290/186.png"; bbox 0 0 4046 6332; ppageno 0'>
   <div class='ocr_carea' id='block_1_1' title="bbox 277 319 1836 415">
    <p class='ocr_par' dir='ltr' id='par_1_1' title="bbox 277 319 1836 413">
     <span class='ocr_line' id='line_1_1' title="bbox 277 319 1836 413; baseline 0.003 -9"><span class='ocrx_word' id='word_1_1' title='bbox 277 347 359 413; x_wconf 75' lang='lat' dir='ltr'><strong>su</strong></span> <span class='ocrx_word' id='word_1_2' title='bbox 1261 319 1269 360; x_wconf 60' lang='grc' dir='ltr'><strong>ί</strong></span> <span class='ocrx_word' id='word_1_3' title='bbox 1673 341 1836 409; x_wconf 65' lang='grc' dir='ltr'><strong>ιιθεῑ</strong></span> 
     </span>
    </p>
   </div>
   <div class='ocr_carea' id='block_1_2' title="bbox 1943 319 2122 415">
    <p class='ocr_par' dir='ltr' id='par_1_2' title="bbox 1943 349 2122 415">
     <span class='ocr_line' id='line_1_2' title="bbox 1943 349 2122 415; baseline -0.006 -4"><span class='ocrx_word' id='word_1_4' title='bbox 1943 349 2122 415; x_wconf 76' lang='lat' dir='ltr'><strong>INUS.</strong></span> 
     </span>
    </p>
   </div>
   <div class='ocr_carea' id='block_1_3' title="bbox 277 463 1839 542">
    <p class='ocr_par' dir='ltr' id='par_1_3' title="bbox 277 463 1839 542">
     <span class='ocr_line' id='line_1_3' title="bbox 277 463 1839 542; baseline -0.004 -14"><span class='ocrx_word' id='word_1_5' title='bbox 277 472 356 529; x_wconf 72' lang='lat' dir='ltr'><strong>bus</strong></span> <span class='ocrx_word' id='word_1_6' title='bbox 371 469 488 538; x_wconf 80' lang='lat' dir='ltr'><strong>tuis,</strong></span> <span class='ocrx_word' id='word_1_7' title='bbox 510 467 602 542; x_wconf 75' lang='lat' dir='ltr'><strong>qui</strong></span> <span class='ocrx_word' id='word_1_8' title='bbox 624 475 774 525; x_wconf 86' lang='lat' dir='ltr'><strong>sanat</strong></span> <span class='ocrx_word' id='word_1_9' title='bbox 798 481 969 522; x_wconf 85' lang='lat' dir='ltr'><strong>omnes</strong></span> <span class='ocrx_word' id='word_1_10' title='bbox 993 463 1261 537; x_wconf 86' lang='lat' dir='ltr'><strong>languores</strong></span> <span class='ocrx_word' id='word_1_11' title='bbox 1287 471 1398 520; x_wconf 83' lang='lat' dir='ltr'><strong>tuos</strong></span> <span class='ocrx_word' id='word_1_12' title='bbox 1426 463 1706 537; x_wconf 84' lang='lat' dir='ltr'><strong>(Psal.cn,</strong></span> <span class='ocrx_word' id='word_1_13' title='bbox 1725 466 1762 520; x_wconf 74' lang='lat'>2</span> <span class='ocrx_word' id='word_1_14' title='bbox 1789 475 1839 522; x_wconf 87' lang='lat' dir='ltr'><strong>et</strong></span> 
     </span>
    </p>
   </div>
   <div class='ocr_carea' id='block_1_4' title="bbox 273 559 1838 636">
    <p class='ocr_par' dir='ltr' id='par_1_4' title="bbox 273 559 1838 636">
     <span class='ocr_line' id='line_1_4' title="bbox 273 559 1838 636; baseline -0.004 -16"><span class='ocrx_word' id='word_1_15' title='bbox 273 566 336 636; x_wconf 77' lang='lat'><strong>&#39;5).</strong></span> <span class='ocrx_word' id='word_1_16' title='bbox 356 563 623 635; x_wconf 79' lang='lat' dir='ltr'><strong>Propitius</strong></span> <span class='ocrx_word' id='word_1_17' title='bbox 655 563 714 618; x_wconf 87' lang='lat' dir='ltr'><strong>fit</strong></span> <span class='ocrx_word' id='word_1_18' title='bbox 743 560 1110 632; x_wconf 76' lang='lat' dir='ltr'><strong>iniquitatibus</strong></span> <span class='ocrx_word' id='word_1_19' title='bbox 1129 603 1144 629; x_wconf 95' lang='lat'><strong>,</strong></span> <span class='ocrx_word' id='word_1_20' title='bbox 1177 574 1298 616; x_wconf 91' lang='lat' dir='ltr'><strong>cum</strong></span> <span class='ocrx_word' id='word_1_21' title='bbox 1329 567 1547 630; x_wconf 88' lang='lat' dir='ltr'><strong>peccata</strong></span> <span class='ocrx_word' id='word_1_22' title='bbox 1572 559 1791 615; x_wconf 80' lang='lat' dir='ltr'><strong>dimittit</strong></span> <span class='ocrx_word' id='word_1_23' title='bbox 1822 575 1838 614; x_wconf 88' lang='lat'><strong>:</strong></span> 
     </span>
    </p>
   </div>
   <div class='ocr_carea' id='block_1_5' title="bbox 271 652 1838 728">
    <p class='ocr_par' dir='ltr' id='par_1_5' title="bbox 271 652 1838 728">
     <span class='ocr_line' id='line_1_5' title="bbox 271 652 1838 728; baseline -0.004 -15"><span class='ocrx_word' id='word_1_24' title='bbox 271 667 401 714; x_wconf 82' lang='lat' dir='ltr'><strong>sanat</strong></span> <span class='ocrx_word' id='word_1_25' title='bbox 445 658 767 728; x_wconf 86' lang='lat' dir='ltr'><strong>languores,</strong></span> <span class='ocrx_word' id='word_1_26' title='bbox 818 669 942 709; x_wconf 90' lang='lat' dir='ltr'><strong>cum</strong></span> <span class='ocrx_word' id='word_1_27' title='bbox 995 652 1256 711; x_wconf 85' lang='lat' dir='ltr'><strong>desideria</strong></span> <span class='ocrx_word' id='word_1_28' title='bbox 1309 667 1471 722; x_wconf 89' lang='lat' dir='ltr'><strong>prava</strong></span> <span class='ocrx_word' id='word_1_29' title='bbox 1524 652 1838 722; x_wconf 83' lang='lat' dir='ltr'><strong>compescit.</strong></span> 
     </span>
    </p>
   </div>
   <div class='ocr_carea' id='block_1_6' title="bbox 272 744 1840 820">
    <p class='ocr_par' dir='ltr' id='par_1_6' title="bbox 272 744 1840 820">
     <span class='ocr_line' id='line_1_6' title="bbox 272 744 1840 820; baseline -0.003 -16"><span class='ocrx_word' id='word_1_30' title='bbox 272 749 514 820; x_wconf 86' lang='lat' dir='ltr'><strong>Propitius</strong></span> <span class='ocrx_word' id='word_1_31' title='bbox 541 747 603 801; x_wconf 90' lang='lat' dir='ltr'><strong>ﬁt</strong></span> <span class='ocrx_word' id='word_1_32' title='bbox 623 746 1013 818; x_wconf 86' lang='lat' dir='ltr'><strong>iniquitatibus,</strong></span> <span class='ocrx_word' id='word_1_33' title='bbox 1037 745 1215 801; x_wconf 92' lang='lat' dir='ltr'><strong>dando</strong></span> <span class='ocrx_word' id='word_1_34' title='bbox 1240 744 1622 815; x_wconf 82' lang='lat' dir='ltr'><strong>indulgentiam</strong></span> <span class='ocrx_word' id='word_1_35' title='bbox 1649 761 1661 797; x_wconf 89' lang='lat'><strong>:</strong></span> <span class='ocrx_word' id='word_1_36' title='bbox 1687 750 1840 800; x_wconf 80' lang='lat' dir='ltr'><strong>sanat</strong></span> 
     </span>
    </p>
   </div>
   <div class='ocr_carea' id='block_1_7' title="bbox 271 834 1840 912">
    <p class='ocr_par' dir='ltr' id='par_1_7' title="bbox 271 834 1840 912">
     <span class='ocr_line' id='line_1_7' title="bbox 271 834 1840 912; baseline -0.003 -17"><span class='ocrx_word' id='word_1_37' title='bbox 271 842 532 912; x_wconf 82' lang='lat' dir='ltr'><strong>languores</strong></span> <span class='ocrx_word' id='word_1_38' title='bbox 554 881 569 905; x_wconf 93' lang='lat'><strong>,</strong></span> <span class='ocrx_word' id='word_1_39' title='bbox 602 838 782 895; x_wconf 90' lang='lat' dir='ltr'><strong>dando</strong></span> <span class='ocrx_word' id='word_1_40' title='bbox 821 836 1226 893; x_wconf 90' lang='lat' dir='ltr'><strong>continentiam.</strong></span> <span class='ocrx_word' id='word_1_41' title='bbox 1268 836 1402 891; x_wconf 85' lang='lat' dir='ltr'><strong>illud</strong></span> <span class='ocrx_word' id='word_1_42' title='bbox 1447 835 1648 890; x_wconf 78' lang='lat' dir='ltr'><strong>factum</strong></span> <span class='ocrx_word' id='word_1_43' title='bbox 1673 843 1756 891; x_wconf 90' lang='lat' dir='ltr'><strong>est</strong></span> <span class='ocrx_word' id='word_1_44' title='bbox 1786 834 1840 890; x_wconf 92' lang='lat' dir='ltr'><strong>in</strong></span> 
     </span>
    </p>
   </div>
   <div class='ocr_carea' id='block_1_8' title="bbox 269 929 1842 1002">
    <p class='ocr_par' dir='ltr' id='par_1_8' title="bbox 269 929 1842 1002">
     <span class='ocr_line' id='line_1_8' title="bbox 269 929 1842 1002; baseline -0.001 -16"><span class='ocrx_word' id='word_1_45' title='bbox 269 933 574 1002; x_wconf 86' lang='lat' dir='ltr'><strong>Baptismate</strong></span> <span class='ocrx_word' id='word_1_46' title='bbox 602 929 1014 997; x_wconf 87' lang='lat' dir='ltr'><strong>conﬁtentibus,</strong></span> <span class='ocrx_word' id='word_1_47' title='bbox 1044 929 1146 984; x_wconf 86' lang='lat' dir='ltr'><strong>hoc</strong></span> <span class='ocrx_word' id='word_1_48' title='bbox 1175 929 1233 984; x_wconf 92' lang='lat' dir='ltr'><strong>ﬁt</strong></span> <span class='ocrx_word' id='word_1_49' title='bbox 1275 929 1331 984; x_wconf 92' lang='lat' dir='ltr'><strong>in</strong></span> <span class='ocrx_word' id='word_1_50' title='bbox 1373 944 1544 999; x_wconf 83' lang='lat' dir='ltr'><strong>agone</strong></span> <span class='ocrx_word' id='word_1_51' title='bbox 1589 929 1842 985; x_wconf 85' lang='lat' dir='ltr'><strong>certanti-</strong></span> 
     </span>
    </p>
   </div>
   <div class='ocr_carea' id='block_1_9' title="bbox 269 1020 1842 1094">
    <p class='ocr_par' dir='ltr' id='par_1_9' title="bbox 269 1020 1842 1094">
     <span class='ocr_line' id='line_1_9' title="bbox 269 1020 1842 1094; baseline -0.002 -17"><span class='ocrx_word' id='word_1_52' title='bbox 269 1024 383 1088; x_wconf 87' lang='lat' dir='ltr'><strong>bus;</strong></span> <span class='ocrx_word' id='word_1_53' title='bbox 414 1025 466 1078; x_wconf 90' lang='lat' dir='ltr'><strong>in</strong></span> <span class='ocrx_word' id='word_1_54' title='bbox 495 1038 604 1094; x_wconf 93' lang='lat' dir='ltr'><strong>quo</strong></span> <span class='ocrx_word' id='word_1_55' title='bbox 632 1038 662 1076; x_wconf 93' lang='lat' dir='ltr'><strong>a</strong></span> <span class='ocrx_word' id='word_1_56' title='bbox 692 1021 848 1077; x_wconf 89' lang='lat' dir='ltr'><strong>nobis</strong></span> <span class='ocrx_word' id='word_1_57' title='bbox 886 1031 1071 1076; x_wconf 87' lang='lat' dir='ltr'><strong>noster</strong></span> <span class='ocrx_word' id='word_1_58' title='bbox 1096 1035 1192 1090; x_wconf 86' lang='lat' dir='ltr'><strong>per</strong></span> <span class='ocrx_word' id='word_1_59' title='bbox 1229 1021 1344 1091; x_wconf 87' lang='lat' dir='ltr'><strong>ejus</strong></span> <span class='ocrx_word' id='word_1_60' title='bbox 1374 1020 1695 1090; x_wconf 91' lang='lat' dir='ltr'><strong>adjutorium</strong></span> <span class='ocrx_word' id='word_1_61' title='bbox 1722 1021 1842 1075; x_wconf 80' lang='lat' dir='ltr'><strong>vin-</strong></span> 
     </span>
    </p>
   </div>
   <div class='ocr_carea' id='block_1_10' title="bbox 268 1114 1839 1179">
    <p class='ocr_par' dir='ltr' id='par_1_10' title="bbox 268 1114 1839 1179">
     <span class='ocr_line' id='line_1_10' title="bbox 268 1114 1839 1179; baseline -0.003 -7"><span class='ocrx_word' id='word_1_62' title='bbox 268 1118 449 1173; x_wconf 73' lang='lat' dir='ltr'><strong>rendus</strong></span> <span class='ocrx_word' id='word_1_63' title='bbox 475 1126 559 1172; x_wconf 89' lang='lat' dir='ltr'><strong>est</strong></span> <span class='ocrx_word' id='word_1_64' title='bbox 583 1117 825 1172; x_wconf 83' lang='lat' dir='ltr'><strong>morbus.</strong></span> <span class='ocrx_word' id='word_1_65' title='bbox 847 1114 1023 1170; x_wconf 84' lang='lat' dir='ltr'><strong>Etiam</strong></span> <span class='ocrx_word' id='word_1_66' title='bbox 1049 1131 1192 1170; x_wconf 90' lang='lat' dir='ltr'><strong>nunc</strong></span> <span class='ocrx_word' id='word_1_67' title='bbox 1213 1115 1342 1170; x_wconf 92' lang='lat' dir='ltr'><strong>illud</strong></span> <span class='ocrx_word' id='word_1_68' title='bbox 1369 1115 1444 1179; x_wconf 89' lang='lat' dir='ltr'><strong>ﬁt,</strong></span> <span class='ocrx_word' id='word_1_69' title='bbox 1469 1130 1591 1170; x_wconf 90' lang='lat' dir='ltr'><strong>cum</strong></span> <span class='ocrx_word' id='word_1_70' title='bbox 1619 1114 1839 1170; x_wconf 80' lang='lat' dir='ltr'><strong>exaudi-</strong></span> 
     </span>
    </p>
   </div>
   <div class='ocr_carea' id='block_1_11' title="bbox 267 1207 1833 1275">
    <p class='ocr_par' dir='ltr' id='par_1_11' title="bbox 267 1207 1833 1275">
     <span class='ocr_line' id='line_1_11' title="bbox 267 1207 1833 1275; baseline -0.004 -9"><span class='ocrx_word' id='word_1_71' title='bbox 267 1227 370 1266; x_wconf 89' lang='lat' dir='ltr'><strong>mnr</strong></span> <span class='ocrx_word' id='word_1_72' title='bbox 392 1207 654 1275; x_wconf 85' lang='lat' dir='ltr'><strong>dicentes,</strong></span> <span class='ocrx_word' id='word_1_73' title='bbox 682 1208 887 1262; x_wconf 79' lang='lat' dir='ltr'><strong>Dimitte</strong></span> <span class='ocrx_word' id='word_1_74' title='bbox 913 1207 1054 1262; x_wconf 89' lang='lat' dir='ltr'><strong>nobis</strong></span> <span class='ocrx_word' id='word_1_75' title='bbox 1079 1207 1244 1262; x_wconf 87' lang='lat' dir='ltr'><strong>debita</strong></span> <span class='ocrx_word' id='word_1_76' title='bbox 1270 1216 1482 1262; x_wconf 85' lang='lat' dir='ltr'><strong>nostra:</strong></span> <span class='ocrx_word' id='word_1_77' title='bbox 1506 1208 1607 1262; x_wconf 91' lang='lat' dir='ltr'><strong>hoc</strong></span> <span class='ocrx_word' id='word_1_78' title='bbox 1634 1216 1833 1272; x_wconf 92' lang='lat' dir='ltr'><strong>autem,</strong></span> 
     </span>
    </p>
   </div>
   <div class='ocr_carea' id='block_1_12' title="bbox 265 1299 1840 1370">
    <p class='ocr_par' dir='ltr' id='par_1_12' title="bbox 265 1299 1840 1370">
     <span class='ocr_line' id='line_1_12' title="bbox 265 1299 1840 1370; baseline -0.004 -12"><span class='ocrx_word' id='word_1_79' title='bbox 265 1318 369 1359; x_wconf 90' lang='lat' dir='ltr'><strong>cum</strong></span> <span class='ocrx_word' id='word_1_80' title='bbox 394 1300 714 1357; x_wconf 79' lang='lat' dir='ltr'><strong>cxaudimur</strong></span> <span class='ocrx_word' id='word_1_81' title='bbox 751 1300 990 1356; x_wconf 89' lang='lat' dir='ltr'><strong>dicentes</strong></span> <span class='ocrx_word' id='word_1_82' title='bbox 1011 1341 1025 1367; x_wconf 90' lang='lat'><strong>,</strong></span> <span class='ocrx_word' id='word_1_83' title='bbox 1061 1299 1145 1354; x_wconf 85' lang='lat' dir='ltr'><strong>Ne</strong></span> <span class='ocrx_word' id='word_1_84' title='bbox 1184 1315 1275 1354; x_wconf 86' lang='lat' dir='ltr'><strong>nos</strong></span> <span class='ocrx_word' id='word_1_85' title='bbox 1306 1301 1497 1370; x_wconf 80' lang='lat' dir='ltr'><strong>inferas</strong></span> <span class='ocrx_word' id='word_1_86' title='bbox 1525 1299 1579 1353; x_wconf 87' lang='lat' dir='ltr'><strong>in</strong></span> <span class='ocrx_word' id='word_1_87' title='bbox 1600 1299 1840 1354; x_wconf 87' lang='lat' dir='ltr'><strong>tentatio-</strong></span> 
     </span>
    </p>
   </div>
   <div class='ocr_carea' id='block_1_13' title="bbox 265 1391 1836 1468">
    <p class='ocr_par' dir='ltr' id='par_1_13' title="bbox 265 1391 1836 1468">
     <span class='ocr_line' id='line_1_13' title="bbox 265 1391 1836 1468; baseline -0.003 -18"><span class='ocrx_word' id='word_1_88' title='bbox 265 1413 364 1450; x_wconf 87' lang='lat' dir='ltr'><strong>nem</strong></span> <span class='ocrx_word' id='word_1_89' title='bbox 394 1395 609 1468; x_wconf 78' lang='lat' dir='ltr'><strong>(Matth.</strong></span> <span class='ocrx_word' id='word_1_90' title='bbox 647 1410 702 1448; x_wconf 77' lang='lat' dir='ltr'><strong>vr</strong></span> <span class='ocrx_word' id='word_1_91' title='bbox 723 1436 739 1462; x_wconf 93' lang='lat'><strong>,</strong></span> <span class='ocrx_word' id='word_1_92' title='bbox 763 1393 867 1461; x_wconf 76' lang='grc'><strong>12,</strong></span> <span class='ocrx_word' id='word_1_93' title='bbox 899 1391 1010 1464; x_wconf 76' lang='grc'><strong>15).</strong></span> <span class='ocrx_word' id='word_1_94' title='bbox 1045 1392 1400 1463; x_wconf 76' lang='lat' dir='ltr'><strong>Unusquisque</strong></span> <span class='ocrx_word' id='word_1_95' title='bbox 1436 1393 1580 1448; x_wconf 90' lang='lat' dir='ltr'><strong>enim</strong></span> <span class='ocrx_word' id='word_1_96' title='bbox 1602 1399 1836 1460; x_wconf 86' lang='lat' dir='ltr'><strong>tentatur,</strong></span> 
     </span>
    </p>
   </div>
   <div class='ocr_carea' id='block_1_14' title="bbox 265 1484 1839 1557">
    <p class='ocr_par' dir='ltr' id='par_1_14' title="bbox 265 1484 1839 1557">
     <span class='ocr_line' id='line_1_14' title="bbox 265 1484 1839 1557; baseline -0.004 -13"><span class='ocrx_word' id='word_1_97' title='bbox 265 1490 384 1544; x_wconf 86' lang='lat' dir='ltr'><strong>sicut</strong></span> <span class='ocrx_word' id='word_1_98' title='bbox 411 1487 488 1542; x_wconf 86' lang='lat' dir='ltr'><strong>ait</strong></span> <span class='ocrx_word' id='word_1_99' title='bbox 511 1487 786 1557; x_wconf 83' lang='lat' dir='ltr'><strong>apostolus</strong></span> <span class='ocrx_word' id='word_1_100' title='bbox 822 1485 1054 1542; x_wconf 89' lang='lat' dir='ltr'><strong>Jacobus</strong></span> <span class='ocrx_word' id='word_1_101' title='bbox 1073 1526 1088 1554; x_wconf 94' lang='lat'><strong>,</strong></span> <span class='ocrx_word' id='word_1_102' title='bbox 1117 1501 1149 1538; x_wconf 90' lang='lat' dir='ltr'><strong>a</strong></span> <span class='ocrx_word' id='word_1_103' title='bbox 1178 1485 1582 1554; x_wconf 70' lang='lat' dir='ltr'><strong>concupiscentia</strong></span> <span class='ocrx_word' id='word_1_104' title='bbox 1604 1501 1699 1539; x_wconf 88' lang='lat' dir='ltr'><strong>sua</strong></span> <span class='ocrx_word' id='word_1_105' title='bbox 1719 1484 1839 1538; x_wconf 83' lang='lat' dir='ltr'><strong>abs-</strong></span> 
     </span>
    </p>
   </div>
   <div class='ocr_carea' id='block_1_15' title="bbox 265 1578 1841 1651">
    <p class='ocr_par' dir='ltr' id='par_1_15' title="bbox 265 1578 1841 1651">
     <span class='ocr_line' id='line_1_15' title="bbox 265 1578 1841 1651; baseline -0.002 -15"><span class='ocrx_word' id='word_1_106' title='bbox 265 1591 432 1637; x_wconf 87' lang='lat' dir='ltr'><strong>tractus</strong></span> <span class='ocrx_word' id='word_1_107' title='bbox 457 1591 506 1637; x_wconf 85' lang='lat' dir='ltr'><strong>et</strong></span> <span class='ocrx_word' id='word_1_108' title='bbox 530 1581 728 1636; x_wconf 75' lang='lat' dir='ltr'><strong>illectus</strong></span> <span class='ocrx_word' id='word_1_109' title='bbox 756 1579 958 1650; x_wconf 85' lang='lat' dir='ltr'><strong>(Jacobi</strong></span> <span class='ocrx_word' id='word_1_110' title='bbox 979 1595 1030 1647; x_wconf 83' lang='lat'><strong>1,</strong></span> <span class='ocrx_word' id='word_1_111' title='bbox 1077 1579 1194 1651; x_wconf 76' lang='grc'><strong>14).</strong></span> <span class='ocrx_word' id='word_1_112' title='bbox 1233 1579 1434 1635; x_wconf 86' lang='lat' dir='ltr'><strong>Contra</strong></span> <span class='ocrx_word' id='word_1_113' title='bbox 1463 1578 1607 1650; x_wconf 89' lang='lat' dir='ltr'><strong>quod</strong></span> <span class='ocrx_word' id='word_1_114' title='bbox 1649 1578 1841 1634; x_wconf 81' lang='lat' dir='ltr'><strong>vitium</strong></span> 
     </span>
    </p>
   </div>
   <div class='ocr_carea' id='block_1_16' title="bbox 264 1673 1843 1746">
    <p class='ocr_par' dir='ltr' id='par_1_16' title="bbox 264 1673 1843 1746">
     <span class='ocr_line' id='line_1_16' title="bbox 264 1673 1843 1746; baseline -0.003 -13"><span class='ocrx_word' id='word_1_115' title='bbox 264 1676 565 1734; x_wconf 86' lang='lat' dir='ltr'><strong>medicinale</strong></span> <span class='ocrx_word' id='word_1_116' title='bbox 593 1675 832 1746; x_wconf 90' lang='lat' dir='ltr'><strong>poscitur</strong></span> <span class='ocrx_word' id='word_1_117' title='bbox 856 1673 1177 1745; x_wconf 76' lang='lat' dir='ltr'><strong>adiutorium</strong></span> <span class='ocrx_word' id='word_1_118' title='bbox 1207 1673 1388 1730; x_wconf 89' lang='lat' dir='ltr'><strong>abillo</strong></span> <span class='ocrx_word' id='word_1_119' title='bbox 1408 1675 1497 1746; x_wconf 90' lang='lat' dir='ltr'><strong>qui</strong></span> <span class='ocrx_word' id='word_1_120' title='bbox 1522 1681 1701 1746; x_wconf 90' lang='lat' dir='ltr'><strong>potest</strong></span> <span class='ocrx_word' id='word_1_121' title='bbox 1724 1689 1843 1730; x_wconf 93' lang='lat' dir='ltr'><strong>om-</strong></span> 
     </span>
    </p>
   </div>
   <div class='ocr_carea' id='block_1_17' title="bbox 263 1768 1842 1840">
    <p class='ocr_par' dir='ltr' id='par_1_17' title="bbox 263 1768 1842 1840">
     <span class='ocr_line' id='line_1_17' title="bbox 263 1768 1842 1840; baseline -0.001 -14"><span class='ocrx_word' id='word_1_122' title='bbox 263 1788 346 1827; x_wconf 85' lang='lat' dir='ltr'><strong>nes</strong></span> <span class='ocrx_word' id='word_1_123' title='bbox 393 1768 767 1840; x_wconf 90' lang='lat' dir='ltr'><strong>hujuscemodi</strong></span> <span class='ocrx_word' id='word_1_124' title='bbox 818 1783 1011 1824; x_wconf 89' lang='lat' dir='ltr'><strong>sanare</strong></span> <span class='ocrx_word' id='word_1_125' title='bbox 1062 1769 1384 1840; x_wconf 89' lang='lat' dir='ltr'><strong>languores,</strong></span> <span class='ocrx_word' id='word_1_126' title='bbox 1441 1784 1550 1824; x_wconf 92' lang='lat' dir='ltr'><strong>non</strong></span> <span class='ocrx_word' id='word_1_127' title='bbox 1599 1785 1631 1824; x_wconf 91' lang='lat' dir='ltr'><strong>a</strong></span> <span class='ocrx_word' id='word_1_128' title='bbox 1687 1769 1842 1825; x_wconf 91' lang='lat' dir='ltr'><strong>nobis</strong></span> 
     </span>
    </p>
   </div>
   <div class='ocr_carea' id='block_1_18' title="bbox 263 1859 1840 1932">
    <p class='ocr_par' dir='ltr' id='par_1_18' title="bbox 263 1859 1840 1932">
     <span class='ocr_line' id='line_1_18' title="bbox 263 1859 1840 1932; baseline -0.001 -16"><span class='ocrx_word' id='word_1_129' title='bbox 263 1863 434 1918; x_wconf 71' lang='lat' dir='ltr'><strong>alienae</strong></span> <span class='ocrx_word' id='word_1_130' title='bbox 460 1861 802 1932; x_wconf 84' lang='lat' dir='ltr'><strong>separatione</strong></span> <span class='ocrx_word' id='word_1_131' title='bbox 824 1863 865 1927; x_wconf 74' lang='lat'><strong>‘,</strong></span> <span class='ocrx_word' id='word_1_132' title='bbox 894 1859 987 1916; x_wconf 90' lang='lat' dir='ltr'><strong>sed</strong></span> <span class='ocrx_word' id='word_1_133' title='bbox 1011 1859 1063 1915; x_wconf 93' lang='lat' dir='ltr'><strong>in</strong></span> <span class='ocrx_word' id='word_1_134' title='bbox 1089 1868 1288 1916; x_wconf 59' lang='lat' dir='ltr'><strong>nostrae</strong></span> <span class='ocrx_word' id='word_1_135' title='bbox 1317 1860 1654 1931; x_wconf 87' lang='lat' dir='ltr'><strong>reparatione</strong></span> <span class='ocrx_word' id='word_1_136' title='bbox 1680 1869 1840 1915; x_wconf 85' lang='lat' dir='ltr'><strong>natu-</strong></span> 
     </span>
    </p>
   </div>
   <div class='ocr_carea' id='block_1_19' title="bbox 265 1951 1843 2022">
    <p class='ocr_par' dir='ltr' id='par_1_19' title="bbox 265 1951 1843 2022">
     <span class='ocr_line' id='line_1_19' title="bbox 265 1951 1843 2022; baseline -0.003 -12"><span class='ocrx_word' id='word_1_137' title='bbox 265 1970 350 2010; x_wconf 70' lang='lat' dir='ltr'><strong>rte.</strong></span> <span class='ocrx_word' id='word_1_138' title='bbox 373 1953 525 2010; x_wconf 88' lang='lat' dir='ltr'><strong>Unde</strong></span> <span class='ocrx_word' id='word_1_139' title='bbox 545 1961 600 2008; x_wconf 89' lang='lat' dir='ltr'><strong>et</strong></span> <span class='ocrx_word' id='word_1_140' title='bbox 619 1951 908 2022; x_wconf 84' lang='lat' dir='ltr'><strong>praedictus</strong></span> <span class='ocrx_word' id='word_1_141' title='bbox 932 1952 1203 2022; x_wconf 87' lang='lat' dir='ltr'><strong>apostolus</strong></span> <span class='ocrx_word' id='word_1_142' title='bbox 1224 1967 1331 2006; x_wconf 90' lang='lat' dir='ltr'><strong>non</strong></span> <span class='ocrx_word' id='word_1_143' title='bbox 1352 1951 1454 2020; x_wconf 87' lang='lat' dir='ltr'><strong>ait,</strong></span> <span class='ocrx_word' id='word_1_144' title='bbox 1489 1951 1843 2022; x_wconf 73' lang='lat' dir='ltr'><strong>Unusquisque</strong></span> 
     </span>
    </p>
   </div>
   <div class='ocr_carea' id='block_1_20' title="bbox 261 2044 1842 2115">
    <p class='ocr_par' dir='ltr' id='par_1_20' title="bbox 261 2044 1842 2115">
     <span class='ocr_line' id='line_1_20' title="bbox 261 2044 1842 2115; baseline 0 -15"><span class='ocrx_word' id='word_1_145' title='bbox 261 2054 470 2100; x_wconf 84' lang='lat' dir='ltr'><strong>tentatur</strong></span> <span class='ocrx_word' id='word_1_146' title='bbox 489 2063 520 2098; x_wconf 92' lang='lat' dir='ltr'><strong>a</strong></span> <span class='ocrx_word' id='word_1_147' title='bbox 540 2046 984 2114; x_wconf 78' lang='lat' dir='ltr'><strong>concupiscentia;</strong></span> <span class='ocrx_word' id='word_1_148' title='bbox 1007 2044 1098 2100; x_wconf 90' lang='lat' dir='ltr'><strong>sed</strong></span> <span class='ocrx_word' id='word_1_149' title='bbox 1123 2044 1359 2112; x_wconf 88' lang='lat' dir='ltr'><strong>addidit,</strong></span> <span class='ocrx_word' id='word_1_150' title='bbox 1387 2061 1481 2098; x_wconf 90' lang='lat' dir='ltr'><strong>sua</strong></span> <span class='ocrx_word' id='word_1_151' title='bbox 1503 2061 1522 2099; x_wconf 93' lang='lat'><strong><em>:</em></strong></span> <span class='ocrx_word' id='word_1_152' title='bbox 1544 2052 1602 2099; x_wconf 87' lang='lat' dir='ltr'><strong>ut</strong></span> <span class='ocrx_word' id='word_1_153' title='bbox 1625 2045 1714 2115; x_wconf 89' lang='lat' dir='ltr'><strong>qui</strong></span> <span class='ocrx_word' id='word_1_154' title='bbox 1738 2044 1842 2100; x_wconf 90' lang='lat' dir='ltr'><strong>hoc</strong></span> 
     </span>
    </p>
   </div>
   <div class='ocr_carea' id='block_1_21' title="bbox 254 2135 1838 2207">
    <p class='ocr_par' dir='ltr' id='par_1_21' title="bbox 254 2135 1838 2207">
     <span class='ocr_line' id='line_1_21' title="bbox 254 2135 1838 2207; baseline -0.001 -15"><span class='ocrx_word' id='word_1_155' title='bbox 254 2138 396 2192; x_wconf 83' lang='lat' dir='ltr'><strong>audit</strong></span> <span class='ocrx_word' id='word_1_156' title='bbox 421 2137 678 2207; x_wconf 79' lang='lat' dir='ltr'><strong>intelligat</strong></span> <span class='ocrx_word' id='word_1_157' title='bbox 715 2135 985 2206; x_wconf 91' lang='lat' dir='ltr'><strong>quomodo</strong></span> <span class='ocrx_word' id='word_1_158' title='bbox 1009 2136 1244 2192; x_wconf 86' lang='lat' dir='ltr'><strong>clamare</strong></span> <span class='ocrx_word' id='word_1_159' title='bbox 1287 2135 1508 2204; x_wconf 88' lang='lat' dir='ltr'><strong>debeat,</strong></span> <span class='ocrx_word' id='word_1_160' title='bbox 1538 2135 1650 2207; x_wconf 89' lang='lat' dir='ltr'><strong>Ego</strong></span> <span class='ocrx_word' id='word_1_161' title='bbox 1689 2137 1797 2192; x_wconf 75' lang='lat' dir='ltr'><strong>dixi</strong></span> <span class='ocrx_word' id='word_1_162' title='bbox 1819 2177 1838 2204; x_wconf 90' lang='lat'><strong>,</strong></span> 
     </span>
    </p>
   </div>
   <div class='ocr_carea' id='block_1_22' title="bbox 253 2230 1840 2298">
    <p class='ocr_par' dir='ltr' id='par_1_22' title="bbox 253 2230 1840 2298">
     <span class='ocr_line' id='line_1_22' title="bbox 253 2230 1840 2298; baseline -0.002 -12"><span class='ocrx_word' id='word_1_163' title='bbox 253 2231 468 2286; x_wconf 82' lang='lat' dir='ltr'><strong>Domine</strong></span> <span class='ocrx_word' id='word_1_164' title='bbox 486 2273 503 2298; x_wconf 95' lang='lat'><strong>,</strong></span> <span class='ocrx_word' id='word_1_165' title='bbox 530 2231 761 2285; x_wconf 86' lang='lat' dir='ltr'><strong>miserere</strong></span> <span class='ocrx_word' id='word_1_166' title='bbox 799 2230 933 2296; x_wconf 86' lang='lat' dir='ltr'><strong>mei;</strong></span> <span class='ocrx_word' id='word_1_167' title='bbox 963 2247 1088 2284; x_wconf 87' lang='lat' dir='ltr'><strong>sana</strong></span> <span class='ocrx_word' id='word_1_168' title='bbox 1113 2231 1336 2284; x_wconf 83' lang='lat' dir='ltr'><strong>animum</strong></span> <span class='ocrx_word' id='word_1_169' title='bbox 1375 2246 1570 2296; x_wconf 88' lang='lat' dir='ltr'><strong>meam,</strong></span> <span class='ocrx_word' id='word_1_170' title='bbox 1600 2230 1840 2298; x_wconf 88' lang='lat' dir='ltr'><strong>quoniam</strong></span> 
     </span>
    </p>
   </div>
   <div class='ocr_carea' id='block_1_23' title="bbox 254 2321 1840 2395">
    <p class='ocr_par' dir='ltr' id='par_1_23' title="bbox 254 2321 1840 2395">
     <span class='ocr_line' id='line_1_23' title="bbox 254 2321 1840 2395; baseline -0.001 -17"><span class='ocrx_word' id='word_1_171' title='bbox 254 2323 448 2395; x_wconf 81' lang='lat' dir='ltr'><strong>peccavi</strong></span> <span class='ocrx_word' id='word_1_172' title='bbox 470 2323 558 2377; x_wconf 83' lang='lat' dir='ltr'><strong>tibi</strong></span> <span class='ocrx_word' id='word_1_173' title='bbox 580 2322 751 2394; x_wconf 88' lang='lat' dir='ltr'><strong>(Psal.</strong></span> <span class='ocrx_word' id='word_1_174' title='bbox 774 2339 864 2390; x_wconf 79' lang='lat' dir='ltr'><strong>XL,</strong></span> <span class='ocrx_word' id='word_1_175' title='bbox 883 2322 959 2393; x_wconf 83' lang='lat'><strong>5).</strong></span> <span class='ocrx_word' id='word_1_176' title='bbox 984 2321 1099 2377; x_wconf 83' lang='lat' dir='ltr'><strong>Non</strong></span> <span class='ocrx_word' id='word_1_177' title='bbox 1122 2323 1265 2378; x_wconf 88' lang='lat' dir='ltr'><strong>enim</strong></span> <span class='ocrx_word' id='word_1_178' title='bbox 1286 2322 1562 2378; x_wconf 86' lang='lat' dir='ltr'><strong>sanatione</strong></span> <span class='ocrx_word' id='word_1_179' title='bbox 1586 2322 1840 2392; x_wconf 81' lang='lat' dir='ltr'><strong>indiguis-</strong></span> 
     </span>
    </p>
   </div>
   <div class='ocr_carea' id='block_1_24' title="bbox 255 2415 1835 2487">
    <p class='ocr_par' dir='ltr' id='par_1_24' title="bbox 255 2415 1835 2487">
     <span class='ocr_line' id='line_1_24' title="bbox 255 2415 1835 2487; baseline -0.001 -14"><span class='ocrx_word' id='word_1_180' title='bbox 255 2425 367 2485; x_wconf 89' lang='lat' dir='ltr'><strong>set,</strong></span> <span class='ocrx_word' id='word_1_181' title='bbox 397 2416 502 2472; x_wconf 90' lang='lat' dir='ltr'><strong>nisi</strong></span> <span class='ocrx_word' id='word_1_182' title='bbox 526 2431 586 2472; x_wconf 89' lang='lat' dir='ltr'><strong>se</strong></span> <span class='ocrx_word' id='word_1_183' title='bbox 613 2417 729 2487; x_wconf 89' lang='lat' dir='ltr'><strong>ipsa</strong></span> <span class='ocrx_word' id='word_1_184' title='bbox 757 2415 1031 2486; x_wconf 87' lang='lat' dir='ltr'><strong>peccando</strong></span> <span class='ocrx_word' id='word_1_185' title='bbox 1060 2416 1326 2484; x_wconf 87' lang='lat' dir='ltr'><strong>vitiasset,</strong></span> <span class='ocrx_word' id='word_1_186' title='bbox 1350 2424 1408 2470; x_wconf 90' lang='lat' dir='ltr'><strong>ut</strong></span> <span class='ocrx_word' id='word_1_187' title='bbox 1433 2415 1688 2471; x_wconf 85' lang='lat' dir='ltr'><strong>adversus</strong></span> <span class='ocrx_word' id='word_1_188' title='bbox 1718 2431 1835 2471; x_wconf 89' lang='lat' dir='ltr'><strong>eam</strong></span> 
     </span>
    </p>
   </div>
   <div class='ocr_carea' id='block_1_25' title="bbox 256 2508 1839 2580">
    <p class='ocr_par' dir='ltr' id='par_1_25' title="bbox 256 2508 1839 2580">
     <span class='ocr_line' id='line_1_25' title="bbox 256 2508 1839 2580; baseline -0.001 -13"><span class='ocrx_word' id='word_1_189' title='bbox 256 2524 373 2567; x_wconf 88' lang='lat' dir='ltr'><strong>caro</strong></span> <span class='ocrx_word' id='word_1_190' title='bbox 392 2525 487 2565; x_wconf 88' lang='lat' dir='ltr'><strong>sua</strong></span> <span class='ocrx_word' id='word_1_191' title='bbox 516 2508 956 2579; x_wconf 89' lang='lat' dir='ltr'><strong>concupisceret,</strong></span> <span class='ocrx_word' id='word_1_192' title='bbox 980 2508 1033 2563; x_wconf 93' lang='lat' dir='ltr'><strong>id</strong></span> <span class='ocrx_word' id='word_1_193' title='bbox 1059 2517 1176 2575; x_wconf 90' lang='lat' dir='ltr'><strong>est,</strong></span> <span class='ocrx_word' id='word_1_194' title='bbox 1205 2509 1319 2579; x_wconf 88' lang='lat' dir='ltr'><strong>ipsa</strong></span> <span class='ocrx_word' id='word_1_195' title='bbox 1340 2509 1656 2580; x_wconf 88' lang='lat' dir='ltr'><strong>sibimetipsi</strong></span> <span class='ocrx_word' id='word_1_196' title='bbox 1677 2524 1745 2565; x_wconf 81' lang='lat' dir='ltr'><strong>ex</strong></span> <span class='ocrx_word' id='word_1_197' title='bbox 1774 2523 1839 2565; x_wconf 87' lang='lat' dir='ltr'><strong>ea</strong></span> 
     </span>
    </p>
   </div>
   <div class='ocr_carea' id='block_1_26' title="bbox 254 2600 1550 2672">
    <p class='ocr_par' dir='ltr' id='par_1_26' title="bbox 254 2600 1550 2672">
     <span class='ocr_line' id='line_1_26' title="bbox 254 2600 1550 2672; baseline -0.002 -16"><span class='ocrx_word' id='word_1_198' title='bbox 254 2610 395 2672; x_wconf 86' lang='lat' dir='ltr'><strong>parte</strong></span> <span class='ocrx_word' id='word_1_199' title='bbox 416 2616 521 2671; x_wconf 88' lang='lat' dir='ltr'><strong>qua</strong></span> <span class='ocrx_word' id='word_1_200' title='bbox 549 2602 602 2656; x_wconf 91' lang='lat' dir='ltr'><strong>in</strong></span> <span class='ocrx_word' id='word_1_201' title='bbox 631 2616 795 2657; x_wconf 89' lang='lat' dir='ltr'><strong>carne</strong></span> <span class='ocrx_word' id='word_1_202' title='bbox 819 2600 1086 2655; x_wconf 84' lang='lat' dir='ltr'><strong>infirmata</strong></span> <span class='ocrx_word' id='word_1_203' title='bbox 1107 2609 1189 2655; x_wconf 91' lang='lat' dir='ltr'><strong>est</strong></span> <span class='ocrx_word' id='word_1_204' title='bbox 1209 2609 1550 2672; x_wconf 87' lang='lat' dir='ltr'><strong>repugnaret.</strong></span> 
     </span>
    </p>
   </div>
   <div class='ocr_carea' id='block_1_27' title="bbox 315 2690 1839 2762">
    <p class='ocr_par' dir='ltr' id='par_1_27' title="bbox 315 2690 1839 2762">
     <span class='ocr_line' id='line_1_27' title="bbox 315 2690 1839 2762; baseline 0 -14"><span class='ocrx_word' id='word_1_205' title='bbox 315 2691 541 2749; x_wconf 83' lang='lat' dir='ltr'><strong>CAPUT</strong></span> <span class='ocrx_word' id='word_1_206' title='bbox 571 2691 705 2748; x_wconf 81' lang='lat' dir='ltr'>VIII.</span> <span class='ocrx_word' id='word_1_207' title='bbox 741 2723 810 2732; x_wconf 93' lang='lat'><strong>—</strong></span> <span class='ocrx_word' id='word_1_208' title='bbox 839 2691 929 2748; x_wconf 86' lang='grc'><strong>19.</strong></span> <span class='ocrx_word' id='word_1_209' title='bbox 964 2690 1096 2746; x_wconf 85' lang='lat' dir='ltr'><strong>Caro</strong></span> <span class='ocrx_word' id='word_1_210' title='bbox 1128 2691 1370 2747; x_wconf 84' lang='lat' dir='ltr'><strong>adversus</strong></span> <span class='ocrx_word' id='word_1_211' title='bbox 1390 2693 1626 2762; x_wconf 88' lang='lat' dir='ltr'><strong>spiritum</strong></span> <span class='ocrx_word' id='word_1_212' title='bbox 1653 2710 1839 2748; x_wconf 84' lang='lat' dir='ltr'><strong>concu-</strong></span> 
     </span>
    </p>
   </div>
   <div class='ocr_carea' id='block_1_28' title="bbox 255 2783 1840 2858">
    <p class='ocr_par' dir='ltr' id='par_1_28' title="bbox 255 2783 1840 2858">
     <span class='ocr_line' id='line_1_28' title="bbox 255 2783 1840 2858; baseline 0 -18"><span class='ocrx_word' id='word_1_213' title='bbox 255 2786 411 2858; x_wconf 79' lang='lat' dir='ltr'><strong>piscit,</strong></span> <span class='ocrx_word' id='word_1_214' title='bbox 441 2802 548 2839; x_wconf 84' lang='lat' dir='ltr'><strong>non</strong></span> <span class='ocrx_word' id='word_1_215' title='bbox 574 2785 695 2855; x_wconf 88' lang='lat' dir='ltr'><strong>quia</strong></span> <span class='ocrx_word' id='word_1_216' title='bbox 715 2785 921 2838; x_wconf 89' lang='lat' dir='ltr'><strong>inimica</strong></span> <span class='ocrx_word' id='word_1_217' title='bbox 942 2794 1126 2839; x_wconf 89' lang='lat' dir='ltr'><strong>natura</strong></span> <span class='ocrx_word' id='word_1_218' title='bbox 1141 2827 1155 2852; x_wconf 95' lang='lat'><strong>,</strong></span> <span class='ocrx_word' id='word_1_219' title='bbox 1188 2784 1276 2840; x_wconf 85' lang='lat' dir='ltr'><strong>sed</strong></span> <span class='ocrx_word' id='word_1_220' title='bbox 1296 2785 1418 2856; x_wconf 86' lang='lat' dir='ltr'><strong>quia</strong></span> <span class='ocrx_word' id='word_1_221' title='bbox 1441 2785 1635 2838; x_wconf 82' lang='lat' dir='ltr'><strong>vitiata.</strong></span> <span class='ocrx_word' id='word_1_222' title='bbox 1657 2783 1840 2841; x_wconf 81' lang='lat' dir='ltr'><strong>Carnis</strong></span> 
     </span>
    </p>
   </div>
   <div class='ocr_carea' id='block_1_29' title="bbox 252 2877 1838 2948">
    <p class='ocr_par' dir='ltr' id='par_1_29' title="bbox 252 2877 1838 2948">
     <span class='ocr_line' id='line_1_29' title="bbox 252 2877 1838 2948; baseline 0 -16"><span class='ocrx_word' id='word_1_223' title='bbox 252 2878 676 2948; x_wconf 83' lang='lat' dir='ltr'><strong>concupiscentias</strong></span> <span class='ocrx_word' id='word_1_224' title='bbox 715 2893 779 2932; x_wconf 76' lang='lat' dir='ltr'><strong>ex</strong></span> <span class='ocrx_word' id='word_1_225' title='bbox 811 2877 928 2930; x_wconf 79' lang='lat' dir='ltr'><strong>vitio</strong></span> <span class='ocrx_word' id='word_1_226' title='bbox 949 2893 1088 2946; x_wconf 88' lang='lat' dir='ltr'><strong>esse,</strong></span> <span class='ocrx_word' id='word_1_227' title='bbox 1121 2893 1302 2947; x_wconf 87' lang='lat' dir='ltr'><strong>easque</strong></span> <span class='ocrx_word' id='word_1_228' title='bbox 1328 2878 1408 2930; x_wconf 83' lang='lat' dir='ltr'><strong>hic</strong></span> <span class='ocrx_word' id='word_1_229' title='bbox 1436 2877 1594 2931; x_wconf 85' lang='lat' dir='ltr'><strong>minui</strong></span> <span class='ocrx_word' id='word_1_230' title='bbox 1635 2877 1838 2948; x_wconf 85' lang='lat' dir='ltr'><strong>quidem</strong></span> 
     </span>
    </p>
   </div>
   <div class='ocr_carea' id='block_1_30' title="bbox 253 2965 1840 3043">
    <p class='ocr_par' dir='ltr' id='par_1_30' title="bbox 253 2965 1840 3043">
     <span class='ocr_line' id='line_1_30' title="bbox 253 2965 1840 3043; baseline -0.003 -17"><span class='ocrx_word' id='word_1_231' title='bbox 253 2987 388 3043; x_wconf 80' lang='lat' dir='ltr'><strong>posse</strong></span> <span class='ocrx_word' id='word_1_232' title='bbox 405 3012 421 3039; x_wconf 93' lang='lat'><strong>,</strong></span> <span class='ocrx_word' id='word_1_233' title='bbox 453 2988 557 3025; x_wconf 89' lang='lat' dir='ltr'><strong>non</strong></span> <span class='ocrx_word' id='word_1_234' title='bbox 581 2971 784 3041; x_wconf 85' lang='lat' dir='ltr'><strong>penitus</strong></span> <span class='ocrx_word' id='word_1_235' title='bbox 804 2971 998 3040; x_wconf 81' lang='lat' dir='ltr'><strong>auferri</strong></span> <span class='ocrx_word' id='word_1_236' title='bbox 1038 2969 1138 3023; x_wconf 89' lang='lat' dir='ltr'><strong>nisi</strong></span> <span class='ocrx_word' id='word_1_237' title='bbox 1165 2969 1219 3023; x_wconf 87' lang='lat' dir='ltr'><strong>in</strong></span> <span class='ocrx_word' id='word_1_238' title='bbox 1238 2972 1402 3022; x_wconf 77' lang='lat' dir='ltr'><strong>altera</strong></span> <span class='ocrx_word' id='word_1_239' title='bbox 1424 2969 1544 3022; x_wconf 85' lang='lat' dir='ltr'><strong>vita.</strong></span> <span class='ocrx_word' id='word_1_240' title='bbox 1584 2965 1840 3040; x_wconf 86' lang='lat' dir='ltr'><strong>Concupi-</strong></span> 
     </span>
    </p>
   </div>
   <div class='ocr_carea' id='block_1_31' title="bbox 250 3061 1836 3135">
    <p class='ocr_par' dir='ltr' id='par_1_31' title="bbox 250 3061 1836 3135">
     <span class='ocr_line' id='line_1_31' title="bbox 250 3061 1836 3135; baseline -0.001 -17"><span class='ocrx_word' id='word_1_241' title='bbox 250 3064 430 3118; x_wconf 79' lang='lat' dir='ltr'><strong>scentia</strong></span> <span class='ocrx_word' id='word_1_242' title='bbox 464 3065 635 3118; x_wconf 85' lang='lat' dir='ltr'><strong>carnis</strong></span> <span class='ocrx_word' id='word_1_243' title='bbox 674 3063 757 3116; x_wconf 89' lang='lat' dir='ltr'><strong>hic</strong></span> <span class='ocrx_word' id='word_1_244' title='bbox 783 3079 928 3135; x_wconf 71' lang='lat' dir='ltr'><strong>paena</strong></span> <span class='ocrx_word' id='word_1_245' title='bbox 970 3063 1184 3134; x_wconf 79' lang='lat' dir='ltr'><strong>peccati,</strong></span> <span class='ocrx_word' id='word_1_246' title='bbox 1213 3079 1366 3116; x_wconf 88' lang='lat' dir='ltr'><strong>carne</strong></span> <span class='ocrx_word' id='word_1_247' title='bbox 1393 3072 1573 3116; x_wconf 86' lang='lat' dir='ltr'><strong>sanata</strong></span> <span class='ocrx_word' id='word_1_248' title='bbox 1602 3064 1653 3116; x_wconf 88' lang='lat' dir='ltr'><strong>in</strong></span> <span class='ocrx_word' id='word_1_249' title='bbox 1675 3061 1836 3117; x_wconf 87' lang='lat' dir='ltr'><strong>beatis</strong></span> 
     </span>
    </p>
   </div>
   <div class='ocr_carea' id='block_1_32' title="bbox 251 3154 1835 3226">
    <p class='ocr_par' dir='ltr' id='par_1_32' title="bbox 251 3154 1835 3226">
     <span class='ocr_line' id='line_1_32' title="bbox 251 3154 1835 3226; baseline 0 -16"><span class='ocrx_word' id='word_1_250' title='bbox 251 3173 344 3211; x_wconf 84' lang='lat' dir='ltr'><strong>non</strong></span> <span class='ocrx_word' id='word_1_251' title='bbox 372 3158 482 3213; x_wconf 88' lang='lat' dir='ltr'><strong>erit.</strong></span> <span class='ocrx_word' id='word_1_252' title='bbox 514 3156 660 3212; x_wconf 90' lang='lat' dir='ltr'><strong>Caro</strong></span> <span class='ocrx_word' id='word_1_253' title='bbox 699 3155 843 3210; x_wconf 91' lang='lat' dir='ltr'><strong>enim</strong></span> <span class='ocrx_word' id='word_1_254' title='bbox 870 3154 1002 3209; x_wconf 90' lang='lat' dir='ltr'><strong>nihil</strong></span> <span class='ocrx_word' id='word_1_255' title='bbox 1043 3155 1144 3210; x_wconf 91' lang='lat' dir='ltr'><strong>nisi</strong></span> <span class='ocrx_word' id='word_1_256' title='bbox 1175 3169 1272 3225; x_wconf 89' lang='lat' dir='ltr'><strong>per</strong></span> <span class='ocrx_word' id='word_1_257' title='bbox 1311 3156 1545 3211; x_wconf 88' lang='lat' dir='ltr'><strong>animam</strong></span> <span class='ocrx_word' id='word_1_258' title='bbox 1577 3156 1835 3226; x_wconf 90' lang='lat' dir='ltr'><strong>concupi-</strong></span> 
     </span>
    </p>
   </div>
   <div class='ocr_carea' id='block_1_33' title="bbox 249 3246 1834 3317">
    <p class='ocr_par' dir='ltr' id='par_1_33' title="bbox 249 3246 1834 3317">
     <span class='ocr_line' id='line_1_33' title="bbox 249 3246 1834 3317; baseline -0.003 -14"><span class='ocrx_word' id='word_1_259' title='bbox 249 3250 379 3314; x_wconf 87' lang='lat' dir='ltr'><strong>scit;</strong></span> <span class='ocrx_word' id='word_1_260' title='bbox 403 3248 495 3304; x_wconf 89' lang='lat' dir='ltr'><strong>sed</strong></span> <span class='ocrx_word' id='word_1_261' title='bbox 520 3246 903 3317; x_wconf 89' lang='lat' dir='ltr'><strong>concupiscere</strong></span> <span class='ocrx_word' id='word_1_262' title='bbox 926 3261 1052 3300; x_wconf 90' lang='lat' dir='ltr'><strong>caro</strong></span> <span class='ocrx_word' id='word_1_263' title='bbox 1078 3246 1334 3302; x_wconf 88' lang='lat' dir='ltr'><strong>adversus</strong></span> <span class='ocrx_word' id='word_1_264' title='bbox 1359 3247 1602 3316; x_wconf 83' lang='lat' dir='ltr'><strong>spiritum</strong></span> <span class='ocrx_word' id='word_1_265' title='bbox 1621 3246 1834 3313; x_wconf 90' lang='lat' dir='ltr'><strong>dicitur,</strong></span> 
     </span>
    </p>
   </div>
   <div class='ocr_carea' id='block_1_34' title="bbox 244 3339 1838 3412">
    <p class='ocr_par' dir='ltr' id='par_1_34' title="bbox 244 3339 1838 3412">
     <span class='ocr_line' id='line_1_34' title="bbox 244 3339 1838 3412; baseline -0.003 -16"><span class='ocrx_word' id='word_1_266' title='bbox 244 3342 454 3412; x_wconf 89' lang='lat' dir='ltr'><strong>quando</strong></span> <span class='ocrx_word' id='word_1_267' title='bbox 479 3341 655 3397; x_wconf 89' lang='lat' dir='ltr'><strong>anima</strong></span> <span class='ocrx_word' id='word_1_268' title='bbox 687 3339 886 3395; x_wconf 88' lang='lat' dir='ltr'><strong>carnali</strong></span> <span class='ocrx_word' id='word_1_269' title='bbox 907 3339 1343 3409; x_wconf 89' lang='lat' dir='ltr'><strong>concupiscentia</strong></span> <span class='ocrx_word' id='word_1_270' title='bbox 1367 3339 1577 3409; x_wconf 82' lang='lat' dir='ltr'><strong>Spiritui</strong></span> <span class='ocrx_word' id='word_1_271' title='bbox 1604 3340 1838 3394; x_wconf 88' lang='lat' dir='ltr'><strong>relucta-</strong></span> 
     </span>
    </p>
   </div>
   <div class='ocr_carea' id='block_1_35' title="bbox 244 3432 1834 3503">
    <p class='ocr_par' dir='ltr' id='par_1_35' title="bbox 244 3432 1834 3503">
     <span class='ocr_line' id='line_1_35' title="bbox 244 3432 1834 3503; baseline -0.001 -14"><span class='ocrx_word' id='word_1_272' title='bbox 244 3445 345 3491; x_wconf 88' lang='lat' dir='ltr'><strong>tur.</strong></span> <span class='ocrx_word' id='word_1_273' title='bbox 377 3434 576 3492; x_wconf 90' lang='lat' dir='ltr'><strong>Totum</strong></span> <span class='ocrx_word' id='word_1_274' title='bbox 603 3433 706 3489; x_wconf 91' lang='lat' dir='ltr'><strong>hoc</strong></span> <span class='ocrx_word' id='word_1_275' title='bbox 735 3447 833 3488; x_wconf 91' lang='lat' dir='ltr'><strong>nos</strong></span> <span class='ocrx_word' id='word_1_276' title='bbox 875 3446 1058 3488; x_wconf 88' lang='lat' dir='ltr'><strong>sumus</strong></span> <span class='ocrx_word' id='word_1_277' title='bbox 1083 3450 1096 3485; x_wconf 90' lang='lat'><strong>:</strong></span> <span class='ocrx_word' id='word_1_278' title='bbox 1119 3441 1174 3488; x_wconf 91' lang='lat' dir='ltr'><strong>et</strong></span> <span class='ocrx_word' id='word_1_279' title='bbox 1203 3447 1327 3490; x_wconf 88' lang='lat' dir='ltr'><strong>caro</strong></span> <span class='ocrx_word' id='word_1_280' title='bbox 1371 3433 1485 3503; x_wconf 89' lang='lat' dir='ltr'><strong>ipsa</strong></span> <span class='ocrx_word' id='word_1_281' title='bbox 1509 3447 1628 3503; x_wconf 64' lang='lat' dir='ltr'><strong>quas</strong></span> <span class='ocrx_word' id='word_1_282' title='bbox 1655 3432 1834 3487; x_wconf 85' lang='lat' dir='ltr'><strong>disce-</strong></span> 
     </span>
    </p>
   </div>
   <div class='ocr_carea' id='block_1_36' title="bbox 243 3522 1835 3594">
    <p class='ocr_par' dir='ltr' id='par_1_36' title="bbox 243 3522 1835 3594">
     <span class='ocr_line' id='line_1_36' title="bbox 243 3522 1835 3594; baseline -0.003 -13"><span class='ocrx_word' id='word_1_283' title='bbox 243 3526 398 3583; x_wconf 88' lang='lat' dir='ltr'><strong>dente</strong></span> <span class='ocrx_word' id='word_1_284' title='bbox 444 3527 624 3582; x_wconf 87' lang='lat' dir='ltr'><strong>anima</strong></span> <span class='ocrx_word' id='word_1_285' title='bbox 671 3523 920 3590; x_wconf 90' lang='lat' dir='ltr'><strong>moritur,</strong></span> <span class='ocrx_word' id='word_1_286' title='bbox 960 3532 1142 3580; x_wconf 87' lang='lat' dir='ltr'><strong>nostra</strong></span> <span class='ocrx_word' id='word_1_287' title='bbox 1183 3537 1308 3594; x_wconf 88' lang='lat' dir='ltr'><strong>pars</strong></span> <span class='ocrx_word' id='word_1_288' title='bbox 1351 3522 1569 3589; x_wconf 86' lang='lat' dir='ltr'><strong>inﬁma,</strong></span> <span class='ocrx_word' id='word_1_289' title='bbox 1599 3538 1704 3579; x_wconf 93' lang='lat' dir='ltr'><strong>non</strong></span> <span class='ocrx_word' id='word_1_290' title='bbox 1750 3524 1835 3577; x_wconf 77' lang='lat' dir='ltr'><strong>lii-</strong></span> 
     </span>
    </p>
   </div>
   <div class='ocr_carea' id='block_1_37' title="bbox 241 3615 1838 3689">
    <p class='ocr_par' dir='ltr' id='par_1_37' title="bbox 241 3615 1838 3689">
     <span class='ocr_line' id='line_1_37' title="bbox 241 3615 1838 3689; baseline -0.001 -15"><span class='ocrx_word' id='word_1_291' title='bbox 241 3618 430 3689; x_wconf 85' lang='lat' dir='ltr'><strong>gieoda</strong></span> <span class='ocrx_word' id='word_1_292' title='bbox 484 3617 798 3684; x_wconf 89' lang='lat' dir='ltr'><strong>dimittitur,</strong></span> <span class='ocrx_word' id='word_1_293' title='bbox 859 3615 954 3674; x_wconf 87' lang='lat' dir='ltr'><strong>sed</strong></span> <span class='ocrx_word' id='word_1_294' title='bbox 1007 3616 1310 3687; x_wconf 88' lang='lat' dir='ltr'><strong>recipienda</strong></span> <span class='ocrx_word' id='word_1_295' title='bbox 1367 3616 1685 3688; x_wconf 86' lang='lat' dir='ltr'><strong>deponitur,</strong></span> <span class='ocrx_word' id='word_1_296' title='bbox 1735 3631 1838 3672; x_wconf 93' lang='lat' dir='ltr'><strong>nec</strong></span> 
     </span>
    </p>
   </div>
   <div class='ocr_carea' id='block_1_38' title="bbox 239 3708 1835 3782">
    <p class='ocr_par' dir='ltr' id='par_1_38' title="bbox 239 3708 1835 3782">
     <span class='ocr_line' id='line_1_38' title="bbox 239 3708 1835 3782; baseline -0.001 -18"><span class='ocrx_word' id='word_1_297' title='bbox 239 3719 455 3782; x_wconf 84' lang='lat' dir='ltr'><strong>recepta</strong></span> <span class='ocrx_word' id='word_1_298' title='bbox 479 3709 704 3765; x_wconf 88' lang='lat' dir='ltr'><strong>ulterius</strong></span> <span class='ocrx_word' id='word_1_299' title='bbox 737 3708 1091 3778; x_wconf 88' lang='lat' dir='ltr'><strong>relinquetur.</strong></span> <span class='ocrx_word' id='word_1_300' title='bbox 1125 3708 1420 3763; x_wconf 89' lang='lat' dir='ltr'><strong>Seminatur</strong></span> <span class='ocrx_word' id='word_1_301' title='bbox 1439 3715 1618 3762; x_wconf 92' lang='lat' dir='ltr'><strong>autem</strong></span> <span class='ocrx_word' id='word_1_302' title='bbox 1649 3723 1835 3779; x_wconf 90' lang='lat' dir='ltr'><strong>corpus</strong></span> 
     </span>
    </p>
   </div>
   <div class='ocr_carea' id='block_1_39' title="bbox 237 3799 1831 3874">
    <p class='ocr_par' dir='ltr' id='par_1_39' title="bbox 237 3799 1831 3874">
     <span class='ocr_line' id='line_1_39' title="bbox 237 3799 1831 3874; baseline -0.003 -16"><span class='ocrx_word' id='word_1_303' title='bbox 237 3804 496 3869; x_wconf 80' lang='lat' dir='ltr'><strong>animale,</strong></span> <span class='ocrx_word' id='word_1_304' title='bbox 522 3811 754 3874; x_wconf 86' lang='lat' dir='ltr'><strong>resurget</strong></span> <span class='ocrx_word' id='word_1_305' title='bbox 796 3817 980 3874; x_wconf 89' lang='lat' dir='ltr'><strong>corpus</strong></span> <span class='ocrx_word' id='word_1_306' title='bbox 1028 3800 1294 3873; x_wconf 88' lang='lat' dir='ltr'><strong>spirituale</strong></span> <span class='ocrx_word' id='word_1_307' title='bbox 1340 3800 1383 3871; x_wconf 95' lang='lat' dir='ltr'><strong>(l</strong></span> <span class='ocrx_word' id='word_1_308' title='bbox 1425 3799 1540 3855; x_wconf 88' lang='lat' dir='ltr'><strong>Cor.</strong></span> <span class='ocrx_word' id='word_1_309' title='bbox 1592 3816 1682 3863; x_wconf 79' lang='lat' dir='ltr'><strong>xv,</strong></span> <span class='ocrx_word' id='word_1_310' title='bbox 1718 3801 1831 3871; x_wconf 73' lang='grc'><strong>44).</strong></span> 
     </span>
    </p>
   </div>
   <div class='ocr_carea' id='block_1_40' title="bbox 236 3894 1832 3968">
    <p class='ocr_par' dir='ltr' id='par_1_40' title="bbox 236 3894 1832 3968">
     <span class='ocr_line' id='line_1_40' title="bbox 236 3894 1832 3968; baseline -0.004 -14"><span class='ocrx_word' id='word_1_311' title='bbox 236 3895 383 3954; x_wconf 84' lang='lat' dir='ltr'><strong>Tunc</strong></span> <span class='ocrx_word' id='word_1_312' title='bbox 417 3898 534 3968; x_wconf 90' lang='lat' dir='ltr'><strong>jam</strong></span> <span class='ocrx_word' id='word_1_313' title='bbox 561 3912 688 3954; x_wconf 85' lang='lat' dir='ltr'><strong>caro</strong></span> <span class='ocrx_word' id='word_1_314' title='bbox 727 3896 856 3952; x_wconf 89' lang='lat' dir='ltr'><strong>nihil</strong></span> <span class='ocrx_word' id='word_1_315' title='bbox 886 3896 1231 3966; x_wconf 88' lang='lat' dir='ltr'><strong>concupiscet</strong></span> <span class='ocrx_word' id='word_1_316' title='bbox 1256 3894 1514 3950; x_wconf 81' lang='lat' dir='ltr'><strong>adversus</strong></span> <span class='ocrx_word' id='word_1_317' title='bbox 1551 3894 1792 3964; x_wconf 91' lang='lat' dir='ltr'><strong>spiritum</strong></span> <span class='ocrx_word' id='word_1_318' title='bbox 1814 3935 1832 3962; x_wconf 93' lang='lat'><strong>,</strong></span> 
     </span>
    </p>
   </div>
   <div class='ocr_carea' id='block_1_41' title="bbox 233 3987 1833 4063">
    <p class='ocr_par' dir='ltr' id='par_1_41' title="bbox 233 3987 1833 4063">
     <span class='ocr_line' id='line_1_41' title="bbox 233 3987 1833 4063; baseline -0.003 -16"><span class='ocrx_word' id='word_1_319' title='bbox 233 3992 454 4062; x_wconf 85' lang='lat' dir='ltr'><strong>quando</strong></span> <span class='ocrx_word' id='word_1_320' title='bbox 477 4001 533 4047; x_wconf 87' lang='lat' dir='ltr'><strong>et</strong></span> <span class='ocrx_word' id='word_1_321' title='bbox 562 3993 676 4063; x_wconf 92' lang='lat' dir='ltr'><strong>ipsa</strong></span> <span class='ocrx_word' id='word_1_322' title='bbox 706 3990 998 4062; x_wconf 88' lang='lat' dir='ltr'><strong>spiritualis</strong></span> <span class='ocrx_word' id='word_1_323' title='bbox 1019 3989 1316 4057; x_wconf 87' lang='lat' dir='ltr'><strong>vocabitur,</strong></span> <span class='ocrx_word' id='word_1_324' title='bbox 1344 3987 1596 4059; x_wconf 87' lang='lat' dir='ltr'><strong>quoniam</strong></span> <span class='ocrx_word' id='word_1_325' title='bbox 1622 3987 1833 4058; x_wconf 89' lang='lat' dir='ltr'><strong>spiritui</strong></span> 
     </span>
    </p>
   </div>
   <div class='ocr_carea' id='block_1_42' title="bbox 231 4081 1833 4154">
    <p class='ocr_par' dir='ltr' id='par_1_42' title="bbox 231 4081 1833 4154">
     <span class='ocr_line' id='line_1_42' title="bbox 231 4081 1833 4154; baseline -0.001 -16"><span class='ocrx_word' id='word_1_326' title='bbox 231 4099 338 4139; x_wconf 90' lang='lat' dir='ltr'><strong>non</strong></span> <span class='ocrx_word' id='word_1_327' title='bbox 369 4084 548 4140; x_wconf 87' lang='lat' dir='ltr'><strong>solum</strong></span> <span class='ocrx_word' id='word_1_328' title='bbox 591 4085 706 4139; x_wconf 90' lang='lat' dir='ltr'><strong>sine</strong></span> <span class='ocrx_word' id='word_1_329' title='bbox 743 4083 852 4139; x_wconf 88' lang='lat' dir='ltr'><strong>ulla</strong></span> <span class='ocrx_word' id='word_1_330' title='bbox 880 4082 1230 4154; x_wconf 88' lang='lat' dir='ltr'><strong>repugnantia</strong></span> <span class='ocrx_word' id='word_1_331' title='bbox 1251 4124 1266 4150; x_wconf 90' lang='lat'><strong>,</strong></span> <span class='ocrx_word' id='word_1_332' title='bbox 1299 4096 1486 4138; x_wconf 91' lang='lat' dir='ltr'><strong>verum</strong></span> <span class='ocrx_word' id='word_1_333' title='bbox 1526 4082 1683 4137; x_wconf 90' lang='lat' dir='ltr'><strong>etiam</strong></span> <span class='ocrx_word' id='word_1_334' title='bbox 1716 4081 1833 4136; x_wconf 89' lang='lat' dir='ltr'><strong>sine</strong></span> 
     </span>
    </p>
   </div>
   <div class='ocr_carea' id='block_1_43' title="bbox 229 4171 1830 4244">
    <p class='ocr_par' dir='ltr' id='par_1_43' title="bbox 229 4171 1830 4244">
     <span class='ocr_line' id='line_1_43' title="bbox 229 4171 1830 4244; baseline -0.002 -16"><span class='ocrx_word' id='word_1_335' title='bbox 229 4175 333 4229; x_wconf 87' lang='lat' dir='ltr'><strong>ulla</strong></span> <span class='ocrx_word' id='word_1_336' title='bbox 366 4175 673 4244; x_wconf 89' lang='lat' dir='ltr'><strong>corporalis</strong></span> <span class='ocrx_word' id='word_1_337' title='bbox 694 4173 932 4229; x_wconf 91' lang='lat' dir='ltr'><strong>alimenti</strong></span> <span class='ocrx_word' id='word_1_338' title='bbox 961 4172 1250 4243; x_wconf 85' lang='lat' dir='ltr'><strong>indigentia</strong></span> <span class='ocrx_word' id='word_1_339' title='bbox 1281 4172 1335 4226; x_wconf 93' lang='lat' dir='ltr'><strong>in</strong></span> <span class='ocrx_word' id='word_1_340' title='bbox 1370 4181 1632 4228; x_wconf 86' lang='lat' dir='ltr'><strong>aeternum</strong></span> <span class='ocrx_word' id='word_1_341' title='bbox 1655 4171 1830 4226; x_wconf 86' lang='lat' dir='ltr'><strong>viviﬁ-</strong></span> 
     </span>
    </p>
   </div>
   <div class='ocr_carea' id='block_1_44' title="bbox 231 4266 1830 4338">
    <p class='ocr_par' dir='ltr' id='par_1_44' title="bbox 231 4266 1830 4338">
     <span class='ocr_line' id='line_1_44' title="bbox 231 4266 1830 4338; baseline 0 -15"><span class='ocrx_word' id='word_1_342' title='bbox 231 4269 396 4324; x_wconf 83' lang='lat' dir='ltr'><strong>cauda</strong></span> <span class='ocrx_word' id='word_1_343' title='bbox 430 4267 719 4324; x_wconf 90' lang='lat' dir='ltr'><strong>subdetur.</strong></span> <span class='ocrx_word' id='word_1_344' title='bbox 760 4267 888 4322; x_wconf 68' lang='lat' dir='ltr'><strong>Haec</strong></span> <span class='ocrx_word' id='word_1_345' title='bbox 920 4267 1078 4338; x_wconf 87' lang='lat' dir='ltr'><strong>igitur</strong></span> <span class='ocrx_word' id='word_1_346' title='bbox 1117 4266 1253 4336; x_wconf 92' lang='lat' dir='ltr'><strong>duo,</strong></span> <span class='ocrx_word' id='word_1_347' title='bbox 1280 4282 1401 4337; x_wconf 85' lang='lat' dir='ltr'><strong>quae</strong></span> <span class='ocrx_word' id='word_1_348' title='bbox 1439 4282 1580 4322; x_wconf 92' lang='lat' dir='ltr'><strong>nunc</strong></span> <span class='ocrx_word' id='word_1_349' title='bbox 1601 4267 1830 4323; x_wconf 81' lang='lat' dir='ltr'><strong>invicem</strong></span> 
     </span>
    </p>
   </div>
   <div class='ocr_carea' id='block_1_45' title="bbox 231 4357 1828 4429">
    <p class='ocr_par' dir='ltr' id='par_1_45' title="bbox 231 4357 1828 4429">
     <span class='ocr_line' id='line_1_45' title="bbox 231 4357 1828 4429; baseline 0.001 -18"><span class='ocrx_word' id='word_1_350' title='bbox 231 4359 590 4416; x_wconf 76' lang='lat' dir='ltr'><strong>adversantur</strong></span> <span class='ocrx_word' id='word_1_351' title='bbox 609 4359 663 4413; x_wconf 91' lang='lat' dir='ltr'><strong>in</strong></span> <span class='ocrx_word' id='word_1_352' title='bbox 682 4358 836 4414; x_wconf 91' lang='lat' dir='ltr'><strong>nobis</strong></span> <span class='ocrx_word' id='word_1_353' title='bbox 856 4399 870 4424; x_wconf 91' lang='lat'><strong>,</strong></span> <span class='ocrx_word' id='word_1_354' title='bbox 903 4357 1155 4428; x_wconf 88' lang='lat' dir='ltr'><strong>quoniam</strong></span> <span class='ocrx_word' id='word_1_355' title='bbox 1176 4358 1231 4412; x_wconf 94' lang='lat' dir='ltr'><strong>in</strong></span> <span class='ocrx_word' id='word_1_356' title='bbox 1253 4366 1481 4429; x_wconf 90' lang='lat' dir='ltr'><strong>utroque</strong></span> <span class='ocrx_word' id='word_1_357' title='bbox 1501 4371 1601 4414; x_wconf 88' lang='lat' dir='ltr'><strong>nos</strong></span> <span class='ocrx_word' id='word_1_358' title='bbox 1624 4371 1828 4424; x_wconf 90' lang='lat' dir='ltr'><strong>sumus,</strong></span> 
     </span>
    </p>
   </div>
   <div class='ocr_carea' id='block_1_46' title="bbox 231 4447 1832 4520">
    <p class='ocr_par' dir='ltr' id='par_1_46' title="bbox 231 4447 1832 4520">
     <span class='ocr_line' id='line_1_46' title="bbox 231 4447 1832 4520; baseline 0.001 -17"><span class='ocrx_word' id='word_1_359' title='bbox 231 4459 282 4503; x_wconf 90' lang='lat' dir='ltr'><strong>ut</strong></span> <span class='ocrx_word' id='word_1_360' title='bbox 300 4448 648 4506; x_wconf 87' lang='lat' dir='ltr'><strong>concordent</strong></span> <span class='ocrx_word' id='word_1_361' title='bbox 672 4463 890 4505; x_wconf 91' lang='lat' dir='ltr'><strong>oremus</strong></span> <span class='ocrx_word' id='word_1_362' title='bbox 915 4457 970 4505; x_wconf 90' lang='lat' dir='ltr'><strong>et</strong></span> <span class='ocrx_word' id='word_1_363' title='bbox 1006 4463 1246 4520; x_wconf 86' lang='lat' dir='ltr'><strong>agamus.</strong></span> <span class='ocrx_word' id='word_1_364' title='bbox 1287 4447 1406 4505; x_wconf 88' lang='lat' dir='ltr'><strong>Non</strong></span> <span class='ocrx_word' id='word_1_365' title='bbox 1431 4449 1574 4505; x_wconf 91' lang='lat' dir='ltr'><strong>enim</strong></span> <span class='ocrx_word' id='word_1_366' title='bbox 1603 4450 1832 4506; x_wconf 90' lang='lat' dir='ltr'><strong>alterum</strong></span> 
     </span>
    </p>
   </div>
   <div class='ocr_carea' id='block_1_47' title="bbox 231 4540 1832 4615">
    <p class='ocr_par' dir='ltr' id='par_1_47' title="bbox 231 4540 1832 4615">
     <span class='ocr_line' id='line_1_47' title="bbox 231 4540 1832 4615; baseline -0.001 -16"><span class='ocrx_word' id='word_1_367' title='bbox 231 4557 412 4599; x_wconf 79' lang='lat' dir='ltr'><strong>comm</strong></span> <span class='ocrx_word' id='word_1_368' title='bbox 439 4553 635 4615; x_wconf 86' lang='lat' dir='ltr'><strong>putare</strong></span> <span class='ocrx_word' id='word_1_369' title='bbox 655 4543 914 4598; x_wconf 90' lang='lat' dir='ltr'><strong>debemus</strong></span> <span class='ocrx_word' id='word_1_370' title='bbox 934 4542 1207 4598; x_wconf 90' lang='lat' dir='ltr'><strong>inimicum</strong></span> <span class='ocrx_word' id='word_1_371' title='bbox 1223 4584 1238 4609; x_wconf 93' lang='lat'><strong>,</strong></span> <span class='ocrx_word' id='word_1_372' title='bbox 1259 4540 1353 4598; x_wconf 90' lang='lat' dir='ltr'><strong>sed</strong></span> <span class='ocrx_word' id='word_1_373' title='bbox 1374 4541 1559 4597; x_wconf 86' lang='lat' dir='ltr'><strong>vitium</strong></span> <span class='ocrx_word' id='word_1_374' title='bbox 1581 4557 1687 4612; x_wconf 93' lang='lat' dir='ltr'><strong>quo</strong></span> <span class='ocrx_word' id='word_1_375' title='bbox 1705 4557 1832 4598; x_wconf 89' lang='lat' dir='ltr'><strong>caro</strong></span> 
     </span>
    </p>
   </div>
   <div class='ocr_carea' id='block_1_48' title="bbox 230 4634 1830 4708">
    <p class='ocr_par' dir='ltr' id='par_1_48' title="bbox 230 4634 1830 4708">
     <span class='ocr_line' id='line_1_48' title="bbox 230 4634 1830 4708; baseline 0 -18"><span class='ocrx_word' id='word_1_376' title='bbox 230 4637 567 4708; x_wconf 86' lang='lat' dir='ltr'><strong>concupiscit</strong></span> <span class='ocrx_word' id='word_1_377' title='bbox 614 4635 874 4692; x_wconf 87' lang='lat' dir='ltr'><strong>adversus</strong></span> <span class='ocrx_word' id='word_1_378' title='bbox 914 4635 1160 4707; x_wconf 86' lang='lat' dir='ltr'><strong>spiritum</strong></span> <span class='ocrx_word' id='word_1_379' title='bbox 1194 4652 1207 4688; x_wconf 90' lang='lat'><strong>:</strong></span> <span class='ocrx_word' id='word_1_380' title='bbox 1241 4634 1384 4705; x_wconf 92' lang='lat' dir='ltr'><strong>quod</strong></span> <span class='ocrx_word' id='word_1_381' title='bbox 1415 4643 1694 4700; x_wconf 89' lang='lat' dir='ltr'><strong>sanatum,</strong></span> <span class='ocrx_word' id='word_1_382' title='bbox 1730 4649 1830 4690; x_wconf 89' lang='lat' dir='ltr'><strong>nec</strong></span> 
     </span>
    </p>
   </div>
   <div class='ocr_carea' id='block_1_49' title="bbox 231 4728 1835 4800">
    <p class='ocr_par' dir='ltr' id='par_1_49' title="bbox 231 4728 1835 4800">
     <span class='ocr_line' id='line_1_49' title="bbox 231 4728 1835 4800; baseline 0.001 -18"><span class='ocrx_word' id='word_1_383' title='bbox 231 4730 398 4799; x_wconf 86' lang='lat' dir='ltr'><strong>ipsum</strong></span> <span class='ocrx_word' id='word_1_384' title='bbox 429 4731 541 4788; x_wconf 89' lang='lat' dir='ltr'><strong>erit</strong></span> <span class='ocrx_word' id='word_1_385' title='bbox 560 4771 576 4799; x_wconf 91' lang='lat'><strong>,</strong></span> <span class='ocrx_word' id='word_1_386' title='bbox 605 4737 660 4785; x_wconf 91' lang='lat' dir='ltr'><strong>et</strong></span> <span class='ocrx_word' id='word_1_387' title='bbox 686 4728 980 4786; x_wconf 87' lang='lat' dir='ltr'><strong>substantia</strong></span> <span class='ocrx_word' id='word_1_388' title='bbox 1018 4739 1245 4800; x_wconf 86' lang='lat' dir='ltr'><strong>utraque</strong></span> <span class='ocrx_word' id='word_1_389' title='bbox 1269 4728 1415 4785; x_wconf 90' lang='lat' dir='ltr'><strong>salva</strong></span> <span class='ocrx_word' id='word_1_390' title='bbox 1443 4728 1582 4796; x_wconf 90' lang='lat' dir='ltr'><strong>erit,</strong></span> <span class='ocrx_word' id='word_1_391' title='bbox 1613 4737 1666 4784; x_wconf 92' lang='lat' dir='ltr'><strong>et</strong></span> <span class='ocrx_word' id='word_1_392' title='bbox 1694 4728 1835 4784; x_wconf 86' lang='lat' dir='ltr'><strong>inter</strong></span> 
     </span>
    </p>
   </div>
   <div class='ocr_carea' id='block_1_50' title="bbox 229 4821 1829 4897">
    <p class='ocr_par' dir='ltr' id='par_1_50' title="bbox 229 4821 1829 4897">
     <span class='ocr_line' id='line_1_50' title="bbox 229 4821 1829 4897; baseline 0.001 -20"><span class='ocrx_word' id='word_1_393' title='bbox 229 4833 517 4897; x_wconf 85' lang='lat' dir='ltr'><strong>utramque</strong></span> <span class='ocrx_word' id='word_1_394' title='bbox 558 4824 703 4879; x_wconf 89' lang='lat' dir='ltr'><strong>nulla</strong></span> <span class='ocrx_word' id='word_1_395' title='bbox 749 4839 925 4895; x_wconf 84' lang='lat' dir='ltr'><strong>pugna</strong></span> <span class='ocrx_word' id='word_1_396' title='bbox 957 4821 1095 4879; x_wconf 88' lang='lat' dir='ltr'><strong>&#39;erit.</strong></span> <span class='ocrx_word' id='word_1_397' title='bbox 1141 4823 1436 4880; x_wconf 85' lang='lat' dir='ltr'><strong>Audiamus</strong></span> <span class='ocrx_word' id='word_1_398' title='bbox 1467 4821 1829 4893; x_wconf 85' lang='lat' dir='ltr'><strong>Apostoium:</strong></span> 
     </span>
    </p>
   </div>
   <div class='ocr_carea' id='block_1_51' title="bbox 231 4916 1834 4989">
    <p class='ocr_par' dir='ltr' id='par_1_51' title="bbox 231 4916 1834 4989">
     <span class='ocr_line' id='line_1_51' title="bbox 231 4916 1834 4989; baseline -0.002 -17"><span class='ocrx_word' id='word_1_399' title='bbox 231 4918 346 4974; x_wconf 86' lang='lat' dir='ltr'><strong>Scio</strong></span> <span class='ocrx_word' id='word_1_400' title='bbox 364 4964 378 4986; x_wconf 90' lang='lat'><strong>,</strong></span> <span class='ocrx_word' id='word_1_401' title='bbox 417 4919 632 4989; x_wconf 87' lang='lat' dir='ltr'><strong>inquit,</strong></span> <span class='ocrx_word' id='word_1_402' title='bbox 661 4919 782 4988; x_wconf 87' lang='lat' dir='ltr'><strong>quia</strong></span> <span class='ocrx_word' id='word_1_403' title='bbox 808 4935 912 4972; x_wconf 88' lang='lat' dir='ltr'><strong>non</strong></span> <span class='ocrx_word' id='word_1_404' title='bbox 941 4916 1134 4972; x_wconf 81' lang='lat' dir='ltr'><strong>habitat</strong></span> <span class='ocrx_word' id='word_1_405' title='bbox 1162 4917 1218 4971; x_wconf 86' lang='lat' dir='ltr'><strong>in</strong></span> <span class='ocrx_word' id='word_1_406' title='bbox 1245 4933 1353 4983; x_wconf 90' lang='lat' dir='ltr'><strong>me,</strong></span> <span class='ocrx_word' id='word_1_407' title='bbox 1382 4916 1477 4970; x_wconf 81' lang='lat' dir='ltr'><strong>hoc</strong></span> <span class='ocrx_word' id='word_1_408' title='bbox 1501 4924 1574 4971; x_wconf 89' lang='lat' dir='ltr'><strong>est</strong></span> <span class='ocrx_word' id='word_1_409' title='bbox 1603 4916 1656 4970; x_wconf 89' lang='lat' dir='ltr'><strong>in</strong></span> <span class='ocrx_word' id='word_1_410' title='bbox 1682 4930 1834 4969; x_wconf 87' lang='lat' dir='ltr'><strong>carne</strong></span> 
     </span>
    </p>
   </div>
   <div class='ocr_carea' id='block_1_52' title="bbox 229 5009 1833 5083">
    <p class='ocr_par' dir='ltr' id='par_1_52' title="bbox 229 5009 1833 5083">
     <span class='ocr_line' id='line_1_52' title="bbox 229 5009 1833 5083; baseline 0.001 -21"><span class='ocrx_word' id='word_1_411' title='bbox 229 5030 335 5067; x_wconf 83' lang='lat' dir='ltr'><strong>mea</strong></span> <span class='ocrx_word' id='word_1_412' title='bbox 354 5057 372 5083; x_wconf 95' lang='lat'><strong>,</strong></span> <span class='ocrx_word' id='word_1_413' title='bbox 403 5016 621 5068; x_wconf 87' lang='lat' dir='ltr'><strong>bonum.</strong></span> <span class='ocrx_word' id='word_1_414' title='bbox 647 5010 762 5068; x_wconf 77' lang='lat' dir='ltr'><strong>Hoc</strong></span> <span class='ocrx_word' id='word_1_415' title='bbox 788 5011 972 5081; x_wconf 89' lang='lat' dir='ltr'><strong>utique</strong></span> <span class='ocrx_word' id='word_1_416' title='bbox 1000 5011 1103 5078; x_wconf 89' lang='lat' dir='ltr'><strong>ait,</strong></span> <span class='ocrx_word' id='word_1_417' title='bbox 1135 5010 1260 5082; x_wconf 89' lang='lat' dir='ltr'><strong>quia</strong></span> <span class='ocrx_word' id='word_1_418' title='bbox 1283 5010 1473 5065; x_wconf 82' lang='lat' dir='ltr'><strong>vitium</strong></span> <span class='ocrx_word' id='word_1_419' title='bbox 1498 5009 1676 5065; x_wconf 89' lang='lat' dir='ltr'><strong>carnis</strong></span> <span class='ocrx_word' id='word_1_420' title='bbox 1698 5009 1751 5063; x_wconf 91' lang='lat' dir='ltr'><strong>in</strong></span> <span class='ocrx_word' id='word_1_421' title='bbox 1771 5023 1833 5064; x_wconf 89' lang='lat' dir='ltr'><strong>re</strong></span> 
     </span>
    </p>
   </div>
   <div class='ocr_carea' id='block_1_53' title="bbox 228 5101 1834 5174">
    <p class='ocr_par' dir='ltr' id='par_1_53' title="bbox 228 5101 1834 5174">
     <span class='ocr_line' id='line_1_53' title="bbox 228 5101 1834 5174; baseline 0 -16"><span class='ocrx_word' id='word_1_422' title='bbox 228 5103 367 5160; x_wconf 81' lang='lat' dir='ltr'><strong>bona</strong></span> <span class='ocrx_word' id='word_1_423' title='bbox 387 5120 507 5161; x_wconf 88' lang='lat' dir='ltr'><strong>non</strong></span> <span class='ocrx_word' id='word_1_424' title='bbox 535 5110 622 5160; x_wconf 87' lang='lat' dir='ltr'><strong>est</strong></span> <span class='ocrx_word' id='word_1_425' title='bbox 646 5103 885 5159; x_wconf 86' lang='lat' dir='ltr'><strong>bonum:</strong></span> <span class='ocrx_word' id='word_1_426' title='bbox 914 5102 1058 5174; x_wconf 90' lang='lat' dir='ltr'><strong>quod</strong></span> <span class='ocrx_word' id='word_1_427' title='bbox 1083 5117 1205 5159; x_wconf 91' lang='lat' dir='ltr'><strong>cum</strong></span> <span class='ocrx_word' id='word_1_428' title='bbox 1234 5116 1355 5159; x_wconf 91' lang='lat' dir='ltr'><strong>esse</strong></span> <span class='ocrx_word' id='word_1_429' title='bbox 1375 5101 1674 5170; x_wconf 89' lang='lat' dir='ltr'><strong>destiterit,</strong></span> <span class='ocrx_word' id='word_1_430' title='bbox 1705 5115 1834 5158; x_wconf 87' lang='lat' dir='ltr'><strong>caro</strong></span> 
     </span>
    </p>
   </div>
   <div class='ocr_carea' id='block_1_54' title="bbox 227 5196 1833 5268">
    <p class='ocr_par' dir='ltr' id='par_1_54' title="bbox 227 5196 1833 5268">
     <span class='ocr_line' id='line_1_54' title="bbox 227 5196 1833 5268; baseline 0 -16"><span class='ocrx_word' id='word_1_431' title='bbox 227 5199 358 5266; x_wconf 84' lang='lat' dir='ltr'><strong>erit,</strong></span> <span class='ocrx_word' id='word_1_432' title='bbox 382 5197 486 5255; x_wconf 88' lang='lat' dir='ltr'><strong>sed</strong></span> <span class='ocrx_word' id='word_1_433' title='bbox 504 5197 617 5268; x_wconf 89' lang='lat' dir='ltr'><strong>jam</strong></span> <span class='ocrx_word' id='word_1_434' title='bbox 637 5197 821 5252; x_wconf 89' lang='lat' dir='ltr'><strong>vitiata</strong></span> <span class='ocrx_word' id='word_1_435' title='bbox 846 5196 933 5252; x_wconf 89' lang='lat' dir='ltr'><strong>vel</strong></span> <span class='ocrx_word' id='word_1_436' title='bbox 957 5196 1151 5252; x_wconf 87' lang='lat' dir='ltr'><strong>vitiosa</strong></span> <span class='ocrx_word' id='word_1_437' title='bbox 1169 5211 1277 5252; x_wconf 92' lang='lat' dir='ltr'><strong>non</strong></span> <span class='ocrx_word' id='word_1_438' title='bbox 1302 5196 1423 5253; x_wconf 91' lang='lat' dir='ltr'><strong>erit.</strong></span> <span class='ocrx_word' id='word_1_439' title='bbox 1453 5197 1623 5265; x_wconf 85' lang='lat' dir='ltr'><strong>Quam</strong></span> <span class='ocrx_word' id='word_1_440' title='bbox 1654 5203 1833 5252; x_wconf 89' lang='lat' dir='ltr'><strong>tamen</strong></span> 
     </span>
    </p>
   </div>
   <div class='ocr_carea' id='block_1_55' title="bbox 227 5287 1831 5360">
    <p class='ocr_par' dir='ltr' id='par_1_55' title="bbox 227 5287 1831 5360">
     <span class='ocr_line' id='line_1_55' title="bbox 227 5287 1831 5360; baseline 0.002 -18"><span class='ocrx_word' id='word_1_441' title='bbox 227 5288 292 5342; x_wconf 76' lang='lat' dir='ltr'><strong>ad</strong></span> <span class='ocrx_word' id='word_1_442' title='bbox 325 5301 577 5345; x_wconf 88' lang='lat' dir='ltr'><strong>nostram</strong></span> <span class='ocrx_word' id='word_1_443' title='bbox 605 5289 874 5360; x_wconf 90' lang='lat' dir='ltr'><strong>pertinere</strong></span> <span class='ocrx_word' id='word_1_444' title='bbox 898 5297 1143 5344; x_wconf 88' lang='lat' dir='ltr'><strong>naturam</strong></span> <span class='ocrx_word' id='word_1_445' title='bbox 1161 5330 1176 5355; x_wconf 94' lang='lat'><strong>,</strong></span> <span class='ocrx_word' id='word_1_446' title='bbox 1202 5287 1343 5344; x_wconf 91' lang='lat' dir='ltr'><strong>idem</strong></span> <span class='ocrx_word' id='word_1_447' title='bbox 1368 5288 1556 5346; x_wconf 91' lang='lat' dir='ltr'><strong>doctor</strong></span> <span class='ocrx_word' id='word_1_448' title='bbox 1573 5289 1831 5360; x_wconf 86' lang='lat' dir='ltr'><strong>ostendit,</strong></span> 
     </span>
    </p>
   </div>
   <div class='ocr_carea' id='block_1_56' title="bbox 227 5380 1837 5453">
    <p class='ocr_par' dir='ltr' id='par_1_56' title="bbox 227 5380 1837 5453">
     <span class='ocr_line' id='line_1_56' title="bbox 227 5380 1837 5453; baseline 0.001 -19"><span class='ocrx_word' id='word_1_449' title='bbox 227 5380 381 5448; x_wconf 83' lang='lat' dir='ltr'><strong>prius</strong></span> <span class='ocrx_word' id='word_1_450' title='bbox 407 5380 648 5437; x_wconf 89' lang='lat' dir='ltr'><strong>dicendo</strong></span> <span class='ocrx_word' id='word_1_451' title='bbox 669 5423 683 5447; x_wconf 92' lang='lat'><strong>,</strong></span> <span class='ocrx_word' id='word_1_452' title='bbox 717 5381 838 5436; x_wconf 90' lang='lat' dir='ltr'><strong>Scio</strong></span> <span class='ocrx_word' id='word_1_453' title='bbox 868 5381 987 5451; x_wconf 90' lang='lat' dir='ltr'><strong>quia</strong></span> <span class='ocrx_word' id='word_1_454' title='bbox 1024 5398 1127 5436; x_wconf 86' lang='lat' dir='ltr'><strong>non</strong></span> <span class='ocrx_word' id='word_1_455' title='bbox 1155 5380 1347 5436; x_wconf 87' lang='lat' dir='ltr'><strong>habitat</strong></span> <span class='ocrx_word' id='word_1_456' title='bbox 1376 5383 1428 5437; x_wconf 87' lang='lat' dir='ltr'><strong>in</strong></span> <span class='ocrx_word' id='word_1_457' title='bbox 1469 5399 1549 5438; x_wconf 89' lang='lat' dir='ltr'><strong>me</strong></span> <span class='ocrx_word' id='word_1_458' title='bbox 1567 5399 1586 5438; x_wconf 91' lang='lat'><strong><em>:</em></strong></span> <span class='ocrx_word' id='word_1_459' title='bbox 1607 5382 1749 5453; x_wconf 89' lang='lat' dir='ltr'><strong>quod</strong></span> <span class='ocrx_word' id='word_1_460' title='bbox 1776 5388 1837 5437; x_wconf 91' lang='lat' dir='ltr'><strong>ut</strong></span> 
     </span>
    </p>
   </div>
   <div class='ocr_carea' id='block_1_57' title="bbox 224 5471 1835 5542">
    <p class='ocr_par' dir='ltr' id='par_1_57' title="bbox 224 5471 1835 5542">
     <span class='ocr_line' id='line_1_57' title="bbox 224 5471 1835 5542; baseline 0.004 -18"><span class='ocrx_word' id='word_1_461' title='bbox 224 5482 568 5542; x_wconf 74' lang='lat' dir='ltr'><strong>exponeret,</strong></span> <span class='ocrx_word' id='word_1_462' title='bbox 603 5471 842 5541; x_wconf 89' lang='lat' dir='ltr'><strong>addidit,</strong></span> <span class='ocrx_word' id='word_1_463' title='bbox 875 5474 967 5526; x_wconf 85' lang='lat' dir='ltr'><strong>hoc</strong></span> <span class='ocrx_word' id='word_1_464' title='bbox 999 5481 1073 5528; x_wconf 87' lang='lat' dir='ltr'><strong>est</strong></span> <span class='ocrx_word' id='word_1_465' title='bbox 1101 5473 1156 5527; x_wconf 90' lang='lat' dir='ltr'><strong>in</strong></span> <span class='ocrx_word' id='word_1_466' title='bbox 1184 5489 1338 5528; x_wconf 87' lang='lat' dir='ltr'><strong>carne</strong></span> <span class='ocrx_word' id='word_1_467' title='bbox 1358 5491 1502 5542; x_wconf 91' lang='lat' dir='ltr'><strong>mea,</strong></span> <span class='ocrx_word' id='word_1_468' title='bbox 1534 5474 1738 5530; x_wconf 88' lang='lat' dir='ltr'><strong>bonum.</strong></span> <span class='ocrx_word' id='word_1_469' title='bbox 1762 5473 1835 5530; x_wconf 89' lang='lat' dir='ltr'><strong>Se</strong></span> 
     </span>
    </p>
   </div>
   <div class='ocr_carea' id='block_1_58' title="bbox 224 5560 1834 5637">
    <p class='ocr_par' dir='ltr' id='par_1_58' title="bbox 224 5560 1834 5637">
     <span class='ocr_line' id='line_1_58' title="bbox 224 5560 1834 5637; baseline 0.004 -23"><span class='ocrx_word' id='word_1_470' title='bbox 224 5560 418 5635; x_wconf 77' lang='lat' dir='ltr'><strong>itaque</strong></span> <span class='ocrx_word' id='word_1_471' title='bbox 441 5564 579 5620; x_wconf 80' lang='lat' dir='ltr'><strong>dicit</strong></span> <span class='ocrx_word' id='word_1_472' title='bbox 607 5579 728 5620; x_wconf 91' lang='lat' dir='ltr'><strong>esse</strong></span> <span class='ocrx_word' id='word_1_473' title='bbox 747 5578 963 5621; x_wconf 89' lang='lat' dir='ltr'><strong>carnem</strong></span> <span class='ocrx_word' id='word_1_474' title='bbox 994 5579 1166 5621; x_wconf 92' lang='lat' dir='ltr'><strong>suam.</strong></span> <span class='ocrx_word' id='word_1_475' title='bbox 1195 5564 1312 5621; x_wconf 87' lang='lat' dir='ltr'><strong>Non</strong></span> <span class='ocrx_word' id='word_1_476' title='bbox 1337 5581 1463 5637; x_wconf 88' lang='lat' dir='ltr'><strong>ergo</strong></span> <span class='ocrx_word' id='word_1_477' title='bbox 1484 5567 1598 5637; x_wconf 89' lang='lat' dir='ltr'><strong>ipsa</strong></span> <span class='ocrx_word' id='word_1_478' title='bbox 1617 5575 1700 5623; x_wconf 88' lang='lat' dir='ltr'><strong>est</strong></span> <span class='ocrx_word' id='word_1_479' title='bbox 1728 5565 1834 5621; x_wconf 89' lang='lat' dir='ltr'><strong>ini-</strong></span> 
     </span>
    </p>
   </div>
   <div class='ocr_carea' id='block_1_59' title="bbox 221 5653 1835 5729">
    <p class='ocr_par' dir='ltr' id='par_1_59' title="bbox 221 5653 1835 5729">
     <span class='ocr_line' id='line_1_59' title="bbox 221 5653 1835 5729; baseline 0.003 -21"><span class='ocrx_word' id='word_1_480' title='bbox 221 5653 375 5712; x_wconf 82' lang='lat' dir='ltr'><strong>mica</strong></span> <span class='ocrx_word' id='word_1_481' title='bbox 396 5664 587 5714; x_wconf 90' lang='lat' dir='ltr'><strong>nostra</strong></span> <span class='ocrx_word' id='word_1_482' title='bbox 612 5674 625 5709; x_wconf 93' lang='lat'><strong>:</strong></span> <span class='ocrx_word' id='word_1_483' title='bbox 648 5665 704 5712; x_wconf 89' lang='lat' dir='ltr'><strong>et</strong></span> <span class='ocrx_word' id='word_1_484' title='bbox 724 5656 936 5727; x_wconf 89' lang='lat' dir='ltr'><strong>quando</strong></span> <span class='ocrx_word' id='word_1_485' title='bbox 955 5657 1069 5728; x_wconf 83' lang='lat' dir='ltr'><strong>ejus</strong></span> <span class='ocrx_word' id='word_1_486' title='bbox 1083 5657 1227 5714; x_wconf 90' lang='lat' dir='ltr'><strong>vitiis</strong></span> <span class='ocrx_word' id='word_1_487' title='bbox 1245 5657 1531 5726; x_wconf 87' lang='lat' dir='ltr'><strong>resistitur,</strong></span> <span class='ocrx_word' id='word_1_488' title='bbox 1552 5658 1667 5729; x_wconf 90' lang='lat' dir='ltr'><strong>ipsa</strong></span> <span class='ocrx_word' id='word_1_489' title='bbox 1684 5671 1835 5714; x_wconf 89' lang='lat' dir='ltr'><strong>ama-</strong></span> 
     </span>
    </p>
   </div>
   <div class='ocr_carea' id='block_1_60' title="bbox 291 5790 1835 5862">
    <p class='ocr_par' dir='ltr' id='par_1_60' title="bbox 291 5790 1835 5862">
     <span class='ocr_line' id='line_1_60' title="bbox 291 5790 1835 5862; baseline 0.007 -20"><span class='ocrx_word' id='word_1_490' title='bbox 291 5793 314 5824; x_wconf 80' lang='grc' dir='ltr'><strong>ι</strong></span> <span class='ocrx_word' id='word_1_491' title='bbox 339 5791 674 5862; x_wconf 48' lang='grc' dir='ltr'><strong>Εαὶιὶηαιίεηᾳ</strong></span> <span class='ocrx_word' id='word_1_492' title='bbox 687 5790 1010 5856; x_wconf 83' lang='lat' dir='ltr'><strong>separatione.</strong></span> <span class='ocrx_word' id='word_1_493' title='bbox 1033 5796 1205 5848; x_wconf 83' lang='lat' dir='ltr'><strong>verius</strong></span> <span class='ocrx_word' id='word_1_494' title='bbox 1224 5802 1353 5861; x_wconf 67' lang='lat' dir='ltr'><strong>Mss,</strong></span> <span class='ocrx_word' id='word_1_495' title='bbox 1377 5792 1550 5850; x_wconf 71' lang='lat' dir='ltr'><strong>alienat</strong></span> <span class='ocrx_word' id='word_1_496' title='bbox 1569 5798 1835 5862; x_wconf 84' lang='lat' dir='ltr'><strong>separatio-</strong></span> 
     </span>
    </p>
   </div>
   <div class='ocr_carea' id='block_1_61' title="bbox 217 5855 797 5920">
    <p class='ocr_par' dir='ltr' id='par_1_61' title="bbox 217 5855 797 5920">
     <span class='ocr_line' id='line_1_61' title="bbox 217 5855 797 5920; baseline -0.002 -15"><span class='ocrx_word' id='word_1_497' title='bbox 217 5863 287 5905; x_wconf 74' lang='lat' dir='ltr'><strong>ne</strong></span> <span class='ocrx_word' id='word_1_498' title='bbox 320 5868 342 5906; x_wconf 87' lang='lat'><strong><em>:</em></strong></span> <span class='ocrx_word' id='word_1_499' title='bbox 365 5855 568 5920; x_wconf 81' lang='lat' dir='ltr'><strong>supple,</strong></span> <span class='ocrx_word' id='word_1_500' title='bbox 591 5855 797 5906; x_wconf 70' lang='lat' dir='ltr'><strong>natum.</strong></span> 
     </span>
    </p>
   </div>
   <div class='ocr_carea' id='block_1_62' title="bbox 489 5941 1178 6007">
    <p class='ocr_par' dir='ltr' id='par_1_62' title="bbox 489 5941 1178 6007">
     <span class='ocr_line' id='line_1_62' title="bbox 489 5941 1178 6007; baseline 0 0"><span class='ocrx_word' id='word_1_501' title='bbox 489 5941 722 6007; x_wconf 64' lang='lat' dir='ltr'><strong>Sacr.</strong></span> <span class='ocrx_word' id='word_1_502' title='bbox 753 5944 1034 6007; x_wconf 73' lang='lat' dir='ltr'><strong>Ausus&#39;r.</strong></span> <span class='ocrx_word' id='word_1_503' title='bbox 1068 5943 1178 6007; x_wconf 85' lang='lat' dir='ltr'><strong>VI.</strong></span> 
     </span>
    </p>
   </div>
   <div class='ocr_carea' id='block_1_63' title="bbox 1952 460 3559 557">
    <p class='ocr_par' dir='ltr' id='par_1_63' title="bbox 1952 460 3559 557">
     <span class='ocr_line' id='line_1_63' title="bbox 1952 460 3559 557; baseline 0.017 -34"><span class='ocrx_word' id='word_1_504' title='bbox 1952 475 2059 537; x_wconf 91' lang='lat' dir='ltr'><strong>tur,</strong></span> <span class='ocrx_word' id='word_1_505' title='bbox 2091 470 2213 541; x_wconf 88' lang='lat' dir='ltr'><strong>quia</strong></span> <span class='ocrx_word' id='word_1_506' title='bbox 2255 470 2368 542; x_wconf 92' lang='lat' dir='ltr'><strong>ipsa</strong></span> <span class='ocrx_word' id='word_1_507' title='bbox 2412 482 2646 532; x_wconf 88' lang='lat' dir='ltr'><strong>curatur.</strong></span> <span class='ocrx_word' id='word_1_508' title='bbox 2691 469 2859 535; x_wconf 84' lang='lat' dir='ltr'><strong>Nemo</strong></span> <span class='ocrx_word' id='word_1_509' title='bbox 2894 483 3030 538; x_wconf 84' lang='lat' dir='ltr'><strong>enim</strong></span> <span class='ocrx_word' id='word_1_510' title='bbox 3068 499 3294 557; x_wconf 82' lang='lat' dir='ltr'><strong>unquam</strong></span> 
     </span>
    </p>
   </div>
   <div class='ocr_carea' id='block_1_64' title="bbox 1949 566 3559 653">
    <p class='ocr_par' dir='ltr' id='par_1_64' title="bbox 1949 566 3559 653">
     <span class='ocr_line' id='line_1_64' title="bbox 1949 566 3559 653; baseline 0.016 -36"><span class='ocrx_word' id='word_1_511' title='bbox 1949 579 2096 618; x_wconf 86' lang='lat' dir='ltr'><strong>suam</strong></span> <span class='ocrx_word' id='word_1_512' title='bbox 2115 566 2234 621; x_wconf 85' lang='lat' dir='ltr'><strong>odio</strong></span> <span class='ocrx_word' id='word_1_513' title='bbox 2259 568 2433 623; x_wconf 82' lang='lat' dir='ltr'><strong>habuit</strong></span> <span class='ocrx_word' id='word_1_514' title='bbox 2453 569 2674 641; x_wconf 74' lang='lat' dir='ltr'><strong>(Ep/tes.</strong></span> <span class='ocrx_word' id='word_1_515' title='bbox 2703 587 2757 641; x_wconf 75' lang='grc' dir='ltr'><strong>ν,</strong></span> <span class='ocrx_word' id='word_1_516' title='bbox 2785 574 2916 647; x_wconf 76' lang='lat'><strong>29);</strong></span> <span class='ocrx_word' id='word_1_517' title='bbox 2947 576 3084 633; x_wconf 90' lang='lat' dir='ltr'><strong>sicut</strong></span> <span class='ocrx_word' id='word_1_518' title='bbox 3109 579 3226 649; x_wconf 86' lang='lat' dir='ltr'><strong>ipse</strong></span> <span class='ocrx_word' id='word_1_519' title='bbox 3245 567 3559 653; x_wconf 58' lang='lat' dir='ltr'><strong>Apostolus5</strong></span> 
     </span>
    </p>
   </div>
   <div class='ocr_carea' id='block_1_65' title="bbox 1949 655 3536 746">
    <p class='ocr_par' dir='ltr' id='par_1_65' title="bbox 1949 655 3536 746">
     <span class='ocr_line' id='line_1_65' title="bbox 1949 655 3536 746; baseline 0.013 -35"><span class='ocrx_word' id='word_1_520' title='bbox 1949 655 2098 712; x_wconf 88' lang='lat' dir='ltr'><strong>dicit.</strong></span> <span class='ocrx_word' id='word_1_521' title='bbox 2127 657 2196 713; x_wconf 86' lang='lat' dir='ltr'><strong>Et</strong></span> <span class='ocrx_word' id='word_1_522' title='bbox 2213 658 2319 715; x_wconf 88' lang='lat' dir='ltr'><strong>alio</strong></span> <span class='ocrx_word' id='word_1_523' title='bbox 2343 660 2460 717; x_wconf 90' lang='lat' dir='ltr'><strong>loco</strong></span> <span class='ocrx_word' id='word_1_524' title='bbox 2483 663 2556 718; x_wconf 89' lang='lat' dir='ltr'><strong>ait</strong></span> <span class='ocrx_word' id='word_1_525' title='bbox 2583 681 2596 718; x_wconf 90' lang='lat'><strong>:</strong></span> <span class='ocrx_word' id='word_1_526' title='bbox 2620 663 2790 736; x_wconf 83' lang='lat' dir='ltr'><strong>Igitur</strong></span> <span class='ocrx_word' id='word_1_527' title='bbox 2818 667 2928 738; x_wconf 85' lang='lat' dir='ltr'><strong>ipse</strong></span> <span class='ocrx_word' id='word_1_528' title='bbox 2949 685 3044 741; x_wconf 88' lang='lat' dir='ltr'><strong>ego</strong></span> <span class='ocrx_word' id='word_1_529' title='bbox 3072 681 3236 727; x_wconf 82' lang='lat' dir='ltr'><strong>mente</strong></span> <span class='ocrx_word' id='word_1_530' title='bbox 3254 675 3413 728; x_wconf 79' lang='lat' dir='ltr'><strong>servio</strong></span> <span class='ocrx_word' id='word_1_531' title='bbox 3434 676 3536 746; x_wconf 86' lang='lat' dir='ltr'><strong>legi</strong></span> 
     </span>
    </p>
   </div>
   <div class='ocr_carea' id='block_1_66' title="bbox 1949 747 3541 835">
    <p class='ocr_par' dir='ltr' id='par_1_66' title="bbox 1949 747 3541 835">
     <span class='ocr_line' id='line_1_66' title="bbox 1949 747 3541 835; baseline 0.013 -32"><span class='ocrx_word' id='word_1_532' title='bbox 1949 747 2083 819; x_wconf 90' lang='lat' dir='ltr'><strong>Dei,</strong></span> <span class='ocrx_word' id='word_1_533' title='bbox 2108 767 2259 807; x_wconf 86' lang='lat' dir='ltr'><strong>carne</strong></span> <span class='ocrx_word' id='word_1_534' title='bbox 2280 763 2448 809; x_wconf 88' lang='lat' dir='ltr'><strong>autem</strong></span> <span class='ocrx_word' id='word_1_535' title='bbox 2485 756 2584 828; x_wconf 87' lang='lat' dir='ltr'><strong>legi</strong></span> <span class='ocrx_word' id='word_1_536' title='bbox 2614 760 2822 829; x_wconf 83' lang='lat' dir='ltr'><strong>peccati.</strong></span> <span class='ocrx_word' id='word_1_537' title='bbox 2863 761 3096 817; x_wconf 84' lang='lat' dir='ltr'><strong>Audiant</strong></span> <span class='ocrx_word' id='word_1_538' title='bbox 3123 766 3214 835; x_wconf 88' lang='lat' dir='ltr'><strong>qui</strong></span> <span class='ocrx_word' id='word_1_539' title='bbox 3243 781 3401 822; x_wconf 88' lang='lat' dir='ltr'><strong>aures</strong></span> <span class='ocrx_word' id='word_1_540' title='bbox 3443 767 3541 822; x_wconf 90' lang='lat' dir='ltr'><strong>ha-</strong></span> 
     </span>
    </p>
   </div>
   <div class='ocr_carea' id='block_1_67' title="bbox 1949 839 3539 926">
    <p class='ocr_par' dir='ltr' id='par_1_67' title="bbox 1949 839 3539 926">
     <span class='ocr_line' id='line_1_67' title="bbox 1949 839 3539 926; baseline 0.013 -32"><span class='ocrx_word' id='word_1_541' title='bbox 1949 839 2080 895; x_wconf 91' lang='lat' dir='ltr'><strong>bent</strong></span> <span class='ocrx_word' id='word_1_542' title='bbox 2119 859 2134 896; x_wconf 90' lang='lat'><strong>:</strong></span> <span class='ocrx_word' id='word_1_543' title='bbox 2174 842 2345 915; x_wconf 83' lang='lat' dir='ltr'><strong>Igitur</strong></span> <span class='ocrx_word' id='word_1_544' title='bbox 2389 846 2498 917; x_wconf 88' lang='lat' dir='ltr'><strong>ipse</strong></span> <span class='ocrx_word' id='word_1_545' title='bbox 2540 863 2664 919; x_wconf 88' lang='lat' dir='ltr'><strong>ego;</strong></span> <span class='ocrx_word' id='word_1_546' title='bbox 2692 865 2792 921; x_wconf 88' lang='lat' dir='ltr'><strong>ego</strong></span> <span class='ocrx_word' id='word_1_547' title='bbox 2835 862 3044 920; x_wconf 88' lang='lat' dir='ltr'><strong>mente,</strong></span> <span class='ocrx_word' id='word_1_548' title='bbox 3072 870 3172 926; x_wconf 88' lang='lat' dir='ltr'><strong>ego</strong></span> <span class='ocrx_word' id='word_1_549' title='bbox 3215 871 3409 922; x_wconf 87' lang='lat' dir='ltr'><strong>carne;</strong></span> <span class='ocrx_word' id='word_1_550' title='bbox 3443 859 3539 914; x_wconf 90' lang='lat' dir='ltr'><strong>sed</strong></span> 
     </span>
    </p>
   </div>
   <div class='ocr_carea' id='block_1_68' title="bbox 1949 936 3540 1018">
    <p class='ocr_par' dir='ltr' id='par_1_68' title="bbox 1949 936 3540 1018">
     <span class='ocr_line' id='line_1_68' title="bbox 1949 936 3540 1018; baseline 0.011 -32"><span class='ocrx_word' id='word_1_551' title='bbox 1949 942 2113 988; x_wconf 86' lang='lat' dir='ltr'><strong>mente</strong></span> <span class='ocrx_word' id='word_1_552' title='bbox 2148 936 2307 990; x_wconf 85' lang='lat' dir='ltr'><strong>servio</strong></span> <span class='ocrx_word' id='word_1_553' title='bbox 2337 938 2434 1007; x_wconf 88' lang='lat' dir='ltr'><strong>legi</strong></span> <span class='ocrx_word' id='word_1_554' title='bbox 2477 937 2605 1007; x_wconf 86' lang='lat' dir='ltr'><strong>Dei,</strong></span> <span class='ocrx_word' id='word_1_555' title='bbox 2637 957 2788 996; x_wconf 89' lang='lat' dir='ltr'><strong>carne</strong></span> <span class='ocrx_word' id='word_1_556' title='bbox 2824 953 2992 999; x_wconf 89' lang='lat' dir='ltr'><strong>autem</strong></span> <span class='ocrx_word' id='word_1_557' title='bbox 3029 946 3129 1017; x_wconf 90' lang='lat' dir='ltr'><strong>legi</strong></span> <span class='ocrx_word' id='word_1_558' title='bbox 3153 950 3363 1018; x_wconf 86' lang='lat' dir='ltr'><strong>peccati.</strong></span> <span class='ocrx_word' id='word_1_559' title='bbox 3388 950 3540 1018; x_wconf 85' lang='lat' dir='ltr'><strong>Quo-</strong></span> 
     </span>
    </p>
   </div>
   <div class='ocr_carea' id='block_1_69' title="bbox 1950 1027 3539 1111">
    <p class='ocr_par' dir='ltr' id='par_1_69' title="bbox 1950 1027 3539 1111">
     <span class='ocr_line' id='line_1_69' title="bbox 1950 1027 3539 1111; baseline 0.011 -31"><span class='ocrx_word' id='word_1_560' title='bbox 1950 1027 2111 1082; x_wconf 91' lang='lat' dir='ltr'><strong>modo</strong></span> <span class='ocrx_word' id='word_1_561' title='bbox 2165 1044 2316 1083; x_wconf 89' lang='lat' dir='ltr'><strong>carne</strong></span> <span class='ocrx_word' id='word_1_562' title='bbox 2364 1030 2464 1102; x_wconf 86' lang='lat' dir='ltr'><strong>legi</strong></span> <span class='ocrx_word' id='word_1_563' title='bbox 2507 1033 2737 1103; x_wconf 86' lang='lat' dir='ltr'><strong>peccati?</strong></span> <span class='ocrx_word' id='word_1_564' title='bbox 2780 1036 3036 1106; x_wconf 92' lang='lat' dir='ltr'><strong>numquid</strong></span> <span class='ocrx_word' id='word_1_565' title='bbox 3091 1041 3539 1111; x_wconf 55' lang='lat' dir='ltr'><strong>concupiscentia</strong></span> 
     </span>
    </p>
   </div>
   <div class='ocr_carea' id='block_1_70' title="bbox 1949 1120 3541 1192">
    <p class='ocr_par' dir='ltr' id='par_1_70' title="bbox 1949 1120 3541 1192">
     <span class='ocr_line' id='line_1_70' title="bbox 1949 1120 3541 1192; baseline 0.011 -18"><span class='ocrx_word' id='word_1_566' title='bbox 1949 1120 2331 1177; x_wconf 91' lang='lat' dir='ltr'><strong>consentiendo</strong></span> <span class='ocrx_word' id='word_1_567' title='bbox 2355 1124 2588 1179; x_wconf 88' lang='lat' dir='ltr'><strong>carnali?</strong></span> <span class='ocrx_word' id='word_1_568' title='bbox 2611 1126 2766 1182; x_wconf 85' lang='lat' dir='ltr'><strong>Absit</strong></span> <span class='ocrx_word' id='word_1_569' title='bbox 2790 1146 2803 1182; x_wconf 92' lang='lat'>:</span> <span class='ocrx_word' id='word_1_570' title='bbox 2826 1128 2919 1183; x_wconf 92' lang='lat' dir='ltr'><strong>sed</strong></span> <span class='ocrx_word' id='word_1_571' title='bbox 2943 1137 3121 1185; x_wconf 89' lang='lat' dir='ltr'><strong>motus</strong></span> <span class='ocrx_word' id='word_1_572' title='bbox 3145 1131 3541 1192; x_wconf 89' lang='lat' dir='ltr'><strong>desideriorum</strong></span> 
     </span>
    </p>
   </div>
   <div class='ocr_carea' id='block_1_71' title="bbox 1950 1210 3539 1290">
    <p class='ocr_par' dir='ltr' id='par_1_71' title="bbox 1950 1210 3539 1290">
     <span class='ocr_line' id='line_1_71' title="bbox 1950 1210 3539 1290; baseline 0.014 -27"><span class='ocrx_word' id='word_1_573' title='bbox 1950 1210 2059 1265; x_wconf 91' lang='lat' dir='ltr'><strong>illic</strong></span> <span class='ocrx_word' id='word_1_574' title='bbox 2086 1210 2329 1268; x_wconf 89' lang='lat' dir='ltr'><strong>habendo</strong></span> <span class='ocrx_word' id='word_1_575' title='bbox 2348 1255 2363 1280; x_wconf 90' lang='lat'><strong>,</strong></span> <span class='ocrx_word' id='word_1_576' title='bbox 2393 1230 2526 1285; x_wconf 92' lang='lat' dir='ltr'><strong>quos</strong></span> <span class='ocrx_word' id='word_1_577' title='bbox 2569 1215 2769 1273; x_wconf 89' lang='lat' dir='ltr'><strong>habere</strong></span> <span class='ocrx_word' id='word_1_578' title='bbox 2798 1220 3049 1290; x_wconf 88' lang='lat' dir='ltr'><strong>nolebat,</strong></span> <span class='ocrx_word' id='word_1_579' title='bbox 3080 1233 3136 1278; x_wconf 88' lang='lat' dir='ltr'><strong>et</strong></span> <span class='ocrx_word' id='word_1_580' title='bbox 3165 1234 3340 1282; x_wconf 88' lang='lat' dir='ltr'><strong>tamen</strong></span> <span class='ocrx_word' id='word_1_581' title='bbox 3369 1227 3539 1284; x_wconf 88' lang='lat' dir='ltr'><strong>habe-</strong></span> 
     </span>
    </p>
   </div>
   <div class='ocr_carea' id='block_1_72' title="bbox 1949 1301 3538 1392">
    <p class='ocr_par' dir='ltr' id='par_1_72' title="bbox 1949 1301 3538 1392">
     <span class='ocr_line' id='line_1_72' title="bbox 1949 1301 3538 1392; baseline 0.013 -36"><span class='ocrx_word' id='word_1_582' title='bbox 1949 1301 2060 1357; x_wconf 88' lang='lat' dir='ltr'><strong>bat.</strong></span> <span class='ocrx_word' id='word_1_583' title='bbox 2085 1302 2190 1358; x_wconf 89' lang='lat' dir='ltr'><strong>Sed</strong></span> <span class='ocrx_word' id='word_1_584' title='bbox 2232 1304 2309 1359; x_wconf 88' lang='lat' dir='ltr'><strong>eis</strong></span> <span class='ocrx_word' id='word_1_585' title='bbox 2337 1319 2442 1359; x_wconf 95' lang='lat' dir='ltr'><strong>non</strong></span> <span class='ocrx_word' id='word_1_586' title='bbox 2484 1309 2870 1366; x_wconf 90' lang='lat' dir='ltr'><strong>consentiendo</strong></span> <span class='ocrx_word' id='word_1_587' title='bbox 2915 1322 3097 1369; x_wconf 88' lang='lat' dir='ltr'><strong>mente</strong></span> <span class='ocrx_word' id='word_1_588' title='bbox 3137 1317 3405 1374; x_wconf 87' lang='lat' dir='ltr'><strong>serviebat</strong></span> <span class='ocrx_word' id='word_1_589' title='bbox 3431 1319 3538 1392; x_wconf 83' lang='lat' dir='ltr'><strong>legi</strong></span> 
     </span>
    </p>
   </div>
   <div class='ocr_carea' id='block_1_73' title="bbox 1949 1391 3426 1478">
    <p class='ocr_par' dir='ltr' id='par_1_73' title="bbox 1949 1391 3426 1478">
     <span class='ocr_line' id='line_1_73' title="bbox 1949 1391 3426 1478; baseline 0.014 -32"><span class='ocrx_word' id='word_1_590' title='bbox 1949 1391 2076 1458; x_wconf 89' lang='lat' dir='ltr'><strong>Dei,</strong></span> <span class='ocrx_word' id='word_1_591' title='bbox 2105 1401 2160 1448; x_wconf 89' lang='lat' dir='ltr'><strong>et</strong></span> <span class='ocrx_word' id='word_1_592' title='bbox 2189 1394 2405 1450; x_wconf 89' lang='lat' dir='ltr'><strong>tenebat</strong></span> <span class='ocrx_word' id='word_1_593' title='bbox 2431 1397 2702 1467; x_wconf 88' lang='lat' dir='ltr'><strong>membra,</strong></span> <span class='ocrx_word' id='word_1_594' title='bbox 2725 1415 2794 1456; x_wconf 92' lang='lat' dir='ltr'><strong>ne</strong></span> <span class='ocrx_word' id='word_1_595' title='bbox 2813 1401 3004 1458; x_wconf 90' lang='lat' dir='ltr'><strong>ﬁerent</strong></span> <span class='ocrx_word' id='word_1_596' title='bbox 3025 1420 3174 1462; x_wconf 89' lang='lat' dir='ltr'><strong>arma</strong></span> <span class='ocrx_word' id='word_1_597' title='bbox 3201 1411 3426 1478; x_wconf 88' lang='lat' dir='ltr'><strong>peccati.</strong></span> 
     </span>
    </p>
   </div>
   <div class='ocr_carea' id='block_1_74' title="bbox 2019 1484 3531 1572">
    <p class='ocr_par' dir='ltr' id='par_1_74' title="bbox 2019 1484 3531 1572">
     <span class='ocr_line' id='line_1_74' title="bbox 2019 1484 3531 1572; baseline 0.016 -32"><span class='ocrx_word' id='word_1_598' title='bbox 2019 1484 2110 1544; x_wconf 74' lang='lat'><strong>20.</strong></span> <span class='ocrx_word' id='word_1_599' title='bbox 2151 1486 2284 1542; x_wconf 93' lang='lat' dir='ltr'><strong>Sunt</strong></span> <span class='ocrx_word' id='word_1_600' title='bbox 2302 1503 2428 1560; x_wconf 89' lang='lat' dir='ltr'><strong>ergo</strong></span> <span class='ocrx_word' id='word_1_601' title='bbox 2458 1490 2510 1544; x_wconf 92' lang='lat' dir='ltr'><strong>in</strong></span> <span class='ocrx_word' id='word_1_602' title='bbox 2544 1493 2694 1548; x_wconf 92' lang='lat' dir='ltr'><strong>nobis</strong></span> <span class='ocrx_word' id='word_1_603' title='bbox 2721 1494 2985 1553; x_wconf 89' lang='lat' dir='ltr'><strong>desideria</strong></span> <span class='ocrx_word' id='word_1_604' title='bbox 3009 1501 3168 1565; x_wconf 91' lang='lat' dir='ltr'><strong>mala,</strong></span> <span class='ocrx_word' id='word_1_605' title='bbox 3193 1504 3384 1572; x_wconf 91' lang='lat' dir='ltr'><strong>quibus</strong></span> <span class='ocrx_word' id='word_1_606' title='bbox 3415 1521 3531 1564; x_wconf 89' lang='lat' dir='ltr'><strong>non</strong></span> 
     </span>
    </p>
   </div>
   <div class='ocr_carea' id='block_1_75' title="bbox 1949 1580 3536 1653">
    <p class='ocr_par' dir='ltr' id='par_1_75' title="bbox 1949 1580 3536 1653">
     <span class='ocr_line' id='line_1_75' title="bbox 1949 1580 3536 1653; baseline 0.014 -21"><span class='ocrx_word' id='word_1_607' title='bbox 1949 1580 2335 1636; x_wconf 90' lang='lat' dir='ltr'><strong>consentiendo</strong></span> <span class='ocrx_word' id='word_1_608' title='bbox 2363 1596 2472 1636; x_wconf 93' lang='lat' dir='ltr'><strong>non</strong></span> <span class='ocrx_word' id='word_1_609' title='bbox 2497 1583 2727 1640; x_wconf 89' lang='lat' dir='ltr'><strong>vivimus</strong></span> <span class='ocrx_word' id='word_1_610' title='bbox 2755 1587 2894 1643; x_wconf 91' lang='lat' dir='ltr'><strong>male</strong></span> <span class='ocrx_word' id='word_1_611' title='bbox 2926 1606 2940 1643; x_wconf 89' lang='lat'>:</span> <span class='ocrx_word' id='word_1_612' title='bbox 2976 1600 3102 1646; x_wconf 87' lang='lat' dir='ltr'><strong>sunt</strong></span> <span class='ocrx_word' id='word_1_613' title='bbox 3129 1591 3183 1646; x_wconf 95' lang='lat' dir='ltr'><strong>in</strong></span> <span class='ocrx_word' id='word_1_614' title='bbox 3217 1595 3370 1651; x_wconf 90' lang='lat' dir='ltr'><strong>nobis</strong></span> <span class='ocrx_word' id='word_1_615' title='bbox 3398 1611 3536 1653; x_wconf 88' lang='lat' dir='ltr'><strong>con-</strong></span> 
     </span>
    </p>
   </div>
   <div class='ocr_carea' id='block_1_76' title="bbox 1947 1671 3541 1749">
    <p class='ocr_par' dir='ltr' id='par_1_76' title="bbox 1947 1671 3541 1749">
     <span class='ocr_line' id='line_1_76' title="bbox 1947 1671 3541 1749; baseline 0.013 -23"><span class='ocrx_word' id='word_1_616' title='bbox 1947 1671 2290 1740; x_wconf 84' lang='lat' dir='ltr'><strong>cupiscentiae</strong></span> <span class='ocrx_word' id='word_1_617' title='bbox 2316 1683 2679 1746; x_wconf 88' lang='lat' dir='ltr'><strong>peccatorum,</strong></span> <span class='ocrx_word' id='word_1_618' title='bbox 2705 1679 2898 1749; x_wconf 86' lang='lat' dir='ltr'><strong>quibus</strong></span> <span class='ocrx_word' id='word_1_619' title='bbox 2940 1697 3046 1737; x_wconf 94' lang='lat' dir='ltr'><strong>non</strong></span> <span class='ocrx_word' id='word_1_620' title='bbox 3089 1684 3391 1742; x_wconf 89' lang='lat' dir='ltr'><strong>obediendo</strong></span> <span class='ocrx_word' id='word_1_621' title='bbox 3428 1705 3541 1746; x_wconf 90' lang='lat' dir='ltr'><strong>non</strong></span> 
     </span>
    </p>
   </div>
   <div class='ocr_carea' id='block_1_77' title="bbox 1947 1761 3535 1847">
    <p class='ocr_par' dir='ltr' id='par_1_77' title="bbox 1947 1761 3535 1847">
     <span class='ocr_line' id='line_1_77' title="bbox 1947 1761 3535 1847; baseline 0.012 -32"><span class='ocrx_word' id='word_1_622' title='bbox 1947 1761 2252 1831; x_wconf 88' lang='lat' dir='ltr'><strong>perﬁcimus</strong></span> <span class='ocrx_word' id='word_1_623' title='bbox 2279 1766 2496 1833; x_wconf 90' lang='lat' dir='ltr'><strong>malum,</strong></span> <span class='ocrx_word' id='word_1_624' title='bbox 2529 1768 2624 1823; x_wconf 92' lang='lat' dir='ltr'><strong>sed</strong></span> <span class='ocrx_word' id='word_1_625' title='bbox 2654 1783 2746 1824; x_wconf 91' lang='lat' dir='ltr'><strong>eas</strong></span> <span class='ocrx_word' id='word_1_626' title='bbox 2776 1769 3025 1827; x_wconf 91' lang='lat' dir='ltr'><strong>habendo</strong></span> <span class='ocrx_word' id='word_1_627' title='bbox 3053 1775 3287 1830; x_wconf 91' lang='lat' dir='ltr'><strong>nondum</strong></span> <span class='ocrx_word' id='word_1_628' title='bbox 3319 1780 3535 1847; x_wconf 83' lang='lat' dir='ltr'><strong>perfici-</strong></span> 
     </span>
    </p>
   </div>
   <div class='ocr_carea' id='block_1_78' title="bbox 1947 1855 3537 1935">
    <p class='ocr_par' dir='ltr' id='par_1_78' title="bbox 1947 1855 3537 1935">
     <span class='ocr_line' id='line_1_78' title="bbox 1947 1855 3537 1935; baseline 0.011 -27"><span class='ocrx_word' id='word_1_629' title='bbox 1947 1869 2068 1910; x_wconf 89' lang='lat' dir='ltr'><strong>mus</strong></span> <span class='ocrx_word' id='word_1_630' title='bbox 2096 1855 2315 1911; x_wconf 92' lang='lat' dir='ltr'><strong>bonum.</strong></span> <span class='ocrx_word' id='word_1_631' title='bbox 2360 1857 2651 1931; x_wconf 87' lang='lat' dir='ltr'><strong>Utrumque</strong></span> <span class='ocrx_word' id='word_1_632' title='bbox 2689 1862 2923 1918; x_wconf 88' lang='lat' dir='ltr'><strong>ostendit</strong></span> <span class='ocrx_word' id='word_1_633' title='bbox 2959 1865 3266 1935; x_wconf 87' lang='lat' dir='ltr'><strong>Apostolus,</strong></span> <span class='ocrx_word' id='word_1_634' title='bbox 3310 1884 3413 1924; x_wconf 90' lang='lat' dir='ltr'><strong>nec</strong></span> <span class='ocrx_word' id='word_1_635' title='bbox 3440 1870 3537 1924; x_wconf 90' lang='lat' dir='ltr'><strong>ho-</strong></span> 
     </span>
    </p>
   </div>
   <div class='ocr_carea' id='block_1_79' title="bbox 1946 1947 3538 2031">
    <p class='ocr_par' dir='ltr' id='par_1_79' title="bbox 1946 1947 3538 2031">
     <span class='ocr_line' id='line_1_79' title="bbox 1946 1947 3538 2031; baseline 0.012 -32"><span class='ocrx_word' id='word_1_636' title='bbox 1946 1960 2073 2000; x_wconf 88' lang='lat' dir='ltr'><strong>num</strong></span> <span class='ocrx_word' id='word_1_637' title='bbox 2105 1947 2192 2002; x_wconf 91' lang='lat' dir='ltr'><strong>hic</strong></span> <span class='ocrx_word' id='word_1_638' title='bbox 2222 1949 2424 2018; x_wconf 79' lang='lat' dir='ltr'><strong>perfici,</strong></span> <span class='ocrx_word' id='word_1_639' title='bbox 2472 1951 2561 2006; x_wconf 90' lang='lat' dir='ltr'><strong>ubi</strong></span> <span class='ocrx_word' id='word_1_640' title='bbox 2608 1954 2806 2008; x_wconf 88' lang='lat' dir='ltr'><strong>malum</strong></span> <span class='ocrx_word' id='word_1_641' title='bbox 2850 1954 2928 2010; x_wconf 92' lang='lat' dir='ltr'><strong>sic</strong></span> <span class='ocrx_word' id='word_1_642' title='bbox 2975 1960 3403 2031; x_wconf 87' lang='lat' dir='ltr'><strong>concupiscitur;</strong></span> <span class='ocrx_word' id='word_1_643' title='bbox 3436 1977 3538 2019; x_wconf 89' lang='lat' dir='ltr'><strong>nec</strong></span> 
     </span>
    </p>
   </div>
   <div class='ocr_carea' id='block_1_80' title="bbox 1946 2038 3536 2121">
    <p class='ocr_par' dir='ltr' id='par_1_80' title="bbox 1946 2038 3536 2121">
     <span class='ocr_line' id='line_1_80' title="bbox 1946 2038 3536 2121; baseline 0.012 -29"><span class='ocrx_word' id='word_1_644' title='bbox 1946 2038 2144 2093; x_wconf 90' lang='lat' dir='ltr'><strong>malum</strong></span> <span class='ocrx_word' id='word_1_645' title='bbox 2181 2039 2268 2095; x_wconf 90' lang='lat' dir='ltr'><strong>hic</strong></span> <span class='ocrx_word' id='word_1_646' title='bbox 2309 2043 2511 2111; x_wconf 85' lang='lat' dir='ltr'><strong>perlici,</strong></span> <span class='ocrx_word' id='word_1_647' title='bbox 2543 2045 2755 2115; x_wconf 91' lang='lat' dir='ltr'><strong>quando</strong></span> <span class='ocrx_word' id='word_1_648' title='bbox 2802 2048 2892 2101; x_wconf 88' lang='lat' dir='ltr'><strong>tali</strong></span> <span class='ocrx_word' id='word_1_649' title='bbox 2940 2052 3391 2121; x_wconf 85' lang='lat' dir='ltr'><strong>concupiscentiae</strong></span> <span class='ocrx_word' id='word_1_650' title='bbox 3424 2070 3536 2112; x_wconf 91' lang='lat' dir='ltr'><strong>non</strong></span> 
     </span>
    </p>
   </div>
   <div class='ocr_carea' id='block_1_81' title="bbox 1946 2128 3539 2215">
    <p class='ocr_par' dir='ltr' id='par_1_81' title="bbox 1946 2128 3539 2215">
     <span class='ocr_line' id='line_1_81' title="bbox 1946 2128 3539 2215; baseline 0.01 -32"><span class='ocrx_word' id='word_1_651' title='bbox 1946 2128 2212 2185; x_wconf 86' lang='lat' dir='ltr'><strong>obedilur.</strong></span> <span class='ocrx_word' id='word_1_652' title='bbox 2237 2132 2371 2187; x_wconf 88' lang='lat' dir='ltr'><strong>Illud</strong></span> <span class='ocrx_word' id='word_1_653' title='bbox 2400 2135 2597 2205; x_wconf 89' lang='lat' dir='ltr'><strong>quippe</strong></span> <span class='ocrx_word' id='word_1_654' title='bbox 2644 2138 2879 2192; x_wconf 82' lang='lat' dir='ltr'><strong>ostendit</strong></span> <span class='ocrx_word' id='word_1_655' title='bbox 2911 2141 2997 2194; x_wconf 90' lang='lat' dir='ltr'><strong>ubi</strong></span> <span class='ocrx_word' id='word_1_656' title='bbox 3024 2141 3116 2208; x_wconf 85' lang='lat' dir='ltr'><strong>ait,</strong></span> <span class='ocrx_word' id='word_1_657' title='bbox 3169 2141 3309 2197; x_wconf 85' lang='lat' dir='ltr'><strong>Velle</strong></span> <span class='ocrx_word' id='word_1_658' title='bbox 3337 2146 3539 2215; x_wconf 89' lang='lat' dir='ltr'><strong>adjacet</strong></span> 
     </span>
    </p>
   </div>
   <div class='ocr_carea' id='block_1_82' title="bbox 1946 2221 3554 2303">
    <p class='ocr_par' dir='ltr' id='par_1_82' title="bbox 1946 2221 3554 2303">
     <span class='ocr_line' id='line_1_82' title="bbox 1946 2221 3554 2303; baseline 0.013 -29"><span class='ocrx_word' id='word_1_659' title='bbox 1946 2221 2090 2287; x_wconf 87' lang='lat' dir='ltr'><strong>mihi,</strong></span> <span class='ocrx_word' id='word_1_660' title='bbox 2112 2224 2348 2292; x_wconf 85' lang='lat' dir='ltr'><strong>per/icere</strong></span> <span class='ocrx_word' id='word_1_661' title='bbox 2361 2235 2527 2280; x_wconf 89' lang='lat' dir='ltr'><strong>autem</strong></span> <span class='ocrx_word' id='word_1_662' title='bbox 2553 2226 2737 2281; x_wconf 86' lang='lat' dir='ltr'><strong>bonum</strong></span> <span class='ocrx_word' id='word_1_663' title='bbox 2749 2245 2849 2282; x_wconf 87' lang='lat' dir='ltr'><strong>non</strong></span> <span class='ocrx_word' id='word_1_664' title='bbox 2873 2229 3147 2300; x_wconf 53' lang='lat' dir='ltr'><strong>(Romam,</strong></span> <span class='ocrx_word' id='word_1_665' title='bbox 3165 2233 3252 2298; x_wconf 84' lang='grc'><strong>18,</strong></span> <span class='ocrx_word' id='word_1_666' title='bbox 3271 2233 3364 2303; x_wconf 74' lang='grc'><strong>25)</strong></span> <span class='ocrx_word' id='word_1_667' title='bbox 3398 2253 3411 2288; x_wconf 90' lang='lat'>:</span> <span class='ocrx_word' id='word_1_668' title='bbox 3438 2225 3554 2294; x_wconf 8' lang='lat' dir='ltr'><strong>hoc?</strong></span> 
     </span>
    </p>
   </div>
   <div class='ocr_carea' id='block_1_83' title="bbox 1944 2314 3541 2396">
    <p class='ocr_par' dir='ltr' id='par_1_83' title="bbox 1944 2314 3541 2396">
     <span class='ocr_line' id='line_1_83' title="bbox 1944 2314 3541 2396; baseline 0.009 -29"><span class='ocrx_word' id='word_1_669' title='bbox 1944 2327 2094 2381; x_wconf 90' lang='lat' dir='ltr'><strong>vero,</strong></span> <span class='ocrx_word' id='word_1_670' title='bbox 2135 2314 2227 2369; x_wconf 89' lang='lat' dir='ltr'><strong>ubi</strong></span> <span class='ocrx_word' id='word_1_671' title='bbox 2281 2315 2376 2382; x_wconf 88' lang='lat' dir='ltr'><strong>ait,</strong></span> <span class='ocrx_word' id='word_1_672' title='bbox 2433 2316 2631 2386; x_wconf 85' lang='lat' dir='ltr'><strong>Spiritu</strong></span> <span class='ocrx_word' id='word_1_673' title='bbox 2683 2319 2936 2374; x_wconf 86' lang='lat' dir='ltr'><strong>ambulate</strong></span> <span class='ocrx_word' id='word_1_674' title='bbox 2959 2363 2973 2385; x_wconf 97' lang='lat'><strong>,</strong></span> <span class='ocrx_word' id='word_1_675' title='bbox 3015 2331 3060 2376; x_wconf 88' lang='lat' dir='ltr'><strong>et</strong></span> <span class='ocrx_word' id='word_1_676' title='bbox 3107 2326 3541 2396; x_wconf 84' lang='lat' dir='ltr'><strong>concupiscentias</strong></span> 
     </span>
    </p>
   </div>
   <div class='ocr_carea' id='block_1_84' title="bbox 1944 2408 3540 2482">
    <p class='ocr_par' dir='ltr' id='par_1_84' title="bbox 1944 2408 3540 2482">
     <span class='ocr_line' id='line_1_84' title="bbox 1944 2408 3540 2482; baseline 0.011 -23"><span class='ocrx_word' id='word_1_677' title='bbox 1944 2408 2113 2461; x_wconf 91' lang='lat' dir='ltr'><strong>carnis</strong></span> <span class='ocrx_word' id='word_1_678' title='bbox 2142 2423 2204 2463; x_wconf 87' lang='lat' dir='ltr'><strong>ne</strong></span> <span class='ocrx_word' id='word_1_679' title='bbox 2229 2411 2560 2479; x_wconf 78' lang='lat' dir='ltr'><strong>perfeceritis.</strong></span> <span class='ocrx_word' id='word_1_680' title='bbox 2594 2410 2781 2482; x_wconf 85' lang='lat' dir='ltr'><strong>Neque</strong></span> <span class='ocrx_word' id='word_1_681' title='bbox 2830 2414 2903 2469; x_wconf 91' lang='lat' dir='ltr'><strong>ibi</strong></span> <span class='ocrx_word' id='word_1_682' title='bbox 2937 2416 3080 2471; x_wconf 92' lang='lat' dir='ltr'><strong>enim</strong></span> <span class='ocrx_word' id='word_1_683' title='bbox 3120 2417 3250 2473; x_wconf 88' lang='lat' dir='ltr'><strong>dicit</strong></span> <span class='ocrx_word' id='word_1_684' title='bbox 3291 2435 3397 2474; x_wconf 90' lang='lat' dir='ltr'><strong>nou</strong></span> <span class='ocrx_word' id='word_1_685' title='bbox 3434 2422 3540 2481; x_wconf 89' lang='lat' dir='ltr'><strong>sibi</strong></span> 
     </span>
    </p>
   </div>
   <div class='ocr_carea' id='block_1_85' title="bbox 1943 2499 3538 2583">
    <p class='ocr_par' dir='ltr' id='par_1_85' title="bbox 1943 2499 3538 2583">
     <span class='ocr_line' id='line_1_85' title="bbox 1943 2499 3538 2583; baseline 0.008 -30"><span class='ocrx_word' id='word_1_686' title='bbox 1943 2499 2188 2570; x_wconf 88' lang='lat' dir='ltr'><strong>adjacere</strong></span> <span class='ocrx_word' id='word_1_687' title='bbox 2232 2500 2406 2556; x_wconf 80' lang='lat' dir='ltr'><strong>facere</strong></span> <span class='ocrx_word' id='word_1_688' title='bbox 2453 2503 2686 2570; x_wconf 90' lang='lat' dir='ltr'><strong>bonum;</strong></span> <span class='ocrx_word' id='word_1_689' title='bbox 2722 2505 2837 2572; x_wconf 90' lang='lat' dir='ltr'><strong>sed,</strong></span> <span class='ocrx_word' id='word_1_690' title='bbox 2885 2509 3146 2578; x_wconf 88' lang='lat' dir='ltr'><strong>perlicere</strong></span> <span class='ocrx_word' id='word_1_691' title='bbox 3190 2528 3204 2564; x_wconf 90' lang='lat'><strong>:</strong></span> <span class='ocrx_word' id='word_1_692' title='bbox 3246 2528 3419 2583; x_wconf 89' lang='lat' dir='ltr'><strong>neque</strong></span> <span class='ocrx_word' id='word_1_693' title='bbox 3446 2513 3538 2574; x_wconf 79' lang='lat' dir='ltr'><strong>hic</strong></span> 
     </span>
    </p>
   </div>
   <div class='ocr_carea' id='block_1_86' title="bbox 1943 2593 3541 2672">
    <p class='ocr_par' dir='ltr' id='par_1_86' title="bbox 1943 2593 3541 2672">
     <span class='ocr_line' id='line_1_86' title="bbox 1943 2593 3541 2672; baseline 0.01 -24"><span class='ocrx_word' id='word_1_694' title='bbox 1943 2593 2094 2659; x_wconf 89' lang='lat' dir='ltr'><strong>dicit,</strong></span> <span class='ocrx_word' id='word_1_695' title='bbox 2125 2593 2569 2666; x_wconf 84' lang='lat' dir='ltr'><strong>Concupiscentias</strong></span> <span class='ocrx_word' id='word_1_696' title='bbox 2616 2600 2785 2654; x_wconf 88' lang='lat' dir='ltr'><strong>carnis</strong></span> <span class='ocrx_word' id='word_1_697' title='bbox 2832 2616 2900 2654; x_wconf 90' lang='lat' dir='ltr'><strong>ne</strong></span> <span class='ocrx_word' id='word_1_698' title='bbox 2945 2602 3272 2670; x_wconf 88' lang='lat' dir='ltr'><strong>habueritis;</strong></span> <span class='ocrx_word' id='word_1_699' title='bbox 3317 2606 3434 2672; x_wconf 87' lang='lat' dir='ltr'><strong>sed,</strong></span> <span class='ocrx_word' id='word_1_700' title='bbox 3475 2624 3541 2666; x_wconf 72' lang='lat' dir='ltr'><strong>ne</strong></span> 
     </span>
    </p>
   </div>
   <div class='ocr_carea' id='block_1_87' title="bbox 1943 2685 3540 2766">
    <p class='ocr_par' dir='ltr' id='par_1_87' title="bbox 1943 2685 3540 2766">
     <span class='ocr_line' id='line_1_87' title="bbox 1943 2685 3540 2766; baseline 0.01 -27"><span class='ocrx_word' id='word_1_701' title='bbox 1943 2685 2272 2756; x_wconf 81' lang='lat' dir='ltr'><strong>perfeceritis.</strong></span> <span class='ocrx_word' id='word_1_702' title='bbox 2325 2687 2485 2743; x_wconf 87' lang='lat' dir='ltr'><strong>Fiunt</strong></span> <span class='ocrx_word' id='word_1_703' title='bbox 2534 2689 2714 2761; x_wconf 90' lang='lat' dir='ltr'><strong>itaque</strong></span> <span class='ocrx_word' id='word_1_704' title='bbox 2772 2691 2826 2746; x_wconf 95' lang='lat' dir='ltr'><strong>in</strong></span> <span class='ocrx_word' id='word_1_705' title='bbox 2878 2692 3033 2748; x_wconf 90' lang='lat' dir='ltr'><strong>nobis</strong></span> <span class='ocrx_word' id='word_1_706' title='bbox 3090 2695 3540 2766; x_wconf 67' lang='lat' dir='ltr'><strong>concupiscentiae</strong></span> 
     </span>
    </p>
   </div>
   <div class='ocr_carea' id='block_1_88' title="bbox 1942 2780 3542 2860">
    <p class='ocr_par' dir='ltr' id='par_1_88' title="bbox 1942 2780 3542 2860">
     <span class='ocr_line' id='line_1_88' title="bbox 1942 2780 3542 2860; baseline 0.008 -26"><span class='ocrx_word' id='word_1_707' title='bbox 1942 2781 2122 2848; x_wconf 84' lang='lat' dir='ltr'><strong>malae,</strong></span> <span class='ocrx_word' id='word_1_708' title='bbox 2155 2780 2367 2851; x_wconf 84' lang='lat' dir='ltr'><strong>quando</strong></span> <span class='ocrx_word' id='word_1_709' title='bbox 2396 2782 2449 2837; x_wconf 91' lang='lat' dir='ltr'><strong>id</strong></span> <span class='ocrx_word' id='word_1_710' title='bbox 2479 2784 2624 2853; x_wconf 86' lang='lat' dir='ltr'><strong>quod</strong></span> <span class='ocrx_word' id='word_1_711' title='bbox 2664 2801 2772 2840; x_wconf 93' lang='lat' dir='ltr'><strong>non</strong></span> <span class='ocrx_word' id='word_1_712' title='bbox 2802 2784 2926 2842; x_wconf 91' lang='lat' dir='ltr'><strong>licet</strong></span> <span class='ocrx_word' id='word_1_713' title='bbox 2955 2787 3086 2843; x_wconf 90' lang='lat' dir='ltr'><strong>libet</strong></span> <span class='ocrx_word' id='word_1_714' title='bbox 3113 2806 3126 2842; x_wconf 90' lang='lat'><strong>:</strong></span> <span class='ocrx_word' id='word_1_715' title='bbox 3156 2791 3252 2845; x_wconf 91' lang='lat' dir='ltr'><strong>sed</strong></span> <span class='ocrx_word' id='word_1_716' title='bbox 3277 2805 3385 2846; x_wconf 90' lang='lat' dir='ltr'><strong>non</strong></span> <span class='ocrx_word' id='word_1_717' title='bbox 3416 2805 3542 2860; x_wconf 85' lang='lat' dir='ltr'><strong>per-</strong></span> 
     </span>
    </p>
   </div>
   <div class='ocr_carea' id='block_1_89' title="bbox 1944 2871 3540 2944">
    <p class='ocr_par' dir='ltr' id='par_1_89' title="bbox 1944 2871 3540 2944">
     <span class='ocr_line' id='line_1_89' title="bbox 1944 2871 3540 2944; baseline 0.008 -19"><span class='ocrx_word' id='word_1_718' title='bbox 1944 2871 2215 2941; x_wconf 84' lang='lat' dir='ltr'><strong>ficiuntur,</strong></span> <span class='ocrx_word' id='word_1_719' title='bbox 2238 2887 2358 2928; x_wconf 88' lang='lat' dir='ltr'><strong>cum</strong></span> <span class='ocrx_word' id='word_1_720' title='bbox 2387 2875 2488 2944; x_wconf 88' lang='lat' dir='ltr'><strong>legi</strong></span> <span class='ocrx_word' id='word_1_721' title='bbox 2512 2876 2606 2931; x_wconf 90' lang='lat' dir='ltr'><strong>Dei</strong></span> <span class='ocrx_word' id='word_1_722' title='bbox 2635 2886 2813 2932; x_wconf 92' lang='lat' dir='ltr'><strong>mente</strong></span> <span class='ocrx_word' id='word_1_723' title='bbox 2843 2879 3110 2936; x_wconf 88' lang='lat' dir='ltr'><strong>serviente</strong></span> <span class='ocrx_word' id='word_1_724' title='bbox 3139 2880 3389 2936; x_wconf 89' lang='lat' dir='ltr'><strong>libidines</strong></span> <span class='ocrx_word' id='word_1_725' title='bbox 3408 2896 3540 2938; x_wconf 89' lang='lat' dir='ltr'><strong>con-</strong></span> 
     </span>
    </p>
   </div>
   <div class='ocr_carea' id='block_1_90' title="bbox 1944 2963 3538 3040">
    <p class='ocr_par' dir='ltr' id='par_1_90' title="bbox 1944 2963 3538 3040">
     <span class='ocr_line' id='line_1_90' title="bbox 1944 2963 3538 3040; baseline 0.008 -23"><span class='ocrx_word' id='word_1_726' title='bbox 1944 2963 2198 3019; x_wconf 90' lang='lat' dir='ltr'><strong>tinentur.</strong></span> <span class='ocrx_word' id='word_1_727' title='bbox 2224 2965 2290 3019; x_wconf 89' lang='lat' dir='ltr'><strong>Et</strong></span> <span class='ocrx_word' id='word_1_728' title='bbox 2320 2966 2516 3020; x_wconf 90' lang='lat' dir='ltr'><strong>bonum</strong></span> <span class='ocrx_word' id='word_1_729' title='bbox 2547 2965 2624 3034; x_wconf 90' lang='lat' dir='ltr'><strong>ﬁt,</strong></span> <span class='ocrx_word' id='word_1_730' title='bbox 2656 2983 2774 3022; x_wconf 90' lang='lat' dir='ltr'><strong>cum</strong></span> <span class='ocrx_word' id='word_1_731' title='bbox 2805 2968 2857 3022; x_wconf 91' lang='lat' dir='ltr'><strong>id</strong></span> <span class='ocrx_word' id='word_1_732' title='bbox 2887 2969 3031 3039; x_wconf 86' lang='lat' dir='ltr'><strong>quod</strong></span> <span class='ocrx_word' id='word_1_733' title='bbox 3060 2972 3198 3026; x_wconf 88' lang='lat' dir='ltr'><strong>male</strong></span> <span class='ocrx_word' id='word_1_734' title='bbox 3227 2971 3380 3040; x_wconf 87' lang='lat' dir='ltr'><strong>libet,</strong></span> <span class='ocrx_word' id='word_1_735' title='bbox 3410 2975 3538 3029; x_wconf 90' lang='lat' dir='ltr'><strong>vin-</strong></span> 
     </span>
    </p>
   </div>
   <div class='ocr_carea' id='block_1_91' title="bbox 1942 3055 3537 3131">
    <p class='ocr_par' dir='ltr' id='par_1_91' title="bbox 1942 3055 3537 3131">
     <span class='ocr_line' id='line_1_91' title="bbox 1942 3055 3537 3131; baseline 0.006 -21"><span class='ocrx_word' id='word_1_736' title='bbox 1942 3062 2100 3111; x_wconf 86' lang='lat' dir='ltr'><strong>cente</strong></span> <span class='ocrx_word' id='word_1_737' title='bbox 2135 3055 2274 3110; x_wconf 89' lang='lat' dir='ltr'><strong>bona</strong></span> <span class='ocrx_word' id='word_1_738' title='bbox 2301 3055 2658 3112; x_wconf 87' lang='lat' dir='ltr'><strong>delectatione</strong></span> <span class='ocrx_word' id='word_1_739' title='bbox 2688 3074 2795 3113; x_wconf 93' lang='lat' dir='ltr'><strong>non</strong></span> <span class='ocrx_word' id='word_1_740' title='bbox 2825 3060 2882 3112; x_wconf 82' lang='lat' dir='ltr'><strong>ﬁt</strong></span> <span class='ocrx_word' id='word_1_741' title='bbox 2929 3078 2942 3113; x_wconf 88' lang='lat'>:</span> <span class='ocrx_word' id='word_1_742' title='bbox 2983 3061 3077 3116; x_wconf 90' lang='lat' dir='ltr'><strong>sed</strong></span> <span class='ocrx_word' id='word_1_743' title='bbox 3120 3062 3246 3116; x_wconf 88' lang='lat' dir='ltr'><strong>boni</strong></span> <span class='ocrx_word' id='word_1_744' title='bbox 3278 3063 3537 3131; x_wconf 91' lang='lat' dir='ltr'><strong>perfectio</strong></span> 
     </span>
    </p>
   </div>
   <div class='ocr_carea' id='block_1_92' title="bbox 1944 3147 3532 3220">
    <p class='ocr_par' dir='ltr' id='par_1_92' title="bbox 1944 3147 3532 3220">
     <span class='ocr_line' id='line_1_92' title="bbox 1944 3147 3532 3220; baseline 0.006 -19"><span class='ocrx_word' id='word_1_745' title='bbox 1944 3161 2051 3201; x_wconf 87' lang='lat' dir='ltr'><strong>non</strong></span> <span class='ocrx_word' id='word_1_746' title='bbox 2081 3147 2354 3216; x_wconf 89' lang='lat' dir='ltr'><strong>impletur,</strong></span> <span class='ocrx_word' id='word_1_747' title='bbox 2387 3148 2639 3218; x_wconf 88' lang='lat' dir='ltr'><strong>quamdiu</strong></span> <span class='ocrx_word' id='word_1_748' title='bbox 2676 3149 2780 3220; x_wconf 87' lang='lat' dir='ltr'><strong>legi</strong></span> <span class='ocrx_word' id='word_1_749' title='bbox 2808 3151 3015 3220; x_wconf 90' lang='lat' dir='ltr'><strong>peccati</strong></span> <span class='ocrx_word' id='word_1_750' title='bbox 3041 3166 3202 3208; x_wconf 91' lang='lat' dir='ltr'><strong>carne</strong></span> <span class='ocrx_word' id='word_1_751' title='bbox 3227 3154 3494 3210; x_wconf 84' lang='lat' dir='ltr'><strong>serviente</strong></span> <span class='ocrx_word' id='word_1_752' title='bbox 3513 3157 3532 3188; x_wconf 83' lang='grc'>¹</span> 
     </span>
    </p>
   </div>
   <div class='ocr_carea' id='block_1_93' title="bbox 1943 3237 3528 3310">
    <p class='ocr_par' dir='ltr' id='par_1_93' title="bbox 1943 3237 3528 3310">
     <span class='ocr_line' id='line_1_93' title="bbox 1943 3237 3528 3310; baseline 0.006 -18"><span class='ocrx_word' id='word_1_753' title='bbox 1943 3237 2107 3293; x_wconf 89' lang='lat' dir='ltr'><strong>libido</strong></span> <span class='ocrx_word' id='word_1_754' title='bbox 2133 3237 2307 3304; x_wconf 87' lang='lat' dir='ltr'><strong>illicit,</strong></span> <span class='ocrx_word' id='word_1_755' title='bbox 2327 3246 2382 3294; x_wconf 91' lang='lat' dir='ltr'><strong>et</strong></span> <span class='ocrx_word' id='word_1_756' title='bbox 2410 3239 2652 3309; x_wconf 90' lang='lat' dir='ltr'><strong>quamvis</strong></span> <span class='ocrx_word' id='word_1_757' title='bbox 2680 3240 3039 3310; x_wconf 90' lang='lat' dir='ltr'><strong>contineatur,</strong></span> <span class='ocrx_word' id='word_1_758' title='bbox 3062 3251 3240 3299; x_wconf 91' lang='lat' dir='ltr'><strong>tamen</strong></span> <span class='ocrx_word' id='word_1_759' title='bbox 3261 3256 3528 3303; x_wconf 88' lang='lat' dir='ltr'><strong>movetur.</strong></span> 
     </span>
    </p>
   </div>
   <div class='ocr_carea' id='block_1_94' title="bbox 1942 3329 3532 3403">
    <p class='ocr_par' dir='ltr' id='par_1_94' title="bbox 1942 3329 3532 3403">
     <span class='ocr_line' id='line_1_94' title="bbox 1942 3329 3532 3403; baseline 0.008 -17"><span class='ocrx_word' id='word_1_760' title='bbox 1942 3329 2059 3386; x_wconf 87' lang='lat' dir='ltr'><strong>Non</strong></span> <span class='ocrx_word' id='word_1_761' title='bbox 2090 3330 2231 3386; x_wconf 91' lang='lat' dir='ltr'><strong>enim</strong></span> <span class='ocrx_word' id='word_1_762' title='bbox 2259 3346 2392 3401; x_wconf 91' lang='lat' dir='ltr'><strong>opus</strong></span> <span class='ocrx_word' id='word_1_763' title='bbox 2416 3340 2561 3387; x_wconf 88' lang='lat' dir='ltr'><strong>esset</strong></span> <span class='ocrx_word' id='word_1_764' title='bbox 2583 3342 2640 3388; x_wconf 90' lang='lat' dir='ltr'><strong>ut</strong></span> <span class='ocrx_word' id='word_1_765' title='bbox 2663 3334 3049 3403; x_wconf 88' lang='lat' dir='ltr'><strong>contineretur,</strong></span> <span class='ocrx_word' id='word_1_766' title='bbox 3073 3338 3176 3392; x_wconf 90' lang='lat' dir='ltr'><strong>nisi</strong></span> <span class='ocrx_word' id='word_1_767' title='bbox 3202 3349 3532 3399; x_wconf 89' lang='lat' dir='ltr'><strong>moveretur.</strong></span> 
     </span>
    </p>
   </div>
   <div class='ocr_carea' id='block_1_95' title="bbox 1943 3424 3537 3503">
    <p class='ocr_par' dir='ltr' id='par_1_95' title="bbox 1943 3424 3537 3503">
     <span class='ocr_line' id='line_1_95' title="bbox 1943 3424 3537 3503; baseline 0.007 -23"><span class='ocrx_word' id='word_1_768' title='bbox 1943 3425 2058 3480; x_wconf 85' lang='lat' dir='ltr'><strong>Erit</strong></span> <span class='ocrx_word' id='word_1_769' title='bbox 2084 3424 2401 3495; x_wconf 91' lang='lat' dir='ltr'><strong>quandoque</strong></span> <span class='ocrx_word' id='word_1_770' title='bbox 2446 3426 2608 3480; x_wconf 92' lang='lat' dir='ltr'><strong>etiam</strong></span> <span class='ocrx_word' id='word_1_771' title='bbox 2651 3427 2912 3497; x_wconf 81' lang='lat' dir='ltr'><strong>perfectio</strong></span> <span class='ocrx_word' id='word_1_772' title='bbox 2964 3427 3113 3497; x_wconf 87' lang='lat' dir='ltr'><strong>boni,</strong></span> <span class='ocrx_word' id='word_1_773' title='bbox 3162 3433 3376 3503; x_wconf 89' lang='lat' dir='ltr'><strong>quando</strong></span> <span class='ocrx_word' id='word_1_774' title='bbox 3401 3449 3537 3492; x_wconf 82' lang='lat' dir='ltr'><strong>con-</strong></span> 
     </span>
    </p>
   </div>
   <div class='ocr_carea' id='block_1_96' title="bbox 1941 3516 3536 3596">
    <p class='ocr_par' dir='ltr' id='par_1_96' title="bbox 1941 3516 3536 3596">
     <span class='ocr_line' id='line_1_96' title="bbox 1941 3516 3536 3596; baseline 0.008 -25"><span class='ocrx_word' id='word_1_775' title='bbox 1941 3517 2173 3587; x_wconf 88' lang='lat' dir='ltr'><strong>sumptio</strong></span> <span class='ocrx_word' id='word_1_776' title='bbox 2199 3516 2325 3572; x_wconf 91' lang='lat' dir='ltr'><strong>mali</strong></span> <span class='ocrx_word' id='word_1_777' title='bbox 2359 3534 2372 3569; x_wconf 92' lang='lat'><strong>:</strong></span> <span class='ocrx_word' id='word_1_778' title='bbox 2399 3517 2527 3572; x_wconf 93' lang='lat' dir='ltr'><strong>illud</strong></span> <span class='ocrx_word' id='word_1_779' title='bbox 2555 3532 2848 3588; x_wconf 92' lang='lat' dir='ltr'><strong>summum,</strong></span> <span class='ocrx_word' id='word_1_780' title='bbox 2878 3520 2982 3576; x_wconf 89' lang='lat' dir='ltr'><strong>hoc</strong></span> <span class='ocrx_word' id='word_1_781' title='bbox 3007 3523 3112 3578; x_wconf 91' lang='lat' dir='ltr'><strong>erit</strong></span> <span class='ocrx_word' id='word_1_782' title='bbox 3132 3525 3357 3581; x_wconf 88' lang='lat' dir='ltr'><strong>nullum.</strong></span> <span class='ocrx_word' id='word_1_783' title='bbox 3377 3527 3536 3596; x_wconf 85' lang='lat' dir='ltr'><strong>Quod</strong></span> 
     </span>
    </p>
   </div>
   <div class='ocr_carea' id='block_1_97' title="bbox 1941 3608 3531 3685">
    <p class='ocr_par' dir='ltr' id='par_1_97' title="bbox 1941 3608 3531 3685">
     <span class='ocr_line' id='line_1_97' title="bbox 1941 3608 3531 3685; baseline 0.008 -22"><span class='ocrx_word' id='word_1_784' title='bbox 1941 3609 1989 3663; x_wconf 90' lang='lat' dir='ltr'><strong>si</strong></span> <span class='ocrx_word' id='word_1_785' title='bbox 2027 3608 2083 3664; x_wconf 92' lang='lat' dir='ltr'><strong>in</strong></span> <span class='ocrx_word' id='word_1_786' title='bbox 2119 3609 2218 3664; x_wconf 90' lang='lat' dir='ltr'><strong>ista</strong></span> <span class='ocrx_word' id='word_1_787' title='bbox 2257 3611 2581 3665; x_wconf 87' lang='lat' dir='ltr'><strong>mortalitate</strong></span> <span class='ocrx_word' id='word_1_788' title='bbox 2606 3611 2934 3681; x_wconf 90' lang='lat' dir='ltr'><strong>sperandum</strong></span> <span class='ocrx_word' id='word_1_789' title='bbox 2980 3622 3248 3685; x_wconf 85' lang='lat' dir='ltr'><strong>putamus,</strong></span> <span class='ocrx_word' id='word_1_790' title='bbox 3274 3618 3531 3675; x_wconf 89' lang='lat' dir='ltr'><strong>fallimur.</strong></span> 
     </span>
    </p>
   </div>
   <div class='ocr_carea' id='block_1_98' title="bbox 1939 3699 3531 3780">
    <p class='ocr_par' dir='ltr' id='par_1_98' title="bbox 1939 3699 3531 3780">
     <span class='ocr_line' id='line_1_98' title="bbox 1939 3699 3531 3780; baseline 0.006 -23"><span class='ocrx_word' id='word_1_791' title='bbox 1939 3699 2092 3757; x_wconf 86' lang='lat' dir='ltr'><strong>Tunc</strong></span> <span class='ocrx_word' id='word_1_792' title='bbox 2110 3701 2252 3757; x_wconf 93' lang='lat' dir='ltr'><strong>enim</strong></span> <span class='ocrx_word' id='word_1_793' title='bbox 2282 3701 2403 3768; x_wconf 91' lang='lat' dir='ltr'><strong>erit,</strong></span> <span class='ocrx_word' id='word_1_794' title='bbox 2446 3701 2659 3773; x_wconf 91' lang='lat' dir='ltr'><strong>quando</strong></span> <span class='ocrx_word' id='word_1_795' title='bbox 2684 3718 2834 3759; x_wconf 88' lang='lat' dir='ltr'><strong>mors</strong></span> <span class='ocrx_word' id='word_1_796' title='bbox 2867 3719 2975 3760; x_wconf 91' lang='lat' dir='ltr'><strong>non</strong></span> <span class='ocrx_word' id='word_1_797' title='bbox 3015 3706 3154 3774; x_wconf 89' lang='lat' dir='ltr'><strong>erit;</strong></span> <span class='ocrx_word' id='word_1_798' title='bbox 3189 3717 3243 3764; x_wconf 90' lang='lat' dir='ltr'><strong>et</strong></span> <span class='ocrx_word' id='word_1_799' title='bbox 3288 3709 3359 3764; x_wconf 87' lang='lat' dir='ltr'><strong>ibi</strong></span> <span class='ocrx_word' id='word_1_800' title='bbox 3404 3712 3531 3780; x_wconf 92' lang='lat' dir='ltr'><strong>crit,</strong></span> 
     </span>
    </p>
   </div>
   <div class='ocr_carea' id='block_1_99' title="bbox 1940 3792 3533 3859">
    <p class='ocr_par' dir='ltr' id='par_1_99' title="bbox 1940 3792 3533 3859">
     <span class='ocr_line' id='line_1_99' title="bbox 1940 3792 3533 3859; baseline 0.007 -11"><span class='ocrx_word' id='word_1_801' title='bbox 1940 3793 2031 3848; x_wconf 90' lang='lat' dir='ltr'><strong>ubi</strong></span> <span class='ocrx_word' id='word_1_802' title='bbox 2050 3793 2157 3847; x_wconf 85' lang='lat' dir='ltr'><strong>vita</strong></span> <span class='ocrx_word' id='word_1_803' title='bbox 2177 3801 2376 3848; x_wconf 64' lang='lat' dir='ltr'><strong>aeterna</strong></span> <span class='ocrx_word' id='word_1_804' title='bbox 2406 3793 2527 3849; x_wconf 89' lang='lat' dir='ltr'><strong>erit.</strong></span> <span class='ocrx_word' id='word_1_805' title='bbox 2559 3792 2618 3848; x_wconf 85' lang='lat' dir='ltr'><strong>In</strong></span> <span class='ocrx_word' id='word_1_806' title='bbox 2653 3793 2747 3851; x_wconf 92' lang='lat' dir='ltr'><strong>illo</strong></span> <span class='ocrx_word' id='word_1_807' title='bbox 2765 3795 2909 3850; x_wconf 90' lang='lat' dir='ltr'><strong>enim</strong></span> <span class='ocrx_word' id='word_1_808' title='bbox 2937 3798 3133 3854; x_wconf 69' lang='lat' dir='ltr'><strong>saeculo</strong></span> <span class='ocrx_word' id='word_1_809' title='bbox 3158 3807 3212 3855; x_wconf 89' lang='lat' dir='ltr'><strong>et</strong></span> <span class='ocrx_word' id='word_1_810' title='bbox 3236 3800 3289 3854; x_wconf 93' lang='lat' dir='ltr'><strong>in</strong></span> <span class='ocrx_word' id='word_1_811' title='bbox 3331 3801 3423 3857; x_wconf 92' lang='lat' dir='ltr'><strong>illo</strong></span> <span class='ocrx_word' id='word_1_812' title='bbox 3445 3819 3533 3859; x_wconf 89' lang='lat' dir='ltr'><strong>re-</strong></span> 
     </span>
    </p>
   </div>
   <div class='ocr_carea' id='block_1_100' title="bbox 1937 3885 3532 3962">
    <p class='ocr_par' dir='ltr' id='par_1_100' title="bbox 1937 3885 3532 3962">
     <span class='ocr_line' id='line_1_100' title="bbox 1937 3885 3532 3962; baseline 0.007 -23"><span class='ocrx_word' id='word_1_813' title='bbox 1937 3898 2046 3954; x_wconf 88' lang='lat' dir='ltr'><strong>gno</strong></span> <span class='ocrx_word' id='word_1_814' title='bbox 2065 3885 2170 3940; x_wconf 91' lang='lat' dir='ltr'><strong>erit</strong></span> <span class='ocrx_word' id='word_1_815' title='bbox 2187 3885 2385 3941; x_wconf 88' lang='lat' dir='ltr'><strong>bonum</strong></span> <span class='ocrx_word' id='word_1_816' title='bbox 2405 3901 2695 3955; x_wconf 87' lang='lat' dir='ltr'><strong>summum,</strong></span> <span class='ocrx_word' id='word_1_817' title='bbox 2714 3887 2913 3943; x_wconf 89' lang='lat' dir='ltr'><strong>malum</strong></span> <span class='ocrx_word' id='word_1_818' title='bbox 2936 3889 3140 3945; x_wconf 92' lang='lat' dir='ltr'><strong>nullum</strong></span> <span class='ocrx_word' id='word_1_819' title='bbox 3161 3908 3175 3958; x_wconf 92' lang='lat'><strong>;</strong></span> <span class='ocrx_word' id='word_1_820' title='bbox 3197 3893 3411 3962; x_wconf 91' lang='lat' dir='ltr'><strong>quando</strong></span> <span class='ocrx_word' id='word_1_821' title='bbox 3427 3898 3532 3951; x_wconf 89' lang='lat' dir='ltr'><strong>erit</strong></span> 
     </span>
    </p>
   </div>
   <div class='ocr_carea' id='block_1_101' title="bbox 1938 3975 3530 4051">
    <p class='ocr_par' dir='ltr' id='par_1_101' title="bbox 1938 3975 3530 4051">
     <span class='ocr_line' id='line_1_101' title="bbox 1938 3975 3530 4051; baseline 0.007 -19"><span class='ocrx_word' id='word_1_822' title='bbox 1938 3983 1994 4032; x_wconf 90' lang='lat' dir='ltr'><strong>et</strong></span> <span class='ocrx_word' id='word_1_823' title='bbox 2012 3975 2100 4032; x_wconf 91' lang='lat' dir='ltr'><strong>ubi</strong></span> <span class='ocrx_word' id='word_1_824' title='bbox 2120 3977 2223 4032; x_wconf 91' lang='lat' dir='ltr'><strong>erit</strong></span> <span class='ocrx_word' id='word_1_825' title='bbox 2250 3978 2524 4048; x_wconf 64' lang='lat' dir='ltr'><strong>sapientiae</strong></span> <span class='ocrx_word' id='word_1_826' title='bbox 2544 3992 2695 4034; x_wconf 91' lang='lat' dir='ltr'><strong>amor</strong></span> <span class='ocrx_word' id='word_1_827' title='bbox 2715 3995 2982 4051; x_wconf 88' lang='lat' dir='ltr'><strong>summus,</strong></span> <span class='ocrx_word' id='word_1_828' title='bbox 3009 3984 3353 4042; x_wconf 74' lang='lat' dir='ltr'><strong>continentia:</strong></span> <span class='ocrx_word' id='word_1_829' title='bbox 3375 3987 3530 4044; x_wconf 89' lang='lat' dir='ltr'><strong>labor</strong></span> 
     </span>
    </p>
   </div>
   <div class='ocr_carea' id='block_1_102' title="bbox 1937 4066 3530 4144">
    <p class='ocr_par' dir='ltr' id='par_1_102' title="bbox 1937 4066 3530 4144">
     <span class='ocr_line' id='line_1_102' title="bbox 1937 4066 3530 4144; baseline 0.009 -24"><span class='ocrx_word' id='word_1_830' title='bbox 1937 4066 2136 4122; x_wconf 90' lang='lat' dir='ltr'><strong>nullus.</strong></span> <span class='ocrx_word' id='word_1_831' title='bbox 2167 4066 2283 4122; x_wconf 82' lang='lat' dir='ltr'><strong>Non</strong></span> <span class='ocrx_word' id='word_1_832' title='bbox 2326 4068 2486 4138; x_wconf 86' lang='lat' dir='ltr'><strong>igitur</strong></span> <span class='ocrx_word' id='word_1_833' title='bbox 2508 4070 2646 4124; x_wconf 91' lang='lat' dir='ltr'><strong>mala</strong></span> <span class='ocrx_word' id='word_1_834' title='bbox 2668 4079 2752 4126; x_wconf 91' lang='lat' dir='ltr'><strong>est</strong></span> <span class='ocrx_word' id='word_1_835' title='bbox 2791 4086 2940 4141; x_wconf 89' lang='lat' dir='ltr'><strong>caro,</strong></span> <span class='ocrx_word' id='word_1_836' title='bbox 2976 4074 3022 4129; x_wconf 91' lang='lat' dir='ltr'><strong>si</strong></span> <span class='ocrx_word' id='word_1_837' title='bbox 3066 4077 3208 4131; x_wconf 89' lang='lat' dir='ltr'><strong>malo</strong></span> <span class='ocrx_word' id='word_1_838' title='bbox 3243 4087 3441 4144; x_wconf 87' lang='lat' dir='ltr'><strong>careat,</strong></span> <span class='ocrx_word' id='word_1_839' title='bbox 3474 4080 3530 4135; x_wconf 93' lang='lat' dir='ltr'><strong>id</strong></span> 
     </span>
    </p>
   </div>
   <div class='ocr_carea' id='block_1_103' title="bbox 1938 4157 3529 4236">
    <p class='ocr_par' dir='ltr' id='par_1_103' title="bbox 1938 4157 3529 4236">
     <span class='ocr_line' id='line_1_103' title="bbox 1938 4157 3529 4236; baseline 0.009 -24"><span class='ocrx_word' id='word_1_840' title='bbox 1938 4165 2038 4224; x_wconf 88' lang='lat' dir='ltr'><strong>est,</strong></span> <span class='ocrx_word' id='word_1_841' title='bbox 2073 4157 2202 4212; x_wconf 90' lang='lat' dir='ltr'><strong>vitio</strong></span> <span class='ocrx_word' id='word_1_842' title='bbox 2226 4173 2332 4228; x_wconf 92' lang='lat' dir='ltr'><strong>quo</strong></span> <span class='ocrx_word' id='word_1_843' title='bbox 2356 4158 2570 4215; x_wconf 87' lang='lat' dir='ltr'><strong>vitiatus</strong></span> <span class='ocrx_word' id='word_1_844' title='bbox 2592 4169 2677 4216; x_wconf 90' lang='lat' dir='ltr'><strong>est</strong></span> <span class='ocrx_word' id='word_1_845' title='bbox 2703 4160 2888 4230; x_wconf 90' lang='lat' dir='ltr'><strong>homo,</strong></span> <span class='ocrx_word' id='word_1_846' title='bbox 2921 4177 3028 4219; x_wconf 93' lang='lat' dir='ltr'><strong>non</strong></span> <span class='ocrx_word' id='word_1_847' title='bbox 3058 4164 3228 4222; x_wconf 90' lang='lat' dir='ltr'><strong>factus</strong></span> <span class='ocrx_word' id='word_1_848' title='bbox 3257 4169 3413 4236; x_wconf 89' lang='lat' dir='ltr'><strong>male,</strong></span> <span class='ocrx_word' id='word_1_849' title='bbox 3431 4171 3529 4226; x_wconf 88' lang='lat' dir='ltr'><strong>sed</strong></span> 
     </span>
    </p>
   </div>
   <div class='ocr_carea' id='block_1_104' title="bbox 1937 4247 3527 4326">
    <p class='ocr_par' dir='ltr' id='par_1_104' title="bbox 1937 4247 3527 4326">
     <span class='ocr_line' id='line_1_104' title="bbox 1937 4247 3527 4326; baseline 0.008 -21"><span class='ocrx_word' id='word_1_850' title='bbox 1937 4248 2054 4318; x_wconf 90' lang='lat' dir='ltr'><strong>ipse</strong></span> <span class='ocrx_word' id='word_1_851' title='bbox 2080 4247 2305 4305; x_wconf 80' lang='lat' dir='ltr'><strong>faciens.</strong></span> <span class='ocrx_word' id='word_1_852' title='bbox 2340 4250 2419 4304; x_wconf 84' lang='lat' dir='ltr'><strong>Ex</strong></span> <span class='ocrx_word' id='word_1_853' title='bbox 2439 4260 2668 4323; x_wconf 90' lang='lat' dir='ltr'><strong>utraque</strong></span> <span class='ocrx_word' id='word_1_854' title='bbox 2693 4253 2838 4308; x_wconf 90' lang='lat' dir='ltr'><strong>enim</strong></span> <span class='ocrx_word' id='word_1_855' title='bbox 2865 4262 3035 4324; x_wconf 89' lang='lat' dir='ltr'><strong>parte,</strong></span> <span class='ocrx_word' id='word_1_856' title='bbox 3063 4255 3117 4311; x_wconf 92' lang='lat' dir='ltr'><strong>id</strong></span> <span class='ocrx_word' id='word_1_857' title='bbox 3137 4268 3241 4326; x_wconf 92' lang='lat' dir='ltr'><strong>est,</strong></span> <span class='ocrx_word' id='word_1_858' title='bbox 3271 4268 3326 4315; x_wconf 91' lang='lat' dir='ltr'><strong>et</strong></span> <span class='ocrx_word' id='word_1_859' title='bbox 3348 4262 3527 4318; x_wconf 85' lang='lat' dir='ltr'><strong>anima</strong></span> 
     </span>
    </p>
   </div>
   <div class='ocr_carea' id='block_1_105' title="bbox 1935 4340 3529 4418">
    <p class='ocr_par' dir='ltr' id='par_1_105' title="bbox 1935 4340 3529 4418">
     <span class='ocr_line' id='line_1_105' title="bbox 1935 4340 3529 4418; baseline 0.008 -22"><span class='ocrx_word' id='word_1_860' title='bbox 1935 4349 1994 4397; x_wconf 89' lang='lat' dir='ltr'><strong>et</strong></span> <span class='ocrx_word' id='word_1_861' title='bbox 2019 4356 2245 4412; x_wconf 91' lang='lat' dir='ltr'><strong>corpore</strong></span> <span class='ocrx_word' id='word_1_862' title='bbox 2268 4356 2296 4395; x_wconf 88' lang='lat' dir='ltr'><strong>a</strong></span> <span class='ocrx_word' id='word_1_863' title='bbox 2326 4340 2469 4397; x_wconf 91' lang='lat' dir='ltr'><strong>bono</strong></span> <span class='ocrx_word' id='word_1_864' title='bbox 2496 4343 2607 4398; x_wconf 91' lang='lat' dir='ltr'><strong>Deo</strong></span> <span class='ocrx_word' id='word_1_865' title='bbox 2632 4343 2802 4400; x_wconf 87' lang='lat' dir='ltr'><strong>factus</strong></span> <span class='ocrx_word' id='word_1_866' title='bbox 2828 4344 3024 4414; x_wconf 87' lang='lat' dir='ltr'><strong>bonus,</strong></span> <span class='ocrx_word' id='word_1_867' title='bbox 3042 4347 3156 4418; x_wconf 86' lang='lat' dir='ltr'><strong>ipse</strong></span> <span class='ocrx_word' id='word_1_868' title='bbox 3177 4349 3302 4406; x_wconf 90' lang='lat' dir='ltr'><strong>fecit</strong></span> <span class='ocrx_word' id='word_1_869' title='bbox 3325 4356 3529 4409; x_wconf 89' lang='lat' dir='ltr'><strong>malum</strong></span> 
     </span>
    </p>
   </div>
   <div class='ocr_carea' id='block_1_106' title="bbox 1937 4432 3528 4512">
    <p class='ocr_par' dir='ltr' id='par_1_106' title="bbox 1937 4432 3528 4512">
     <span class='ocr_line' id='line_1_106' title="bbox 1937 4432 3528 4512; baseline 0.006 -22"><span class='ocrx_word' id='word_1_870' title='bbox 1937 4449 2044 4506; x_wconf 90' lang='lat' dir='ltr'><strong>quo</strong></span> <span class='ocrx_word' id='word_1_871' title='bbox 2093 4432 2264 4489; x_wconf 88' lang='lat' dir='ltr'><strong>factus</strong></span> <span class='ocrx_word' id='word_1_872' title='bbox 2302 4443 2386 4490; x_wconf 92' lang='lat' dir='ltr'><strong>est</strong></span> <span class='ocrx_word' id='word_1_873' title='bbox 2408 4434 2603 4490; x_wconf 91' lang='lat' dir='ltr'><strong>malus.</strong></span> <span class='ocrx_word' id='word_1_874' title='bbox 2648 4435 2697 4490; x_wconf 87' lang='lat' dir='ltr'><strong>A</strong></span> <span class='ocrx_word' id='word_1_875' title='bbox 2717 4435 2870 4506; x_wconf 91' lang='lat' dir='ltr'><strong>cujus</strong></span> <span class='ocrx_word' id='word_1_876' title='bbox 2898 4438 3026 4493; x_wconf 89' lang='lat' dir='ltr'><strong>mali</strong></span> <span class='ocrx_word' id='word_1_877' title='bbox 3049 4449 3202 4496; x_wconf 89' lang='lat' dir='ltr'><strong>reatu</strong></span> <span class='ocrx_word' id='word_1_878' title='bbox 3226 4441 3338 4512; x_wconf 91' lang='lat' dir='ltr'><strong>jam</strong></span> <span class='ocrx_word' id='word_1_879' title='bbox 3363 4447 3528 4500; x_wconf 91' lang='lat' dir='ltr'><strong>etiam</strong></span> 
     </span>
    </p>
   </div>
   <div class='ocr_carea' id='block_1_107' title="bbox 1936 4527 3527 4609">
    <p class='ocr_par' dir='ltr' id='par_1_107' title="bbox 1936 4527 3527 4609">
     <span class='ocr_line' id='line_1_107' title="bbox 1936 4527 3527 4609; baseline 0.005 -24"><span class='ocrx_word' id='word_1_880' title='bbox 1936 4529 2141 4585; x_wconf 87' lang='lat' dir='ltr'><strong>solutus</strong></span> <span class='ocrx_word' id='word_1_881' title='bbox 2167 4543 2261 4598; x_wconf 89' lang='lat' dir='ltr'><strong>per</strong></span> <span class='ocrx_word' id='word_1_882' title='bbox 2286 4527 2689 4599; x_wconf 84' lang='lat' dir='ltr'><strong>indulgentiam,</strong></span> <span class='ocrx_word' id='word_1_883' title='bbox 2719 4545 2788 4584; x_wconf 93' lang='lat' dir='ltr'><strong>ne</strong></span> <span class='ocrx_word' id='word_1_884' title='bbox 2816 4530 2932 4587; x_wconf 90' lang='lat' dir='ltr'><strong>leve</strong></span> <span class='ocrx_word' id='word_1_885' title='bbox 2958 4531 3227 4589; x_wconf 84' lang='lat' dir='ltr'><strong>existimet</strong></span> <span class='ocrx_word' id='word_1_886' title='bbox 3246 4550 3367 4592; x_wconf 92' lang='lat' dir='ltr'><strong>esse</strong></span> <span class='ocrx_word' id='word_1_887' title='bbox 3383 4538 3527 4609; x_wconf 93' lang='lat' dir='ltr'><strong>quod</strong></span> 
     </span>
    </p>
   </div>
   <div class='ocr_carea' id='block_1_108' title="bbox 1935 4618 3535 4694">
    <p class='ocr_par' dir='ltr' id='par_1_108' title="bbox 1935 4618 3535 4694">
     <span class='ocr_line' id='line_1_108' title="bbox 1935 4618 3535 4694; baseline 0.006 -20"><span class='ocrx_word' id='word_1_888' title='bbox 1935 4618 2082 4686; x_wconf 87' lang='lat' dir='ltr'><strong>fecit,</strong></span> <span class='ocrx_word' id='word_1_889' title='bbox 2115 4619 2290 4674; x_wconf 89' lang='lat' dir='ltr'><strong>adhuc</strong></span> <span class='ocrx_word' id='word_1_890' title='bbox 2311 4634 2434 4674; x_wconf 90' lang='lat' dir='ltr'><strong>cum</strong></span> <span class='ocrx_word' id='word_1_891' title='bbox 2463 4634 2562 4675; x_wconf 92' lang='lat' dir='ltr'><strong>suo</strong></span> <span class='ocrx_word' id='word_1_892' title='bbox 2583 4620 2714 4676; x_wconf 89' lang='lat' dir='ltr'><strong>vitio</strong></span> <span class='ocrx_word' id='word_1_893' title='bbox 2753 4631 2953 4692; x_wconf 88' lang='lat' dir='ltr'><strong>pugnat</strong></span> <span class='ocrx_word' id='word_1_894' title='bbox 2982 4637 3079 4694; x_wconf 87' lang='lat' dir='ltr'><strong>per</strong></span> <span class='ocrx_word' id='word_1_895' title='bbox 3113 4627 3499 4684; x_wconf 89' lang='lat' dir='ltr'><strong>continentiam</strong></span> <span class='ocrx_word' id='word_1_896' title='bbox 3520 4676 3535 4690; x_wconf 85' lang='lat'><strong>,</strong></span> 
     </span>
    </p>
   </div>
   <div class='ocr_carea' id='block_1_109' title="bbox 1937 4711 3526 4787">
    <p class='ocr_par' dir='ltr' id='par_1_109' title="bbox 1937 4711 3526 4787">
     <span class='ocr_line' id='line_1_109' title="bbox 1937 4711 3526 4787; baseline 0.004 -21"><span class='ocrx_word' id='word_1_897' title='bbox 1937 4711 2092 4767; x_wconf 82' lang='lat' dir='ltr'><strong>Absit</strong></span> <span class='ocrx_word' id='word_1_898' title='bbox 2111 4719 2288 4765; x_wconf 90' lang='lat' dir='ltr'><strong>autem</strong></span> <span class='ocrx_word' id='word_1_899' title='bbox 2310 4719 2369 4765; x_wconf 92' lang='lat' dir='ltr'><strong>ut</strong></span> <span class='ocrx_word' id='word_1_900' title='bbox 2392 4711 2558 4765; x_wconf 88' lang='lat' dir='ltr'><strong>insint</strong></span> <span class='ocrx_word' id='word_1_901' title='bbox 2583 4711 2694 4766; x_wconf 90' lang='lat' dir='ltr'><strong>ulla</strong></span> <span class='ocrx_word' id='word_1_902' title='bbox 2722 4713 2851 4768; x_wconf 92' lang='lat' dir='ltr'><strong>vitia</strong></span> <span class='ocrx_word' id='word_1_903' title='bbox 2878 4715 2932 4768; x_wconf 91' lang='lat' dir='ltr'><strong>in</strong></span> <span class='ocrx_word' id='word_1_904' title='bbox 2963 4714 3054 4769; x_wconf 91' lang='lat' dir='ltr'><strong>illa</strong></span> <span class='ocrx_word' id='word_1_905' title='bbox 3080 4730 3201 4787; x_wconf 86' lang='lat' dir='ltr'><strong>quae</strong></span> <span class='ocrx_word' id='word_1_906' title='bbox 3232 4717 3403 4774; x_wconf 89' lang='lat' dir='ltr'><strong>futura</strong></span> <span class='ocrx_word' id='word_1_907' title='bbox 3441 4728 3526 4775; x_wconf 89' lang='lat' dir='ltr'><strong>est</strong></span> 
     </span>
    </p>
   </div>
   <div class='ocr_carea' id='block_1_110' title="bbox 1937 4802 3519 4881">
    <p class='ocr_par' dir='ltr' id='par_1_110' title="bbox 1937 4802 3519 4881">
     <span class='ocr_line' id='line_1_110' title="bbox 1937 4802 3519 4881; baseline 0.005 -24"><span class='ocrx_word' id='word_1_908' title='bbox 1937 4817 2068 4873; x_wconf 91' lang='lat' dir='ltr'><strong>pace</strong></span> <span class='ocrx_word' id='word_1_909' title='bbox 2088 4802 2468 4872; x_wconf 85' lang='lat' dir='ltr'><strong>regnantibus;</strong></span> <span class='ocrx_word' id='word_1_910' title='bbox 2494 4804 2927 4876; x_wconf 90' lang='lat' dir='ltr'><strong>quandoquidem</strong></span> <span class='ocrx_word' id='word_1_911' title='bbox 2949 4807 3002 4862; x_wconf 94' lang='lat' dir='ltr'><strong>in</strong></span> <span class='ocrx_word' id='word_1_912' title='bbox 3023 4807 3128 4863; x_wconf 89' lang='lat' dir='ltr'><strong>isto</strong></span> <span class='ocrx_word' id='word_1_913' title='bbox 3155 4809 3298 4866; x_wconf 91' lang='lat' dir='ltr'><strong>bello</strong></span> <span class='ocrx_word' id='word_1_914' title='bbox 3339 4811 3519 4881; x_wconf 85' lang='lat' dir='ltr'><strong>quoti-</strong></span> 
     </span>
    </p>
   </div>
   <div class='ocr_carea' id='block_1_111' title="bbox 1937 4893 3521 4974">
    <p class='ocr_par' dir='ltr' id='par_1_111' title="bbox 1937 4893 3521 4974">
     <span class='ocr_line' id='line_1_111' title="bbox 1937 4893 3521 4974; baseline 0.004 -24"><span class='ocrx_word' id='word_1_915' title='bbox 1937 4895 2024 4950; x_wconf 90' lang='lat' dir='ltr'><strong>die</strong></span> <span class='ocrx_word' id='word_1_916' title='bbox 2063 4893 2373 4950; x_wconf 89' lang='lat' dir='ltr'><strong>minuuntur</strong></span> <span class='ocrx_word' id='word_1_917' title='bbox 2395 4894 2450 4949; x_wconf 93' lang='lat' dir='ltr'><strong>in</strong></span> <span class='ocrx_word' id='word_1_918' title='bbox 2477 4895 2902 4967; x_wconf 88' lang='lat' dir='ltr'><strong>proﬁcientibus,</strong></span> <span class='ocrx_word' id='word_1_919' title='bbox 2934 4913 3045 4955; x_wconf 92' lang='lat' dir='ltr'><strong>non</strong></span> <span class='ocrx_word' id='word_1_920' title='bbox 3067 4911 3283 4971; x_wconf 89' lang='lat' dir='ltr'><strong>peccata</strong></span> <span class='ocrx_word' id='word_1_921' title='bbox 3321 4903 3521 4974; x_wconf 89' lang='lat' dir='ltr'><strong>solum,</strong></span> 
     </span>
    </p>
   </div>
   <div class='ocr_carea' id='block_1_112' title="bbox 1937 4987 3525 5065">
    <p class='ocr_par' dir='ltr' id='par_1_112' title="bbox 1937 4987 3525 5065">
     <span class='ocr_line' id='line_1_112' title="bbox 1937 4987 3525 5065; baseline 0.004 -19"><span class='ocrx_word' id='word_1_922' title='bbox 1937 4987 2032 5046; x_wconf 87' lang='lat' dir='ltr'><strong>sed</strong></span> <span class='ocrx_word' id='word_1_923' title='bbox 2075 4989 2204 5059; x_wconf 85' lang='lat' dir='ltr'><strong>ipsae</strong></span> <span class='ocrx_word' id='word_1_924' title='bbox 2238 5003 2449 5060; x_wconf 89' lang='lat' dir='ltr'><strong>quoque</strong></span> <span class='ocrx_word' id='word_1_925' title='bbox 2491 4990 2955 5062; x_wconf 59' lang='lat' dir='ltr'><strong>concupiscentia,</strong></span> <span class='ocrx_word' id='word_1_926' title='bbox 3003 5008 3128 5050; x_wconf 88' lang='lat' dir='ltr'><strong>cum</strong></span> <span class='ocrx_word' id='word_1_927' title='bbox 3180 4995 3372 5065; x_wconf 89' lang='lat' dir='ltr'><strong>quibus</strong></span> <span class='ocrx_word' id='word_1_928' title='bbox 3413 5013 3525 5054; x_wconf 90' lang='lat' dir='ltr'><strong>non</strong></span> 
     </span>
    </p>
   </div>
   <div class='ocr_carea' id='block_1_113' title="bbox 1938 5079 3525 5160">
    <p class='ocr_par' dir='ltr' id='par_1_113' title="bbox 1938 5079 3525 5160">
     <span class='ocr_line' id='line_1_113' title="bbox 1938 5079 3525 5160; baseline 0.006 -25"><span class='ocrx_word' id='word_1_929' title='bbox 1938 5079 2327 5136; x_wconf 90' lang='lat' dir='ltr'><strong>consentiendo</strong></span> <span class='ocrx_word' id='word_1_930' title='bbox 2354 5079 2678 5153; x_wconf 84' lang='lat' dir='ltr'><strong>confligitur,</strong></span> <span class='ocrx_word' id='word_1_931' title='bbox 2709 5092 2764 5140; x_wconf 91' lang='lat' dir='ltr'><strong>et</strong></span> <span class='ocrx_word' id='word_1_932' title='bbox 2783 5085 2975 5154; x_wconf 89' lang='lat' dir='ltr'><strong>quibus</strong></span> <span class='ocrx_word' id='word_1_933' title='bbox 2995 5087 3378 5144; x_wconf 80' lang='lat' dir='ltr'><strong>consentiendo</strong></span> <span class='ocrx_word' id='word_1_934' title='bbox 3398 5104 3525 5160; x_wconf 83' lang='lat' dir='ltr'><strong>pec-</strong></span> 
     </span>
    </p>
   </div>
   <div class='ocr_carea' id='block_1_114' title="bbox 1938 5184 2114 5233">
    <p class='ocr_par' dir='ltr' id='par_1_114' title="bbox 1938 5184 2114 5233">
     <span class='ocr_line' id='line_1_114' title="bbox 1938 5184 2114 5233; baseline -0.023 0"><span class='ocrx_word' id='word_1_935' title='bbox 1938 5184 2114 5233; x_wconf 83' lang='lat' dir='ltr'><strong>catur.</strong></span> 
     </span>
    </p>
   </div>
   <div class='ocr_carea' id='block_1_115' title="bbox 2013 5266 3520 5349">
    <p class='ocr_par' dir='ltr' id='par_1_115' title="bbox 2013 5266 3520 5349">
     <span class='ocr_line' id='line_1_115' title="bbox 2013 5266 3520 5349; baseline 0.011 -28"><span class='ocrx_word' id='word_1_936' title='bbox 2013 5267 2105 5322; x_wconf 73' lang='grc'><strong>21.</strong></span> <span class='ocrx_word' id='word_1_937' title='bbox 2143 5266 2297 5334; x_wconf 87' lang='lat' dir='ltr'><strong>Quod</strong></span> <span class='ocrx_word' id='word_1_938' title='bbox 2321 5283 2447 5340; x_wconf 89' lang='lat' dir='ltr'><strong>ergo</strong></span> <span class='ocrx_word' id='word_1_939' title='bbox 2467 5283 2593 5326; x_wconf 88' lang='lat' dir='ltr'><strong>caro</strong></span> <span class='ocrx_word' id='word_1_940' title='bbox 2613 5271 2937 5342; x_wconf 88' lang='lat' dir='ltr'><strong>concupiscit</strong></span> <span class='ocrx_word' id='word_1_941' title='bbox 2963 5271 3220 5330; x_wconf 89' lang='lat' dir='ltr'><strong>adversus</strong></span> <span class='ocrx_word' id='word_1_942' title='bbox 3249 5276 3520 5349; x_wconf 89' lang='lat' dir='ltr'><strong>spiritum,</strong></span> 
     </span>
    </p>
   </div>
   <div class='ocr_carea' id='block_1_116' title="bbox 1938 5357 3524 5439">
    <p class='ocr_par' dir='ltr' id='par_1_116' title="bbox 1938 5357 3524 5439">
     <span class='ocr_line' id='line_1_116' title="bbox 1938 5357 3524 5439; baseline 0.011 -27"><span class='ocrx_word' id='word_1_943' title='bbox 1938 5357 2084 5430; x_wconf 88' lang='lat' dir='ltr'><strong>quod</strong></span> <span class='ocrx_word' id='word_1_944' title='bbox 2104 5373 2208 5414; x_wconf 93' lang='lat' dir='ltr'><strong>non</strong></span> <span class='ocrx_word' id='word_1_945' title='bbox 2238 5358 2442 5416; x_wconf 88' lang='lat' dir='ltr'><strong>habitat</strong></span> <span class='ocrx_word' id='word_1_946' title='bbox 2465 5361 2521 5416; x_wconf 93' lang='lat' dir='ltr'><strong>in</strong></span> <span class='ocrx_word' id='word_1_947' title='bbox 2547 5376 2710 5418; x_wconf 91' lang='lat' dir='ltr'><strong>carne</strong></span> <span class='ocrx_word' id='word_1_948' title='bbox 2735 5372 2916 5418; x_wconf 89' lang='lat' dir='ltr'><strong>nostra</strong></span> <span class='ocrx_word' id='word_1_949' title='bbox 2941 5363 3163 5434; x_wconf 89' lang='lat' dir='ltr'><strong>bonum,</strong></span> <span class='ocrx_word' id='word_1_950' title='bbox 3185 5369 3327 5439; x_wconf 89' lang='lat' dir='ltr'><strong>quod</strong></span> <span class='ocrx_word' id='word_1_951' title='bbox 3361 5371 3444 5428; x_wconf 81' lang='lat' dir='ltr'><strong>lex</strong></span> <span class='ocrx_word' id='word_1_952' title='bbox 3467 5373 3524 5430; x_wconf 91' lang='lat' dir='ltr'><strong>in</strong></span> 
     </span>
    </p>
   </div>
   <div class='ocr_carea' id='block_1_117' title="bbox 1939 5451 3524 5527">
    <p class='ocr_par' dir='ltr' id='par_1_117' title="bbox 1939 5451 3524 5527">
     <span class='ocr_line' id='line_1_117' title="bbox 1939 5451 3524 5527; baseline 0.009 -21"><span class='ocrx_word' id='word_1_953' title='bbox 1939 5451 2199 5507; x_wconf 89' lang='lat' dir='ltr'><strong>membris</strong></span> <span class='ocrx_word' id='word_1_954' title='bbox 2226 5452 2424 5508; x_wconf 90' lang='lat' dir='ltr'><strong>nostris</strong></span> <span class='ocrx_word' id='word_1_955' title='bbox 2447 5465 2708 5524; x_wconf 88' lang='lat' dir='ltr'><strong>repugnat</strong></span> <span class='ocrx_word' id='word_1_956' title='bbox 2738 5456 2842 5525; x_wconf 87' lang='lat' dir='ltr'><strong>legi</strong></span> <span class='ocrx_word' id='word_1_957' title='bbox 2885 5457 3100 5527; x_wconf 89' lang='lat' dir='ltr'><strong>mentis,</strong></span> <span class='ocrx_word' id='word_1_958' title='bbox 3135 5475 3243 5516; x_wconf 92' lang='lat' dir='ltr'><strong>non</strong></span> <span class='ocrx_word' id='word_1_959' title='bbox 3271 5472 3354 5519; x_wconf 90' lang='lat' dir='ltr'><strong>est</strong></span> <span class='ocrx_word' id='word_1_960' title='bbox 3381 5464 3524 5520; x_wconf 85' lang='lat' dir='ltr'><strong>dua-</strong></span> 
     </span>
    </p>
   </div>
   <div class='ocr_carea' id='block_1_118' title="bbox 1941 5547 3524 5624">
    <p class='ocr_par' dir='ltr' id='par_1_118' title="bbox 1941 5547 3524 5624">
     <span class='ocr_line' id='line_1_118' title="bbox 1941 5547 3524 5624; baseline 0.009 -24"><span class='ocrx_word' id='word_1_961' title='bbox 1941 5559 2060 5601; x_wconf 88' lang='lat' dir='ltr'><strong>rum</strong></span> <span class='ocrx_word' id='word_1_962' title='bbox 2097 5554 2409 5601; x_wconf 89' lang='lat' dir='ltr'><strong>naturarum</strong></span> <span class='ocrx_word' id='word_1_963' title='bbox 2443 5561 2510 5602; x_wconf 80' lang='lat' dir='ltr'><strong>ex</strong></span> <span class='ocrx_word' id='word_1_964' title='bbox 2557 5547 2840 5604; x_wconf 88' lang='lat' dir='ltr'><strong>contrariis</strong></span> <span class='ocrx_word' id='word_1_965' title='bbox 2879 5550 3154 5624; x_wconf 92' lang='lat' dir='ltr'><strong>principiis</strong></span> <span class='ocrx_word' id='word_1_966' title='bbox 3190 5553 3331 5613; x_wconf 85' lang='lat' dir='ltr'><strong>facta</strong></span> <span class='ocrx_word' id='word_1_967' title='bbox 3368 5571 3524 5614; x_wconf 90' lang='lat' dir='ltr'><strong>com-</strong></span> 
     </span>
    </p>
   </div>
   <div class='ocr_carea' id='block_1_119' title="bbox 2006 5742 3524 5807">
    <p class='ocr_par' dir='ltr' id='par_1_119' title="bbox 2006 5742 3524 5807">
     <span class='ocr_line' id='line_1_119' title="bbox 2006 5742 3524 5807; baseline 0.01 -16"><span class='ocrx_word' id='word_1_968' title='bbox 2006 5743 2024 5775; x_wconf 79' lang='grc' dir='ltr'>ί</span> <span class='ocrx_word' id='word_1_969' title='bbox 2049 5742 2199 5793; x_wconf 78' lang='lat' dir='ltr'><strong>Editio</strong></span> <span class='ocrx_word' id='word_1_970' title='bbox 2211 5749 2345 5804; x_wconf 87' lang='lat' dir='ltr'><strong>Lov.,</strong></span> <span class='ocrx_word' id='word_1_971' title='bbox 2358 5742 2410 5794; x_wconf 83' lang='lat' dir='ltr'><strong>in</strong></span> <span class='ocrx_word' id='word_1_972' title='bbox 2429 5743 2590 5796; x_wconf 85' lang='lat' dir='ltr'><strong>carnis</strong></span> <span class='ocrx_word' id='word_1_973' title='bbox 2605 5745 2852 5800; x_wconf 84' lang='lat' dir='ltr'><strong>serviente.</strong></span> <span class='ocrx_word' id='word_1_974' title='bbox 2868 5752 3155 5804; x_wconf 84' lang='lat' dir='ltr'><strong>Emendatur</strong></span> <span class='ocrx_word' id='word_1_975' title='bbox 3173 5768 3237 5804; x_wconf 83' lang='lat' dir='ltr'><strong>ex</strong></span> <span class='ocrx_word' id='word_1_976' title='bbox 3257 5755 3402 5805; x_wconf 78' lang='lat' dir='ltr'><strong>editis</strong></span> <span class='ocrx_word' id='word_1_977' title='bbox 3413 5755 3524 5807; x_wconf 68' lang='lat' dir='ltr'><strong>alii:</strong></span> 
     </span>
    </p>
   </div>
   <div class='ocr_carea' id='block_1_120' title="bbox 1943 5808 3521 5884">
    <p class='ocr_par' dir='ltr' id='par_1_120' title="bbox 1943 5808 3521 5884">
     <span class='ocr_line' id='line_1_120' title="bbox 1943 5808 3521 5884; baseline -0.008 -5"><span class='ocrx_word' id='word_1_978' title='bbox 1943 5812 2008 5884; x_wconf 58' lang='grc' dir='ltr'><strong>ἓξ,</strong></span> <span class='ocrx_word' id='word_1_979' title='bbox 2015 5811 2234 5884; x_wconf 59' lang='grc' dir='ltr'><strong>εξ,ἒὲεὲ</strong></span> <span class='ocrx_word' id='word_1_980' title='bbox 2239 5819 2473 5884; x_wconf 49' lang='lat'><strong>3992111</strong></span> <span class='ocrx_word' id='word_1_981' title='bbox 2503 5808 2694 5884; x_wconf 68' lang='lat' dir='ltr'><strong>Plurimi</strong></span> <span class='ocrx_word' id='word_1_982' title='bbox 2723 5822 2894 5876; x_wconf 85' lang='lat' dir='ltr'><strong>postea</strong></span> <span class='ocrx_word' id='word_1_983' title='bbox 2926 5814 3106 5878; x_wconf 86' lang='lat' dir='ltr'><strong>ferunt,</strong></span> <span class='ocrx_word' id='word_1_984' title='bbox 3146 5815 3296 5868; x_wconf 84' lang='lat' dir='ltr'><strong>libido</strong></span> <span class='ocrx_word' id='word_1_985' title='bbox 3328 5815 3521 5884; x_wconf 74' lang='lat' dir='ltr'><strong>illicita,</strong></span> 
     </span>
    </p>
   </div>
   <div class='ocr_carea' id='block_1_121' title="bbox 1943 5874 2614 5938">
    <p class='ocr_par' dir='ltr' id='par_1_121' title="bbox 1943 5874 2614 5938">
     <span class='ocr_line' id='line_1_121' title="bbox 1943 5874 2614 5938; baseline 0.006 -19"><span class='ocrx_word' id='word_1_986' title='bbox 1943 5879 2159 5938; x_wconf 74' lang='lat' dir='ltr'><strong>quamvis</strong></span> <span class='ocrx_word' id='word_1_987' title='bbox 2182 5874 2494 5936; x_wconf 77' lang='lat' dir='ltr'><strong>contineatur,</strong></span> <span class='ocrx_word' id='word_1_988' title='bbox 2520 5878 2614 5926; x_wconf 86' lang='lat' dir='ltr'><strong>etc.</strong></span> 
     </span>
    </p>
   </div>
   <div class='ocr_carea' id='block_1_122' title="bbox 2900 5959 3214 6038">
    <p class='ocr_par' dir='ltr' id='par_1_122' title="bbox 2900 5959 3214 6038">
     <span class='ocr_line' id='line_1_122' title="bbox 2900 5959 3214 6038; baseline -0.003 -16"><span class='ocrx_word' id='word_1_989' title='bbox 2900 5959 3214 6038; x_wconf 58' lang='lat' dir='ltr'><strong>(Dousa)</strong></span> 
     </span>
    </p>
   </div>
  </div>
