4046 6332
460 456 685 553 animo,
711 482 808 542 sed
847 482 1007 540 unius
1024 481 1285 540 adversus
1315 495 1376 538 se
1417 481 1585 551 ipsam
1610 489 1827 552 propter
1859 477 2062 550 peccati

475 576 889 638 meritum'l’acta
910 575 1125 632 divisio.
1147 568 1263 630 Non
1286 574 1363 629 sic
1395 572 1594 628 fuimus
1616 573 1667 626 in
1699 570 1888 639 Adam,
1917 579 2067 625 ante-

472 687 637 745 quam
665 680 854 725 natura
884 682 982 726 suo
1027 670 1315 741 decepture
1358 666 1541 722 audito
1582 681 1644 722 ac
1674 674 1879 734 secuto,
1912 679 2066 720 suum

472 765 893 835 contempsisset
919 771 1081 834 atque
1124 759 1437 818 oﬂ‘endisset
1472 769 1744 815 auctorem
1791 777 1805 813 :
1838 774 1944 813 non
1982 765 2069 814 est

470 859 575 917 ista
628 858 774 929 prior
815 856 922 912 vita
961 856 1127 912 creati
1176 854 1439 922 hominis,
1470 854 1564 909 sed
1604 854 1869 925 posterior
1908 865 2067 923 paena

474 951 735 1009 damnati.
773 950 853 1007 Ex
888 966 992 1022 qua
1049 949 1394 1005 damnatione
1439 963 1536 1019 per
1578 946 1759 1003 Jesum
1795 944 2068 1001 Christum

479 1044 905 1117 gratialiherati,
935 1057 1056 1098 cum
1088 1058 1246 1113 poena
1286 1056 1379 1095 sua
1425 1039 1679 1095 dimicant
1706 1037 1881 1103 liberi,
1930 1052 2066 1091 non-

477 1140 605 1193 dum
630 1138 800 1192 salute
825 1137 1005 1208 plena,
1039 1134 1135 1191 sed
1174 1134 1284 1205 jam
1316 1133 1537 1204 pignore
1583 1132 1769 1187 salutis
1807 1137 2065 1199 accepto:

480 1246 590 1285 non
622 1227 829 1283 liberati
881 1235 1080 1291 autem,
1120 1234 1177 1281 et
1202 1226 1434 1297 peccatis
1460 1224 1478 1256 ¹
1501 1224 1575 1277 rei
1605 1230 1750 1291 sunt,
1780 1229 1833 1277 et
1857 1220 2070 1291 suppli-

476 1322 575 1377 ciis
604 1319 876 1389 implicati.
903 1318 1028 1373 Post
1072 1317 1209 1372 hanc
1248 1330 1376 1371 vero
1402 1316 1565 1369 vitam
1612 1330 1716 1369 τοις
1753 1312 1990 1367 manebit
2017 1311 2072 1366 in

476 1424 737 1469 teternum
762 1427 920 1482 paena
952 1425 1051 1481 pro
1078 1411 1269 1481 culpa;
1315 1409 1500 1464 liberis
1530 1423 1636 1463 non
1675 1406 1981 1462 remanebit
2017 1405 2071 1461 in

475 1514 739 1561 aeternum
770 1519 869 1559 nec
888 1504 1063 1573 culpa,
1095 1518 1193 1557 nec
1230 1516 1390 1573 poena
1426 1519 1440 1555 :
1469 1499 1564 1557 sed
1598 1499 1988 1571 permanebunt
2017 1498 2070 1552 in

479 1608 741 1659 aeternum
762 1596 1073 1651 substantim
1093 1594 1247 1650 bona:
1277 1593 1496 1665 spiritus
1522 1601 1576 1647 et
1601 1607 1756 1657 caro;
1782 1603 1912 1660 quas
1934 1588 2075 1644 Deus

478 1692 653 1748 bonus
674 1700 727 1745 et
754 1689 1100 1744 immutabilis
1127 1689 1318 1753 bonas,
1341 1685 1586 1757 quamvis
1617 1682 1924 1749 mutabiles,
1945 1697 2077 1736 con—

485 1784 643 1840 didit.
661 1782 1055 1839 Permanebunt
1079 1792 1255 1835 autem
1274 1781 1326 1835 in
1350 1778 1541 1834 melius
1561 1784 1920 1842 commutatae,
1941 1790 2078 1830 nun-

482 1893 643 1949 quam
670 1876 779 1947 jam
812 1877 863 1929 in
896 1874 1133 1930 deterius
1179 1872 1481 1936 mutandae;
1511 1878 1827 1938 consumpto
1864 1868 2077 1938 penitus

478 1972 631 2028 omni
663 1970 893 2033 malo,et
919 1967 1059 2039 quod
1093 1968 1253 2022 homo
1272 1965 1397 2021 fecit
1421 1960 1861 2034 injuste,etquod
1890 1974 2077 2030 passus

484 2065 736 2132 estjustc.
747 2062 947 2130 Quibus
961 2060 1167 2115 duobus
1182 2059 1305 2113 mali
1320 2056 1606 2129 generibus
1619 2054 1837 2109 omnino
1851 2067 2080 2123 pereun-

479 2154 649 2220 tibus,
680 2168 904 2222 quorum
927 2160 1008 2207 est
1035 2166 1197 2204 unum
1226 2145 1580 2219 praecedentis
1606 2143 1923 2216 iniquitatis,
1943 2143 2078 2200 alte-

478 2260 602 2303 rum
639 2241 1017 2315 consequentis
1048 2238 1394 2303 infelicitatis,
1433 2239 1537 2292 erit
1563 2236 1796 2291 hominis
1827 2236 1943 2290 sine
1970 2224 2107 2289 ulla'

480 2338 745 2410 pravitate
769 2336 1014 2391 voluntas
1039 2341 1207 2388 recta.
1238 2331 1316 2385 lbi
1346 2328 1596 2385 omnibus
1636 2327 1739 2382 erit
1767 2326 1971 2381 clarum
1993 2334 2078 2379 at-

484 2446 590 2500 quc
624 2428 984 2499 perspicuum,
1014 2424 1156 2495 quod
1182 2438 1324 2477 nunc
1354 2436 1383 2474 a
1414 2420 1660 2475 ﬁdelibus
1698 2420 1879 2474 multis
1908 2417 2081 2473 credi-

483 2532 593 2589 tur,
621 2538 650 2576 a
701 2521 884 2592 paucis
934 2518 1265 2589 intelligitur,
1300 2516 1498 2571 malum
1529 2530 1635 2570 non
1679 2530 1799 2570 esse
1828 2513 2081 2569 substan-

482 2617 651 2683 tiam;
683 2615 775 2671 sed
799 2615 939 2671 sicut
962 2613 1155 2667 vulnus
1192 2612 1243 2666 in
1272 2626 1517 2680 corpore,
1552 2610 1623 2664 ita
1664 2609 1716 2663 in
1740 2607 2036 2664 substantia
2059 2610 2079 2640 ¹

486 2724 608 2779 quae
634 2724 691 2763 se
724 2709 891 2778 ipsam
923 2706 1151 2769 vitiavit,
1179 2719 1299 2760 esse
1343 2704 1573 2774 coepisse
1617 2710 1770 2773 peste
1809 2701 2079 2769 inchoata,

491 2810 654 2869 atque
682 2798 754 2855 ibi
794 2813 913 2853 esse
943 2796 1189 2853 desinere
1216 2796 1443 2852 sanitate
1471 2794 1729 2867 perfecta.
1760 2793 1916 2849 Omni
1957 2808 2084 2865 ergo

486 2891 632 2949 malo
657 2900 846 2946 exorto
874 2906 905 2944 a
932 2890 1106 2956 nobis,
1132 2899 1185 2945 et
1214 2888 1420 2960 perdito
1457 2880 1511 2944 iit
1541 2888 1716 2957 nobis,
1752 2887 1895 2943 bono
1924 2888 2084 2943 etiam

488 2991 682 3040 nostro
714 2997 883 3054 usque
908 2982 973 3037 ad
996 2982 1204 3037 culmen
1232 2980 1557 3035 felicissimm
1596 2980 2009 3050 incorruptionis
2032 2988 2087 3036 et

489 3075 908 3130 immortalitatis
923 3081 1081 3129 aucto
1097 3082 1253 3144 atque
1270 3070 1525 3143 perfecto,
1551 3072 1721 3143 qualis
1740 3072 1841 3127 erit
1861 3081 2087 3142 utraque

484 3174 675 3227 nostra
706 3166 1001 3221 substantia
1029 3166 1052 3218 ?
1094 3164 1539 3237 Quandoquidem
1574 3178 1718 3218 nunc
1757 3163 1810 3217 in
1841 3164 1940 3218 ista
1968 3178 2089 3218 cor-

487 3259 741 3328 ruptione
767 3266 821 3313 et
864 3256 1213 3320 mortalitate,
1247 3271 1367 3309 cum
1401 3253 1575 3309 adhuc
1614 3270 1798 3325 corpus
1828 3254 2087 3324 corrupti-

456 3372 463 3379 ε
492 3351 590 3406 bile
616 3358 861 3421 aggravat
887 3349 1108 3403 animam
1142 3347 1295 3421 (Sap.
1330 3363 1413 3415 ιι,
1456 3346 1568 3418 15),
1599 3357 1653 3402 et
1686 3346 1827 3417 quod
1852 3346 2097 3417 Apostoa

487 3443 576 3498 lus
595 3442 742 3507 dicit,
773 3457 957 3512 corpus
996 3449 1253 3494 mortuum
1283 3447 1354 3493 est
1387 3448 1594 3508 prapter
1622 3446 1879 3507 peccatum
1908 3436 2084 3507 (Rom.

486 3546 606 3600 vm,
633 3531 748 3605 10),
779 3532 885 3587 tale
918 3540 1101 3587 tamen
1126 3529 1494 3585 testimonium
1524 3528 1772 3598 perhibet
1802 3527 1941 3581 idem
1972 3527 2087 3598 ipse

489 3625 642 3681 carni
672 3631 891 3686 nostrae,
934 3621 989 3677 id
1028 3630 1111 3676 est
1142 3622 1279 3691 parti
1309 3629 1505 3674 nostra:
1555 3618 1751 3673 intimae
1780 3628 1939 3688 atque
1981 3629 2088 3674 ter-

486 3731 659 3780 rente,
681 3724 742 3771 ut
769 3715 912 3769 dicat
939 3713 1079 3784 quod
1105 3713 1262 3782 paulo
1288 3720 1413 3767 ante
1438 3712 1882 3778 commemoravi,
1922 3711 2087 3767 Nemo

491 3822 719 3877 unquam
738 3800 943 3859 carnem
985 3820 1131 3858 suam
1157 3803 1275 3858 odio
1306 3801 1515 3868 habuit;
1548 3803 1835 3874 statimque
1865 3803 2087 3873 subjun-

493 3909 606 3969 gat,
651 3896 741 3952 sed
766 3897 923 3951 nutrit
966 3913 1078 3951 eam
1103 3904 1150 3949 et
1176 3896 1341 3966 fovet,
1379 3896 1509 3950 sicut
1552 3904 1597 3950 et
1641 3893 1869 3950 Christus
1900 3894 2077 3951 Eccle-

494 3993 624 4047 sium
642 3992 668 4045 .9

567 4083 795 4139 CAPUT
832 4082 927 4140 IX.
956 4112 1026 4123 —
1047 4081 1138 4139 ﬂ.
1163 4081 1377 4137 Carnem
1404 4091 1585 4135 natura
1607 4098 1710 4136 non
1737 4098 1843 4137 esse
1870 4082 2080 4151 malam,

495 4196 612 4234 cum
656 4180 765 4249 ejus
795 4178 1024 4249 exemplo
1054 4176 1338 4246 diligendus
1382 4192 1567 4230 uxores
1596 4176 1821 4229 hortetur
1864 4176 2084 4245 Aposto-

498 4272 601 4326 lus.
635 4269 757 4324 Tres
799 4267 996 4339 copula:
1038 4267 1306 4321 insinuata:
1344 4266 1406 4320 ab
1434 4266 1696 4337 Apostola,
1726 4283 1897 4321 omnes
1923 4266 2085 4333 bontc,

494 4378 710 4433 quarum
734 4361 877 4415 tertia
898 4369 967 4415 est
992 4360 1161 4413 carnis
1208 4369 1252 4414 et
1273 4360 1498 4430 spiritus.
1527 4358 1736 4413 Mulieri
1770 4360 2089 4432 subjectionis

502 4454 790 4525 exemplum
828 4471 860 4506 a
904 4469 1056 4508 carne
1096 4470 1189 4507 cur
1230 4469 1331 4507 non
1358 4454 1554 4508 datum.
1588 4451 1705 4519 Quo
1753 4453 1933 4523 igitur,
1980 4467 2084 4507 non

498 4546 644 4612 dico,
692 4559 897 4611 errore,
926 4544 1020 4599 sed
1065 4559 1289 4615 prorsus
1316 4542 1495 4599 furore
1515 4586 1528 4609 ,
1564 4543 1841 4599 Manichazi
1873 4559 2089 4599 carnem

496 4647 739 4695 nostram
763 4638 947 4692 nescio
973 4638 1061 4691 cui
1088 4636 1345 4691 fabulosa:
1372 4636 1518 4707 genti
1566 4637 1806 4691 tribuunt
1840 4637 2089 4692 tenebra-

493 4744 639 4797 rum,
666 4743 823 4799 quam
855 4729 1040 4783 volunt
1064 4743 1213 4783 suam
1243 4727 1359 4782 sine
1390 4728 1498 4781 ullo
1534 4727 1685 4781 initio
1716 4728 1909 4782 malam
1946 4742 2089 4783 sem-

492 4837 595 4895 per
624 4822 875 4879 habuisse
904 4832 1147 4877 naturam
1180 4840 1191 4875 :
1230 4836 1351 4875 cum
1381 4836 1540 4876 verax
1566 4822 1755 4877 doctor
1781 4824 1925 4877 viros
1964 4822 2086 4878 dili-

491 4930 620 4986 gere
649 4929 843 4971 uxores
868 4929 993 4970 suas
1036 4913 1283 4984 exemplo
1308 4928 1419 4968 sua:
1445 4914 1620 4969 carnis
1663 4914 1929 4982 hortetur,
1952 4930 2087 4985 quos

494 5009 565 5063 ad
613 5008 713 5063 hoc
757 5009 928 5078 ipsum
952 5007 1147 5063 Christi
1196 5021 1406 5077 quoque
1448 5014 1503 5062 et
1541 5006 1799 5063 Ecclesia:
1843 5007 2087 5063 hortatur

493 5099 783 5169 exemplo?
842 5099 1007 5153 Totus
1051 5098 1280 5168 denique
1319 5099 1434 5169 ipse
1478 5100 1784 5170 apostolica:
1832 5099 2086 5170 Epistolas

491 5190 667 5260 locus,
697 5192 851 5251 valde
900 5192 971 5250 ad
1017 5200 1132 5246 rem
1185 5190 1479 5262 pertinens,
1530 5193 1895 5249 recordandus
1938 5203 2021 5250 est
2068 5214 2081 5250 :

499 5282 633 5349 Viri,
680 5284 870 5353 inquit,
919 5284 1114 5355 diligite
1152 5299 1336 5338 uxores
1364 5294 1574 5352 vestras,
1615 5285 1743 5338 sicut
1779 5292 1825 5338 et
1853 5283 2084 5342 Christus

492 5373 673 5429 dilexit
694 5372 998 5442 Ecclesiam,
1033 5382 1080 5428 et
1116 5389 1169 5429 se
1196 5374 1365 5445 ipsum
1392 5374 1599 5429 tradidit
1638 5392 1729 5445 pro
1758 5392 1835 5444 ea,
1880 5385 1933 5430 ut
1971 5394 2083 5433 eam

489 5463 851 5533 sanctiﬁcaret,
884 5465 1138 5519 mundana
1165 5466 1366 5520 lavacro
1402 5482 1547 5536 aqua:
1575 5467 1629 5520 in
1670 5467 1817 5521 verbo
1835 5485 1855 5534 ;
1906 5479 1961 5522 ut
1995 5486 2085 5524 ex-

491 5552 682 5609 hiberet
725 5554 820 5610 sibi
873 5558 982 5627 ipse
1025 5557 1299 5629 gloriosam
1346 5555 1658 5626 Ecclesiam,
1692 5576 1792 5613 non
1821 5558 2083 5615 habentem

500 5645 779 5713 maculam,
823 5657 910 5702 aut
956 5665 1157 5719 rugam,
1201 5658 1289 5703 aut
1335 5648 1530 5718 aliquid
1557 5650 1845 5716 huiusmodi
1866 5652 2000 5716 ;sed
2029 5662 2083 5707 ut

555 5763 574 5793 ι
598 5760 907 5837 nienselinus
926 5772 1029 5823 Ms,
1058 5766 1260 5837 peccati.
1283 5764 1517 5837 Fuliensis
1541 5774 1592 5817 et
1629 5766 1711 5818 alii
1754 5768 1967 5836 quidam,
1988 5780 2083 5822 non

486 5819 853 5885 liberaturum
867 5840 899 5877 a
917 5819 1144 5889 peccatis,
1164 5827 1238 5877 rei
1250 5833 1378 5879 sunt.

559 5889 584 5927 ³
602 5888 680 5944 ita
694 5889 882 5956 aliquot
901 5895 1009 5943 uss.
1030 5895 1087 5944 At
1110 5889 1245 5955 editi,
1270 5889 1343 5944 ita
1361 5890 1688 5947 substantiam.

1634 360 1725 420 DE
1762 355 2240 441 CONTINENTlA,
2276 356 2336 416 S.
2378 358 2748 421 AUGUSTINI

2175 477 2243 534 sit
2265 486 2441 533 sancta
2465 489 2515 533 et
2539 479 2882 535 immaculata.
2913 473 3021 548 Ita,
3046 475 3239 552 inquit,
3263 486 3317 537 et
3338 480 3435 538 viri
3463 481 3642 545 debent
3670 486 3763 540 di-

2177 571 2331 643 ligere
2353 589 2535 629 uxores
2564 591 2704 642 suas,
2731 574 2857 630 sicut
2899 590 3115 646 corpora
3142 591 3257 629 sua.
3286 573 3388 642 Qui
3431 576 3603 649 diligit
3631 594 3769 635 uxo-

2175 681 2280 718 rem
2304 681 2470 734 suam,
2502 684 2556 721 se
2578 667 2744 737 ipsum
2767 654 2930 737 diligit
2961 665 3181 737 (Ephes.
3222 682 3281 735 v,
3306 665 3527 738 25-29).
3555 668 3770 729 Deinde

2176 755 2471 825 subjunxit,
2500 757 2642 828 quod
2675 755 2787 828 jam
2813 757 3355 813 commemoravimus
3384 776 3397 811 :
3430 756 3600 815 Nemo
3628 762 3770 817 enim

2175 863 2399 911 unquam
2423 866 2626 904 carnem
2662 866 2806 904 suam
2860 849 2975 904 odio
3004 848 3198 917 habuit,
3239 850 3328 905 sed
3371 851 3530 905 nutrit
3556 861 3602 906 et
3639 857 3772 924 fovet

2177 957 2306 1008 eam,
2332 943 2459 997 sicut
2479 952 2527 997 et
2553 940 2785 998 Christus
2813 940 3108 997 Ecclesium.
3131 941 3272 1011 Quid
3288 943 3355 998 ad
3376 941 3493 998 haec
3520 942 3650 999 dicit
3672 945 3777 999 im-

2177 1035 2545 1091 mundissimae
2574 1036 2862 1105 impietatis
2891 1035 3299 1103 insania?Quid
3327 1035 3395 1091 ad
3414 1035 3532 1091 haec
3567 1036 3770 1106 dicitis,

2177 1129 2493 1185 Manichtci?
2550 1130 2643 1201 qui
2690 1129 2844 1186 nobis
2889 1130 3038 1186 velut
3084 1145 3153 1185 ex
3196 1129 3510 1200 apostolicis
3551 1129 3775 1186 Litteris

2178 1221 2313 1276 duas
2338 1221 2452 1277 sine
2494 1222 2648 1277 initio
2697 1231 2937 1288 naturas,
2971 1238 3132 1278 unam
3162 1222 3313 1291 boni,
3346 1222 3575 1278 alteram
3620 1223 3772 1290 mali,

2179 1313 2446 1368 conamini
2478 1313 2731 1370 inducere
2756 1330 2772 1380 ;
2812 1322 2867 1369 et
2896 1314 3217 1385 apostolicas
3242 1314 3502 1383 Litteras,
3530 1330 3649 1387 qua:
3676 1329 3778 1371 vos

2178 1406 2247 1460 ab
2296 1406 2395 1460 ista
2442 1406 2699 1477 sacrilega
2746 1407 3102 1477 perversitate
3138 1406 3432 1478 corrigant,
3463 1422 3574 1463 non
3612 1407 3778 1463 vultis

2179 1497 2386 1552 audire.
2418 1497 2565 1553 Sicut
2594 1497 2790 1567 legitis,
2824 1497 2956 1553 Caro
2982 1498 3291 1568 concupiscit
3318 1498 3564 1553 adversus
3615 1498 3778 1569 spiri-

2182 1600 2289 1645 tum
2316 1589 2510 1665 (Calat.
2533 1608 2588 1659 v,
2618 1593 2746 1663 i7);
2784 1600 2858 1659 et,
2892 1589 3015 1646 Non
3045 1590 3236 1646 habitat
3277 1592 3332 1646 in
3361 1608 3516 1647 carne
3539 1607 3652 1646 mea
3679 1590 3778 1646 bo-

2182 1701 2345 1740 num:
2375 1686 2443 1740 ita
2471 1685 2650 1756 legite,
2687 1684 2854 1739 Nemo
2874 1701 3101 1755 unquam
3140 1701 3342 1739 carnem
3370 1701 3515 1739 suam
3544 1685 3661 1739 odio
3689 1685 3780 1741 ha-

2183 1776 2307 1842 buit,
2331 1775 2417 1829 scd
2446 1776 2603 1830 nutrit
2653 1784 2696 1829 et
2724 1778 2856 1848 fovet
2880 1792 3011 1840 eam,
3064 1775 3195 1829 sicut
3242 1785 3287 1830 et
3335 1774 3564 1830 Christus
3592 1774 3780 1829 Eccle-

2181 1870 2330 1924 siam.
2358 1868 2505 1925 Sicut
2526 1868 2720 1939 legitis,
2764 1867 2919 1924 Video
2943 1869 3099 1922 aliam
3125 1870 3283 1940 legem
3308 1869 3360 1922 in
3390 1867 3623 1924 membris
3649 1870 3780 1924 meis

2182 1970 2545 2032 repugnantem
2574 1959 2672 2031 legi
2699 1961 2877 2014 mentis
2907 1976 3031 2015 mea:
3069 1960 3250 2031 (Rom.
3292 1977 3385 2027 vn,
3416 1960 3504 2027 18,
3527 1959 3619 2032 25)
3656 1980 3669 2015 ;
3702 1961 3781 2017 ita

2184 2053 2365 2126 legite,
2392 2052 2536 2109 Sicut
2560 2051 2791 2111 Christus
2820 2052 2996 2110 dilexit
3034 2053 3335 2123 Ecclesiam,
3361 2055 3435 2110 ita
3462 2064 3511 2110 et
3559 2056 3653 2110 uiri
3688 2056 3786 2110 de-

2184 2147 2300 2203 bent
2326 2147 2539 2220 diligere
2556 2164 2740 2204 uxores
2762 2166 2905 2215 suas,
2946 2149 3075 2204 sicut
3118 2166 3211 2205 sua
3238 2166 3476 2220 corpora.
3507 2148 3683 2206 Nolite
3718 2150 3782 2207 in

2185 2238 2289 2296 illis
2331 2249 2528 2295 sanctze
2558 2239 2849 2310 Scriptura:
2891 2240 3211 2299 testimoniis
3257 2257 3380 2298 esse
3423 2242 3688 2310 insidiosi,
3721 2244 3781 2299 in

2186 2330 2272 2388 his
2303 2332 2478 2398 surdi;
2512 2341 2567 2389 et
2590 2334 2742 2388 eritis
2770 2334 2823 2388 in
2854 2335 3093 2404 utrisque
3118 2335 3371 2390 correcti.
3404 2334 3531 2391 Haec
3561 2336 3703 2391 enim
3729 2335 3784 2392 si

2186 2425 2457 2495 accipiatis
2484 2435 2541 2480 ut
2564 2425 2781 2497 dignum
2806 2435 2908 2495 est,
2940 2426 3268 2482 couabimiui
3290 2436 3347 2482 et
3372 2427 3461 2483 illa
3480 2427 3787 2499 intelligere

2188 2527 2247 2571 ΠΙ.
2278 2533 2466 2573 verum
2486 2527 2588 2573 εει.

2260 2609 2348 2663 25.
2391 2609 2524 2665 Tres
2566 2610 2821 2682 quasdam
2859 2610 3079 2681 copulas
3121 2610 3276 2666 nobis
3316 2609 3605 2667 insinuavit
3632 2610 3787 2681 Apo-

2188 2702 2379 2769 stolus,
2410 2702 2681 2757 Christum
2712 2712 2764 2758 et
2790 2703 3107 2769 Ecclesiam,
3136 2705 3310 2760 virum
3332 2713 3386 2761 et
3407 2720 3651 2772 uxorem,
3676 2705 3786 2775 spi-

2188 2795 2352 2852 ritum
2380 2804 2433 2850 et
2462 2811 2699 2852 carnem.
2723 2796 2922 2852 llorum
2955 2798 3131 2867 priora
3162 2798 3552 2867 posterioribus
3578 2812 3788 2854 consu-

2190 2887 2327 2957 lunt,
2380 2889 2676 2959 posteriora
2709 2889 2975 2958 prioribus
3020 2889 3370 2946 famulantur.
3404 2891 3593 2945 Omnia
3638 2890 3793 2950 bona

2191 2991 2336 3049 sunt,
2365 2997 2486 3038 cum
2526 2984 2579 3038 in
2607 2984 2685 3038 eis
2713 2983 2956 3055 quredam
2984 2983 3186 3040 ordinis
3212 2983 3663 3055 pulchritudinem
3685 2998 3790 3040 ex-

2191 3077 2448 3134 cellenter
2486 3078 2794 3147 praeposita,
2836 3077 3078 3148 quaedam
3119 3077 3376 3133 decenter
3410 3078 3651 3149 subjecta
3682 3092 3794 3133 cu-

2191 3166 2449 3223 stodiunt.
2491 3167 2586 3222 Vir
2612 3175 2666 3223 et
2692 3182 2846 3235 uxor,
2894 3168 3077 3239 quales
3128 3184 3311 3224 secum
3362 3182 3482 3223 esse
3525 3167 3793 3239 debeant,

2190 3268 2517 3331 praeceptum
2539 3261 2805 3332 accipiunt
2847 3269 2903 3316 et
2930 3262 3258 3333 exemplum.
3284 3262 3618 3331 Praeceptum
3640 3271 3731 3318 est
3770 3282 3791 3319 :

2194 3344 2436 3407 Mulieres
2479 3353 2601 3407 viris
2644 3354 2751 3409 suis
2788 3351 3003 3411 subdita:
3044 3355 3165 3423 sint,
3212 3354 3340 3408 sicut
3381 3353 3636 3418 Domino;
3661 3355 3795 3426 quia

2192 3447 2269 3502 vir
2288 3457 2439 3518 caput
2466 3448 2688 3502 mulieris
2714 3456 2823 3514 est;
2849 3457 2922 3517 et,
2968 3446 3099 3515 Viri,
3126 3448 3323 3519 diligite
3358 3465 3543 3505 uxores
3568 3458 3788 3505 uestras.

2192 3539 2511 3612 Exemplum
2540 3552 2717 3597 autem
2745 3541 2903 3597 datur
2929 3542 3245 3599 mulieribus
3273 3543 3343 3599 de
3361 3542 3623 3611 Ecclesia,
3649 3543 3793 3601 viris

2193 3631 2261 3688 de
2289 3632 2503 3689 Christo
2534 3650 2548 3688 :
2575 3632 2719 3689 Sicut
2737 3632 2993 3703 Ecclesia,
3023 3635 3212 3705 inquit,
3242 3635 3445 3691 subdita
3468 3645 3541 3692 est
3560 3636 3791 3704 Christo,

2196 3725 2267 3779 ita
2294 3734 2341 3779 et
2366 3726 2597 3781 mulieres
2626 3726 2744 3781 viris
2775 3728 2883 3782 suis
2922 3728 2978 3781 in
3006 3728 3254 3783 omnibus.
3297 3728 3553 3785 Similiter
3606 3736 3662 3785 et
3698 3727 3794 3783 vi-

2193 3820 2269 3874 ris
2316 3819 2440 3875 dato
2494 3832 2785 3890 praecepto,
2829 3830 2886 3876 ut
2931 3836 3125 3879 uxores
3197 3838 3322 3878 suas
3371 3822 3636 3895 diligant,
3683 3821 3796 3878 ad-

2187 3908 2319 3980 jecit
2360 3911 2701 3982 exemplum,
2757 3911 2905 3968 Sicut
2974 3912 3203 3968 Christus
3247 3914 3423 3969 dilexit
3480 3913 3795 3970 Ecclesium.

2193 4003 2301 4061 Sed
2345 4005 2489 4061 viros
2555 4014 2610 4061 et
2669 4021 2699 4062 a
2756 4022 2817 4061 re
2870 4005 3123 4063 inferiore
3180 4006 3493 4065 adhortatus
3554 4014 3676 4073 est,
3728 4007 3797 4064 id

2193 4106 2296 4163 est,
2326 4111 2352 4150 a
2393 4112 2620 4168 corpore
2654 4112 2785 4164 suo;
2816 4114 2924 4157 non
2959 4106 3165 4156 tantum
3195 4114 3225 4154 a
3255 4099 3555 4170 superiore,
3584 4098 3638 4155 id
3676 4106 3795 4168 est,

2192 4188 2476 4244 aDomino
2525 4204 2643 4245 suo.
2688 4189 2807 4245 Non
2841 4188 2988 4246 enim
3029 4190 3205 4247 solum
3257 4192 3351 4261 ait,
3390 4190 3539 4258 Viri,
3590 4192 3800 4264 diligite

2193 4296 2377 4336 uxores
2399 4292 2607 4349 vestras,
2636 4284 2763 4337 sicut
2784 4292 2832 4337 et
2852 4280 3083 4340 Christus
3105 4283 3281 4339 dilexit
3312 4283 3614 4352 Ecclesiam,
3641 4286 3799 4355 quod

2193 4383 2275 4429 est
2308 4389 2337 4428 a
2365 4375 2677 4444 superiore;
2709 4376 2893 4431 verum
2934 4376 3097 4431 etiam
3125 4376 3282 4442 dixit,
3315 4375 3425 4431 Viri
3462 4378 3640 4433 debent
3664 4377 3801 4433 dili-

2192 4483 2308 4538 gere
2327 4484 2509 4523 uxores
2524 4485 2642 4523 suas
2662 4470 2790 4523 sicut
2817 4485 3033 4541 corpora
3060 4487 3153 4526 sua
3198 4469 3414 4543 (Ephes.
3457 4454 3512 4539 v,
3560 4470 3799 4543 22-28),

2192 4558 2337 4629 quod
2362 4567 2444 4615 est
2473 4560 2539 4615 ab
2565 4558 2820 4616 inferiore
2850 4578 2864 4617 :
2895 4564 3017 4633 quia
3048 4573 3103 4618 et
3142 4564 3418 4634 superiora
3446 4575 3498 4620 et
3526 4564 3798 4624 inferiora

2193 4650 2331 4708 bona
2370 4660 2497 4707 sunt
2523 4653 2722 4708 omnia.
2767 4652 2876 4709 Nec
2924 4664 3105 4711 tamen
3150 4656 3345 4712 mulier
3371 4671 3404 4712 a
3430 4672 3656 4727 corpore
3694 4660 3802 4717 vel

2192 4758 2355 4800 carne
2399 4746 2607 4817 accepit
2645 4747 2971 4818 exemplum,
3013 4756 3071 4803 ut
3112 4748 3185 4804 ita
3229 4759 3372 4805 esset
3401 4750 3611 4806 subdita
3640 4752 3793 4823 viro,

2193 4840 2330 4895 sicut
2366 4841 2572 4912 spiritui
2603 4857 2729 4898 caro
2762 4859 2776 4897 :
2809 4842 2903 4899 sed
2933 4852 3026 4899 aut
3060 4854 3452 4915 consequenter
3492 4844 3803 4915 Apostolus

2191 4931 2413 5003 intelligi
2451 4933 2640 5001 voluit,
2676 4933 2818 5004 quod
2864 4934 3045 4991 dicere
3093 4936 3469 5006 praetermisit;
3517 4945 3610 4994 aut
3645 4937 3804 4998 forte

2192 5025 2314 5097 quia
2342 5041 2465 5081 caro
2496 5026 2827 5098 concupiscit
2844 5028 3102 5086 adversus
3127 5030 3373 5101 spiritum
3399 5031 3453 5086 in
3480 5030 3640 5103 hujus
3659 5032 3801 5090 vitae

2191 5119 2516 5176 mortalitate
2545 5129 2704 5189 atque
2724 5120 3001 5191 languore,
3032 5120 3152 5178 ideo
3168 5122 3236 5178 de
3256 5122 3348 5180 illa
3379 5124 3549 5180 noluit
3570 5124 3800 5181 mulieri

2191 5211 2494 5283 exemplum
2539 5211 2895 5282 subjectionis
2941 5212 3218 5271 adhibere.
3251 5214 3391 5272 Viris
3429 5225 3613 5272 autem
3663 5216 3799 5275 ideo

2190 5303 2376 5371 voluit,
2398 5305 2518 5374 quia
2549 5303 2649 5359 etsi
2666 5306 2999 5377 concupiscit
3015 5307 3237 5380 spiritus
3261 5309 3517 5367 adversus
3537 5325 3795 5380 carnem,

2190 5396 2350 5455 etiam
2380 5396 2435 5451 in
2458 5396 2560 5452 hoc
2590 5396 2706 5467 ipso
2736 5399 2966 5455 consulit
2994 5401 3141 5456 carni
3174 5418 3188 5455 :
3216 5416 3324 5458 non
3352 5401 3635 5459 sicutcaro
3653 5418 3803 5460 con-

2189 5490 2469 5561 cupiscens
2526 5490 2783 5550 adversus
2826 5493 3103 5564 spiritum,
3151 5509 3250 5551 nec
3293 5495 3501 5565 spiritui
3549 5498 3801 5554 consulis

2190 5582 2280 5638 tali
2308 5583 2751 5653 repugnatione‘,
2805 5598 2905 5639 nec
2944 5584 3069 5640 sibi.
3109 5584 3227 5643 Non
3259 5594 3437 5642 tamen
3466 5586 3515 5642 ei
3561 5587 3799 5658 spiritus

2186 5675 2381 5743 bonus,
2415 5677 2525 5733 sive
2546 5677 2662 5747 ejus
2692 5686 2934 5733 naturam
2966 5693 3063 5748 per
3080 5678 3469 5749 providentiam
3496 5680 3803 5737 nutriendo

2186 5782 2252 5825 ac
2303 5767 2564 5836 fovendo,
2603 5769 2715 5825 sive
2758 5767 2874 5839 ejus
2898 5768 3042 5824 vitiis
3072 5785 3170 5840 per
3220 5771 3605 5829 continentiam
3644 5774 3805 5837 resi-

2253 5894 2272 5928 ι
2291 5894 2364 5947 ste
2381 5898 2491 5947 Uss.
2512 5892 2631 5947 miti
2648 5904 2789 5959 vero,
2809 5889 2921 5949 talis
2942 5891 3243 5963 repugnatio.
