  <div class='ocr_page' id='page_1' title='image "/cluster/home/n/w/nwhite01/storage/ocr_20150623/40/hvd.32044024147290/188.png"; bbox 0 0 4046 6332; ppageno 0'>
   <div class='ocr_carea' id='block_1_1' title="bbox 195 578 1784 657">
    <p class='ocr_par' dir='ltr' id='par_1_1' title="bbox 195 578 1784 657">
     <span class='ocr_line' id='line_1_1' title="bbox 195 578 1784 657; baseline -0.008 -10"><span class='ocrx_word' id='word_1_1' title='bbox 195 584 404 657; x_wconf 82' lang='lat' dir='ltr'><strong>stendo,</strong></span> <span class='ocrx_word' id='word_1_2' title='bbox 435 592 773 653; x_wconf 66' lang='lat' dir='ltr'><strong>consulem,</strong></span> <span class='ocrx_word' id='word_1_3' title='bbox 803 584 907 641; x_wconf 79' lang='lat' dir='ltr'><strong>nisi</strong></span> <span class='ocrx_word' id='word_1_4' title='bbox 935 590 1162 655; x_wconf 81' lang='lat' dir='ltr'><strong>utraque</strong></span> <span class='ocrx_word' id='word_1_5' title='bbox 1189 581 1484 639; x_wconf 85' lang='lat' dir='ltr'><strong>substantia</strong></span> <span class='ocrx_word' id='word_1_6' title='bbox 1505 578 1784 651; x_wconf 88' lang='lat' dir='ltr'><strong>utriusque</strong></span> 
     </span>
    </p>
   </div>
   <div class='ocr_carea' id='block_1_2' title="bbox 194 675 1781 748">
    <p class='ocr_par' dir='ltr' id='par_1_2' title="bbox 194 675 1781 748">
     <span class='ocr_line' id='line_1_2' title="bbox 194 675 1781 748; baseline -0.007 -8"><span class='ocrx_word' id='word_1_7' title='bbox 194 684 447 740; x_wconf 70' lang='lat' dir='ltr'><strong>artiﬁcem</strong></span> <span class='ocrx_word' id='word_1_8' title='bbox 478 682 676 747; x_wconf 78' lang='lat' dir='ltr'><strong>Deum,</strong></span> <span class='ocrx_word' id='word_1_9' title='bbox 704 681 867 736; x_wconf 86' lang='lat' dir='ltr'><strong>etiam</strong></span> <span class='ocrx_word' id='word_1_10' title='bbox 894 679 1089 735; x_wconf 84' lang='lat' dir='ltr'><strong>decore</strong></span> <span class='ocrx_word' id='word_1_11' title='bbox 1114 679 1196 733; x_wconf 89' lang='lat' dir='ltr'><strong>sui</strong></span> <span class='ocrx_word' id='word_1_12' title='bbox 1224 677 1381 748; x_wconf 80' lang='lat' dir='ltr'><strong>hujus</strong></span> <span class='ocrx_word' id='word_1_13' title='bbox 1409 676 1615 732; x_wconf 81' lang='lat' dir='ltr'><strong>ordinis</strong></span> <span class='ocrx_word' id='word_1_14' title='bbox 1642 675 1781 733; x_wconf 89' lang='lat' dir='ltr'><strong>iudi-</strong></span> 
     </span>
    </p>
   </div>
   <div class='ocr_carea' id='block_1_3' title="bbox 195 768 1785 844">
    <p class='ocr_par' dir='ltr' id='par_1_3' title="bbox 195 768 1785 844">
     <span class='ocr_line' id='line_1_3' title="bbox 195 768 1785 844; baseline -0.007 -11"><span class='ocrx_word' id='word_1_15' title='bbox 195 782 351 833; x_wconf 89' lang='lat' dir='ltr'><strong>caret.</strong></span> <span class='ocrx_word' id='word_1_16' title='bbox 384 774 529 841; x_wconf 85' lang='lat' dir='ltr'><strong>Quid</strong></span> <span class='ocrx_word' id='word_1_17' title='bbox 552 782 794 844; x_wconf 87' lang='lat' dir='ltr'><strong>estergo</strong></span> <span class='ocrx_word' id='word_1_18' title='bbox 817 773 958 844; x_wconf 89' lang='lat' dir='ltr'><strong>quod</strong></span> <span class='ocrx_word' id='word_1_19' title='bbox 982 786 1077 827; x_wconf 76' lang='lat' dir='ltr'><strong>vos</strong></span> <span class='ocrx_word' id='word_1_20' title='bbox 1115 786 1237 826; x_wconf 86' lang='lat' dir='ltr'><strong>vera</strong></span> <span class='ocrx_word' id='word_1_21' title='bbox 1264 770 1533 825; x_wconf 89' lang='lat' dir='ltr'><strong>dementia</strong></span> <span class='ocrx_word' id='word_1_22' title='bbox 1556 776 1611 825; x_wconf 89' lang='lat' dir='ltr'><strong>et</strong></span> <span class='ocrx_word' id='word_1_23' title='bbox 1637 768 1785 823; x_wconf 90' lang='lat' dir='ltr'><strong>chri-</strong></span> 
     </span>
    </p>
   </div>
   <div class='ocr_carea' id='block_1_4' title="bbox 194 863 1784 937">
    <p class='ocr_par' dir='ltr' id='par_1_4' title="bbox 194 863 1784 937">
     <span class='ocr_line' id='line_1_4' title="bbox 194 863 1784 937; baseline -0.005 -13"><span class='ocrx_word' id='word_1_24' title='bbox 194 868 394 925; x_wconf 80' lang='lat' dir='ltr'><strong>stianos</strong></span> <span class='ocrx_word' id='word_1_25' title='bbox 421 880 545 922; x_wconf 84' lang='lat' dir='ltr'><strong>esse</strong></span> <span class='ocrx_word' id='word_1_26' title='bbox 579 863 817 937; x_wconf 83' lang='lat' dir='ltr'><strong>iactatis,</strong></span> <span class='ocrx_word' id='word_1_27' title='bbox 846 874 902 921; x_wconf 90' lang='lat' dir='ltr'><strong>et</strong></span> <span class='ocrx_word' id='word_1_28' title='bbox 926 873 1111 919; x_wconf 88' lang='lat' dir='ltr'><strong>contra</strong></span> <span class='ocrx_word' id='word_1_29' title='bbox 1140 864 1443 934; x_wconf 81' lang='lat' dir='ltr'><strong>Scripturas</strong></span> <span class='ocrx_word' id='word_1_30' title='bbox 1463 863 1784 918; x_wconf 83' lang='lat' dir='ltr'><strong>christiauas</strong></span> 
     </span>
    </p>
   </div>
   <div class='ocr_carea' id='block_1_5' title="bbox 193 956 1780 1029">
    <p class='ocr_par' dir='ltr' id='par_1_5' title="bbox 193 956 1780 1029">
     <span class='ocr_line' id='line_1_5' title="bbox 193 956 1780 1029; baseline -0.005 -13"><span class='ocrx_word' id='word_1_31' title='bbox 193 960 359 1017; x_wconf 86' lang='lat' dir='ltr'><strong>oculis</strong></span> <span class='ocrx_word' id='word_1_32' title='bbox 384 959 608 1025; x_wconf 80' lang='lat' dir='ltr'><strong>clausis,</strong></span> <span class='ocrx_word' id='word_1_33' title='bbox 643 959 730 1014; x_wconf 75' lang='lat' dir='ltr'><strong>vel</strong></span> <span class='ocrx_word' id='word_1_34' title='bbox 766 959 942 1029; x_wconf 84' lang='lat' dir='ltr'><strong>potius</strong></span> <span class='ocrx_word' id='word_1_35' title='bbox 991 957 1289 1025; x_wconf 74' lang='lat' dir='ltr'><strong>exstinctis,</strong></span> <span class='ocrx_word' id='word_1_36' title='bbox 1337 964 1483 1011; x_wconf 87' lang='lat' dir='ltr'><strong>tanta</strong></span> <span class='ocrx_word' id='word_1_37' title='bbox 1507 956 1780 1027; x_wconf 85' lang='lat' dir='ltr'><strong>perversi-</strong></span> 
     </span>
    </p>
   </div>
   <div class='ocr_carea' id='block_1_6' title="bbox 193 1049 1782 1118">
    <p class='ocr_par' dir='ltr' id='par_1_6' title="bbox 193 1049 1782 1118">
     <span class='ocr_line' id='line_1_6' title="bbox 193 1049 1782 1118; baseline -0.004 -7"><span class='ocrx_word' id='word_1_38' title='bbox 193 1064 298 1111; x_wconf 86' lang='lat' dir='ltr'><strong>tate</strong></span> <span class='ocrx_word' id='word_1_39' title='bbox 345 1052 706 1118; x_wconf 74' lang='lat' dir='ltr'><strong>contenditis,</strong></span> <span class='ocrx_word' id='word_1_40' title='bbox 762 1053 849 1109; x_wconf 65' lang='lat' dir='ltr'><strong>et‘</strong></span> <span class='ocrx_word' id='word_1_41' title='bbox 894 1051 1168 1108; x_wconf 76' lang='lat' dir='ltr'><strong>Christum</strong></span> <span class='ocrx_word' id='word_1_42' title='bbox 1207 1061 1508 1108; x_wconf 87' lang='lat' dir='ltr'><strong>asserentes</strong></span> <span class='ocrx_word' id='word_1_43' title='bbox 1552 1051 1607 1107; x_wconf 91' lang='lat' dir='ltr'><strong>in</strong></span> <span class='ocrx_word' id='word_1_44' title='bbox 1654 1049 1782 1105; x_wconf 57' lang='lat' dir='ltr'><strong>falsa</strong></span> 
     </span>
    </p>
   </div>
   <div class='ocr_carea' id='block_1_7' title="bbox 192 1138 1781 1211">
    <p class='ocr_par' dir='ltr' id='par_1_7' title="bbox 192 1138 1781 1211">
     <span class='ocr_line' id='line_1_7' title="bbox 192 1138 1781 1211; baseline -0.004 -13"><span class='ocrx_word' id='word_1_45' title='bbox 192 1155 351 1198; x_wconf 83' lang='lat' dir='ltr'><strong>carne</strong></span> <span class='ocrx_word' id='word_1_46' title='bbox 371 1141 693 1211; x_wconf 76' lang='lat' dir='ltr'><strong>apparuisse</strong></span> <span class='ocrx_word' id='word_1_47' title='bbox 740 1138 1072 1206; x_wconf 70' lang='lat' dir='ltr'><strong>mortalibus,</strong></span> <span class='ocrx_word' id='word_1_48' title='bbox 1111 1148 1165 1195; x_wconf 90' lang='lat' dir='ltr'><strong>et</strong></span> <span class='ocrx_word' id='word_1_49' title='bbox 1192 1139 1486 1196; x_wconf 86' lang='lat' dir='ltr'><strong>Ecclesiam</strong></span> <span class='ocrx_word' id='word_1_50' title='bbox 1523 1139 1575 1194; x_wconf 89' lang='lat' dir='ltr'><strong>iu</strong></span> <span class='ocrx_word' id='word_1_51' title='bbox 1603 1139 1781 1193; x_wconf 88' lang='lat' dir='ltr'><strong>anima</strong></span> 
     </span>
    </p>
   </div>
   <div class='ocr_carea' id='block_1_8' title="bbox 192 1231 1783 1305">
    <p class='ocr_par' dir='ltr' id='par_1_8' title="bbox 192 1231 1783 1305">
     <span class='ocr_line' id='line_1_8' title="bbox 192 1231 1783 1305; baseline -0.002 -15"><span class='ocrx_word' id='word_1_52' title='bbox 192 1232 258 1290; x_wconf 84' lang='lat' dir='ltr'><strong>ad</strong></span> <span class='ocrx_word' id='word_1_53' title='bbox 284 1231 587 1301; x_wconf 77' lang='lat' dir='ltr'><strong>Christum,</strong></span> <span class='ocrx_word' id='word_1_54' title='bbox 629 1234 683 1289; x_wconf 91' lang='lat' dir='ltr'><strong>in</strong></span> <span class='ocrx_word' id='word_1_55' title='bbox 709 1247 938 1304; x_wconf 87' lang='lat' dir='ltr'><strong>corpore</strong></span> <span class='ocrx_word' id='word_1_56' title='bbox 979 1233 1045 1288; x_wconf 89' lang='lat' dir='ltr'><strong>ad</strong></span> <span class='ocrx_word' id='word_1_57' title='bbox 1082 1233 1354 1289; x_wconf 88' lang='lat' dir='ltr'><strong>diabolum</strong></span> <span class='ocrx_word' id='word_1_58' title='bbox 1399 1234 1687 1305; x_wconf 86' lang='lat' dir='ltr'><strong>pertinere,</strong></span> <span class='ocrx_word' id='word_1_59' title='bbox 1728 1240 1783 1288; x_wconf 92' lang='lat' dir='ltr'><strong>et</strong></span> 
     </span>
    </p>
   </div>
   <div class='ocr_carea' id='block_1_9' title="bbox 192 1325 1778 1398">
    <p class='ocr_par' dir='ltr' id='par_1_9' title="bbox 192 1325 1778 1398">
     <span class='ocr_line' id='line_1_9' title="bbox 192 1325 1778 1398; baseline -0.001 -15"><span class='ocrx_word' id='word_1_60' title='bbox 192 1340 381 1383; x_wconf 78' lang='lat' dir='ltr'><strong>sexum</strong></span> <span class='ocrx_word' id='word_1_61' title='bbox 416 1325 631 1382; x_wconf 75' lang='lat' dir='ltr'><strong>virilem</strong></span> <span class='ocrx_word' id='word_1_62' title='bbox 667 1336 833 1398; x_wconf 87' lang='lat' dir='ltr'><strong>atque</strong></span> <span class='ocrx_word' id='word_1_63' title='bbox 867 1326 1178 1381; x_wconf 78' lang='lat' dir='ltr'><strong>muliebrem</strong></span> <span class='ocrx_word' id='word_1_64' title='bbox 1217 1326 1414 1382; x_wconf 85' lang='lat' dir='ltr'><strong>diaboli</strong></span> <span class='ocrx_word' id='word_1_65' title='bbox 1445 1341 1607 1397; x_wconf 86' lang='lat' dir='ltr'><strong>opera</strong></span> <span class='ocrx_word' id='word_1_66' title='bbox 1636 1340 1778 1391; x_wconf 90' lang='lat' dir='ltr'><strong>esse,</strong></span> 
     </span>
    </p>
   </div>
   <div class='ocr_carea' id='block_1_10' title="bbox 194 1420 1783 1491">
    <p class='ocr_par' dir='ltr' id='par_1_10' title="bbox 194 1420 1783 1491">
     <span class='ocr_line' id='line_1_10' title="bbox 194 1420 1783 1491; baseline -0.001 -15"><span class='ocrx_word' id='word_1_67' title='bbox 194 1434 298 1476; x_wconf 83' lang='lat' dir='ltr'><strong>non</strong></span> <span class='ocrx_word' id='word_1_68' title='bbox 328 1420 447 1487; x_wconf 87' lang='lat' dir='ltr'><strong>Dei,</strong></span> <span class='ocrx_word' id='word_1_69' title='bbox 477 1429 533 1476; x_wconf 89' lang='lat' dir='ltr'><strong>et</strong></span> <span class='ocrx_word' id='word_1_70' title='bbox 559 1420 771 1491; x_wconf 82' lang='lat' dir='ltr'><strong>spiritui</strong></span> <span class='ocrx_word' id='word_1_71' title='bbox 795 1435 1010 1477; x_wconf 86' lang='lat' dir='ltr'><strong>carnem</strong></span> <span class='ocrx_word' id='word_1_72' title='bbox 1036 1428 1288 1491; x_wconf 87' lang='lat' dir='ltr'><strong>tanquam</strong></span> <span class='ocrx_word' id='word_1_73' title='bbox 1315 1421 1511 1477; x_wconf 78' lang='lat' dir='ltr'><strong>malam</strong></span> <span class='ocrx_word' id='word_1_74' title='bbox 1536 1421 1783 1476; x_wconf 84' lang='lat' dir='ltr'><strong>substan-</strong></span> 
     </span>
    </p>
   </div>
   <div class='ocr_carea' id='block_1_11' title="bbox 194 1512 1178 1569">
    <p class='ocr_par' dir='ltr' id='par_1_11' title="bbox 194 1512 1178 1569">
     <span class='ocr_line' id='line_1_11' title="bbox 194 1512 1178 1569; baseline -0.001 -1"><span class='ocrx_word' id='word_1_75' title='bbox 194 1512 317 1568; x_wconf 72' lang='lat' dir='ltr'><strong>tiam</strong></span> <span class='ocrx_word' id='word_1_76' title='bbox 348 1512 507 1568; x_wconf 68' lang='lat' dir='ltr'><strong>bona</strong></span> <span class='ocrx_word' id='word_1_77' title='bbox 529 1512 844 1569; x_wconf 65' lang='lat' dir='ltr'><strong>substantia</strong></span> <span class='ocrx_word' id='word_1_78' title='bbox 871 1512 1178 1569; x_wconf 71' lang='lat' dir='ltr'><strong>cohaerere?</strong></span> 
     </span>
    </p>
   </div>
   <div class='ocr_carea' id='block_1_12' title="bbox 258 1602 1784 1676">
    <p class='ocr_par' dir='ltr' id='par_1_12' title="bbox 258 1602 1784 1676">
     <span class='ocr_line' id='line_1_12' title="bbox 258 1602 1784 1676; baseline 0 -15"><span class='ocrx_word' id='word_1_79' title='bbox 258 1604 495 1662; x_wconf 70' lang='lat' dir='ltr'><strong>CAPUT</strong></span> <span class='ocrx_word' id='word_1_80' title='bbox 524 1602 594 1660; x_wconf 66' lang='grc' dir='ltr'><strong>Ι.</strong></span> <span class='ocrx_word' id='word_1_81' title='bbox 612 1603 791 1660; x_wconf 52' lang='grc' dir='ltr'><strong>-ει</strong></span> <span class='ocrx_word' id='word_1_82' title='bbox 808 1603 1211 1659; x_wconf 66' lang='lat' dir='ltr'><strong>Manicheam</strong></span> <span class='ocrx_word' id='word_1_83' title='bbox 1236 1604 1440 1661; x_wconf 68' lang='lat' dir='ltr'><strong>hiemis</strong></span> <span class='ocrx_word' id='word_1_84' title='bbox 1458 1612 1606 1676; x_wconf 86' lang='lat' dir='ltr'><strong>negat</strong></span> <span class='ocrx_word' id='word_1_85' title='bbox 1627 1605 1784 1676; x_wconf 79' lang='lat' dir='ltr'><strong>fuisse</strong></span> 
     </span>
    </p>
   </div>
   <div class='ocr_carea' id='block_1_13' title="bbox 192 1697 1780 1765">
    <p class='ocr_par' dir='ltr' id='par_1_13' title="bbox 192 1697 1780 1765">
     <span class='ocr_line' id='line_1_13' title="bbox 192 1697 1780 1765; baseline -0.001 -10"><span class='ocrx_word' id='word_1_86' title='bbox 192 1697 246 1755; x_wconf 72' lang='lat' dir='ltr'><strong>is</strong></span> <span class='ocrx_word' id='word_1_87' title='bbox 268 1698 474 1754; x_wconf 71' lang='lat' dir='ltr'><strong>Christo</strong></span> <span class='ocrx_word' id='word_1_88' title='bbox 491 1714 695 1755; x_wconf 76' lang='lat' dir='ltr'><strong>carnem</strong></span> <span class='ocrx_word' id='word_1_89' title='bbox 711 1712 900 1754; x_wconf 75' lang='lat' dir='ltr'><strong>ueram.</strong></span> <span class='ocrx_word' id='word_1_90' title='bbox 915 1697 1052 1753; x_wconf 86' lang='lat' dir='ltr'><strong>Dicit</strong></span> <span class='ocrx_word' id='word_1_91' title='bbox 1071 1698 1269 1754; x_wconf 87' lang='lat' dir='ltr'><strong>animas</strong></span> <span class='ocrx_word' id='word_1_92' title='bbox 1283 1699 1351 1752; x_wconf 90' lang='lat' dir='ltr'><strong>ad</strong></span> <span class='ocrx_word' id='word_1_93' title='bbox 1366 1698 1639 1765; x_wconf 76' lang='lat' dir='ltr'><strong>Christum,</strong></span> <span class='ocrx_word' id='word_1_94' title='bbox 1663 1715 1780 1754; x_wconf 83' lang='lat' dir='ltr'><strong>cor-</strong></span> 
     </span>
    </p>
   </div>
   <div class='ocr_carea' id='block_1_14' title="bbox 192 1791 1783 1866">
    <p class='ocr_par' dir='ltr' id='par_1_14' title="bbox 192 1791 1783 1866">
     <span class='ocr_line' id='line_1_14' title="bbox 192 1791 1783 1866; baseline 0.001 -19"><span class='ocrx_word' id='word_1_95' title='bbox 192 1808 319 1865; x_wconf 73' lang='lat' dir='ltr'><strong>pora</strong></span> <span class='ocrx_word' id='word_1_96' title='bbox 339 1791 691 1850; x_wconf 55' lang='lat' dir='ltr'><strong>“diabolum</strong></span> <span class='ocrx_word' id='word_1_97' title='bbox 708 1794 983 1866; x_wconf 74' lang='lat' dir='ltr'><strong>pertinere,</strong></span> <span class='ocrx_word' id='word_1_98' title='bbox 1014 1802 1060 1848; x_wconf 92' lang='lat' dir='ltr'><strong>et</strong></span> <span class='ocrx_word' id='word_1_99' title='bbox 1096 1809 1271 1848; x_wconf 74' lang='lat' dir='ltr'><strong>secum</strong></span> <span class='ocrx_word' id='word_1_100' title='bbox 1294 1802 1563 1864; x_wconf 87' lang='lat' dir='ltr'><strong>utrumque</strong></span> <span class='ocrx_word' id='word_1_101' title='bbox 1590 1810 1698 1848; x_wconf 86' lang='lat' dir='ltr'><strong>esse</strong></span> <span class='ocrx_word' id='word_1_102' title='bbox 1720 1810 1783 1849; x_wconf 76' lang='lat' dir='ltr'><strong>ex</strong></span> 
     </span>
    </p>
   </div>
   <div class='ocr_carea' id='block_1_15' title="bbox 191 1888 1779 1961">
    <p class='ocr_par' dir='ltr' id='par_1_15' title="bbox 191 1888 1779 1961">
     <span class='ocr_line' id='line_1_15' title="bbox 191 1888 1779 1961; baseline -0.002 -16"><span class='ocrx_word' id='word_1_103' title='bbox 191 1889 412 1945; x_wconf 76' lang='lat' dir='ltr'><strong>diabolo.</strong></span> <span class='ocrx_word' id='word_1_104' title='bbox 456 1889 515 1946; x_wconf 88' lang='lat' dir='ltr'><strong>Si</strong></span> <span class='ocrx_word' id='word_1_105' title='bbox 555 1904 745 1961; x_wconf 85' lang='lat' dir='ltr'><strong>parum</strong></span> <span class='ocrx_word' id='word_1_106' title='bbox 784 1889 936 1944; x_wconf 83' lang='lat' dir='ltr'><strong>vobis</strong></span> <span class='ocrx_word' id='word_1_107' title='bbox 973 1888 1222 1945; x_wconf 80' lang='lat' dir='ltr'><strong>videntur</strong></span> <span class='ocrx_word' id='word_1_108' title='bbox 1262 1888 1588 1959; x_wconf 75' lang='lat' dir='ltr'><strong>respondere</strong></span> <span class='ocrx_word' id='word_1_109' title='bbox 1620 1891 1779 1957; x_wconf 70' lang='lat' dir='ltr'><strong>’quat</strong></span> 
     </span>
    </p>
   </div>
   <div class='ocr_carea' id='block_1_16' title="bbox 191 1983 1780 2057">
    <p class='ocr_par' dir='ltr' id='par_1_16' title="bbox 191 1983 1780 2057">
     <span class='ocr_line' id='line_1_16' title="bbox 191 1983 1780 2057; baseline -0.001 -16"><span class='ocrx_word' id='word_1_110' title='bbox 191 1986 254 2041; x_wconf 90' lang='lat' dir='ltr'><strong>de</strong></span> <span class='ocrx_word' id='word_1_111' title='bbox 282 1984 602 2057; x_wconf 89' lang='lat' dir='ltr'><strong>apostolicis</strong></span> <span class='ocrx_word' id='word_1_112' title='bbox 625 1985 1167 2040; x_wconf 83' lang='lat' dir='ltr'><strong>commemoravimus</strong></span> <span class='ocrx_word' id='word_1_113' title='bbox 1194 1984 1409 2040; x_wconf 82' lang='lat' dir='ltr'><strong>Litteris</strong></span> <span class='ocrx_word' id='word_1_114' title='bbox 1430 2025 1446 2051; x_wconf 95' lang='lat'><strong>,</strong></span> <span class='ocrx_word' id='word_1_115' title='bbox 1480 1984 1661 2040; x_wconf 82' lang='lat' dir='ltr'><strong>audite</strong></span> <span class='ocrx_word' id='word_1_116' title='bbox 1682 1983 1780 2039; x_wconf 89' lang='lat' dir='ltr'><strong>ad-</strong></span> 
     </span>
    </p>
   </div>
   <div class='ocr_carea' id='block_1_17' title="bbox 190 2078 1781 2149">
    <p class='ocr_par' dir='ltr' id='par_1_17' title="bbox 190 2078 1781 2149">
     <span class='ocr_line' id='line_1_17' title="bbox 190 2078 1781 2149; baseline 0.001 -15"><span class='ocrx_word' id='word_1_117' title='bbox 190 2078 291 2135; x_wconf 88' lang='lat' dir='ltr'><strong>huc</strong></span> <span class='ocrx_word' id='word_1_118' title='bbox 319 2080 450 2146; x_wconf 88' lang='lat' dir='ltr'><strong>alia,</strong></span> <span class='ocrx_word' id='word_1_119' title='bbox 475 2080 520 2135; x_wconf 90' lang='lat' dir='ltr'><strong>si</strong></span> <span class='ocrx_word' id='word_1_120' title='bbox 548 2095 708 2136; x_wconf 87' lang='lat' dir='ltr'><strong>aures</strong></span> <span class='ocrx_word' id='word_1_121' title='bbox 730 2080 956 2136; x_wconf 86' lang='lat' dir='ltr'><strong>habetis.</strong></span> <span class='ocrx_word' id='word_1_122' title='bbox 979 2078 1117 2149; x_wconf 85' lang='lat' dir='ltr'><strong>Quid</strong></span> <span class='ocrx_word' id='word_1_123' title='bbox 1140 2079 1207 2135; x_wconf 89' lang='lat' dir='ltr'><strong>de</strong></span> <span class='ocrx_word' id='word_1_124' title='bbox 1236 2092 1397 2135; x_wconf 87' lang='lat' dir='ltr'><strong>carne</strong></span> <span class='ocrx_word' id='word_1_125' title='bbox 1424 2078 1622 2135; x_wconf 78' lang='lat' dir='ltr'><strong>Christi</strong></span> <span class='ocrx_word' id='word_1_126' title='bbox 1650 2080 1781 2135; x_wconf 82' lang='lat' dir='ltr'><strong>dicit</strong></span> 
     </span>
    </p>
   </div>
   <div class='ocr_carea' id='block_1_18' title="bbox 190 2168 1780 2241">
    <p class='ocr_par' dir='ltr' id='par_1_18' title="bbox 190 2168 1780 2241">
     <span class='ocr_line' id='line_1_18' title="bbox 190 2168 1780 2241; baseline 0.001 -15"><span class='ocrx_word' id='word_1_127' title='bbox 190 2168 570 2228; x_wconf 81' lang='lat' dir='ltr'><strong>iusanissi’mus</strong></span> <span class='ocrx_word' id='word_1_128' title='bbox 595 2171 958 2228; x_wconf 69' lang='lat' dir='ltr'><strong>Manichacus?</strong></span> <span class='ocrx_word' id='word_1_129' title='bbox 982 2170 1135 2241; x_wconf 85' lang='lat' dir='ltr'><strong>Quod</strong></span> <span class='ocrx_word' id='word_1_130' title='bbox 1167 2187 1272 2227; x_wconf 90' lang='lat' dir='ltr'><strong>non</strong></span> <span class='ocrx_word' id='word_1_131' title='bbox 1304 2172 1466 2227; x_wconf 85' lang='lat' dir='ltr'><strong>luerit</strong></span> <span class='ocrx_word' id='word_1_132' title='bbox 1495 2184 1617 2228; x_wconf 77' lang='lat' dir='ltr'><strong>vera</strong></span> <span class='ocrx_word' id='word_1_133' title='bbox 1643 2216 1656 2240; x_wconf 95' lang='lat'><strong>,</strong></span> <span class='ocrx_word' id='word_1_134' title='bbox 1686 2172 1780 2228; x_wconf 90' lang='lat' dir='ltr'><strong>sed</strong></span> 
     </span>
    </p>
   </div>
   <div class='ocr_carea' id='block_1_19' title="bbox 189 2266 1783 2339">
    <p class='ocr_par' dir='ltr' id='par_1_19' title="bbox 189 2266 1783 2339">
     <span class='ocr_line' id='line_1_19' title="bbox 189 2266 1783 2339; baseline 0 -17"><span class='ocrx_word' id='word_1_135' title='bbox 189 2266 346 2323; x_wconf 84' lang='lat' dir='ltr'><strong>falsa.</strong></span> <span class='ocrx_word' id='word_1_136' title='bbox 396 2266 533 2335; x_wconf 89' lang='lat' dir='ltr'><strong>Quid</strong></span> <span class='ocrx_word' id='word_1_137' title='bbox 572 2268 635 2323; x_wconf 89' lang='lat' dir='ltr'><strong>ad</strong></span> <span class='ocrx_word' id='word_1_138' title='bbox 684 2268 786 2323; x_wconf 88' lang='lat' dir='ltr'><strong>hoc</strong></span> <span class='ocrx_word' id='word_1_139' title='bbox 826 2269 953 2324; x_wconf 88' lang='lat' dir='ltr'><strong>dicit</strong></span> <span class='ocrx_word' id='word_1_140' title='bbox 993 2267 1180 2324; x_wconf 90' lang='lat' dir='ltr'><strong>beatus</strong></span> <span class='ocrx_word' id='word_1_141' title='bbox 1218 2268 1545 2339; x_wconf 82' lang='lat' dir='ltr'><strong>Apostolus?</strong></span> <span class='ocrx_word' id='word_1_142' title='bbox 1586 2268 1783 2322; x_wconf 83' lang='lat' dir='ltr'><strong>Memor</strong></span> 
     </span>
    </p>
   </div>
   <div class='ocr_carea' id='block_1_20' title="bbox 188 2360 1784 2420">
    <p class='ocr_par' dir='ltr' id='par_1_20' title="bbox 188 2360 1784 2420">
     <span class='ocr_line' id='line_1_20' title="bbox 188 2360 1784 2420; baseline 0.001 -3"><span class='ocrx_word' id='word_1_143' title='bbox 188 2371 287 2417; x_wconf 70' lang='lat' dir='ltr'><strong>ato</strong></span> <span class='ocrx_word' id='word_1_144' title='bbox 334 2361 592 2418; x_wconf 88' lang='lat' dir='ltr'><strong>Christum</strong></span> <span class='ocrx_word' id='word_1_145' title='bbox 628 2360 808 2418; x_wconf 79' lang='lat' dir='ltr'><strong>Iesum</strong></span> <span class='ocrx_word' id='word_1_146' title='bbox 847 2364 1125 2419; x_wconf 70' lang='lat' dir='ltr'><strong>surrexisse</strong></span> <span class='ocrx_word' id='word_1_147' title='bbox 1163 2380 1195 2418; x_wconf 90' lang='lat' dir='ltr'><strong>a</strong></span> <span class='ocrx_word' id='word_1_148' title='bbox 1238 2365 1448 2418; x_wconf 80' lang='lat' dir='ltr'><strong>mortuis</strong></span> <span class='ocrx_word' id='word_1_149' title='bbox 1493 2381 1559 2419; x_wconf 70' lang='lat' dir='ltr'><strong>ex</strong></span> <span class='ocrx_word' id='word_1_150' title='bbox 1596 2365 1784 2420; x_wconf 82' lang='lat' dir='ltr'><strong>semine</strong></span> 
     </span>
    </p>
   </div>
   <div class='ocr_carea' id='block_1_21' title="bbox 190 2452 1779 2525">
    <p class='ocr_par' dir='ltr' id='par_1_21' title="bbox 190 2452 1779 2525">
     <span class='ocr_line' id='line_1_21' title="bbox 190 2452 1779 2525; baseline 0.003 -18"><span class='ocrx_word' id='word_1_151' title='bbox 190 2452 388 2519; x_wconf 78' lang='lat' dir='ltr'><strong>David,</strong></span> <span class='ocrx_word' id='word_1_152' title='bbox 432 2454 710 2507; x_wconf 85' lang='lat' dir='ltr'><strong>secundum</strong></span> <span class='ocrx_word' id='word_1_153' title='bbox 749 2455 1062 2525; x_wconf 78' lang='lat' dir='ltr'><strong>evangelium</strong></span> <span class='ocrx_word' id='word_1_154' title='bbox 1105 2471 1272 2509; x_wconf 88' lang='lat' dir='ltr'><strong>meum</strong></span> <span class='ocrx_word' id='word_1_155' title='bbox 1306 2453 1377 2524; x_wconf 87' lang='lat' dir='ltr'><strong>(Il</strong></span> <span class='ocrx_word' id='word_1_156' title='bbox 1416 2454 1547 2509; x_wconf 87' lang='lat' dir='ltr'><strong>Tim.</strong></span> <span class='ocrx_word' id='word_1_157' title='bbox 1581 2470 1653 2519; x_wconf 94' lang='grc' dir='ltr'><strong>ιι,</strong></span> <span class='ocrx_word' id='word_1_158' title='bbox 1700 2454 1779 2524; x_wconf 87' lang='lat'><strong>8).</strong></span> 
     </span>
    </p>
   </div>
   <div class='ocr_carea' id='block_1_22' title="bbox 190 2544 1783 2617">
    <p class='ocr_par' dir='ltr' id='par_1_22' title="bbox 190 2544 1783 2617">
     <span class='ocr_line' id='line_1_22' title="bbox 190 2544 1783 2617; baseline -0.001 -15"><span class='ocrx_word' id='word_1_159' title='bbox 190 2545 251 2602; x_wconf 82' lang='lat' dir='ltr'><strong>Et</strong></span> <span class='ocrx_word' id='word_1_160' title='bbox 276 2548 400 2616; x_wconf 88' lang='lat' dir='ltr'><strong>ipse</strong></span> <span class='ocrx_word' id='word_1_161' title='bbox 426 2544 670 2602; x_wconf 84' lang='lat' dir='ltr'><strong>Christus</strong></span> <span class='ocrx_word' id='word_1_162' title='bbox 690 2545 870 2612; x_wconf 88' lang='lat' dir='ltr'><strong>Jesus,</strong></span> <span class='ocrx_word' id='word_1_163' title='bbox 900 2544 1132 2617; x_wconf 83' lang='lat' dir='ltr'><strong>Palpate,</strong></span> <span class='ocrx_word' id='word_1_164' title='bbox 1162 2546 1353 2617; x_wconf 90' lang='lat' dir='ltr'><strong>inquit,</strong></span> <span class='ocrx_word' id='word_1_165' title='bbox 1387 2556 1432 2601; x_wconf 88' lang='lat' dir='ltr'><strong>et</strong></span> <span class='ocrx_word' id='word_1_166' title='bbox 1458 2547 1637 2613; x_wconf 82' lang='lat' dir='ltr'><strong>videte,</strong></span> <span class='ocrx_word' id='word_1_167' title='bbox 1665 2548 1783 2617; x_wconf 83' lang='lat' dir='ltr'><strong>quia</strong></span> 
     </span>
    </p>
   </div>
   <div class='ocr_carea' id='block_1_23' title="bbox 191 2637 1782 2708">
    <p class='ocr_par' dir='ltr' id='par_1_23' title="bbox 191 2637 1782 2708">
     <span class='ocr_line' id='line_1_23' title="bbox 191 2637 1782 2708; baseline 0.001 -17"><span class='ocrx_word' id='word_1_168' title='bbox 191 2639 399 2708; x_wconf 78' lang='lat' dir='ltr'><strong>spiritus</strong></span> <span class='ocrx_word' id='word_1_169' title='bbox 429 2654 633 2692; x_wconf 83' lang='lat' dir='ltr'><strong>carnem</strong></span> <span class='ocrx_word' id='word_1_170' title='bbox 659 2647 708 2692; x_wconf 92' lang='lat' dir='ltr'><strong>et</strong></span> <span class='ocrx_word' id='word_1_171' title='bbox 734 2654 849 2692; x_wconf 89' lang='lat' dir='ltr'><strong>ossa</strong></span> <span class='ocrx_word' id='word_1_172' title='bbox 876 2654 977 2692; x_wconf 89' lang='lat' dir='ltr'><strong>non</strong></span> <span class='ocrx_word' id='word_1_173' title='bbox 1006 2637 1185 2706; x_wconf 87' lang='lat' dir='ltr'><strong>habet,</strong></span> <span class='ocrx_word' id='word_1_174' title='bbox 1224 2638 1351 2693; x_wconf 83' lang='lat' dir='ltr'><strong>sicut</strong></span> <span class='ocrx_word' id='word_1_175' title='bbox 1379 2656 1456 2693; x_wconf 90' lang='lat' dir='ltr'><strong>me</strong></span> <span class='ocrx_word' id='word_1_176' title='bbox 1485 2639 1659 2694; x_wconf 84' lang='lat' dir='ltr'><strong>videtis</strong></span> <span class='ocrx_word' id='word_1_177' title='bbox 1690 2640 1782 2693; x_wconf 88' lang='lat' dir='ltr'><strong>ha-</strong></span> 
     </span>
    </p>
   </div>
   <div class='ocr_carea' id='block_1_24' title="bbox 194 2728 1782 2802">
    <p class='ocr_par' dir='ltr' id='par_1_24' title="bbox 194 2728 1782 2802">
     <span class='ocr_line' id='line_1_24' title="bbox 194 2728 1782 2802; baseline 0.002 -18"><span class='ocrx_word' id='word_1_178' title='bbox 194 2729 297 2785; x_wconf 81' lang='lat' dir='ltr'><strong>bere</strong></span> <span class='ocrx_word' id='word_1_179' title='bbox 315 2728 476 2799; x_wconf 88' lang='lat' dir='ltr'><strong>(Luc.</strong></span> <span class='ocrx_word' id='word_1_180' title='bbox 514 2744 663 2796; x_wconf 78' lang='lat' dir='ltr'><strong>mv,</strong></span> <span class='ocrx_word' id='word_1_181' title='bbox 693 2728 807 2802; x_wconf 80' lang='lat'><strong>39).</strong></span> <span class='ocrx_word' id='word_1_182' title='bbox 832 2731 1110 2800; x_wconf 86' lang='lat' dir='ltr'><strong>Quomodo</strong></span> <span class='ocrx_word' id='word_1_183' title='bbox 1138 2739 1221 2787; x_wconf 89' lang='lat' dir='ltr'><strong>est</strong></span> <span class='ocrx_word' id='word_1_184' title='bbox 1250 2732 1304 2787; x_wconf 93' lang='lat' dir='ltr'><strong>in</strong></span> <span class='ocrx_word' id='word_1_185' title='bbox 1330 2748 1514 2788; x_wconf 89' lang='lat' dir='ltr'><strong>eorum</strong></span> <span class='ocrx_word' id='word_1_186' title='bbox 1541 2734 1782 2787; x_wconf 83' lang='lat' dir='ltr'><strong>doctrina</strong></span> 
     </span>
    </p>
   </div>
   <div class='ocr_carea' id='block_1_25' title="bbox 194 2823 1785 2895">
    <p class='ocr_par' dir='ltr' id='par_1_25' title="bbox 194 2823 1785 2895">
     <span class='ocr_line' id='line_1_25' title="bbox 194 2823 1785 2895; baseline 0.002 -17"><span class='ocrx_word' id='word_1_187' title='bbox 194 2826 418 2891; x_wconf 75' lang='lat' dir='ltr'><strong>veritas,</strong></span> <span class='ocrx_word' id='word_1_188' title='bbox 448 2839 571 2895; x_wconf 70' lang='lat' dir='ltr'><strong>qua:</strong></span> <span class='ocrx_word' id='word_1_189' title='bbox 603 2824 856 2894; x_wconf 71' lang='lat' dir='ltr'><strong>prmdicat</strong></span> <span class='ocrx_word' id='word_1_190' title='bbox 883 2823 1025 2895; x_wconf 91' lang='lat' dir='ltr'><strong>quod</strong></span> <span class='ocrx_word' id='word_1_191' title='bbox 1052 2825 1105 2879; x_wconf 90' lang='lat' dir='ltr'><strong>in</strong></span> <span class='ocrx_word' id='word_1_192' title='bbox 1134 2838 1296 2880; x_wconf 90' lang='lat' dir='ltr'><strong>carne</strong></span> <span class='ocrx_word' id='word_1_193' title='bbox 1322 2825 1517 2881; x_wconf 86' lang='lat' dir='ltr'><strong>Christi</strong></span> <span class='ocrx_word' id='word_1_194' title='bbox 1544 2834 1660 2882; x_wconf 88' lang='lat' dir='ltr'><strong>erat</strong></span> <span class='ocrx_word' id='word_1_195' title='bbox 1689 2827 1785 2881; x_wconf 85' lang='lat' dir='ltr'><strong>lal-</strong></span> 
     </span>
    </p>
   </div>
   <div class='ocr_carea' id='block_1_26' title="bbox 195 2916 1783 2985">
    <p class='ocr_par' dir='ltr' id='par_1_26' title="bbox 195 2916 1783 2985">
     <span class='ocr_line' id='line_1_26' title="bbox 195 2916 1783 2985; baseline 0.001 -11"><span class='ocrx_word' id='word_1_196' title='bbox 195 2918 349 2975; x_wconf 83' lang='lat' dir='ltr'><strong>sitas?</strong></span> <span class='ocrx_word' id='word_1_197' title='bbox 380 2916 669 2985; x_wconf 86' lang='lat' dir='ltr'><strong>Quomodo</strong></span> <span class='ocrx_word' id='word_1_198' title='bbox 697 2918 750 2971; x_wconf 91' lang='lat' dir='ltr'><strong>in</strong></span> <span class='ocrx_word' id='word_1_199' title='bbox 774 2916 985 2974; x_wconf 82' lang='lat' dir='ltr'><strong>Christo</strong></span> <span class='ocrx_word' id='word_1_200' title='bbox 1014 2932 1121 2973; x_wconf 92' lang='lat' dir='ltr'><strong>non</strong></span> <span class='ocrx_word' id='word_1_201' title='bbox 1148 2925 1265 2974; x_wconf 86' lang='lat' dir='ltr'><strong>erat</strong></span> <span class='ocrx_word' id='word_1_202' title='bbox 1290 2917 1455 2974; x_wconf 92' lang='lat' dir='ltr'><strong>ullum</strong></span> <span class='ocrx_word' id='word_1_203' title='bbox 1485 2919 1704 2985; x_wconf 89' lang='lat' dir='ltr'><strong>malum,</strong></span> <span class='ocrx_word' id='word_1_204' title='bbox 1725 2919 1783 2976; x_wconf 89' lang='lat' dir='ltr'><strong>in</strong></span> 
     </span>
    </p>
   </div>
   <div class='ocr_carea' id='block_1_27' title="bbox 196 3009 1780 3083">
    <p class='ocr_par' dir='ltr' id='par_1_27' title="bbox 196 3009 1780 3083">
     <span class='ocr_line' id='line_1_27' title="bbox 196 3009 1780 3083; baseline 0.001 -18"><span class='ocrx_word' id='word_1_205' title='bbox 196 3026 293 3083; x_wconf 83' lang='lat' dir='ltr'><strong>quo</strong></span> <span class='ocrx_word' id='word_1_206' title='bbox 312 3019 431 3067; x_wconf 85' lang='lat' dir='ltr'><strong>erat</strong></span> <span class='ocrx_word' id='word_1_207' title='bbox 459 3020 570 3066; x_wconf 88' lang='lat' dir='ltr'><strong>tam</strong></span> <span class='ocrx_word' id='word_1_208' title='bbox 607 3010 811 3082; x_wconf 86' lang='lat' dir='ltr'><strong>grande</strong></span> <span class='ocrx_word' id='word_1_209' title='bbox 841 3011 1195 3067; x_wconf 89' lang='lat' dir='ltr'><strong>mendacium.</strong></span> <span class='ocrx_word' id='word_1_210' title='bbox 1241 3009 1373 3081; x_wconf 87' lang='lat' dir='ltr'><strong>Quia</strong></span> <span class='ocrx_word' id='word_1_211' title='bbox 1400 3013 1645 3068; x_wconf 80' lang='lat' dir='ltr'><strong>videlicet</strong></span> <span class='ocrx_word' id='word_1_212' title='bbox 1680 3015 1780 3067; x_wconf 87' lang='lat' dir='ltr'><strong>ho-</strong></span> 
     </span>
    </p>
   </div>
   <div class='ocr_carea' id='block_1_28' title="bbox 196 3103 1781 3173">
    <p class='ocr_par' dir='ltr' id='par_1_28' title="bbox 196 3103 1781 3173">
     <span class='ocr_line' id='line_1_28' title="bbox 196 3103 1781 3173; baseline 0.003 -16"><span class='ocrx_word' id='word_1_213' title='bbox 196 3104 421 3158; x_wconf 85' lang='lat' dir='ltr'><strong>minibus</strong></span> <span class='ocrx_word' id='word_1_214' title='bbox 445 3105 670 3158; x_wconf 91' lang='lat' dir='ltr'><strong>nimium</strong></span> <span class='ocrx_word' id='word_1_215' title='bbox 702 3103 914 3158; x_wconf 84' lang='lat' dir='ltr'><strong>mundis</strong></span> <span class='ocrx_word' id='word_1_216' title='bbox 941 3105 1139 3158; x_wconf 91' lang='lat' dir='ltr'><strong>malum</strong></span> <span class='ocrx_word' id='word_1_217' title='bbox 1162 3112 1245 3159; x_wconf 90' lang='lat' dir='ltr'><strong>est</strong></span> <span class='ocrx_word' id='word_1_218' title='bbox 1267 3119 1391 3159; x_wconf 88' lang='lat' dir='ltr'><strong>caro</strong></span> <span class='ocrx_word' id='word_1_219' title='bbox 1418 3120 1563 3173; x_wconf 84' lang='lat' dir='ltr'><strong>vera,</strong></span> <span class='ocrx_word' id='word_1_220' title='bbox 1596 3113 1649 3161; x_wconf 90' lang='lat' dir='ltr'><strong>et</strong></span> <span class='ocrx_word' id='word_1_221' title='bbox 1677 3120 1781 3161; x_wconf 91' lang='lat' dir='ltr'><strong>non</strong></span> 
     </span>
    </p>
   </div>
   <div class='ocr_carea' id='block_1_29' title="bbox 198 3195 1782 3265">
    <p class='ocr_par' dir='ltr' id='par_1_29' title="bbox 198 3195 1782 3265">
     <span class='ocr_line' id='line_1_29' title="bbox 198 3195 1782 3265; baseline 0.003 -16"><span class='ocrx_word' id='word_1_222' title='bbox 198 3205 271 3249; x_wconf 84' lang='lat' dir='ltr'><strong>est</strong></span> <span class='ocrx_word' id='word_1_223' title='bbox 297 3197 497 3250; x_wconf 87' lang='lat' dir='ltr'><strong>malum</strong></span> <span class='ocrx_word' id='word_1_224' title='bbox 534 3195 661 3250; x_wconf 76' lang='lat' dir='ltr'><strong>falsa</strong></span> <span class='ocrx_word' id='word_1_225' title='bbox 705 3211 801 3265; x_wconf 86' lang='lat' dir='ltr'><strong>pro</strong></span> <span class='ocrx_word' id='word_1_226' title='bbox 827 3208 951 3252; x_wconf 88' lang='lat' dir='ltr'><strong>vera</strong></span> <span class='ocrx_word' id='word_1_227' title='bbox 983 3214 997 3252; x_wconf 90' lang='lat'><strong>:</strong></span> <span class='ocrx_word' id='word_1_228' title='bbox 1024 3196 1223 3251; x_wconf 89' lang='lat' dir='ltr'><strong>malum</strong></span> <span class='ocrx_word' id='word_1_229' title='bbox 1258 3205 1339 3251; x_wconf 89' lang='lat' dir='ltr'><strong>est</strong></span> <span class='ocrx_word' id='word_1_230' title='bbox 1368 3212 1495 3253; x_wconf 88' lang='lat' dir='ltr'><strong>caro</strong></span> <span class='ocrx_word' id='word_1_231' title='bbox 1523 3212 1649 3252; x_wconf 81' lang='lat' dir='ltr'><strong>vera</strong></span> <span class='ocrx_word' id='word_1_232' title='bbox 1683 3212 1782 3253; x_wconf 77' lang='lat' dir='ltr'><strong>na—</strong></span> 
     </span>
    </p>
   </div>
   <div class='ocr_carea' id='block_1_30' title="bbox 195 3288 1782 3361">
    <p class='ocr_par' dir='ltr' id='par_1_30' title="bbox 195 3288 1782 3361">
     <span class='ocr_line' id='line_1_30' title="bbox 195 3288 1782 3361; baseline 0.001 -19"><span class='ocrx_word' id='word_1_233' title='bbox 195 3290 386 3342; x_wconf 78' lang='lat' dir='ltr'><strong>scentis</strong></span> <span class='ocrx_word' id='word_1_234' title='bbox 428 3304 491 3342; x_wconf 78' lang='lat' dir='ltr'><strong>ex</strong></span> <span class='ocrx_word' id='word_1_235' title='bbox 527 3288 692 3344; x_wconf 79' lang='lat' dir='ltr'><strong>David</strong></span> <span class='ocrx_word' id='word_1_236' title='bbox 735 3289 939 3344; x_wconf 87' lang='lat' dir='ltr'><strong>semine</strong></span> <span class='ocrx_word' id='word_1_237' title='bbox 962 3331 978 3357; x_wconf 94' lang='lat'><strong>,</strong></span> <span class='ocrx_word' id='word_1_238' title='bbox 1008 3296 1066 3345; x_wconf 91' lang='lat' dir='ltr'><strong>et</strong></span> <span class='ocrx_word' id='word_1_239' title='bbox 1105 3302 1211 3343; x_wconf 92' lang='lat' dir='ltr'><strong>non</strong></span> <span class='ocrx_word' id='word_1_240' title='bbox 1243 3298 1326 3345; x_wconf 90' lang='lat' dir='ltr'><strong>est</strong></span> <span class='ocrx_word' id='word_1_241' title='bbox 1364 3289 1560 3345; x_wconf 90' lang='lat' dir='ltr'><strong>malum</strong></span> <span class='ocrx_word' id='word_1_242' title='bbox 1604 3289 1782 3361; x_wconf 77' lang='lat' dir='ltr'><strong>lingua</strong></span> 
     </span>
    </p>
   </div>
   <div class='ocr_carea' id='block_1_31' title="bbox 196 3372 1786 3452">
    <p class='ocr_par' dir='ltr' id='par_1_31' title="bbox 196 3372 1786 3452">
     <span class='ocr_line' id='line_1_31' title="bbox 196 3372 1786 3452; baseline 0.001 -18"><span class='ocrx_word' id='word_1_243' title='bbox 196 3378 315 3434; x_wconf 81' lang='lat' dir='ltr'><strong>lalsa</strong></span> <span class='ocrx_word' id='word_1_244' title='bbox 348 3379 579 3437; x_wconf 85' lang='lat' dir='ltr'><strong>dicentis</strong></span> <span class='ocrx_word' id='word_1_245' title='bbox 603 3423 620 3447; x_wconf 97' lang='lat'><strong>,</strong></span> <span class='ocrx_word' id='word_1_246' title='bbox 650 3372 872 3451; x_wconf 80' lang='lat' dir='ltr'><strong>Palpate</strong></span> <span class='ocrx_word' id='word_1_247' title='bbox 894 3422 909 3448; x_wconf 91' lang='lat'><strong>,</strong></span> <span class='ocrx_word' id='word_1_248' title='bbox 937 3388 985 3435; x_wconf 89' lang='lat' dir='ltr'><strong>et</strong></span> <span class='ocrx_word' id='word_1_249' title='bbox 1021 3380 1182 3436; x_wconf 78' lang='lat' dir='ltr'><strong>videte</strong></span> <span class='ocrx_word' id='word_1_250' title='bbox 1205 3380 1326 3452; x_wconf 86' lang='lat' dir='ltr'><strong>quia</strong></span> <span class='ocrx_word' id='word_1_251' title='bbox 1352 3380 1558 3451; x_wconf 84' lang='lat' dir='ltr'><strong>spiritus</strong></span> <span class='ocrx_word' id='word_1_252' title='bbox 1592 3396 1707 3436; x_wconf 86' lang='lat' dir='ltr'><strong>ossa</strong></span> <span class='ocrx_word' id='word_1_253' title='bbox 1736 3390 1786 3436; x_wconf 86' lang='lat' dir='ltr'><strong>et</strong></span> 
     </span>
    </p>
   </div>
   <div class='ocr_carea' id='block_1_32' title="bbox 194 3474 1780 3543">
    <p class='ocr_par' dir='ltr' id='par_1_32' title="bbox 194 3474 1780 3543">
     <span class='ocr_line' id='line_1_32' title="bbox 194 3474 1780 3543; baseline 0 -14"><span class='ocrx_word' id='word_1_254' title='bbox 194 3492 389 3529; x_wconf 82' lang='lat' dir='ltr'><strong>carnem</strong></span> <span class='ocrx_word' id='word_1_255' title='bbox 419 3492 522 3529; x_wconf 86' lang='lat' dir='ltr'><strong>non</strong></span> <span class='ocrx_word' id='word_1_256' title='bbox 552 3476 720 3543; x_wconf 86' lang='lat' dir='ltr'><strong>habet,</strong></span> <span class='ocrx_word' id='word_1_257' title='bbox 745 3476 874 3529; x_wconf 84' lang='lat' dir='ltr'><strong>sicut</strong></span> <span class='ocrx_word' id='word_1_258' title='bbox 901 3491 980 3530; x_wconf 89' lang='lat' dir='ltr'><strong>me</strong></span> <span class='ocrx_word' id='word_1_259' title='bbox 1006 3474 1186 3531; x_wconf 82' lang='lat' dir='ltr'><strong>videtis</strong></span> <span class='ocrx_word' id='word_1_260' title='bbox 1207 3474 1423 3530; x_wconf 83' lang='lat' dir='ltr'><strong>habere!</strong></span> <span class='ocrx_word' id='word_1_261' title='bbox 1446 3475 1519 3530; x_wconf 87' lang='lat' dir='ltr'><strong>De</strong></span> <span class='ocrx_word' id='word_1_262' title='bbox 1540 3474 1780 3531; x_wconf 87' lang='lat' dir='ltr'><strong>Ecclesia</strong></span> 
     </span>
    </p>
   </div>
   <div class='ocr_carea' id='block_1_33' title="bbox 194 3566 1783 3638">
    <p class='ocr_par' dir='ltr' id='par_1_33' title="bbox 194 3566 1783 3638">
     <span class='ocr_line' id='line_1_33' title="bbox 194 3566 1783 3638; baseline 0.001 -17"><span class='ocrx_word' id='word_1_263' title='bbox 194 3568 309 3638; x_wconf 87' lang='lat' dir='ltr'><strong>quid</strong></span> <span class='ocrx_word' id='word_1_264' title='bbox 350 3566 484 3623; x_wconf 82' lang='lat' dir='ltr'><strong>dicit</strong></span> <span class='ocrx_word' id='word_1_265' title='bbox 529 3567 789 3638; x_wconf 89' lang='lat' dir='ltr'><strong>deceptor</strong></span> <span class='ocrx_word' id='word_1_266' title='bbox 828 3566 1102 3623; x_wconf 90' lang='lat' dir='ltr'><strong>hominum</strong></span> <span class='ocrx_word' id='word_1_267' title='bbox 1144 3568 1198 3622; x_wconf 92' lang='lat' dir='ltr'><strong>iu</strong></span> <span class='ocrx_word' id='word_1_268' title='bbox 1241 3567 1519 3623; x_wconf 80' lang='lat' dir='ltr'><strong>mortifero</strong></span> <span class='ocrx_word' id='word_1_269' title='bbox 1557 3567 1783 3624; x_wconf 88' lang='lat' dir='ltr'><strong>errore?</strong></span> 
     </span>
    </p>
   </div>
   <div class='ocr_carea' id='block_1_34' title="bbox 195 3657 1780 3731">
    <p class='ocr_par' dir='ltr' id='par_1_34' title="bbox 195 3657 1780 3731">
     <span class='ocr_line' id='line_1_34' title="bbox 195 3657 1780 3731; baseline -0.001 -15"><span class='ocrx_word' id='word_1_270' title='bbox 195 3658 337 3729; x_wconf 81' lang='lat' dir='ltr'><strong>Quod</strong></span> <span class='ocrx_word' id='word_1_271' title='bbox 369 3675 439 3717; x_wconf 80' lang='lat' dir='ltr'><strong>ex</strong></span> <span class='ocrx_word' id='word_1_272' title='bbox 466 3668 621 3731; x_wconf 89' lang='lat' dir='ltr'><strong>parte</strong></span> <span class='ocrx_word' id='word_1_273' title='bbox 657 3660 954 3715; x_wconf 87' lang='lat' dir='ltr'><strong>animarum</strong></span> <span class='ocrx_word' id='word_1_274' title='bbox 991 3660 1256 3731; x_wconf 86' lang='lat' dir='ltr'><strong>pertineat</strong></span> <span class='ocrx_word' id='word_1_275' title='bbox 1283 3659 1347 3714; x_wconf 90' lang='lat' dir='ltr'><strong>ad</strong></span> <span class='ocrx_word' id='word_1_276' title='bbox 1378 3657 1646 3715; x_wconf 86' lang='lat' dir='ltr'><strong>Christum</strong></span> <span class='ocrx_word' id='word_1_277' title='bbox 1670 3700 1687 3728; x_wconf 90' lang='lat'><strong>,</strong></span> <span class='ocrx_word' id='word_1_278' title='bbox 1716 3675 1780 3714; x_wconf 80' lang='lat' dir='ltr'><strong>ex</strong></span> 
     </span>
    </p>
   </div>
   <div class='ocr_carea' id='block_1_35' title="bbox 195 3750 1781 3823">
    <p class='ocr_par' dir='ltr' id='par_1_35' title="bbox 195 3750 1781 3823">
     <span class='ocr_line' id='line_1_35' title="bbox 195 3750 1781 3823; baseline -0.002 -15"><span class='ocrx_word' id='word_1_279' title='bbox 195 3764 337 3822; x_wconf 86' lang='lat' dir='ltr'><strong>parte</strong></span> <span class='ocrx_word' id='word_1_280' title='bbox 363 3768 657 3823; x_wconf 88' lang='lat' dir='ltr'><strong>corporum</strong></span> <span class='ocrx_word' id='word_1_281' title='bbox 681 3751 747 3808; x_wconf 87' lang='lat' dir='ltr'><strong>ad</strong></span> <span class='ocrx_word' id='word_1_282' title='bbox 776 3752 1067 3807; x_wconf 87' lang='lat' dir='ltr'><strong>diabolum.</strong></span> <span class='ocrx_word' id='word_1_283' title='bbox 1107 3751 1245 3819; x_wconf 88' lang='lat' dir='ltr'><strong>Quid</strong></span> <span class='ocrx_word' id='word_1_284' title='bbox 1271 3752 1336 3805; x_wconf 86' lang='lat' dir='ltr'><strong>ad</strong></span> <span class='ocrx_word' id='word_1_285' title='bbox 1375 3751 1489 3807; x_wconf 74' lang='lat' dir='ltr'><strong>lure</strong></span> <span class='ocrx_word' id='word_1_286' title='bbox 1517 3750 1645 3806; x_wconf 88' lang='lat' dir='ltr'><strong>dicit</strong></span> <span class='ocrx_word' id='word_1_287' title='bbox 1677 3751 1781 3806; x_wconf 56' lang='lat' dir='ltr'><strong>Do-</strong></span> 
     </span>
    </p>
   </div>
   <div class='ocr_carea' id='block_1_36' title="bbox 195 3838 1778 3916">
    <p class='ocr_par' dir='ltr' id='par_1_36' title="bbox 195 3838 1778 3916">
     <span class='ocr_line' id='line_1_36' title="bbox 195 3838 1778 3916; baseline -0.004 -12"><span class='ocrx_word' id='word_1_288' title='bbox 195 3857 301 3903; x_wconf 83' lang='lat' dir='ltr'><strong>ctor</strong></span> <span class='ocrx_word' id='word_1_289' title='bbox 333 3838 591 3904; x_wconf 79' lang='lat' dir='ltr'><strong>Gentium</strong></span> <span class='ocrx_word' id='word_1_290' title='bbox 639 3848 692 3902; x_wconf 92' lang='lat' dir='ltr'><strong>in</strong></span> <span class='ocrx_word' id='word_1_291' title='bbox 736 3846 837 3902; x_wconf 90' lang='lat' dir='ltr'><strong>lide</strong></span> <span class='ocrx_word' id='word_1_292' title='bbox 875 3853 928 3903; x_wconf 87' lang='lat' dir='ltr'><strong>et</strong></span> <span class='ocrx_word' id='word_1_293' title='bbox 968 3845 1234 3902; x_wconf 83' lang='lat' dir='ltr'><strong>veritate?</strong></span> <span class='ocrx_word' id='word_1_294' title='bbox 1277 3844 1532 3911; x_wconf 82' lang='lat' dir='ltr'><strong>Nescitis,</strong></span> <span class='ocrx_word' id='word_1_295' title='bbox 1573 3844 1778 3916; x_wconf 87' lang='lat' dir='ltr'><strong>inquit,</strong></span> 
     </span>
    </p>
   </div>
   <div class='ocr_carea' id='block_1_37' title="bbox 196 3934 1785 4011">
    <p class='ocr_par' dir='ltr' id='par_1_37' title="bbox 196 3934 1785 4011">
     <span class='ocr_line' id='line_1_37' title="bbox 196 3934 1785 4011; baseline -0.002 -18"><span class='ocrx_word' id='word_1_296' title='bbox 196 3942 305 4009; x_wconf 73' lang='lat' dir='ltr'><strong>quia</strong></span> <span class='ocrx_word' id='word_1_297' title='bbox 324 3956 551 4011; x_wconf 85' lang='lat' dir='ltr'><strong>corpora</strong></span> <span class='ocrx_word' id='word_1_298' title='bbox 572 3949 734 3996; x_wconf 86' lang='lat' dir='ltr'><strong>vestra</strong></span> <span class='ocrx_word' id='word_1_299' title='bbox 757 3939 980 3994; x_wconf 89' lang='lat' dir='ltr'><strong>membra</strong></span> <span class='ocrx_word' id='word_1_300' title='bbox 999 3948 1116 3993; x_wconf 87' lang='lat' dir='ltr'><strong>sunt</strong></span> <span class='ocrx_word' id='word_1_301' title='bbox 1136 3938 1323 3993; x_wconf 82' lang='lat' dir='ltr'><strong>Christi</strong></span> <span class='ocrx_word' id='word_1_302' title='bbox 1348 3936 1397 4011; x_wconf 81' lang='grc' dir='ltr'>(Ἰ</span> <span class='ocrx_word' id='word_1_303' title='bbox 1421 3934 1538 3993; x_wconf 89' lang='lat' dir='ltr'><strong>Cor.</strong></span> <span class='ocrx_word' id='word_1_304' title='bbox 1564 3952 1638 4004; x_wconf 79' lang='lat' dir='ltr'><strong>Vt,</strong></span> <span class='ocrx_word' id='word_1_305' title='bbox 1666 3935 1785 4007; x_wconf 71' lang='lat'><strong>15)?</strong></span> 
     </span>
    </p>
   </div>
   <div class='ocr_carea' id='block_1_38' title="bbox 195 4029 1785 4106">
    <p class='ocr_par' dir='ltr' id='par_1_38' title="bbox 195 4029 1785 4106">
     <span class='ocr_line' id='line_1_38' title="bbox 195 4029 1785 4106; baseline -0.006 -13"><span class='ocrx_word' id='word_1_306' title='bbox 195 4034 263 4092; x_wconf 84' lang='lat' dir='ltr'><strong>De</strong></span> <span class='ocrx_word' id='word_1_307' title='bbox 278 4051 414 4093; x_wconf 74' lang='lat' dir='ltr'><strong>sexu</strong></span> <span class='ocrx_word' id='word_1_308' title='bbox 431 4034 658 4091; x_wconf 89' lang='lat' dir='ltr'><strong>masculi</strong></span> <span class='ocrx_word' id='word_1_309' title='bbox 675 4044 728 4091; x_wconf 90' lang='lat' dir='ltr'><strong>et</strong></span> <span class='ocrx_word' id='word_1_310' title='bbox 746 4033 953 4089; x_wconf 69' lang='lat' dir='ltr'><strong>feminae</strong></span> <span class='ocrx_word' id='word_1_311' title='bbox 971 4034 1095 4106; x_wconf 88' lang='lat' dir='ltr'><strong>quid</strong></span> <span class='ocrx_word' id='word_1_312' title='bbox 1118 4032 1245 4088; x_wconf 90' lang='lat' dir='ltr'><strong>dicit</strong></span> <span class='ocrx_word' id='word_1_313' title='bbox 1269 4031 1408 4087; x_wconf 87' lang='lat' dir='ltr'><strong>lilius</strong></span> <span class='ocrx_word' id='word_1_314' title='bbox 1430 4029 1785 4102; x_wconf 82' lang='lat' dir='ltr'><strong>perditionis?</strong></span> 
     </span>
    </p>
   </div>
   <div class='ocr_carea' id='block_1_39' title="bbox 196 4122 1778 4200">
    <p class='ocr_par' dir='ltr' id='par_1_39' title="bbox 196 4122 1778 4200">
     <span class='ocr_line' id='line_1_39' title="bbox 196 4122 1778 4200; baseline -0.005 -16"><span class='ocrx_word' id='word_1_315' title='bbox 196 4126 337 4199; x_wconf 83' lang='lat' dir='ltr'><strong>Quod</strong></span> <span class='ocrx_word' id='word_1_316' title='bbox 378 4138 609 4200; x_wconf 82' lang='lat' dir='ltr'><strong>uterque</strong></span> <span class='ocrx_word' id='word_1_317' title='bbox 641 4142 803 4183; x_wconf 81' lang='lat' dir='ltr'><strong>sexus</strong></span> <span class='ocrx_word' id='word_1_318' title='bbox 830 4141 934 4182; x_wconf 91' lang='lat' dir='ltr'><strong>non</strong></span> <span class='ocrx_word' id='word_1_319' title='bbox 966 4142 1029 4182; x_wconf 81' lang='lat' dir='ltr'><strong>ex</strong></span> <span class='ocrx_word' id='word_1_320' title='bbox 1068 4127 1177 4180; x_wconf 91' lang='lat' dir='ltr'><strong>Deo</strong></span> <span class='ocrx_word' id='word_1_321' title='bbox 1202 4126 1300 4192; x_wconf 88' lang='lat' dir='ltr'><strong>sit,</strong></span> <span class='ocrx_word' id='word_1_322' title='bbox 1330 4124 1421 4179; x_wconf 85' lang='lat' dir='ltr'><strong>sed</strong></span> <span class='ocrx_word' id='word_1_323' title='bbox 1448 4139 1514 4179; x_wconf 78' lang='lat' dir='ltr'><strong>ex</strong></span> <span class='ocrx_word' id='word_1_324' title='bbox 1544 4122 1778 4179; x_wconf 86' lang='lat' dir='ltr'><strong>diabolo.</strong></span> 
     </span>
    </p>
   </div>
   <div class='ocr_carea' id='block_1_40' title="bbox 198 4216 1782 4293">
    <p class='ocr_par' dir='ltr' id='par_1_40' title="bbox 198 4216 1782 4293">
     <span class='ocr_line' id='line_1_40' title="bbox 198 4216 1782 4293; baseline -0.005 -15"><span class='ocrx_word' id='word_1_325' title='bbox 198 4222 323 4293; x_wconf 84' lang='lat' dir='ltr'><strong>Quid</strong></span> <span class='ocrx_word' id='word_1_326' title='bbox 341 4223 411 4279; x_wconf 88' lang='lat' dir='ltr'><strong>ad</strong></span> <span class='ocrx_word' id='word_1_327' title='bbox 433 4223 553 4278; x_wconf 70' lang='lat' dir='ltr'><strong>lucc</strong></span> <span class='ocrx_word' id='word_1_328' title='bbox 575 4221 704 4277; x_wconf 87' lang='lat' dir='ltr'><strong>dicit</strong></span> <span class='ocrx_word' id='word_1_329' title='bbox 721 4219 830 4276; x_wconf 80' lang='lat' dir='ltr'><strong>Vas</strong></span> <span class='ocrx_word' id='word_1_330' title='bbox 856 4219 1167 4275; x_wconf 87' lang='lat' dir='ltr'><strong>electionis?</strong></span> <span class='ocrx_word' id='word_1_331' title='bbox 1191 4218 1356 4283; x_wconf 86' lang='lat' dir='ltr'><strong>Sicut,</strong></span> <span class='ocrx_word' id='word_1_332' title='bbox 1387 4216 1577 4289; x_wconf 86' lang='lat' dir='ltr'><strong>inquit,</strong></span> <span class='ocrx_word' id='word_1_333' title='bbox 1602 4217 1782 4271; x_wconf 86' lang='lat' dir='ltr'><strong>mulier</strong></span> 
     </span>
    </p>
   </div>
   <div class='ocr_carea' id='block_1_41' title="bbox 198 4308 1783 4386">
    <p class='ocr_par' dir='ltr' id='par_1_41' title="bbox 198 4308 1783 4386">
     <span class='ocr_line' id='line_1_41' title="bbox 198 4308 1783 4386; baseline -0.006 -14"><span class='ocrx_word' id='word_1_334' title='bbox 198 4334 250 4372; x_wconf 73' lang='lat' dir='ltr'><strong>ex</strong></span> <span class='ocrx_word' id='word_1_335' title='bbox 280 4319 420 4384; x_wconf 82' lang='lat' dir='ltr'><strong>viro,</strong></span> <span class='ocrx_word' id='word_1_336' title='bbox 461 4317 533 4369; x_wconf 88' lang='lat' dir='ltr'><strong>ita</strong></span> <span class='ocrx_word' id='word_1_337' title='bbox 564 4325 610 4369; x_wconf 88' lang='lat' dir='ltr'><strong>et</strong></span> <span class='ocrx_word' id='word_1_338' title='bbox 639 4316 714 4369; x_wconf 83' lang='lat' dir='ltr'><strong>vir</strong></span> <span class='ocrx_word' id='word_1_339' title='bbox 746 4330 837 4386; x_wconf 89' lang='lat' dir='ltr'><strong>per</strong></span> <span class='ocrx_word' id='word_1_340' title='bbox 872 4313 1163 4377; x_wconf 86' lang='lat' dir='ltr'><strong>mulierem;</strong></span> <span class='ocrx_word' id='word_1_341' title='bbox 1195 4311 1364 4366; x_wconf 89' lang='lat' dir='ltr'><strong>omnia</strong></span> <span class='ocrx_word' id='word_1_342' title='bbox 1393 4320 1560 4364; x_wconf 79' lang='lat' dir='ltr'><strong>autem</strong></span> <span class='ocrx_word' id='word_1_343' title='bbox 1587 4326 1650 4364; x_wconf 81' lang='lat' dir='ltr'><strong>ea:</strong></span> <span class='ocrx_word' id='word_1_344' title='bbox 1674 4308 1783 4362; x_wconf 86' lang='lat' dir='ltr'><strong>Deo</strong></span> 
     </span>
    </p>
   </div>
   <div class='ocr_carea' id='block_1_42' title="bbox 200 4404 1786 4482">
    <p class='ocr_par' dir='ltr' id='par_1_42' title="bbox 200 4404 1786 4482">
     <span class='ocr_line' id='line_1_42' title="bbox 200 4404 1786 4482; baseline -0.003 -19"><span class='ocrx_word' id='word_1_345' title='bbox 200 4406 292 4479; x_wconf 82' lang='lat' dir='ltr'><strong>(Id.</strong></span> <span class='ocrx_word' id='word_1_346' title='bbox 315 4427 370 4467; x_wconf 72' lang='lat' dir='ltr'><strong>st</strong></span> <span class='ocrx_word' id='word_1_347' title='bbox 391 4454 405 4479; x_wconf 89' lang='lat'><strong>,</strong></span> <span class='ocrx_word' id='word_1_348' title='bbox 433 4410 553 4482; x_wconf 66' lang='grc' dir='ltr'><strong>η).</strong></span> <span class='ocrx_word' id='word_1_349' title='bbox 584 4409 660 4464; x_wconf 89' lang='lat' dir='ltr'><strong>De</strong></span> <span class='ocrx_word' id='word_1_350' title='bbox 688 4425 849 4464; x_wconf 89' lang='lat' dir='ltr'><strong>carne</strong></span> <span class='ocrx_word' id='word_1_351' title='bbox 874 4407 999 4479; x_wconf 88' lang='lat' dir='ltr'><strong>quid</strong></span> <span class='ocrx_word' id='word_1_352' title='bbox 1026 4407 1152 4462; x_wconf 83' lang='lat' dir='ltr'><strong>dicit</strong></span> <span class='ocrx_word' id='word_1_353' title='bbox 1183 4422 1277 4476; x_wconf 87' lang='lat' dir='ltr'><strong>per</strong></span> <span class='ocrx_word' id='word_1_354' title='bbox 1302 4404 1651 4459; x_wconf 72' lang='lat' dir='ltr'><strong>Maniclmum</strong></span> <span class='ocrx_word' id='word_1_355' title='bbox 1677 4405 1786 4475; x_wconf 90' lang='lat' dir='ltr'><strong>spi-</strong></span> 
     </span>
    </p>
   </div>
   <div class='ocr_carea' id='block_1_43' title="bbox 201 4500 1780 4574">
    <p class='ocr_par' dir='ltr' id='par_1_43' title="bbox 201 4500 1780 4574">
     <span class='ocr_line' id='line_1_43' title="bbox 201 4500 1780 4574; baseline -0.005 -13"><span class='ocrx_word' id='word_1_356' title='bbox 201 4508 317 4564; x_wconf 78' lang='lat' dir='ltr'><strong>ritus</strong></span> <span class='ocrx_word' id='word_1_357' title='bbox 357 4504 711 4562; x_wconf 84' lang='lat' dir='ltr'><strong>immundus?</strong></span> <span class='ocrx_word' id='word_1_358' title='bbox 740 4503 892 4574; x_wconf 88' lang='lat' dir='ltr'><strong>Quod</strong></span> <span class='ocrx_word' id='word_1_359' title='bbox 923 4504 990 4558; x_wconf 88' lang='lat' dir='ltr'><strong>sit</strong></span> <span class='ocrx_word' id='word_1_360' title='bbox 1031 4502 1166 4557; x_wconf 89' lang='lat' dir='ltr'><strong>mala</strong></span> <span class='ocrx_word' id='word_1_361' title='bbox 1202 4501 1520 4563; x_wconf 85' lang='lat' dir='ltr'><strong>substantia,</strong></span> <span class='ocrx_word' id='word_1_362' title='bbox 1540 4514 1640 4555; x_wconf 90' lang='lat' dir='ltr'><strong>nec</strong></span> <span class='ocrx_word' id='word_1_363' title='bbox 1666 4500 1780 4567; x_wconf 86' lang='lat' dir='ltr'><strong>Dei,</strong></span> 
     </span>
    </p>
   </div>
   <div class='ocr_carea' id='block_1_44' title="bbox 203 4592 1781 4664">
    <p class='ocr_par' dir='ltr' id='par_1_44' title="bbox 203 4592 1781 4664">
     <span class='ocr_line' id='line_1_44' title="bbox 203 4592 1781 4664; baseline -0.005 -8"><span class='ocrx_word' id='word_1_364' title='bbox 203 4601 282 4656; x_wconf 80' lang='lat' dir='ltr'><strong>sed</strong></span> <span class='ocrx_word' id='word_1_365' title='bbox 320 4601 529 4657; x_wconf 80' lang='lat' dir='ltr'><strong>inimici</strong></span> <span class='ocrx_word' id='word_1_366' title='bbox 574 4608 843 4654; x_wconf 84' lang='lat' dir='ltr'><strong>creatura.</strong></span> <span class='ocrx_word' id='word_1_367' title='bbox 873 4595 1010 4664; x_wconf 88' lang='lat' dir='ltr'><strong>Quid</strong></span> <span class='ocrx_word' id='word_1_368' title='bbox 1038 4595 1105 4651; x_wconf 90' lang='lat' dir='ltr'><strong>ad</strong></span> <span class='ocrx_word' id='word_1_369' title='bbox 1134 4594 1250 4650; x_wconf 64' lang='lat' dir='ltr'><strong>haec</strong></span> <span class='ocrx_word' id='word_1_370' title='bbox 1278 4594 1406 4650; x_wconf 89' lang='lat' dir='ltr'><strong>dicit</strong></span> <span class='ocrx_word' id='word_1_371' title='bbox 1435 4610 1530 4664; x_wconf 90' lang='lat' dir='ltr'><strong>per</strong></span> <span class='ocrx_word' id='word_1_372' title='bbox 1561 4592 1781 4648; x_wconf 84' lang='lat' dir='ltr'><strong>Paulqu</strong></span> 
     </span>
    </p>
   </div>
   <div class='ocr_carea' id='block_1_45' title="bbox 204 4687 1781 4765">
    <p class='ocr_par' dir='ltr' id='par_1_45' title="bbox 204 4687 1781 4765">
     <span class='ocr_line' id='line_1_45' title="bbox 204 4687 1781 4765; baseline -0.006 -16"><span class='ocrx_word' id='word_1_373' title='bbox 204 4692 420 4765; x_wconf 82' lang='lat' dir='ltr'><strong>Spiritus</strong></span> <span class='ocrx_word' id='word_1_374' title='bbox 447 4694 709 4751; x_wconf 86' lang='lat' dir='ltr'><strong>sanctus?</strong></span> <span class='ocrx_word' id='word_1_375' title='bbox 738 4692 887 4747; x_wconf 88' lang='lat' dir='ltr'><strong>Sicut</strong></span> <span class='ocrx_word' id='word_1_376' title='bbox 914 4690 1043 4745; x_wconf 89' lang='lat' dir='ltr'><strong>enim</strong></span> <span class='ocrx_word' id='word_1_377' title='bbox 1065 4706 1251 4760; x_wconf 65' lang='lat' dir='ltr'><strong>corpus</strong></span> <span class='ocrx_word' id='word_1_378' title='bbox 1275 4705 1434 4743; x_wconf 90' lang='lat' dir='ltr'><strong>unum</strong></span> <span class='ocrx_word' id='word_1_379' title='bbox 1464 4697 1558 4753; x_wconf 89' lang='lat' dir='ltr'><strong>est,</strong></span> <span class='ocrx_word' id='word_1_380' title='bbox 1588 4687 1781 4756; x_wconf 88' lang='lat' dir='ltr'><strong>inquit,</strong></span> 
     </span>
    </p>
   </div>
   <div class='ocr_carea' id='block_1_46' title="bbox 205 4779 1784 4850">
    <p class='ocr_par' dir='ltr' id='par_1_46' title="bbox 205 4779 1784 4850">
     <span class='ocr_line' id='line_1_46' title="bbox 205 4779 1784 4850; baseline -0.003 -13"><span class='ocrx_word' id='word_1_381' title='bbox 205 4796 240 4837; x_wconf 86' lang='lat' dir='ltr'><strong>ct</strong></span> <span class='ocrx_word' id='word_1_382' title='bbox 262 4787 485 4842; x_wconf 82' lang='lat' dir='ltr'><strong>membra</strong></span> <span class='ocrx_word' id='word_1_383' title='bbox 510 4786 659 4840; x_wconf 81' lang='lat' dir='ltr'><strong>habet</strong></span> <span class='ocrx_word' id='word_1_384' title='bbox 686 4783 848 4838; x_wconf 87' lang='lat' dir='ltr'><strong>multa</strong></span> <span class='ocrx_word' id='word_1_385' title='bbox 868 4824 883 4849; x_wconf 91' lang='lat'><strong>,</strong></span> <span class='ocrx_word' id='word_1_386' title='bbox 918 4782 1085 4836; x_wconf 89' lang='lat' dir='ltr'><strong>omnia</strong></span> <span class='ocrx_word' id='word_1_387' title='bbox 1111 4791 1276 4835; x_wconf 83' lang='lat' dir='ltr'><strong>autem</strong></span> <span class='ocrx_word' id='word_1_388' title='bbox 1308 4780 1529 4834; x_wconf 88' lang='lat' dir='ltr'><strong>membra</strong></span> <span class='ocrx_word' id='word_1_389' title='bbox 1559 4779 1784 4850; x_wconf 81' lang='lat' dir='ltr'><strong>corporis</strong></span> 
     </span>
    </p>
   </div>
   <div class='ocr_carea' id='block_1_47' title="bbox 206 4869 1788 4945">
    <p class='ocr_par' dir='ltr' id='par_1_47' title="bbox 206 4869 1788 4945">
     <span class='ocr_line' id='line_1_47' title="bbox 206 4869 1788 4945; baseline -0.005 -14"><span class='ocrx_word' id='word_1_390' title='bbox 206 4894 303 4933; x_wconf 72' lang='lat' dir='ltr'><strong>cum</strong></span> <span class='ocrx_word' id='word_1_391' title='bbox 336 4882 439 4935; x_wconf 83' lang='lat' dir='ltr'><strong>sint</strong></span> <span class='ocrx_word' id='word_1_392' title='bbox 478 4880 675 4944; x_wconf 85' lang='lat' dir='ltr'><strong>multa,</strong></span> <span class='ocrx_word' id='word_1_393' title='bbox 704 4894 863 4932; x_wconf 86' lang='lat' dir='ltr'><strong>unum</strong></span> <span class='ocrx_word' id='word_1_394' title='bbox 902 4885 974 4930; x_wconf 86' lang='lat' dir='ltr'><strong>est</strong></span> <span class='ocrx_word' id='word_1_395' title='bbox 1009 4891 1224 4945; x_wconf 88' lang='lat' dir='ltr'><strong>corpus;</strong></span> <span class='ocrx_word' id='word_1_396' title='bbox 1254 4874 1324 4927; x_wconf 88' lang='lat' dir='ltr'><strong>ita</strong></span> <span class='ocrx_word' id='word_1_397' title='bbox 1359 4881 1405 4926; x_wconf 90' lang='lat' dir='ltr'><strong>et</strong></span> <span class='ocrx_word' id='word_1_398' title='bbox 1437 4869 1688 4926; x_wconf 83' lang='lat' dir='ltr'><strong>Christus.</strong></span> <span class='ocrx_word' id='word_1_399' title='bbox 1723 4870 1788 4923; x_wconf 86' lang='lat' dir='ltr'><strong>Et</strong></span> 
     </span>
    </p>
   </div>
   <div class='ocr_carea' id='block_1_48' title="bbox 210 4962 1785 5046">
    <p class='ocr_par' dir='ltr' id='par_1_48' title="bbox 210 4962 1785 5046">
     <span class='ocr_line' id='line_1_48' title="bbox 210 4962 1785 5046; baseline -0.011 -17"><span class='ocrx_word' id='word_1_400' title='bbox 210 4974 345 5041; x_wconf 77' lang='lat' dir='ltr'><strong>paulo</strong></span> <span class='ocrx_word' id='word_1_401' title='bbox 374 4983 500 5046; x_wconf 89' lang='lat' dir='ltr'><strong>post</strong></span> <span class='ocrx_word' id='word_1_402' title='bbox 530 4990 545 5027; x_wconf 90' lang='lat'><strong>:</strong></span> <span class='ocrx_word' id='word_1_403' title='bbox 577 4969 801 5038; x_wconf 86' lang='lat' dir='ltr'><strong>Posuit,</strong></span> <span class='ocrx_word' id='word_1_404' title='bbox 831 4968 1038 5040; x_wconf 78' lang='lat' dir='ltr'><strong>inquit,</strong></span> <span class='ocrx_word' id='word_1_405' title='bbox 1065 4967 1205 5022; x_wconf 88' lang='lat' dir='ltr'><strong>Deus</strong></span> <span class='ocrx_word' id='word_1_406' title='bbox 1243 4964 1463 5020; x_wconf 87' lang='lat' dir='ltr'><strong>membra</strong></span> <span class='ocrx_word' id='word_1_407' title='bbox 1484 5006 1497 5031; x_wconf 88' lang='lat'><strong>,</strong></span> <span class='ocrx_word' id='word_1_408' title='bbox 1528 4962 1785 5034; x_wconf 70' lang='lat' dir='ltr'><strong>cingulum</strong></span> 
     </span>
    </p>
   </div>
   <div class='ocr_carea' id='block_1_49' title="bbox 208 5054 1778 5139">
    <p class='ocr_par' dir='ltr' id='par_1_49' title="bbox 208 5054 1778 5139">
     <span class='ocr_line' id='line_1_49' title="bbox 208 5054 1778 5139; baseline -0.011 -15"><span class='ocrx_word' id='word_1_409' title='bbox 208 5070 417 5139; x_wconf 65' lang='lat' dir='ltr'><strong>quoqu</strong></span> <span class='ocrx_word' id='word_1_410' title='bbox 452 5067 475 5098; x_wconf 88' lang='grc'><em>³</em></span> <span class='ocrx_word' id='word_1_411' title='bbox 504 5080 683 5120; x_wconf 88' lang='lat' dir='ltr'><strong>eorum</strong></span> <span class='ocrx_word' id='word_1_412' title='bbox 709 5064 764 5118; x_wconf 90' lang='lat' dir='ltr'><strong>in</strong></span> <span class='ocrx_word' id='word_1_413' title='bbox 800 5077 1011 5133; x_wconf 89' lang='lat' dir='ltr'><strong>corpore</strong></span> <span class='ocrx_word' id='word_1_414' title='bbox 1034 5103 1051 5129; x_wconf 89' lang='lat'><strong>,</strong></span> <span class='ocrx_word' id='word_1_415' title='bbox 1079 5069 1224 5131; x_wconf 87' lang='lat' dir='ltr'><strong>prout</strong></span> <span class='ocrx_word' id='word_1_416' title='bbox 1250 5056 1428 5114; x_wconf 86' lang='lat' dir='ltr'><strong>voluit.</strong></span> <span class='ocrx_word' id='word_1_417' title='bbox 1462 5056 1590 5111; x_wconf 89' lang='lat' dir='ltr'><strong>Item</strong></span> <span class='ocrx_word' id='word_1_418' title='bbox 1622 5054 1778 5124; x_wconf 85' lang='lat' dir='ltr'><strong>paulo</strong></span> 
     </span>
    </p>
   </div>
   <div class='ocr_carea' id='block_1_50' title="bbox 210 5146 1786 5227">
    <p class='ocr_par' dir='ltr' id='par_1_50' title="bbox 210 5146 1786 5227">
     <span class='ocr_line' id='line_1_50' title="bbox 210 5146 1786 5227; baseline -0.01 -11"><span class='ocrx_word' id='word_1_419' title='bbox 210 5170 350 5227; x_wconf 74' lang='lat' dir='ltr'><strong>test:</strong></span> <span class='ocrx_word' id='word_1_420' title='bbox 381 5158 527 5214; x_wconf 83' lang='lat' dir='ltr'><strong>Deus</strong></span> <span class='ocrx_word' id='word_1_421' title='bbox 548 5200 566 5227; x_wconf 91' lang='lat'><strong>,</strong></span> <span class='ocrx_word' id='word_1_422' title='bbox 609 5156 816 5227; x_wconf 89' lang='lat' dir='ltr'><strong>inquit,</strong></span> <span class='ocrx_word' id='word_1_423' title='bbox 850 5153 1139 5225; x_wconf 87' lang='lat' dir='ltr'><strong>temperavit</strong></span> <span class='ocrx_word' id='word_1_424' title='bbox 1177 5168 1390 5222; x_wconf 90' lang='lat' dir='ltr'><strong>corpus,</strong></span> <span class='ocrx_word' id='word_1_425' title='bbox 1421 5150 1466 5205; x_wconf 89' lang='lat' dir='ltr'><strong>ci</strong></span> <span class='ocrx_word' id='word_1_426' title='bbox 1494 5149 1576 5204; x_wconf 88' lang='lat' dir='ltr'><strong>cui</strong></span> <span class='ocrx_word' id='word_1_427' title='bbox 1614 5146 1786 5202; x_wconf 86' lang='lat' dir='ltr'><strong>deerat</strong></span> 
     </span>
    </p>
   </div>
   <div class='ocr_carea' id='block_1_51' title="bbox 209 5244 1789 5323">
    <p class='ocr_par' dir='ltr' id='par_1_51' title="bbox 209 5244 1789 5323">
     <span class='ocr_line' id='line_1_51' title="bbox 209 5244 1789 5323; baseline -0.006 -19"><span class='ocrx_word' id='word_1_428' title='bbox 209 5254 433 5323; x_wconf 67' lang='lat' dir='ltr'><strong>majorem</strong></span> <span class='ocrx_word' id='word_1_429' title='bbox 461 5252 709 5305; x_wconf 84' lang='lat' dir='ltr'><strong>honorem</strong></span> <span class='ocrx_word' id='word_1_430' title='bbox 744 5249 903 5317; x_wconf 86' lang='lat' dir='ltr'><strong>dans,</strong></span> <span class='ocrx_word' id='word_1_431' title='bbox 929 5258 985 5302; x_wconf 90' lang='lat' dir='ltr'><strong>ut</strong></span> <span class='ocrx_word' id='word_1_432' title='bbox 1010 5264 1112 5302; x_wconf 88' lang='lat' dir='ltr'><strong>non</strong></span> <span class='ocrx_word' id='word_1_433' title='bbox 1140 5256 1300 5302; x_wconf 78' lang='lat' dir='ltr'><strong>essent</strong></span> <span class='ocrx_word' id='word_1_434' title='bbox 1330 5246 1563 5301; x_wconf 73' lang='lat' dir='ltr'><strong>scissura:</strong></span> <span class='ocrx_word' id='word_1_435' title='bbox 1590 5244 1644 5297; x_wconf 89' lang='lat' dir='ltr'><strong>in</strong></span> <span class='ocrx_word' id='word_1_436' title='bbox 1677 5259 1789 5296; x_wconf 86' lang='lat' dir='ltr'><strong>cor-</strong></span> 
     </span>
    </p>
   </div>
   <div class='ocr_carea' id='block_1_52' title="bbox 208 5337 1786 5415">
    <p class='ocr_par' dir='ltr' id='par_1_52' title="bbox 208 5337 1786 5415">
     <span class='ocr_line' id='line_1_52' title="bbox 208 5337 1786 5415; baseline -0.008 -13"><span class='ocrx_word' id='word_1_437' title='bbox 208 5362 333 5415; x_wconf 77' lang='lat' dir='ltr'><strong>pore,</strong></span> <span class='ocrx_word' id='word_1_438' title='bbox 363 5354 454 5401; x_wconf 70' lang='lat' dir='ltr'><strong>sed</strong></span> <span class='ocrx_word' id='word_1_439' title='bbox 480 5345 621 5400; x_wconf 85' lang='lat' dir='ltr'><strong>idem</strong></span> <span class='ocrx_word' id='word_1_440' title='bbox 647 5345 815 5414; x_wconf 85' lang='lat' dir='ltr'><strong>ipsum</strong></span> <span class='ocrx_word' id='word_1_441' title='bbox 835 5350 892 5396; x_wconf 87' lang='lat' dir='ltr'><strong>ut</strong></span> <span class='ocrx_word' id='word_1_442' title='bbox 918 5357 1009 5411; x_wconf 88' lang='lat' dir='ltr'><strong>pro</strong></span> <span class='ocrx_word' id='word_1_443' title='bbox 1029 5339 1243 5395; x_wconf 89' lang='lat' dir='ltr'><strong>invicem</strong></span> <span class='ocrx_word' id='word_1_444' title='bbox 1264 5338 1481 5393; x_wconf 85' lang='lat' dir='ltr'><strong>sollicita</strong></span> <span class='ocrx_word' id='word_1_445' title='bbox 1506 5337 1603 5391; x_wconf 87' lang='lat' dir='ltr'><strong>sint</strong></span> <span class='ocrx_word' id='word_1_446' title='bbox 1626 5352 1786 5390; x_wconf 84' lang='lat' dir='ltr'><strong>ntem-</strong></span> 
     </span>
    </p>
   </div>
   <div class='ocr_carea' id='block_1_53' title="bbox 206 5428 1790 5507">
    <p class='ocr_par' dir='ltr' id='par_1_53' title="bbox 206 5428 1790 5507">
     <span class='ocr_line' id='line_1_53' title="bbox 206 5428 1790 5507; baseline -0.007 -16"><span class='ocrx_word' id='word_1_447' title='bbox 206 5436 287 5492; x_wconf 74' lang='lat' dir='ltr'><strong>bra</strong></span> <span class='ocrx_word' id='word_1_448' title='bbox 328 5456 349 5495; x_wconf 90' lang='lat'><strong><em>:</em></strong></span> <span class='ocrx_word' id='word_1_449' title='bbox 385 5450 433 5494; x_wconf 87' lang='lat' dir='ltr'><strong>et</strong></span> <span class='ocrx_word' id='word_1_450' title='bbox 472 5437 579 5494; x_wconf 77' lang='lat' dir='ltr'><strong>sive</strong></span> <span class='ocrx_word' id='word_1_451' title='bbox 621 5437 811 5507; x_wconf 88' lang='lat' dir='ltr'><strong>patitur</strong></span> <span class='ocrx_word' id='word_1_452' title='bbox 852 5451 1009 5491; x_wconf 88' lang='lat' dir='ltr'><strong>unum</strong></span> <span class='ocrx_word' id='word_1_453' title='bbox 1054 5430 1332 5488; x_wconf 85' lang='lat' dir='ltr'><strong>membrum</strong></span> <span class='ocrx_word' id='word_1_454' title='bbox 1355 5472 1371 5499; x_wconf 92' lang='lat'><strong>,</strong></span> <span class='ocrx_word' id='word_1_455' title='bbox 1419 5428 1790 5501; x_wconf 85' lang='lat' dir='ltr'><strong>compatiuntur</strong></span> 
     </span>
    </p>
   </div>
   <div class='ocr_carea' id='block_1_54' title="bbox 206 5523 1788 5601">
    <p class='ocr_par' dir='ltr' id='par_1_54' title="bbox 206 5523 1788 5601">
     <span class='ocr_line' id='line_1_54' title="bbox 206 5523 1788 5601; baseline -0.006 -16"><span class='ocrx_word' id='word_1_456' title='bbox 206 5533 363 5588; x_wconf 63' lang='lat' dir='ltr'><strong>omnia</strong></span> <span class='ocrx_word' id='word_1_457' title='bbox 389 5530 658 5596; x_wconf 76' lang='lat' dir='ltr'><strong>manbra;</strong></span> <span class='ocrx_word' id='word_1_458' title='bbox 683 5530 788 5586; x_wconf 85' lang='lat' dir='ltr'><strong>sive</strong></span> <span class='ocrx_word' id='word_1_459' title='bbox 810 5528 1128 5601; x_wconf 82' lang='lat' dir='ltr'><strong>gloriﬁcatur</strong></span> <span class='ocrx_word' id='word_1_460' title='bbox 1151 5542 1309 5580; x_wconf 89' lang='lat' dir='ltr'><strong>unum</strong></span> <span class='ocrx_word' id='word_1_461' title='bbox 1332 5523 1610 5577; x_wconf 86' lang='lat' dir='ltr'><strong>membrum</strong></span> <span class='ocrx_word' id='word_1_462' title='bbox 1625 5564 1639 5589; x_wconf 93' lang='lat'><strong>,</strong></span> <span class='ocrx_word' id='word_1_463' title='bbox 1665 5537 1788 5576; x_wconf 81' lang='lat' dir='ltr'><strong>con-</strong></span> 
     </span>
    </p>
   </div>
   <div class='ocr_carea' id='block_1_55' title="bbox 208 5614 1790 5695">
    <p class='ocr_par' dir='ltr' id='par_1_55' title="bbox 208 5614 1790 5695">
     <span class='ocr_line' id='line_1_55' title="bbox 208 5614 1790 5695; baseline -0.008 -13"><span class='ocrx_word' id='word_1_464' title='bbox 208 5626 417 5693; x_wconf 62' lang='lat' dir='ltr'><strong>pudeat</strong></span> <span class='ocrx_word' id='word_1_465' title='bbox 442 5624 621 5681; x_wconf 82' lang='lat' dir='ltr'><strong>omnia</strong></span> <span class='ocrx_word' id='word_1_466' title='bbox 643 5622 865 5678; x_wconf 87' lang='lat' dir='ltr'><strong>membra</strong></span> <span class='ocrx_word' id='word_1_467' title='bbox 891 5619 1000 5695; x_wconf 87' lang='lat' dir='ltr'><strong>(1d.</strong></span> <span class='ocrx_word' id='word_1_468' title='bbox 1026 5634 1097 5675; x_wconf 76' lang='lat' dir='ltr'><strong>su</strong></span> <span class='ocrx_word' id='word_1_469' title='bbox 1119 5662 1134 5688; x_wconf 93' lang='lat'><strong>,</strong></span> <span class='ocrx_word' id='word_1_470' title='bbox 1167 5617 1374 5689; x_wconf 72' lang='grc'><strong>12-26).</strong></span> <span class='ocrx_word' id='word_1_471' title='bbox 1403 5614 1683 5684; x_wconf 85' lang='lat' dir='ltr'><strong>Quomodo</strong></span> <span class='ocrx_word' id='word_1_472' title='bbox 1706 5623 1790 5670; x_wconf 89' lang='lat' dir='ltr'><strong>est</strong></span> 
     </span>
    </p>
   </div>
   <div class='ocr_carea' id='block_1_56' title="bbox 206 5707 1787 5788">
    <p class='ocr_par' dir='ltr' id='par_1_56' title="bbox 206 5707 1787 5788">
     <span class='ocr_line' id='line_1_56' title="bbox 206 5707 1787 5788; baseline -0.008 -13"><span class='ocrx_word' id='word_1_473' title='bbox 206 5717 337 5774; x_wconf 79' lang='lat' dir='ltr'><strong>Iala</strong></span> <span class='ocrx_word' id='word_1_474' title='bbox 360 5732 494 5774; x_wconf 82' lang='lat' dir='ltr'><strong>caro</strong></span> <span class='ocrx_word' id='word_1_475' title='bbox 513 5756 531 5785; x_wconf 89' lang='lat'><strong>,</strong></span> <span class='ocrx_word' id='word_1_476' title='bbox 559 5713 775 5788; x_wconf 90' lang='lat' dir='ltr'><strong>quando</strong></span> <span class='ocrx_word' id='word_1_477' title='bbox 816 5713 948 5784; x_wconf 74' lang='lat' dir='ltr'><strong>ipsa:</strong></span> <span class='ocrx_word' id='word_1_478' title='bbox 981 5712 1174 5767; x_wconf 67' lang='lat' dir='ltr'><strong>anima:</strong></span> <span class='ocrx_word' id='word_1_479' title='bbox 1202 5725 1387 5781; x_wconf 91' lang='lat' dir='ltr'><strong>pacem</strong></span> <span class='ocrx_word' id='word_1_480' title='bbox 1422 5707 1787 5765; x_wconf 88' lang='lat' dir='ltr'><strong>membrorum</strong></span> 
     </span>
    </p>
   </div>
   <div class='ocr_carea' id='block_1_57' title="bbox 266 5864 1324 5933">
    <p class='ocr_par' dir='ltr' id='par_1_57' title="bbox 266 5864 1324 5933">
     <span class='ocr_line' id='line_1_57' title="bbox 266 5864 1324 5933; baseline -0.009 -8"><span class='ocrx_word' id='word_1_481' title='bbox 266 5878 284 5910; x_wconf 79' lang='grc'>¹</span> <span class='ocrx_word' id='word_1_482' title='bbox 307 5881 377 5925; x_wconf 85' lang='lat' dir='ltr'><strong>Er.</strong></span> <span class='ocrx_word' id='word_1_483' title='bbox 405 5882 458 5924; x_wconf 84' lang='lat' dir='ltr'><strong>et</strong></span> <span class='ocrx_word' id='word_1_484' title='bbox 480 5880 607 5923; x_wconf 67' lang='lat' dir='ltr'><strong>Ven.</strong></span> <span class='ocrx_word' id='word_1_485' title='bbox 629 5872 857 5923; x_wconf 83' lang='lat' dir='ltr'><strong>omittunt</strong></span> <span class='ocrx_word' id='word_1_486' title='bbox 873 5864 1110 5933; x_wconf 53' lang='lat' dir='ltr'><strong>vocalem,</strong></span> <span class='ocrx_word' id='word_1_487' title='bbox 1132 5870 1200 5933; x_wconf 67' lang='grc' dir='ltr'><strong><em>ᾳ,</em></strong></span> <span class='ocrx_word' id='word_1_488' title='bbox 1228 5929 1241 5933; x_wconf 30' lang='grc' dir='ltr'><strong><em>Α</em></strong></span> <span class='ocrx_word' id='word_1_489' title='bbox 1262 5870 1324 5916; x_wconf 81' lang='lat' dir='ltr'><strong>lt.</strong></span> 
     </span>
    </p>
   </div>
   <div class='ocr_carea' id='block_1_58' title="bbox 264 5924 1633 6006">
    <p class='ocr_par' dir='ltr' id='par_1_58' title="bbox 264 5924 1633 6006">
     <span class='ocr_line' id='line_1_58' title="bbox 264 5924 1633 6006; baseline 0.007 -2"><span class='ocrx_word' id='word_1_490' title='bbox 264 5940 288 6006; x_wconf 69' lang='grc' dir='ltr'><strong>ξ</strong></span> <span class='ocrx_word' id='word_1_491' title='bbox 308 5924 499 6006; x_wconf 41' lang='lat' dir='ltr'><strong>etiam</strong></span> <span class='ocrx_word' id='word_1_492' title='bbox 520 5938 725 6006; x_wconf 53' lang='lat' dir='ltr'><strong>“ss-aet</strong></span> <span class='ocrx_word' id='word_1_493' title='bbox 743 5942 947 6006; x_wconf 63' lang='grc' dir='ltr'><strong>ριξνυωῑι</strong></span> <span class='ocrx_word' id='word_1_494' title='bbox 967 5924 1301 6006; x_wconf 56' lang='grc' dir='ltr'><strong>υρένίέέίίαισ</strong></span> <span class='ocrx_word' id='word_1_495' title='bbox 1322 5926 1633 5999; x_wconf 55' lang='grc' dir='ltr'><strong>ταναοῖο·</strong></span> 
     </span>
    </p>
   </div>
   <div class='ocr_carea' id='block_1_59' title="bbox 264 5992 1225 6096">
    <p class='ocr_par' dir='ltr' id='par_1_59' title="bbox 264 5992 1225 6096">
     <span class='ocr_line' id='line_1_59' title="bbox 264 5992 1225 6096; baseline -0.007 -38"><span class='ocrx_word' id='word_1_496' title='bbox 264 5992 498 6061; x_wconf 59' lang='lat' dir='ltr'><strong>tacitas.</strong></span> <span class='ocrx_word' id='word_1_497' title='bbox 524 5992 1225 6096; x_wconf 73' lang='lat' dir='ltr'><strong>At</strong></span> 
     </span>
    </p>
   </div>
   <div class='ocr_carea' id='block_1_60' title="bbox 1308 6088 1407 6099">
    <p class='ocr_par' dir='ltr' id='par_1_60' title="bbox 1308 6088 1407 6099">
     <span class='ocr_line' id='line_1_60' title="bbox 1308 6088 1407 6099; baseline 0 0"><span class='ocrx_word' id='word_1_498' title='bbox 1308 6088 1407 6099; x_wconf 44' lang='lat' dir='ltr'><strong>~~a</strong></span> 
     </span>
    </p>
   </div>
   <div class='ocr_carea' id='block_1_61' title="bbox 1615 454 2061 519">
    <p class='ocr_par' dir='ltr' id='par_1_61' title="bbox 1615 454 2061 519">
     <span class='ocr_line' id='line_1_61' title="bbox 1615 454 2061 519; baseline -0.007 -1"><span class='ocrx_word' id='word_1_499' title='bbox 1615 454 1822 519; x_wconf 68' lang='lat' dir='ltr'><strong>LIBER</strong></span> <span class='ocrx_word' id='word_1_500' title='bbox 1858 457 2061 518; x_wconf 84' lang='lat' dir='ltr'><strong>UNUS.</strong></span> 
     </span>
    </p>
   </div>
   <div class='ocr_carea' id='block_1_62' title="bbox 1891 574 3479 650">
    <p class='ocr_par' dir='ltr' id='par_1_62' title="bbox 1891 574 3479 650">
     <span class='ocr_line' id='line_1_62' title="bbox 1891 574 3479 650; baseline 0.01 -18"><span class='ocrx_word' id='word_1_501' title='bbox 1891 575 2009 646; x_wconf 88' lang='lat' dir='ltr'><strong>ejus</strong></span> <span class='ocrx_word' id='word_1_502' title='bbox 2046 583 2107 632; x_wconf 91' lang='lat' dir='ltr'><strong>ut</strong></span> <span class='ocrx_word' id='word_1_503' title='bbox 2144 574 2449 647; x_wconf 88' lang='lat' dir='ltr'><strong>imitentur,</strong></span> <span class='ocrx_word' id='word_1_504' title='bbox 2486 578 2811 637; x_wconf 80' lang='lat' dir='ltr'><strong>monentur?</strong></span> <span class='ocrx_word' id='word_1_505' title='bbox 2840 576 3124 650; x_wconf 78' lang='lat' dir='ltr'><strong>Quomodo</strong></span> <span class='ocrx_word' id='word_1_506' title='bbox 3149 594 3233 643; x_wconf 85' lang='lat' dir='ltr'><strong>est</strong></span> <span class='ocrx_word' id='word_1_507' title='bbox 3272 588 3479 649; x_wconf 79' lang='lat' dir='ltr'><strong>inimici</strong></span> 
     </span>
    </p>
   </div>
   <div class='ocr_carea' id='block_1_63' title="bbox 1889 673 3473 756">
    <p class='ocr_par' dir='ltr' id='par_1_63' title="bbox 1889 673 3473 756">
     <span class='ocr_line' id='line_1_63' title="bbox 1889 673 3473 756; baseline 0.011 -32"><span class='ocrx_word' id='word_1_508' title='bbox 1889 680 2132 727; x_wconf 86' lang='lat' dir='ltr'><strong>creatura</strong></span> <span class='ocrx_word' id='word_1_509' title='bbox 2152 711 2168 739; x_wconf 91' lang='lat'><strong>,</strong></span> <span class='ocrx_word' id='word_1_510' title='bbox 2196 673 2412 744; x_wconf 84' lang='lat' dir='ltr'><strong>quando</strong></span> <span class='ocrx_word' id='word_1_511' title='bbox 2448 674 2576 745; x_wconf 76' lang='lat' dir='ltr'><strong>ipsae</strong></span> <span class='ocrx_word' id='word_1_512' title='bbox 2604 676 2798 732; x_wconf 67' lang='lat' dir='ltr'><strong>animae</strong></span> <span class='ocrx_word' id='word_1_513' title='bbox 2822 692 2940 747; x_wconf 72' lang='lat' dir='ltr'><strong>qum</strong></span> <span class='ocrx_word' id='word_1_514' title='bbox 2979 686 3204 751; x_wconf 75' lang='lat' dir='ltr'><strong>corpora</strong></span> <span class='ocrx_word' id='word_1_515' title='bbox 3244 694 3473 756; x_wconf 85' lang='lat' dir='ltr'><strong>regunt,</strong></span> 
     </span>
    </p>
   </div>
   <div class='ocr_carea' id='block_1_64' title="bbox 1890 765 3473 845">
    <p class='ocr_par' dir='ltr' id='par_1_64' title="bbox 1890 765 3473 845">
     <span class='ocr_line' id='line_1_64' title="bbox 1890 765 3473 845; baseline 0.009 -27"><span class='ocrx_word' id='word_1_516' title='bbox 1890 770 1950 819; x_wconf 91' lang='lat' dir='ltr'><strong>ut</strong></span> <span class='ocrx_word' id='word_1_517' title='bbox 2002 765 2142 821; x_wconf 90' lang='lat' dir='ltr'><strong>inter</strong></span> <span class='ocrx_word' id='word_1_518' title='bbox 2187 780 2247 821; x_wconf 89' lang='lat' dir='ltr'><strong>se</strong></span> <span class='ocrx_word' id='word_1_519' title='bbox 2293 765 2689 824; x_wconf 86' lang='lat' dir='ltr'><strong>inimicitiarum</strong></span> <span class='ocrx_word' id='word_1_520' title='bbox 2738 770 2998 827; x_wconf 84' lang='lat' dir='ltr'><strong>scissuras</strong></span> <span class='ocrx_word' id='word_1_521' title='bbox 3045 786 3151 827; x_wconf 91' lang='lat' dir='ltr'><strong>non</strong></span> <span class='ocrx_word' id='word_1_522' title='bbox 3203 772 3473 845; x_wconf 85' lang='lat' dir='ltr'><strong>habeant,</strong></span> 
     </span>
    </p>
   </div>
   <div class='ocr_carea' id='block_1_65' title="bbox 1889 859 3472 939">
    <p class='ocr_par' dir='ltr' id='par_1_65' title="bbox 1889 859 3472 939">
     <span class='ocr_line' id='line_1_65' title="bbox 1889 859 3472 939; baseline 0.008 -26"><span class='ocrx_word' id='word_1_523' title='bbox 1889 860 2196 930; x_wconf 79' lang='lat' dir='ltr'><strong>exemplum</strong></span> <span class='ocrx_word' id='word_1_524' title='bbox 2243 859 2312 916; x_wconf 91' lang='lat' dir='ltr'><strong>de</strong></span> <span class='ocrx_word' id='word_1_525' title='bbox 2350 862 2604 919; x_wconf 85' lang='lat' dir='ltr'><strong>membris</strong></span> <span class='ocrx_word' id='word_1_526' title='bbox 2640 865 2882 935; x_wconf 87' lang='lat' dir='ltr'><strong>corporis</strong></span> <span class='ocrx_word' id='word_1_527' title='bbox 2926 876 3181 935; x_wconf 87' lang='lat' dir='ltr'><strong>sumunt,</strong></span> <span class='ocrx_word' id='word_1_528' title='bbox 3227 878 3286 923; x_wconf 89' lang='lat' dir='ltr'><strong>ut</strong></span> <span class='ocrx_word' id='word_1_529' title='bbox 3326 869 3472 939; x_wconf 85' lang='lat' dir='ltr'><strong>quod</strong></span> 
     </span>
    </p>
   </div>
   <div class='ocr_carea' id='block_1_66' title="bbox 1890 953 3478 1032">
    <p class='ocr_par' dir='ltr' id='par_1_66' title="bbox 1890 953 3478 1032">
     <span class='ocr_line' id='line_1_66' title="bbox 1890 953 3478 1032; baseline 0.006 -25"><span class='ocrx_word' id='word_1_530' title='bbox 1890 953 2136 1021; x_wconf 69' lang='lat' dir='ltr'><strong>praestitit</strong></span> <span class='ocrx_word' id='word_1_531' title='bbox 2161 954 2303 1010; x_wconf 90' lang='lat' dir='ltr'><strong>Deus</strong></span> <span class='ocrx_word' id='word_1_532' title='bbox 2341 956 2551 1025; x_wconf 89' lang='lat' dir='ltr'><strong>corpori</strong></span> <span class='ocrx_word' id='word_1_533' title='bbox 2597 970 2691 1026; x_wconf 90' lang='lat' dir='ltr'><strong>per</strong></span> <span class='ocrx_word' id='word_1_534' title='bbox 2718 967 2991 1027; x_wconf 88' lang='lat' dir='ltr'><strong>naturam,</strong></span> <span class='ocrx_word' id='word_1_535' title='bbox 3039 969 3219 1015; x_wconf 89' lang='lat' dir='ltr'><strong>ament</strong></span> <span class='ocrx_word' id='word_1_536' title='bbox 3259 967 3315 1017; x_wconf 90' lang='lat' dir='ltr'><strong>et</strong></span> <span class='ocrx_word' id='word_1_537' title='bbox 3343 959 3478 1032; x_wconf 64' lang='lat' dir='ltr'><strong>ipsa</strong></span> 
     </span>
    </p>
   </div>
   <div class='ocr_carea' id='block_1_67' title="bbox 1888 1050 3472 1126">
    <p class='ocr_par' dir='ltr' id='par_1_67' title="bbox 1888 1050 3472 1126">
     <span class='ocr_line' id='line_1_67' title="bbox 1888 1050 3472 1126; baseline 0.009 -22"><span class='ocrx_word' id='word_1_538' title='bbox 1888 1050 1992 1106; x_wconf 92' lang='lat' dir='ltr'><strong>hoc</strong></span> <span class='ocrx_word' id='word_1_539' title='bbox 2033 1050 2232 1108; x_wconf 91' lang='lat' dir='ltr'><strong>habere</strong></span> <span class='ocrx_word' id='word_1_540' title='bbox 2273 1068 2370 1124; x_wconf 91' lang='lat' dir='ltr'><strong>per</strong></span> <span class='ocrx_word' id='word_1_541' title='bbox 2411 1054 2675 1126; x_wconf 76' lang='lat' dir='ltr'><strong>gratiam?</strong></span> <span class='ocrx_word' id='word_1_542' title='bbox 2711 1055 2900 1113; x_wconf 81' lang='lat' dir='ltr'><strong>Merito</strong></span> <span class='ocrx_word' id='word_1_543' title='bbox 2928 1057 2995 1114; x_wconf 88' lang='lat' dir='ltr'><strong>ad</strong></span> <span class='ocrx_word' id='word_1_544' title='bbox 3036 1059 3307 1117; x_wconf 82' lang='lat' dir='ltr'><strong>Romanos</strong></span> <span class='ocrx_word' id='word_1_545' title='bbox 3346 1076 3472 1119; x_wconf 90' lang='lat' dir='ltr'><strong>cum</strong></span> 
     </span>
    </p>
   </div>
   <div class='ocr_carea' id='block_1_68' title="bbox 1888 1143 3473 1224">
    <p class='ocr_par' dir='ltr' id='par_1_68' title="bbox 1888 1143 3473 1224">
     <span class='ocr_line' id='line_1_68' title="bbox 1888 1143 3473 1224; baseline 0.009 -27"><span class='ocrx_word' id='word_1_546' title='bbox 1888 1143 2183 1213; x_wconf 86' lang='lat' dir='ltr'><strong>scriberet,</strong></span> <span class='ocrx_word' id='word_1_547' title='bbox 2217 1143 2456 1214; x_wconf 84' lang='lat' dir='ltr'><strong>Obsecro,</strong></span> <span class='ocrx_word' id='word_1_548' title='bbox 2484 1148 2673 1220; x_wconf 89' lang='lat' dir='ltr'><strong>inquit,</strong></span> <span class='ocrx_word' id='word_1_549' title='bbox 2700 1166 2804 1218; x_wconf 77' lang='lat' dir='ltr'><strong>vos,</strong></span> <span class='ocrx_word' id='word_1_550' title='bbox 2834 1153 3036 1223; x_wconf 80' lang='lat' dir='ltr'><strong>fratres,</strong></span> <span class='ocrx_word' id='word_1_551' title='bbox 3072 1170 3161 1224; x_wconf 89' lang='lat' dir='ltr'><strong>per</strong></span> <span class='ocrx_word' id='word_1_552' title='bbox 3183 1155 3473 1210; x_wconf 80' lang='lat' dir='ltr'><strong>misericor-</strong></span> 
     </span>
    </p>
   </div>
   <div class='ocr_carea' id='block_1_69' title="bbox 1888 1232 3472 1315">
    <p class='ocr_par' dir='ltr' id='par_1_69' title="bbox 1888 1232 3472 1315">
     <span class='ocr_line' id='line_1_69' title="bbox 1888 1232 3472 1315; baseline 0.011 -28"><span class='ocrx_word' id='word_1_553' title='bbox 1888 1232 2025 1289; x_wconf 82' lang='lat' dir='ltr'><strong>diam</strong></span> <span class='ocrx_word' id='word_1_554' title='bbox 2048 1233 2144 1289; x_wconf 85' lang='lat' dir='ltr'><strong>Dei</strong></span> <span class='ocrx_word' id='word_1_555' title='bbox 2166 1277 2180 1299; x_wconf 90' lang='lat'><strong>,</strong></span> <span class='ocrx_word' id='word_1_556' title='bbox 2220 1248 2273 1291; x_wconf 91' lang='lat' dir='ltr'><strong>ut</strong></span> <span class='ocrx_word' id='word_1_557' title='bbox 2302 1239 2577 1296; x_wconf 78' lang='lat' dir='ltr'><strong>exhibeatis</strong></span> <span class='ocrx_word' id='word_1_558' title='bbox 2602 1258 2816 1313; x_wconf 79' lang='lat' dir='ltr'><strong>corpora</strong></span> <span class='ocrx_word' id='word_1_559' title='bbox 2839 1254 3003 1301; x_wconf 84' lang='lat' dir='ltr'><strong>vestra</strong></span> <span class='ocrx_word' id='word_1_560' title='bbox 3028 1245 3245 1301; x_wconf 84' lang='lat' dir='ltr'><strong>hostium</strong></span> <span class='ocrx_word' id='word_1_561' title='bbox 3270 1247 3433 1303; x_wconf 79' lang='lat' dir='ltr'><strong>vivam</strong></span> <span class='ocrx_word' id='word_1_562' title='bbox 3455 1290 3472 1315; x_wconf 90' lang='lat'><strong>,</strong></span> 
     </span>
    </p>
   </div>
   <div class='ocr_carea' id='block_1_70' title="bbox 1886 1326 3472 1409">
    <p class='ocr_par' dir='ltr' id='par_1_70' title="bbox 1886 1326 3472 1409">
     <span class='ocr_line' id='line_1_70' title="bbox 1886 1326 3472 1409; baseline 0.011 -31"><span class='ocrx_word' id='word_1_563' title='bbox 1886 1334 2136 1392; x_wconf 88' lang='lat' dir='ltr'><strong>sanctam,</strong></span> <span class='ocrx_word' id='word_1_564' title='bbox 2158 1326 2266 1382; x_wconf 85' lang='lat' dir='ltr'><strong>Deo</strong></span> <span class='ocrx_word' id='word_1_565' title='bbox 2289 1330 2564 1399; x_wconf 84' lang='lat' dir='ltr'><strong>placentem</strong></span> <span class='ocrx_word' id='word_1_566' title='bbox 2584 1330 2756 1406; x_wconf 78' lang='lat' dir='ltr'><strong>(Rom.</strong></span> <span class='ocrx_word' id='word_1_567' title='bbox 2775 1350 2872 1398; x_wconf 80' lang='lat' dir='ltr'><strong>xu.</strong></span> <span class='ocrx_word' id='word_1_568' title='bbox 2898 1336 2973 1409; x_wconf 80' lang='lat' dir='ltr'><strong>l).</strong></span> <span class='ocrx_word' id='word_1_569' title='bbox 2997 1336 3125 1394; x_wconf 88' lang='lat' dir='ltr'><strong>Sine</strong></span> <span class='ocrx_word' id='word_1_570' title='bbox 3144 1352 3302 1395; x_wconf 87' lang='lat' dir='ltr'><strong>causa</strong></span> <span class='ocrx_word' id='word_1_571' title='bbox 3328 1348 3434 1396; x_wconf 82' lang='lat' dir='ltr'><strong>non</strong></span> <span class='ocrx_word' id='word_1_572' title='bbox 3454 1342 3472 1373; x_wconf 92' lang='grc'>¹</span> 
     </span>
    </p>
   </div>
   <div class='ocr_carea' id='block_1_71' title="bbox 1886 1418 3469 1501">
    <p class='ocr_par' dir='ltr' id='par_1_71' title="bbox 1886 1418 3469 1501">
     <span class='ocr_line' id='line_1_71' title="bbox 1886 1418 3469 1501; baseline 0.011 -29"><span class='ocrx_word' id='word_1_573' title='bbox 1886 1418 2136 1475; x_wconf 87' lang='lat' dir='ltr'><strong>tenebras</strong></span> <span class='ocrx_word' id='word_1_574' title='bbox 2162 1421 2357 1491; x_wconf 89' lang='lat' dir='ltr'><strong>lucem,</strong></span> <span class='ocrx_word' id='word_1_575' title='bbox 2381 1432 2435 1480; x_wconf 91' lang='lat' dir='ltr'><strong>et</strong></span> <span class='ocrx_word' id='word_1_576' title='bbox 2460 1424 2633 1481; x_wconf 89' lang='lat' dir='ltr'><strong>lucem</strong></span> <span class='ocrx_word' id='word_1_577' title='bbox 2662 1428 2909 1485; x_wconf 88' lang='lat' dir='ltr'><strong>tenebras</strong></span> <span class='ocrx_word' id='word_1_578' title='bbox 2928 1444 3048 1486; x_wconf 88' lang='lat' dir='ltr'><strong>esse</strong></span> <span class='ocrx_word' id='word_1_579' title='bbox 3075 1432 3469 1501; x_wconf 90' lang='lat' dir='ltr'><strong>contendimus,</strong></span> 
     </span>
    </p>
   </div>
   <div class='ocr_carea' id='block_1_72' title="bbox 1884 1508 3475 1596">
    <p class='ocr_par' dir='ltr' id='par_1_72' title="bbox 1884 1508 3475 1596">
     <span class='ocr_line' id='line_1_72' title="bbox 1884 1508 3475 1596; baseline 0.011 -31"><span class='ocrx_word' id='word_1_580' title='bbox 1884 1508 1933 1566; x_wconf 85' lang='lat' dir='ltr'><strong>si</strong></span> <span class='ocrx_word' id='word_1_581' title='bbox 1958 1509 2186 1567; x_wconf 90' lang='lat' dir='ltr'><strong>hostiam</strong></span> <span class='ocrx_word' id='word_1_582' title='bbox 2216 1516 2410 1584; x_wconf 80' lang='lat' dir='ltr'><strong>vivam,</strong></span> <span class='ocrx_word' id='word_1_583' title='bbox 2444 1528 2703 1583; x_wconf 87' lang='lat' dir='ltr'><strong>sanctam,</strong></span> <span class='ocrx_word' id='word_1_584' title='bbox 2737 1520 2844 1577; x_wconf 89' lang='lat' dir='ltr'><strong>Deo</strong></span> <span class='ocrx_word' id='word_1_585' title='bbox 2873 1523 3174 1594; x_wconf 87' lang='lat' dir='ltr'><strong>placentem</strong></span> <span class='ocrx_word' id='word_1_586' title='bbox 3203 1524 3270 1581; x_wconf 90' lang='lat' dir='ltr'><strong>de</strong></span> <span class='ocrx_word' id='word_1_587' title='bbox 3296 1526 3475 1596; x_wconf 79' lang='lat' dir='ltr'><strong>gentis</strong></span> 
     </span>
    </p>
   </div>
   <div class='ocr_carea' id='block_1_73' title="bbox 1884 1604 2925 1679">
    <p class='ocr_par' dir='ltr' id='par_1_73' title="bbox 1884 1604 2925 1679">
     <span class='ocr_line' id='line_1_73' title="bbox 1884 1604 2925 1679; baseline 0.012 -22"><span class='ocrx_word' id='word_1_588' title='bbox 1884 1604 2226 1661; x_wconf 89' lang='lat' dir='ltr'><strong>tenebrarum</strong></span> <span class='ocrx_word' id='word_1_589' title='bbox 2252 1610 2567 1679; x_wconf 88' lang='lat' dir='ltr'><strong>corporibus</strong></span> <span class='ocrx_word' id='word_1_590' title='bbox 2589 1612 2925 1670; x_wconf 74' lang='lat' dir='ltr'><strong>exhibemus.</strong></span> 
     </span>
    </p>
   </div>
   <div class='ocr_carea' id='block_1_74' title="bbox 1955 1699 3472 1781">
    <p class='ocr_par' dir='ltr' id='par_1_74' title="bbox 1955 1699 3472 1781">
     <span class='ocr_line' id='line_1_74' title="bbox 1955 1699 3472 1781; baseline 0.008 -25"><span class='ocrx_word' id='word_1_591' title='bbox 1955 1699 2184 1759; x_wconf 79' lang='lat' dir='ltr'><strong>CAPUT</strong></span> <span class='ocrx_word' id='word_1_592' title='bbox 2220 1701 2314 1759; x_wconf 77' lang='lat' dir='ltr'><strong>XI.</strong></span> <span class='ocrx_word' id='word_1_593' title='bbox 2352 1734 2424 1745; x_wconf 93' lang='lat'><strong>—</strong></span> <span class='ocrx_word' id='word_1_594' title='bbox 2462 1704 2555 1762; x_wconf 69' lang='lat'><strong>25.</strong></span> <span class='ocrx_word' id='word_1_595' title='bbox 2595 1705 2774 1763; x_wconf 84' lang='lat' dir='ltr'><strong>Carnis</strong></span> <span class='ocrx_word' id='word_1_596' title='bbox 2798 1717 2845 1763; x_wconf 90' lang='lat' dir='ltr'><strong>et</strong></span> <span class='ocrx_word' id='word_1_597' title='bbox 2869 1706 3114 1766; x_wconf 66' lang='lat' dir='ltr'><strong>Ecclesia:</strong></span> <span class='ocrx_word' id='word_1_598' title='bbox 3155 1712 3472 1781; x_wconf 84' lang='lat' dir='ltr'><strong>comparatio</strong></span> 
     </span>
    </p>
   </div>
   <div class='ocr_carea' id='block_1_75' title="bbox 1880 1795 3475 1875">
    <p class='ocr_par' dir='ltr' id='par_1_75' title="bbox 1880 1795 3475 1875">
     <span class='ocr_line' id='line_1_75' title="bbox 1880 1795 3475 1875; baseline 0.008 -25"><span class='ocrx_word' id='word_1_599' title='bbox 1880 1795 1939 1851; x_wconf 87' lang='lat' dir='ltr'><strong>in</strong></span> <span class='ocrx_word' id='word_1_600' title='bbox 1978 1795 2159 1869; x_wconf 86' lang='lat' dir='ltr'><strong>quibus</strong></span> <span class='ocrx_word' id='word_1_601' title='bbox 2214 1799 2473 1854; x_wconf 86' lang='lat' dir='ltr'><strong>consistat.</strong></span> <span class='ocrx_word' id='word_1_602' title='bbox 2520 1799 2664 1869; x_wconf 91' lang='lat' dir='ltr'><strong>Sed,</strong></span> <span class='ocrx_word' id='word_1_603' title='bbox 2706 1802 2984 1873; x_wconf 88' lang='lat' dir='ltr'><strong>inquiunt,</strong></span> <span class='ocrx_word' id='word_1_604' title='bbox 3034 1804 3303 1875; x_wconf 90' lang='lat' dir='ltr'><strong>quomodo</strong></span> <span class='ocrx_word' id='word_1_605' title='bbox 3344 1820 3475 1863; x_wconf 89' lang='lat' dir='ltr'><strong>caro</strong></span> 
     </span>
    </p>
   </div>
   <div class='ocr_carea' id='block_1_76' title="bbox 1882 1892 3474 1966">
    <p class='ocr_par' dir='ltr' id='par_1_76' title="bbox 1882 1892 3474 1966">
     <span class='ocr_line' id='line_1_76' title="bbox 1882 1892 3474 1966; baseline 0.005 -19"><span class='ocrx_word' id='word_1_606' title='bbox 1882 1906 1982 1962; x_wconf 87' lang='lat' dir='ltr'><strong>per</strong></span> <span class='ocrx_word' id='word_1_607' title='bbox 2017 1892 2300 1962; x_wconf 88' lang='lat' dir='ltr'><strong>quamdam</strong></span> <span class='ocrx_word' id='word_1_608' title='bbox 2344 1893 2751 1951; x_wconf 88' lang='lat' dir='ltr'><strong>similitudinem</strong></span> <span class='ocrx_word' id='word_1_609' title='bbox 2792 1904 3134 1966; x_wconf 89' lang='lat' dir='ltr'><strong>comparatur</strong></span> <span class='ocrx_word' id='word_1_610' title='bbox 3174 1898 3474 1955; x_wconf 60' lang='lat' dir='ltr'><strong>Ecclesiae?</strong></span> 
     </span>
    </p>
   </div>
   <div class='ocr_carea' id='block_1_77' title="bbox 1882 1985 3473 2061">
    <p class='ocr_par' dir='ltr' id='par_1_77' title="bbox 1882 1985 3473 2061">
     <span class='ocr_line' id='line_1_77' title="bbox 1882 1985 3473 2061; baseline 0.004 -21"><span class='ocrx_word' id='word_1_611' title='bbox 1882 1985 2151 2057; x_wconf 88' lang='lat' dir='ltr'><strong>Numquid</strong></span> <span class='ocrx_word' id='word_1_612' title='bbox 2200 1987 2439 2043; x_wconf 87' lang='lat' dir='ltr'><strong>Ecclesia</strong></span> <span class='ocrx_word' id='word_1_613' title='bbox 2488 1988 2819 2060; x_wconf 88' lang='lat' dir='ltr'><strong>concupiscit</strong></span> <span class='ocrx_word' id='word_1_614' title='bbox 2864 1989 3122 2045; x_wconf 85' lang='lat' dir='ltr'><strong>adversus</strong></span> <span class='ocrx_word' id='word_1_615' title='bbox 3162 1990 3473 2061; x_wconf 85' lang='lat' dir='ltr'><strong>Christum;</strong></span> 
     </span>
    </p>
   </div>
   <div class='ocr_carea' id='block_1_78' title="bbox 1883 2081 3475 2152">
    <p class='ocr_par' dir='ltr' id='par_1_78' title="bbox 1883 2081 3475 2152">
     <span class='ocr_line' id='line_1_78' title="bbox 1883 2081 3475 2152; baseline 0.003 -15"><span class='ocrx_word' id='word_1_616' title='bbox 1883 2095 2005 2137; x_wconf 90' lang='lat' dir='ltr'><strong>cum</strong></span> <span class='ocrx_word' id='word_1_617' title='bbox 2035 2081 2172 2136; x_wconf 89' lang='lat' dir='ltr'><strong>idem</strong></span> <span class='ocrx_word' id='word_1_618' title='bbox 2204 2084 2479 2152; x_wconf 89' lang='lat' dir='ltr'><strong>apostolus</strong></span> <span class='ocrx_word' id='word_1_619' title='bbox 2504 2083 2716 2149; x_wconf 77' lang='lat' dir='ltr'><strong>dixerit,</strong></span> <span class='ocrx_word' id='word_1_620' title='bbox 2753 2082 2978 2139; x_wconf 87' lang='lat' dir='ltr'><strong>Ecclesia</strong></span> <span class='ocrx_word' id='word_1_621' title='bbox 3000 2084 3200 2139; x_wconf 87' lang='lat' dir='ltr'><strong>subdita</strong></span> <span class='ocrx_word' id='word_1_622' title='bbox 3227 2095 3300 2141; x_wconf 91' lang='lat' dir='ltr'><strong>est</strong></span> <span class='ocrx_word' id='word_1_623' title='bbox 3325 2084 3475 2141; x_wconf 84' lang='lat' dir='ltr'><strong>Chri-</strong></span> 
     </span>
    </p>
   </div>
   <div class='ocr_carea' id='block_1_79' title="bbox 1881 2173 3478 2248">
    <p class='ocr_par' dir='ltr' id='par_1_79' title="bbox 1881 2173 3478 2248">
     <span class='ocr_line' id='line_1_79' title="bbox 1881 2173 3478 2248; baseline 0.004 -19"><span class='ocrx_word' id='word_1_624' title='bbox 1881 2182 1961 2229; x_wconf 88' lang='lat' dir='ltr'><strong>sto</strong></span> <span class='ocrx_word' id='word_1_625' title='bbox 1993 2173 2205 2248; x_wconf 86' lang='lat' dir='ltr'><strong>(Ephes.</strong></span> <span class='ocrx_word' id='word_1_626' title='bbox 2239 2190 2302 2242; x_wconf 82' lang='lat' dir='ltr'><strong>v,</strong></span> <span class='ocrx_word' id='word_1_627' title='bbox 2334 2175 2461 2245; x_wconf 72' lang='lat' dir='ltr'><strong>2i)?</strong></span> <span class='ocrx_word' id='word_1_628' title='bbox 2491 2175 2655 2231; x_wconf 86' lang='lat' dir='ltr'><strong>Plane</strong></span> <span class='ocrx_word' id='word_1_629' title='bbox 2689 2175 2929 2232; x_wconf 86' lang='lat' dir='ltr'><strong>Ecclesia</strong></span> <span class='ocrx_word' id='word_1_630' title='bbox 2960 2176 3171 2232; x_wconf 89' lang='lat' dir='ltr'><strong>subdita</strong></span> <span class='ocrx_word' id='word_1_631' title='bbox 3212 2184 3296 2233; x_wconf 89' lang='lat' dir='ltr'><strong>est</strong></span> <span class='ocrx_word' id='word_1_632' title='bbox 3318 2176 3478 2235; x_wconf 88' lang='lat' dir='ltr'><strong>Chri-</strong></span> 
     </span>
    </p>
   </div>
   <div class='ocr_carea' id='block_1_80' title="bbox 1883 2266 3471 2339">
    <p class='ocr_par' dir='ltr' id='par_1_80' title="bbox 1883 2266 3471 2339">
     <span class='ocr_line' id='line_1_80' title="bbox 1883 2266 3471 2339; baseline 0.003 -16"><span class='ocrx_word' id='word_1_633' title='bbox 1883 2275 1969 2323; x_wconf 87' lang='lat' dir='ltr'><strong>sto</strong></span> <span class='ocrx_word' id='word_1_634' title='bbox 2002 2285 2014 2321; x_wconf 93' lang='lat'><strong>:</strong></span> <span class='ocrx_word' id='word_1_635' title='bbox 2044 2269 2169 2338; x_wconf 90' lang='lat' dir='ltr'><strong>quia</strong></span> <span class='ocrx_word' id='word_1_636' title='bbox 2199 2266 2321 2323; x_wconf 89' lang='lat' dir='ltr'><strong>ideo</strong></span> <span class='ocrx_word' id='word_1_637' title='bbox 2346 2268 2564 2339; x_wconf 89' lang='lat' dir='ltr'><strong>spiritus</strong></span> <span class='ocrx_word' id='word_1_638' title='bbox 2588 2270 2917 2339; x_wconf 87' lang='lat' dir='ltr'><strong>concupiscit</strong></span> <span class='ocrx_word' id='word_1_639' title='bbox 2942 2268 3200 2326; x_wconf 84' lang='lat' dir='ltr'><strong>adversus</strong></span> <span class='ocrx_word' id='word_1_640' title='bbox 3226 2286 3471 2337; x_wconf 90' lang='lat' dir='ltr'><strong>carnem,</strong></span> 
     </span>
    </p>
   </div>
   <div class='ocr_carea' id='block_1_81' title="bbox 1883 2359 3477 2429">
    <p class='ocr_par' dir='ltr' id='par_1_81' title="bbox 1883 2359 3477 2429">
     <span class='ocr_line' id='line_1_81' title="bbox 1883 2359 3477 2429; baseline 0.003 -15"><span class='ocrx_word' id='word_1_641' title='bbox 1883 2366 1944 2414; x_wconf 90' lang='lat' dir='ltr'><strong>ut</strong></span> <span class='ocrx_word' id='word_1_642' title='bbox 1988 2359 2133 2413; x_wconf 90' lang='lat' dir='ltr'><strong>omni</strong></span> <span class='ocrx_word' id='word_1_643' title='bbox 2180 2373 2246 2414; x_wconf 81' lang='lat' dir='ltr'><strong>ex</strong></span> <span class='ocrx_word' id='word_1_644' title='bbox 2295 2367 2446 2429; x_wconf 90' lang='lat' dir='ltr'><strong>parte</strong></span> <span class='ocrx_word' id='word_1_645' title='bbox 2488 2359 2702 2415; x_wconf 89' lang='lat' dir='ltr'><strong>Christo</strong></span> <span class='ocrx_word' id='word_1_646' title='bbox 2741 2360 2998 2416; x_wconf 85' lang='lat' dir='ltr'><strong>subdatur</strong></span> <span class='ocrx_word' id='word_1_647' title='bbox 3034 2359 3309 2428; x_wconf 85' lang='lat' dir='ltr'><strong>Ecclesia;</strong></span> <span class='ocrx_word' id='word_1_648' title='bbox 3347 2377 3477 2419; x_wconf 92' lang='lat' dir='ltr'><strong>caro</strong></span> 
     </span>
    </p>
   </div>
   <div class='ocr_carea' id='block_1_82' title="bbox 1884 2450 3475 2523">
    <p class='ocr_par' dir='ltr' id='par_1_82' title="bbox 1884 2450 3475 2523">
     <span class='ocr_line' id='line_1_82' title="bbox 1884 2450 3475 2523; baseline 0.003 -18"><span class='ocrx_word' id='word_1_649' title='bbox 1884 2461 2061 2507; x_wconf 90' lang='lat' dir='ltr'><strong>autem</strong></span> <span class='ocrx_word' id='word_1_650' title='bbox 2105 2450 2436 2520; x_wconf 89' lang='lat' dir='ltr'><strong>concupiscit</strong></span> <span class='ocrx_word' id='word_1_651' title='bbox 2474 2450 2732 2506; x_wconf 82' lang='lat' dir='ltr'><strong>adversus</strong></span> <span class='ocrx_word' id='word_1_652' title='bbox 2768 2452 3044 2521; x_wconf 87' lang='lat' dir='ltr'><strong>spiritum,</strong></span> <span class='ocrx_word' id='word_1_653' title='bbox 3072 2453 3193 2523; x_wconf 85' lang='lat' dir='ltr'><strong>quia</strong></span> <span class='ocrx_word' id='word_1_654' title='bbox 3234 2454 3475 2510; x_wconf 91' lang='lat' dir='ltr'><strong>nondum</strong></span> 
     </span>
    </p>
   </div>
   <div class='ocr_carea' id='block_1_83' title="bbox 1883 2542 3471 2615">
    <p class='ocr_par' dir='ltr' id='par_1_83' title="bbox 1883 2542 3471 2615">
     <span class='ocr_line' id='line_1_83' title="bbox 1883 2542 3471 2615; baseline 0 -16"><span class='ocrx_word' id='word_1_655' title='bbox 1883 2557 2101 2615; x_wconf 89' lang='lat' dir='ltr'><strong>pacem,</strong></span> <span class='ocrx_word' id='word_1_656' title='bbox 2130 2557 2248 2614; x_wconf 69' lang='lat' dir='ltr'><strong>qua:</strong></span> <span class='ocrx_word' id='word_1_657' title='bbox 2272 2542 2504 2613; x_wconf 85' lang='lat' dir='ltr'><strong>perlecta</strong></span> <span class='ocrx_word' id='word_1_658' title='bbox 2532 2544 2796 2615; x_wconf 89' lang='lat' dir='ltr'><strong>promissa</strong></span> <span class='ocrx_word' id='word_1_659' title='bbox 2827 2552 2910 2599; x_wconf 87' lang='lat' dir='ltr'><strong>est</strong></span> <span class='ocrx_word' id='word_1_660' title='bbox 2928 2586 2942 2610; x_wconf 90' lang='lat'><strong>,</strong></span> <span class='ocrx_word' id='word_1_661' title='bbox 2984 2545 3189 2615; x_wconf 88' lang='lat' dir='ltr'><strong>accepit</strong></span> <span class='ocrx_word' id='word_1_662' title='bbox 3212 2545 3471 2601; x_wconf 84' lang='lat' dir='ltr'><strong>Ecclesia.</strong></span> 
     </span>
    </p>
   </div>
   <div class='ocr_carea' id='block_1_84' title="bbox 1884 2632 3477 2708">
    <p class='ocr_par' dir='ltr' id='par_1_84' title="bbox 1884 2632 3477 2708">
     <span class='ocr_line' id='line_1_84' title="bbox 1884 2632 3477 2708; baseline 0.002 -18"><span class='ocrx_word' id='word_1_663' title='bbox 1884 2635 1964 2691; x_wconf 84' lang='lat' dir='ltr'><strong>Ac</strong></span> <span class='ocrx_word' id='word_1_664' title='bbox 1992 2649 2088 2705; x_wconf 89' lang='lat' dir='ltr'><strong>per</strong></span> <span class='ocrx_word' id='word_1_665' title='bbox 2115 2633 2218 2690; x_wconf 91' lang='lat' dir='ltr'><strong>hoc</strong></span> <span class='ocrx_word' id='word_1_666' title='bbox 2257 2632 2498 2691; x_wconf 90' lang='lat' dir='ltr'><strong>Ecclesia</strong></span> <span class='ocrx_word' id='word_1_667' title='bbox 2536 2634 2746 2690; x_wconf 86' lang='lat' dir='ltr'><strong>subdita</strong></span> <span class='ocrx_word' id='word_1_668' title='bbox 2785 2643 2870 2691; x_wconf 88' lang='lat' dir='ltr'><strong>est</strong></span> <span class='ocrx_word' id='word_1_669' title='bbox 2911 2634 3127 2691; x_wconf 89' lang='lat' dir='ltr'><strong>Christo</strong></span> <span class='ocrx_word' id='word_1_670' title='bbox 3156 2651 3220 2692; x_wconf 77' lang='lat' dir='ltr'><strong>ex</strong></span> <span class='ocrx_word' id='word_1_671' title='bbox 3253 2636 3477 2708; x_wconf 88' lang='lat' dir='ltr'><strong>pignore</strong></span> 
     </span>
    </p>
   </div>
   <div class='ocr_carea' id='block_1_85' title="bbox 1886 2728 3477 2801">
    <p class='ocr_par' dir='ltr' id='par_1_85' title="bbox 1886 2728 3477 2801">
     <span class='ocr_line' id='line_1_85' title="bbox 1886 2728 3477 2801; baseline 0 -16"><span class='ocrx_word' id='word_1_672' title='bbox 1886 2728 2074 2785; x_wconf 86' lang='lat' dir='ltr'><strong>salutis</strong></span> <span class='ocrx_word' id='word_1_673' title='bbox 2091 2771 2107 2797; x_wconf 95' lang='lat'><strong>,</strong></span> <span class='ocrx_word' id='word_1_674' title='bbox 2148 2738 2204 2785; x_wconf 91' lang='lat' dir='ltr'><strong>et</strong></span> <span class='ocrx_word' id='word_1_675' title='bbox 2232 2744 2358 2785; x_wconf 87' lang='lat' dir='ltr'><strong>caro</strong></span> <span class='ocrx_word' id='word_1_676' title='bbox 2385 2729 2715 2800; x_wconf 83' lang='lat' dir='ltr'><strong>concupiscit</strong></span> <span class='ocrx_word' id='word_1_677' title='bbox 2739 2729 2999 2786; x_wconf 80' lang='lat' dir='ltr'><strong>adversus</strong></span> <span class='ocrx_word' id='word_1_678' title='bbox 3026 2731 3272 2801; x_wconf 85' lang='lat' dir='ltr'><strong>spiritum</strong></span> <span class='ocrx_word' id='word_1_679' title='bbox 3300 2745 3367 2786; x_wconf 81' lang='lat' dir='ltr'><strong>ex</strong></span> <span class='ocrx_word' id='word_1_680' title='bbox 3394 2730 3477 2786; x_wconf 92' lang='lat' dir='ltr'><strong>in-</strong></span> 
     </span>
    </p>
   </div>
   <div class='ocr_carea' id='block_1_86' title="bbox 1884 2820 3477 2895">
    <p class='ocr_par' dir='ltr' id='par_1_86' title="bbox 1884 2820 3477 2895">
     <span class='ocr_line' id='line_1_86' title="bbox 1884 2820 3477 2895; baseline 0.001 -17"><span class='ocrx_word' id='word_1_681' title='bbox 1884 2821 2138 2879; x_wconf 79' lang='lat' dir='ltr'><strong>ﬁrmitate</strong></span> <span class='ocrx_word' id='word_1_682' title='bbox 2178 2823 2467 2894; x_wconf 81' lang='lat' dir='ltr'><strong>languoris.</strong></span> <span class='ocrx_word' id='word_1_683' title='bbox 2496 2822 2680 2895; x_wconf 87' lang='lat' dir='ltr'><strong>Neque</strong></span> <span class='ocrx_word' id='word_1_684' title='bbox 2719 2824 2861 2880; x_wconf 89' lang='lat' dir='ltr'><strong>enim</strong></span> <span class='ocrx_word' id='word_1_685' title='bbox 2888 2838 2994 2879; x_wconf 91' lang='lat' dir='ltr'><strong>non</strong></span> <span class='ocrx_word' id='word_1_686' title='bbox 3025 2820 3280 2880; x_wconf 82' lang='lat' dir='ltr'><strong>Ecclesiae</strong></span> <span class='ocrx_word' id='word_1_687' title='bbox 3305 2838 3477 2879; x_wconf 89' lang='lat' dir='ltr'><strong>mem-</strong></span> 
     </span>
    </p>
   </div>
   <div class='ocr_carea' id='block_1_87' title="bbox 1886 2916 3484 2989">
    <p class='ocr_par' dir='ltr' id='par_1_87' title="bbox 1886 2916 3484 2989">
     <span class='ocr_line' id='line_1_87' title="bbox 1886 2916 3484 2989; baseline 0 -17"><span class='ocrx_word' id='word_1_688' title='bbox 1886 2916 1982 2972; x_wconf 88' lang='lat' dir='ltr'><strong>bra</strong></span> <span class='ocrx_word' id='word_1_689' title='bbox 2025 2925 2180 2973; x_wconf 89' lang='lat' dir='ltr'><strong>erant</strong></span> <span class='ocrx_word' id='word_1_690' title='bbox 2211 2917 2403 2983; x_wconf 86' lang='lat' dir='ltr'><strong>iidem,</strong></span> <span class='ocrx_word' id='word_1_691' title='bbox 2433 2918 2627 2989; x_wconf 88' lang='lat' dir='ltr'><strong>quibus</strong></span> <span class='ocrx_word' id='word_1_692' title='bbox 2669 2919 2770 2974; x_wconf 84' lang='lat' dir='ltr'><strong>ista</strong></span> <span class='ocrx_word' id='word_1_693' title='bbox 2813 2917 3024 2973; x_wconf 89' lang='lat' dir='ltr'><strong>dicebat</strong></span> <span class='ocrx_word' id='word_1_694' title='bbox 3068 2935 3081 2971; x_wconf 88' lang='lat'><strong>:</strong></span> <span class='ocrx_word' id='word_1_695' title='bbox 3129 2917 3328 2989; x_wconf 86' lang='lat' dir='ltr'><strong>Spiritu</strong></span> <span class='ocrx_word' id='word_1_696' title='bbox 3364 2935 3484 2973; x_wconf 79' lang='lat' dir='ltr'><strong>am-</strong></span> 
     </span>
    </p>
   </div>
   <div class='ocr_carea' id='block_1_88' title="bbox 1885 3007 3479 3082">
    <p class='ocr_par' dir='ltr' id='par_1_88' title="bbox 1885 3007 3479 3082">
     <span class='ocr_line' id='line_1_88' title="bbox 1885 3007 3479 3082; baseline 0.002 -19"><span class='ocrx_word' id='word_1_697' title='bbox 1885 3007 2055 3064; x_wconf 80' lang='lat' dir='ltr'><strong>bulate</strong></span> <span class='ocrx_word' id='word_1_698' title='bbox 2078 3052 2092 3077; x_wconf 94' lang='lat'><strong>,</strong></span> <span class='ocrx_word' id='word_1_699' title='bbox 2120 3018 2166 3065; x_wconf 91' lang='lat' dir='ltr'><strong>et</strong></span> <span class='ocrx_word' id='word_1_700' title='bbox 2189 3009 2621 3082; x_wconf 86' lang='lat' dir='ltr'><strong>concupiscentias</strong></span> <span class='ocrx_word' id='word_1_701' title='bbox 2651 3009 2822 3063; x_wconf 87' lang='lat' dir='ltr'><strong>carnis</strong></span> <span class='ocrx_word' id='word_1_702' title='bbox 2858 3024 2921 3063; x_wconf 90' lang='lat' dir='ltr'><strong>ne</strong></span> <span class='ocrx_word' id='word_1_703' title='bbox 2967 3009 3297 3081; x_wconf 88' lang='lat' dir='ltr'><strong>perfeceritis.</strong></span> <span class='ocrx_word' id='word_1_704' title='bbox 3342 3008 3479 3066; x_wconf 88' lang='lat' dir='ltr'><strong>Caro</strong></span> 
     </span>
    </p>
   </div>
   <div class='ocr_carea' id='block_1_89' title="bbox 1886 3102 3476 3175">
    <p class='ocr_par' dir='ltr' id='par_1_89' title="bbox 1886 3102 3476 3175">
     <span class='ocr_line' id='line_1_89' title="bbox 1886 3102 3476 3175; baseline 0.001 -16"><span class='ocrx_word' id='word_1_705' title='bbox 1886 3104 2019 3160; x_wconf 81' lang='lat' dir='ltr'><strong>enim</strong></span> <span class='ocrx_word' id='word_1_706' title='bbox 2044 3104 2353 3175; x_wconf 85' lang='lat' dir='ltr'><strong>concupiscit</strong></span> <span class='ocrx_word' id='word_1_707' title='bbox 2372 3103 2611 3157; x_wconf 88' lang='lat' dir='ltr'><strong>adversus</strong></span> <span class='ocrx_word' id='word_1_708' title='bbox 2633 3102 2867 3173; x_wconf 82' lang='lat' dir='ltr'><strong>spiritum</strong></span> <span class='ocrx_word' id='word_1_709' title='bbox 2887 3144 2900 3167; x_wconf 88' lang='lat'><strong>,</strong></span> <span class='ocrx_word' id='word_1_710' title='bbox 2930 3111 2979 3156; x_wconf 91' lang='lat' dir='ltr'><strong>et</strong></span> <span class='ocrx_word' id='word_1_711' title='bbox 3000 3103 3211 3172; x_wconf 84' lang='lat' dir='ltr'><strong>spiritus</strong></span> <span class='ocrx_word' id='word_1_712' title='bbox 3235 3102 3476 3161; x_wconf 87' lang='lat' dir='ltr'><strong>adversus</strong></span> 
     </span>
    </p>
   </div>
   <div class='ocr_carea' id='block_1_90' title="bbox 1885 3194 3480 3261">
    <p class='ocr_par' dir='ltr' id='par_1_90' title="bbox 1885 3194 3480 3261">
     <span class='ocr_line' id='line_1_90' title="bbox 1885 3194 3480 3261; baseline 0.002 -9"><span class='ocrx_word' id='word_1_713' title='bbox 1885 3213 2090 3252; x_wconf 85' lang='lat' dir='ltr'><strong>carnem</strong></span> <span class='ocrx_word' id='word_1_714' title='bbox 2115 3213 2135 3251; x_wconf 88' lang='lat'><strong><em>:</em></strong></span> <span class='ocrx_word' id='word_1_715' title='bbox 2160 3197 2266 3251; x_wconf 78' lang='lat' dir='ltr'><strong>hwc</strong></span> <span class='ocrx_word' id='word_1_716' title='bbox 2290 3198 2421 3251; x_wconf 89' lang='lat' dir='ltr'><strong>enim</strong></span> <span class='ocrx_word' id='word_1_717' title='bbox 2449 3195 2545 3251; x_wconf 87' lang='lat' dir='ltr'><strong>sibi</strong></span> <span class='ocrx_word' id='word_1_718' title='bbox 2578 3196 2790 3250; x_wconf 84' lang='lat' dir='ltr'><strong>invicem</strong></span> <span class='ocrx_word' id='word_1_719' title='bbox 2816 3194 3180 3261; x_wconf 85' lang='lat' dir='ltr'><strong>adversantur;</strong></span> <span class='ocrx_word' id='word_1_720' title='bbox 3209 3205 3264 3251; x_wconf 93' lang='lat' dir='ltr'><strong>ut</strong></span> <span class='ocrx_word' id='word_1_721' title='bbox 3288 3214 3387 3252; x_wconf 92' lang='lat' dir='ltr'><strong>non</strong></span> <span class='ocrx_word' id='word_1_722' title='bbox 3417 3216 3480 3255; x_wconf 85' lang='lat' dir='ltr'><strong>ea</strong></span> 
     </span>
    </p>
   </div>
   <div class='ocr_carea' id='block_1_91' title="bbox 1885 3286 3476 3362">
    <p class='ocr_par' dir='ltr' id='par_1_91' title="bbox 1885 3286 3476 3362">
     <span class='ocr_line' id='line_1_91' title="bbox 1885 3286 3476 3362; baseline 0.005 -21"><span class='ocrx_word' id='word_1_723' title='bbox 1885 3304 1998 3360; x_wconf 73' lang='lat' dir='ltr'><strong>qua:</strong></span> <span class='ocrx_word' id='word_1_724' title='bbox 2029 3289 2210 3355; x_wconf 87' lang='lat' dir='ltr'><strong>vultis,</strong></span> <span class='ocrx_word' id='word_1_725' title='bbox 2250 3288 2449 3358; x_wconf 79' lang='lat' dir='ltr'><strong>faciatis</strong></span> <span class='ocrx_word' id='word_1_726' title='bbox 2489 3286 2684 3360; x_wconf 86' lang='lat' dir='ltr'><strong>(Calat.</strong></span> <span class='ocrx_word' id='word_1_727' title='bbox 2726 3302 2796 3353; x_wconf 71' lang='grc' dir='ltr'><strong>γ,</strong></span> <span class='ocrx_word' id='word_1_728' title='bbox 2838 3286 2903 3343; x_wconf 79' lang='grc'><strong>16</strong></span> <span class='ocrx_word' id='word_1_729' title='bbox 2927 3296 2974 3342; x_wconf 90' lang='lat' dir='ltr'><strong>et</strong></span> <span class='ocrx_word' id='word_1_730' title='bbox 3002 3288 3115 3359; x_wconf 81' lang='grc'><strong>17).</strong></span> <span class='ocrx_word' id='word_1_731' title='bbox 3139 3288 3265 3345; x_wconf 70' lang='grc' dir='ltr'><strong>Ητεο</strong></span> <span class='ocrx_word' id='word_1_732' title='bbox 3291 3292 3476 3362; x_wconf 90' lang='lat' dir='ltr'><strong>utique</strong></span> 
     </span>
    </p>
   </div>
   <div class='ocr_carea' id='block_1_92' title="bbox 1887 3377 3471 3451">
    <p class='ocr_par' dir='ltr' id='par_1_92' title="bbox 1887 3377 3471 3451">
     <span class='ocr_line' id='line_1_92' title="bbox 1887 3377 3471 3451; baseline 0.003 -16"><span class='ocrx_word' id='word_1_733' title='bbox 1887 3379 2142 3435; x_wconf 75' lang='lat' dir='ltr'><strong>Ecclesia:</strong></span> <span class='ocrx_word' id='word_1_734' title='bbox 2163 3378 2492 3444; x_wconf 88' lang='lat' dir='ltr'><strong>dicebantur,</strong></span> <span class='ocrx_word' id='word_1_735' title='bbox 2517 3394 2636 3449; x_wconf 65' lang='lat' dir='ltr'><strong>qua:</strong></span> <span class='ocrx_word' id='word_1_736' title='bbox 2657 3381 2701 3433; x_wconf 92' lang='lat' dir='ltr'><strong>si</strong></span> <span class='ocrx_word' id='word_1_737' title='bbox 2721 3377 2936 3434; x_wconf 90' lang='lat' dir='ltr'><strong>Christo</strong></span> <span class='ocrx_word' id='word_1_738' title='bbox 2952 3379 3160 3435; x_wconf 87' lang='lat' dir='ltr'><strong>subdita</strong></span> <span class='ocrx_word' id='word_1_739' title='bbox 3179 3397 3286 3437; x_wconf 90' lang='lat' dir='ltr'><strong>non</strong></span> <span class='ocrx_word' id='word_1_740' title='bbox 3306 3393 3471 3451; x_wconf 89' lang='lat' dir='ltr'><strong>esset,</strong></span> 
     </span>
    </p>
   </div>
   <div class='ocr_carea' id='block_1_93' title="bbox 1885 3473 3475 3544">
    <p class='ocr_par' dir='ltr' id='par_1_93' title="bbox 1885 3473 3475 3544">
     <span class='ocr_line' id='line_1_93' title="bbox 1885 3473 3475 3544; baseline 0.001 -13"><span class='ocrx_word' id='word_1_741' title='bbox 1885 3491 1994 3531; x_wconf 89' lang='lat' dir='ltr'><strong>non</strong></span> <span class='ocrx_word' id='word_1_742' title='bbox 2026 3475 2080 3530; x_wconf 89' lang='lat' dir='ltr'><strong>in</strong></span> <span class='ocrx_word' id='word_1_743' title='bbox 2105 3490 2165 3529; x_wconf 87' lang='lat' dir='ltr'><strong>ea</strong></span> <span class='ocrx_word' id='word_1_744' title='bbox 2193 3474 2408 3544; x_wconf 84' lang='lat' dir='ltr'><strong>spiritus</strong></span> <span class='ocrx_word' id='word_1_745' title='bbox 2436 3473 2689 3528; x_wconf 83' lang='lat' dir='ltr'><strong>adversus</strong></span> <span class='ocrx_word' id='word_1_746' title='bbox 2723 3486 2939 3527; x_wconf 89' lang='lat' dir='ltr'><strong>carnem</strong></span> <span class='ocrx_word' id='word_1_747' title='bbox 2968 3488 3063 3543; x_wconf 91' lang='lat' dir='ltr'><strong>per</strong></span> <span class='ocrx_word' id='word_1_748' title='bbox 3089 3475 3475 3532; x_wconf 88' lang='lat' dir='ltr'><strong>continentiam</strong></span> 
     </span>
    </p>
   </div>
   <div class='ocr_carea' id='block_1_94' title="bbox 1886 3565 3475 3637">
    <p class='ocr_par' dir='ltr' id='par_1_94' title="bbox 1886 3565 3475 3637">
     <span class='ocr_line' id='line_1_94' title="bbox 1886 3565 3475 3637; baseline 0 -13"><span class='ocrx_word' id='word_1_749' title='bbox 1886 3567 2312 3637; x_wconf 77' lang='lat' dir='ltr'><strong>concupisceret.</strong></span> <span class='ocrx_word' id='word_1_750' title='bbox 2342 3566 2565 3636; x_wconf 90' lang='lat' dir='ltr'><strong>Propter</strong></span> <span class='ocrx_word' id='word_1_751' title='bbox 2590 3565 2731 3636; x_wconf 89' lang='lat' dir='ltr'><strong>quod</strong></span> <span class='ocrx_word' id='word_1_752' title='bbox 2758 3574 3005 3635; x_wconf 87' lang='lat' dir='ltr'><strong>poterant</strong></span> <span class='ocrx_word' id='word_1_753' title='bbox 3030 3566 3243 3636; x_wconf 89' lang='lat' dir='ltr'><strong>quidem</strong></span> <span class='ocrx_word' id='word_1_754' title='bbox 3272 3582 3475 3624; x_wconf 89' lang='lat' dir='ltr'><strong>concu-</strong></span> 
     </span>
    </p>
   </div>
   <div class='ocr_carea' id='block_1_95' title="bbox 1885 3657 3477 3734">
    <p class='ocr_par' dir='ltr' id='par_1_95' title="bbox 1885 3657 3477 3734">
     <span class='ocr_line' id='line_1_95' title="bbox 1885 3657 3477 3734; baseline 0.001 -20"><span class='ocrx_word' id='word_1_755' title='bbox 1885 3658 2172 3734; x_wconf 87' lang='lat' dir='ltr'><strong>piscentias</strong></span> <span class='ocrx_word' id='word_1_756' title='bbox 2201 3659 2379 3714; x_wconf 85' lang='lat' dir='ltr'><strong>carnis</strong></span> <span class='ocrx_word' id='word_1_757' title='bbox 2406 3674 2510 3712; x_wconf 91' lang='lat' dir='ltr'><strong>non</strong></span> <span class='ocrx_word' id='word_1_758' title='bbox 2552 3657 2844 3728; x_wconf 86' lang='lat' dir='ltr'><strong>perlicere,</strong></span> <span class='ocrx_word' id='word_1_759' title='bbox 2875 3658 2970 3713; x_wconf 92' lang='lat' dir='ltr'><strong>sed</strong></span> <span class='ocrx_word' id='word_1_760' title='bbox 3019 3673 3182 3714; x_wconf 89' lang='lat' dir='ltr'><strong>carne</strong></span> <span class='ocrx_word' id='word_1_761' title='bbox 3222 3660 3477 3730; x_wconf 87' lang='lat' dir='ltr'><strong>concupi-</strong></span> 
     </span>
    </p>
   </div>
   <div class='ocr_carea' id='block_1_96' title="bbox 1885 3750 3474 3824">
    <p class='ocr_par' dir='ltr' id='par_1_96' title="bbox 1885 3750 3474 3824">
     <span class='ocr_line' id='line_1_96' title="bbox 1885 3750 3474 3824; baseline -0.001 -15"><span class='ocrx_word' id='word_1_762' title='bbox 1885 3762 2065 3809; x_wconf 89' lang='lat' dir='ltr'><strong>scentc</strong></span> <span class='ocrx_word' id='word_1_763' title='bbox 2094 3752 2348 3807; x_wconf 80' lang='lat' dir='ltr'><strong>adversus</strong></span> <span class='ocrx_word' id='word_1_764' title='bbox 2373 3752 2617 3821; x_wconf 86' lang='lat' dir='ltr'><strong>spiritum</strong></span> <span class='ocrx_word' id='word_1_765' title='bbox 2635 3764 2742 3805; x_wconf 88' lang='lat' dir='ltr'><strong>non</strong></span> <span class='ocrx_word' id='word_1_766' title='bbox 2758 3758 3004 3820; x_wconf 88' lang='lat' dir='ltr'><strong>poterant</strong></span> <span class='ocrx_word' id='word_1_767' title='bbox 3029 3766 3091 3806; x_wconf 91' lang='lat' dir='ltr'><strong>ea</strong></span> <span class='ocrx_word' id='word_1_768' title='bbox 3139 3750 3314 3808; x_wconf 81' lang='lat' dir='ltr'><strong>facere</strong></span> <span class='ocrx_word' id='word_1_769' title='bbox 3353 3767 3474 3824; x_wconf 79' lang='lat' dir='ltr'><strong>quae</strong></span> 
     </span>
    </p>
   </div>
   <div class='ocr_carea' id='block_1_97' title="bbox 1884 3843 3476 3913">
    <p class='ocr_par' dir='ltr' id='par_1_97' title="bbox 1884 3843 3476 3913">
     <span class='ocr_line' id='line_1_97' title="bbox 1884 3843 3476 3913; baseline -0.003 -10"><span class='ocrx_word' id='word_1_770' title='bbox 1884 3848 2167 3912; x_wconf 81' lang='lat' dir='ltr'><strong>volebant,</strong></span> <span class='ocrx_word' id='word_1_771' title='bbox 2200 3845 2251 3900; x_wconf 88' lang='lat' dir='ltr'><strong>id</strong></span> <span class='ocrx_word' id='word_1_772' title='bbox 2286 3854 2402 3911; x_wconf 87' lang='lat' dir='ltr'><strong>est,</strong></span> <span class='ocrx_word' id='word_1_773' title='bbox 2432 3845 2593 3898; x_wconf 73' lang='lat' dir='ltr'><strong>etiam</strong></span> <span class='ocrx_word' id='word_1_774' title='bbox 2624 3843 2767 3913; x_wconf 87' lang='lat' dir='ltr'><strong>ipsas</strong></span> <span class='ocrx_word' id='word_1_775' title='bbox 2790 3844 2968 3898; x_wconf 88' lang='lat' dir='ltr'><strong>carnis</strong></span> <span class='ocrx_word' id='word_1_776' title='bbox 3009 3844 3476 3913; x_wconf 72' lang='lat' dir='ltr'><strong>concupiscentias</strong></span> 
     </span>
    </p>
   </div>
   <div class='ocr_carea' id='block_1_98' title="bbox 1885 3935 3474 4003">
    <p class='ocr_par' dir='ltr' id='par_1_98' title="bbox 1885 3935 3474 4003">
     <span class='ocr_line' id='line_1_98' title="bbox 1885 3935 3474 4003; baseline 0 -9"><span class='ocrx_word' id='word_1_777' title='bbox 1885 3956 1992 3996; x_wconf 90' lang='lat' dir='ltr'><strong>non</strong></span> <span class='ocrx_word' id='word_1_778' title='bbox 2020 3939 2238 3994; x_wconf 86' lang='lat' dir='ltr'><strong>habere.</strong></span> <span class='ocrx_word' id='word_1_779' title='bbox 2269 3937 2490 4003; x_wconf 86' lang='lat' dir='ltr'><strong>Deinde,</strong></span> <span class='ocrx_word' id='word_1_780' title='bbox 2525 3951 2621 3992; x_wconf 89' lang='lat' dir='ltr'><strong>cur</strong></span> <span class='ocrx_word' id='word_1_781' title='bbox 2643 3953 2745 3990; x_wconf 88' lang='lat' dir='ltr'><strong>non</strong></span> <span class='ocrx_word' id='word_1_782' title='bbox 2777 3935 3130 3992; x_wconf 80' lang='lat' dir='ltr'><strong>conﬁteamur</strong></span> <span class='ocrx_word' id='word_1_783' title='bbox 3158 3937 3210 3991; x_wconf 89' lang='lat' dir='ltr'><strong>iu</strong></span> <span class='ocrx_word' id='word_1_784' title='bbox 3241 3936 3474 3994; x_wconf 86' lang='lat' dir='ltr'><strong>homini-</strong></span> 
     </span>
    </p>
   </div>
   <div class='ocr_carea' id='block_1_99' title="bbox 1885 4027 3479 4102">
    <p class='ocr_par' dir='ltr' id='par_1_99' title="bbox 1885 4027 3479 4102">
     <span class='ocr_line' id='line_1_99' title="bbox 1885 4027 3479 4102; baseline -0.003 -13"><span class='ocrx_word' id='word_1_785' title='bbox 1885 4032 1986 4089; x_wconf 87' lang='lat' dir='ltr'><strong>bus</strong></span> <span class='ocrx_word' id='word_1_786' title='bbox 2012 4030 2375 4102; x_wconf 78' lang='lat' dir='ltr'><strong>Spiritualibus</strong></span> <span class='ocrx_word' id='word_1_787' title='bbox 2402 4029 2699 4085; x_wconf 73' lang='lat' dir='ltr'><strong>Ecclesium</strong></span> <span class='ocrx_word' id='word_1_788' title='bbox 2728 4028 2992 4083; x_wconf 89' lang='lat' dir='ltr'><strong>subditam</strong></span> <span class='ocrx_word' id='word_1_789' title='bbox 3019 4027 3255 4097; x_wconf 83' lang='lat' dir='ltr'><strong>Christo,</strong></span> <span class='ocrx_word' id='word_1_790' title='bbox 3282 4034 3333 4084; x_wconf 90' lang='lat' dir='ltr'><strong>in</strong></span> <span class='ocrx_word' id='word_1_791' title='bbox 3357 4047 3479 4086; x_wconf 80' lang='lat' dir='ltr'><strong>car-</strong></span> 
     </span>
    </p>
   </div>
   <div class='ocr_carea' id='block_1_100' title="bbox 1886 4120 3475 4191">
    <p class='ocr_par' dir='ltr' id='par_1_100' title="bbox 1886 4120 3475 4191">
     <span class='ocr_line' id='line_1_100' title="bbox 1886 4120 3475 4191; baseline -0.001 -12"><span class='ocrx_word' id='word_1_792' title='bbox 1886 4123 2097 4180; x_wconf 88' lang='lat' dir='ltr'><strong>nalibus</strong></span> <span class='ocrx_word' id='word_1_793' title='bbox 2112 4133 2289 4177; x_wconf 88' lang='lat' dir='ltr'><strong>autem</strong></span> <span class='ocrx_word' id='word_1_794' title='bbox 2307 4121 2478 4176; x_wconf 88' lang='lat' dir='ltr'><strong>adlmc</strong></span> <span class='ocrx_word' id='word_1_795' title='bbox 2496 4120 2877 4191; x_wconf 89' lang='lat' dir='ltr'><strong>concupiscere</strong></span> <span class='ocrx_word' id='word_1_796' title='bbox 2894 4121 3153 4176; x_wconf 81' lang='lat' dir='ltr'><strong>adversus</strong></span> <span class='ocrx_word' id='word_1_797' title='bbox 3172 4121 3475 4177; x_wconf 84' lang='lat' dir='ltr'><strong>Christum?</strong></span> 
     </span>
    </p>
   </div>
   <div class='ocr_carea' id='block_1_101' title="bbox 1886 4212 3475 4284">
    <p class='ocr_par' dir='ltr' id='par_1_101' title="bbox 1886 4212 3475 4284">
     <span class='ocr_line' id='line_1_101' title="bbox 1886 4212 3475 4284; baseline -0.002 -12"><span class='ocrx_word' id='word_1_798' title='bbox 1886 4218 1968 4272; x_wconf 82' lang='lat' dir='ltr'><strong>An</strong></span> <span class='ocrx_word' id='word_1_799' title='bbox 1999 4216 2253 4271; x_wconf 80' lang='lat' dir='ltr'><strong>adversus</strong></span> <span class='ocrx_word' id='word_1_800' title='bbox 2293 4213 2566 4269; x_wconf 81' lang='lat' dir='ltr'><strong>Christum</strong></span> <span class='ocrx_word' id='word_1_801' title='bbox 2606 4227 2712 4266; x_wconf 88' lang='lat' dir='ltr'><strong>non</strong></span> <span class='ocrx_word' id='word_1_802' title='bbox 2752 4212 3235 4283; x_wconf 79' lang='lat' dir='ltr'><strong>concupiscebam,</strong></span> <span class='ocrx_word' id='word_1_803' title='bbox 3277 4215 3475 4284; x_wconf 88' lang='lat' dir='ltr'><strong>quibus</strong></span> 
     </span>
    </p>
   </div>
   <div class='ocr_carea' id='block_1_102' title="bbox 1886 4301 3477 4375">
    <p class='ocr_par' dir='ltr' id='par_1_102' title="bbox 1886 4301 3477 4375">
     <span class='ocr_line' id='line_1_102' title="bbox 1886 4301 3477 4375; baseline -0.001 -13"><span class='ocrx_word' id='word_1_804' title='bbox 1886 4307 2182 4373; x_wconf 86' lang='lat' dir='ltr'><strong>dicebatur,</strong></span> <span class='ocrx_word' id='word_1_805' title='bbox 2212 4305 2413 4359; x_wconf 86' lang='lat' dir='ltr'><strong>Divisus</strong></span> <span class='ocrx_word' id='word_1_806' title='bbox 2443 4316 2514 4358; x_wconf 86' lang='lat' dir='ltr'><strong>est</strong></span> <span class='ocrx_word' id='word_1_807' title='bbox 2535 4303 2761 4358; x_wconf 87' lang='lat' dir='ltr'><strong>Christus</strong></span> <span class='ocrx_word' id='word_1_808' title='bbox 2787 4303 2838 4373; x_wconf 95' lang='grc'><strong>(1</strong></span> <span class='ocrx_word' id='word_1_809' title='bbox 2864 4303 2982 4358; x_wconf 90' lang='lat' dir='ltr'><strong>Cor.</strong></span> <span class='ocrx_word' id='word_1_810' title='bbox 3014 4320 3062 4371; x_wconf 85' lang='grc' dir='ltr'><strong>ι,</strong></span> <span class='ocrx_word' id='word_1_811' title='bbox 3095 4301 3220 4375; x_wconf 77' lang='lat' dir='ltr'><strong>i3)?</strong></span> <span class='ocrx_word' id='word_1_812' title='bbox 3242 4315 3317 4371; x_wconf 87' lang='lat' dir='ltr'><strong>et,</strong></span> <span class='ocrx_word' id='word_1_813' title='bbox 3352 4304 3477 4361; x_wconf 85' lang='lat' dir='ltr'><strong>Non</strong></span> 
     </span>
    </p>
   </div>
   <div class='ocr_carea' id='block_1_103' title="bbox 1886 4394 3477 4472">
    <p class='ocr_par' dir='ltr' id='par_1_103' title="bbox 1886 4394 3477 4472">
     <span class='ocr_line' id='line_1_103' title="bbox 1886 4394 3477 4472; baseline 0 -20"><span class='ocrx_word' id='word_1_814' title='bbox 1886 4400 2026 4472; x_wconf 83' lang='lat' dir='ltr'><strong>potui</strong></span> <span class='ocrx_word' id='word_1_815' title='bbox 2055 4399 2191 4469; x_wconf 86' lang='lat' dir='ltr'><strong>loqui</strong></span> <span class='ocrx_word' id='word_1_816' title='bbox 2223 4396 2357 4452; x_wconf 86' lang='lat' dir='ltr'><strong>vobis</strong></span> <span class='ocrx_word' id='word_1_817' title='bbox 2400 4397 2542 4466; x_wconf 84' lang='lat' dir='ltr'><strong>quasi</strong></span> <span class='ocrx_word' id='word_1_818' title='bbox 2567 4394 2941 4465; x_wconf 87' lang='lat' dir='ltr'><strong>spiritualibus,</strong></span> <span class='ocrx_word' id='word_1_819' title='bbox 2970 4396 3058 4450; x_wconf 91' lang='lat' dir='ltr'><strong>sed</strong></span> <span class='ocrx_word' id='word_1_820' title='bbox 3080 4397 3225 4467; x_wconf 86' lang='lat' dir='ltr'><strong>quasi</strong></span> <span class='ocrx_word' id='word_1_821' title='bbox 3250 4399 3477 4452; x_wconf 83' lang='lat' dir='ltr'><strong>cumati-</strong></span> 
     </span>
    </p>
   </div>
   <div class='ocr_carea' id='block_1_104' title="bbox 1887 4485 3475 4562">
    <p class='ocr_par' dir='ltr' id='par_1_104' title="bbox 1887 4485 3475 4562">
     <span class='ocr_line' id='line_1_104' title="bbox 1887 4485 3475 4562; baseline -0.002 -16"><span class='ocrx_word' id='word_1_822' title='bbox 1887 4490 1996 4546; x_wconf 83' lang='lat' dir='ltr'><strong>bus.</strong></span> <span class='ocrx_word' id='word_1_823' title='bbox 2026 4489 2288 4562; x_wconf 85' lang='lat' dir='ltr'><strong>Tanquam</strong></span> <span class='ocrx_word' id='word_1_824' title='bbox 2317 4488 2538 4558; x_wconf 85' lang='lat' dir='ltr'><strong>parvulis</strong></span> <span class='ocrx_word' id='word_1_825' title='bbox 2568 4488 2619 4541; x_wconf 86' lang='lat' dir='ltr'><strong>in</strong></span> <span class='ocrx_word' id='word_1_826' title='bbox 2640 4485 2842 4541; x_wconf 83' lang='lat' dir='ltr'><strong>Christo</strong></span> <span class='ocrx_word' id='word_1_827' title='bbox 2870 4487 2948 4540; x_wconf 90' lang='lat' dir='ltr'><strong>lac</strong></span> <span class='ocrx_word' id='word_1_828' title='bbox 2967 4486 3105 4541; x_wconf 87' lang='lat' dir='ltr'><strong>vobis</strong></span> <span class='ocrx_word' id='word_1_829' title='bbox 3137 4499 3306 4557; x_wconf 89' lang='lat' dir='ltr'><strong>potum</strong></span> <span class='ocrx_word' id='word_1_830' title='bbox 3333 4488 3475 4558; x_wconf 85' lang='lat' dir='ltr'><strong>dedi,</strong></span> 
     </span>
    </p>
   </div>
   <div class='ocr_carea' id='block_1_105' title="bbox 1888 4580 3481 4652">
    <p class='ocr_par' dir='ltr' id='par_1_105' title="bbox 1888 4580 3481 4652">
     <span class='ocr_line' id='line_1_105' title="bbox 1888 4580 3481 4652; baseline -0.003 -12"><span class='ocrx_word' id='word_1_831' title='bbox 1888 4601 1989 4640; x_wconf 87' lang='lat' dir='ltr'><strong>non</strong></span> <span class='ocrx_word' id='word_1_832' title='bbox 2021 4600 2218 4647; x_wconf 83' lang='lat' dir='ltr'><strong>escam;</strong></span> <span class='ocrx_word' id='word_1_833' title='bbox 2256 4583 2480 4636; x_wconf 86' lang='lat' dir='ltr'><strong>nondum</strong></span> <span class='ocrx_word' id='word_1_834' title='bbox 2507 4582 2639 4635; x_wconf 89' lang='lat' dir='ltr'><strong>enim</strong></span> <span class='ocrx_word' id='word_1_835' title='bbox 2665 4581 2902 4652; x_wconf 87' lang='lat' dir='ltr'><strong>poteratis</strong></span> <span class='ocrx_word' id='word_1_836' title='bbox 2932 4596 2951 4635; x_wconf 88' lang='lat'><strong><em>:</em></strong></span> <span class='ocrx_word' id='word_1_837' title='bbox 2972 4580 3062 4634; x_wconf 88' lang='lat' dir='ltr'><strong>sed</strong></span> <span class='ocrx_word' id='word_1_838' title='bbox 3095 4597 3158 4634; x_wconf 87' lang='lat' dir='ltr'><strong>ne</strong></span> <span class='ocrx_word' id='word_1_839' title='bbox 3190 4597 3325 4635; x_wconf 85' lang='lat' dir='ltr'><strong>nunc</strong></span> <span class='ocrx_word' id='word_1_840' title='bbox 3363 4583 3481 4651; x_wconf 90' lang='lat' dir='ltr'><strong>qui-</strong></span> 
     </span>
    </p>
   </div>
   <div class='ocr_carea' id='block_1_106' title="bbox 1888 4672 3482 4748">
    <p class='ocr_par' dir='ltr' id='par_1_106' title="bbox 1888 4672 3482 4748">
     <span class='ocr_line' id='line_1_106' title="bbox 1888 4672 3482 4748; baseline -0.001 -18"><span class='ocrx_word' id='word_1_841' title='bbox 1888 4676 1999 4731; x_wconf 86' lang='lat' dir='ltr'><strong>dem</strong></span> <span class='ocrx_word' id='word_1_842' title='bbox 2028 4677 2264 4748; x_wconf 87' lang='lat' dir='ltr'><strong>potestis;</strong></span> <span class='ocrx_word' id='word_1_843' title='bbox 2290 4675 2458 4729; x_wconf 89' lang='lat' dir='ltr'><strong>adhuc</strong></span> <span class='ocrx_word' id='word_1_844' title='bbox 2488 4676 2616 4729; x_wconf 86' lang='lat' dir='ltr'><strong>enim</strong></span> <span class='ocrx_word' id='word_1_845' title='bbox 2644 4676 2763 4729; x_wconf 88' lang='lat' dir='ltr'><strong>estis</strong></span> <span class='ocrx_word' id='word_1_846' title='bbox 2786 4674 3035 4729; x_wconf 85' lang='lat' dir='ltr'><strong>carnales.</strong></span> <span class='ocrx_word' id='word_1_847' title='bbox 3066 4672 3192 4729; x_wconf 87' lang='lat' dir='ltr'><strong>Cum</strong></span> <span class='ocrx_word' id='word_1_848' title='bbox 3214 4675 3346 4728; x_wconf 85' lang='lat' dir='ltr'><strong>enim</strong></span> <span class='ocrx_word' id='word_1_849' title='bbox 3372 4676 3482 4729; x_wconf 88' lang='lat' dir='ltr'><strong>sint</strong></span> 
     </span>
    </p>
   </div>
   <div class='ocr_carea' id='block_1_107' title="bbox 1886 4769 3479 4836">
    <p class='ocr_par' dir='ltr' id='par_1_107' title="bbox 1886 4769 3479 4836">
     <span class='ocr_line' id='line_1_107' title="bbox 1886 4769 3479 4836; baseline -0.003 -9"><span class='ocrx_word' id='word_1_850' title='bbox 1886 4774 1940 4827; x_wconf 88' lang='lat' dir='ltr'><strong>in</strong></span> <span class='ocrx_word' id='word_1_851' title='bbox 1981 4773 2117 4826; x_wconf 90' lang='lat' dir='ltr'><strong>vobis</strong></span> <span class='ocrx_word' id='word_1_852' title='bbox 2157 4770 2411 4824; x_wconf 66' lang='lat' dir='ltr'><strong>aemulatio</strong></span> <span class='ocrx_word' id='word_1_853' title='bbox 2457 4778 2500 4823; x_wconf 89' lang='lat' dir='ltr'><strong>et</strong></span> <span class='ocrx_word' id='word_1_854' title='bbox 2544 4771 2829 4836; x_wconf 88' lang='lat' dir='ltr'><strong>contentio,</strong></span> <span class='ocrx_word' id='word_1_855' title='bbox 2879 4785 3046 4823; x_wconf 87' lang='lat' dir='ltr'><strong>nonne</strong></span> <span class='ocrx_word' id='word_1_856' title='bbox 3087 4769 3317 4822; x_wconf 86' lang='lat' dir='ltr'><strong>carnales</strong></span> <span class='ocrx_word' id='word_1_857' title='bbox 3360 4770 3479 4823; x_wconf 88' lang='lat' dir='ltr'><strong>estis</strong></span> 
     </span>
    </p>
   </div>
   <div class='ocr_carea' id='block_1_108' title="bbox 1890 4860 3478 4935">
    <p class='ocr_par' dir='ltr' id='par_1_108' title="bbox 1890 4860 3478 4935">
     <span class='ocr_line' id='line_1_108' title="bbox 1890 4860 3478 4935; baseline -0.004 -18"><span class='ocrx_word' id='word_1_858' title='bbox 1890 4863 2002 4935; x_wconf 90' lang='lat' dir='ltr'><strong>(Id.</strong></span> <span class='ocrx_word' id='word_1_859' title='bbox 2037 4878 2127 4927; x_wconf 86' lang='lat' dir='ltr'><strong>tn,</strong></span> <span class='ocrx_word' id='word_1_860' title='bbox 2162 4862 2311 4933; x_wconf 71' lang='lat'><strong>1-5)?</strong></span> <span class='ocrx_word' id='word_1_861' title='bbox 2338 4861 2609 4916; x_wconf 80' lang='lat' dir='ltr'><strong>Adversus</strong></span> <span class='ocrx_word' id='word_1_862' title='bbox 2638 4876 2797 4929; x_wconf 87' lang='lat' dir='ltr'><strong>quem</strong></span> <span class='ocrx_word' id='word_1_863' title='bbox 2838 4860 3168 4930; x_wconf 87' lang='lat' dir='ltr'><strong>concupiscit</strong></span> <span class='ocrx_word' id='word_1_864' title='bbox 3208 4860 3478 4914; x_wconf 82' lang='lat' dir='ltr'><strong>:cmulatio</strong></span> 
     </span>
    </p>
   </div>
   <div class='ocr_carea' id='block_1_109' title="bbox 1888 4950 3479 5019">
    <p class='ocr_par' dir='ltr' id='par_1_109' title="bbox 1888 4950 3479 5019">
     <span class='ocr_line' id='line_1_109' title="bbox 1888 4950 3479 5019; baseline -0.006 -7"><span class='ocrx_word' id='word_1_865' title='bbox 1888 4964 1943 5012; x_wconf 88' lang='lat' dir='ltr'><strong>et</strong></span> <span class='ocrx_word' id='word_1_866' title='bbox 1968 4954 2261 5019; x_wconf 88' lang='lat' dir='ltr'><strong>contentio,</strong></span> <span class='ocrx_word' id='word_1_867' title='bbox 2284 4953 2384 5007; x_wconf 86' lang='lat' dir='ltr'><strong>uisi</strong></span> <span class='ocrx_word' id='word_1_868' title='bbox 2406 4952 2662 5007; x_wconf 87' lang='lat' dir='ltr'><strong>adversus</strong></span> <span class='ocrx_word' id='word_1_869' title='bbox 2675 4950 2945 5005; x_wconf 85' lang='lat' dir='ltr'><strong>Christum</strong></span> <span class='ocrx_word' id='word_1_870' title='bbox 2965 4951 2988 5003; x_wconf 89' lang='lat'><strong>?</strong></span> <span class='ocrx_word' id='word_1_871' title='bbox 3006 4951 3109 5006; x_wconf 87' lang='lat' dir='ltr'><strong>llas</strong></span> <span class='ocrx_word' id='word_1_872' title='bbox 3131 4951 3273 5006; x_wconf 89' lang='lat' dir='ltr'><strong>enim</strong></span> <span class='ocrx_word' id='word_1_873' title='bbox 3298 4950 3479 5005; x_wconf 73' lang='lat' dir='ltr'><strong>carius</strong></span> 
     </span>
    </p>
   </div>
   <div class='ocr_carea' id='block_1_110' title="bbox 1890 5042 3478 5119">
    <p class='ocr_par' dir='ltr' id='par_1_110' title="bbox 1890 5042 3478 5119">
     <span class='ocr_line' id='line_1_110' title="bbox 1890 5042 3478 5119; baseline -0.006 -15"><span class='ocrx_word' id='word_1_874' title='bbox 1890 5048 2347 5119; x_wconf 87' lang='lat' dir='ltr'><strong>concupiscentias</strong></span> <span class='ocrx_word' id='word_1_875' title='bbox 2384 5045 2627 5102; x_wconf 89' lang='lat' dir='ltr'><strong>Christus</strong></span> <span class='ocrx_word' id='word_1_876' title='bbox 2666 5048 2716 5100; x_wconf 93' lang='lat' dir='ltr'><strong>in</strong></span> <span class='ocrx_word' id='word_1_877' title='bbox 2751 5046 2861 5099; x_wconf 90' lang='lat' dir='ltr'><strong>suis</strong></span> <span class='ocrx_word' id='word_1_878' title='bbox 2890 5053 3076 5113; x_wconf 88' lang='lat' dir='ltr'><strong>sanat,</strong></span> <span class='ocrx_word' id='word_1_879' title='bbox 3109 5044 3200 5098; x_wconf 90' lang='lat' dir='ltr'><strong>scd</strong></span> <span class='ocrx_word' id='word_1_880' title='bbox 3233 5047 3283 5098; x_wconf 91' lang='lat' dir='ltr'><strong>in</strong></span> <span class='ocrx_word' id='word_1_881' title='bbox 3315 5042 3478 5097; x_wconf 87' lang='lat' dir='ltr'><strong>tmllis</strong></span> 
     </span>
    </p>
   </div>
   <div class='ocr_carea' id='block_1_111' title="bbox 1889 5132 3477 5207">
    <p class='ocr_par' dir='ltr' id='par_1_111' title="bbox 1889 5132 3477 5207">
     <span class='ocr_line' id='line_1_111' title="bbox 1889 5132 3477 5207; baseline -0.004 -12"><span class='ocrx_word' id='word_1_882' title='bbox 1889 5149 2051 5195; x_wconf 89' lang='lat' dir='ltr'><strong>amat.</strong></span> <span class='ocrx_word' id='word_1_883' title='bbox 2105 5137 2255 5195; x_wconf 89' lang='lat' dir='ltr'><strong>Unde</strong></span> <span class='ocrx_word' id='word_1_884' title='bbox 2301 5146 2483 5193; x_wconf 88' lang='lat' dir='ltr'><strong>sancta</strong></span> <span class='ocrx_word' id='word_1_885' title='bbox 2530 5137 2770 5192; x_wconf 89' lang='lat' dir='ltr'><strong>Ecclesia</strong></span> <span class='ocrx_word' id='word_1_886' title='bbox 2815 5136 3063 5207; x_wconf 89' lang='lat' dir='ltr'><strong>quamdiu</strong></span> <span class='ocrx_word' id='word_1_887' title='bbox 3109 5132 3269 5188; x_wconf 89' lang='lat' dir='ltr'><strong>habet</strong></span> <span class='ocrx_word' id='word_1_888' title='bbox 3313 5134 3477 5188; x_wconf 81' lang='lat' dir='ltr'><strong>etiam</strong></span> 
     </span>
    </p>
   </div>
   <div class='ocr_carea' id='block_1_112' title="bbox 1894 5226 3478 5297">
    <p class='ocr_par' dir='ltr' id='par_1_112' title="bbox 1894 5226 3478 5297">
     <span class='ocr_line' id='line_1_112' title="bbox 1894 5226 3478 5297; baseline -0.004 -9"><span class='ocrx_word' id='word_1_889' title='bbox 1894 5233 2135 5288; x_wconf 84' lang='lat' dir='ltr'><strong>membra</strong></span> <span class='ocrx_word' id='word_1_890' title='bbox 2176 5230 2324 5297; x_wconf 86' lang='lat' dir='ltr'><strong>talia,</strong></span> <span class='ocrx_word' id='word_1_891' title='bbox 2358 5231 2595 5287; x_wconf 90' lang='lat' dir='ltr'><strong>nondum</strong></span> <span class='ocrx_word' id='word_1_892' title='bbox 2626 5240 2709 5286; x_wconf 91' lang='lat' dir='ltr'><strong>est</strong></span> <span class='ocrx_word' id='word_1_893' title='bbox 2734 5230 2847 5285; x_wconf 88' lang='lat' dir='ltr'><strong>sine</strong></span> <span class='ocrx_word' id='word_1_894' title='bbox 2874 5228 3075 5283; x_wconf 87' lang='lat' dir='ltr'><strong>macula</strong></span> <span class='ocrx_word' id='word_1_895' title='bbox 3100 5234 3161 5281; x_wconf 88' lang='lat' dir='ltr'><strong>et</strong></span> <span class='ocrx_word' id='word_1_896' title='bbox 3181 5241 3328 5295; x_wconf 83' lang='lat' dir='ltr'><strong>ruga.</strong></span> <span class='ocrx_word' id='word_1_897' title='bbox 3365 5226 3478 5281; x_wconf 88' lang='lat' dir='ltr'><strong>llue</strong></span> 
     </span>
    </p>
   </div>
   <div class='ocr_carea' id='block_1_113' title="bbox 1890 5316 3480 5393">
    <p class='ocr_par' dir='ltr' id='par_1_113' title="bbox 1890 5316 3480 5393">
     <span class='ocr_line' id='line_1_113' title="bbox 1890 5316 3480 5393; baseline -0.004 -14"><span class='ocrx_word' id='word_1_898' title='bbox 1890 5324 2151 5379; x_wconf 87' lang='lat' dir='ltr'><strong>accedunt</strong></span> <span class='ocrx_word' id='word_1_899' title='bbox 2178 5331 2230 5378; x_wconf 90' lang='lat' dir='ltr'><strong>et</strong></span> <span class='ocrx_word' id='word_1_900' title='bbox 2258 5324 2344 5377; x_wconf 85' lang='lat' dir='ltr'><strong>illa</strong></span> <span class='ocrx_word' id='word_1_901' title='bbox 2386 5330 2600 5393; x_wconf 88' lang='lat' dir='ltr'><strong>peccata</strong></span> <span class='ocrx_word' id='word_1_902' title='bbox 2622 5362 2638 5388; x_wconf 95' lang='lat'><strong>,</strong></span> <span class='ocrx_word' id='word_1_903' title='bbox 2682 5336 2779 5391; x_wconf 89' lang='lat' dir='ltr'><strong>pro</strong></span> <span class='ocrx_word' id='word_1_904' title='bbox 2817 5318 3009 5389; x_wconf 86' lang='lat' dir='ltr'><strong>quibus</strong></span> <span class='ocrx_word' id='word_1_905' title='bbox 3037 5316 3347 5388; x_wconf 86' lang='lat' dir='ltr'><strong>quotidiana</strong></span> <span class='ocrx_word' id='word_1_906' title='bbox 3374 5330 3480 5373; x_wconf 69' lang='lat' dir='ltr'><strong>vos</strong></span> 
     </span>
    </p>
   </div>
   <div class='ocr_carea' id='block_1_114' title="bbox 1892 5408 3477 5482">
    <p class='ocr_par' dir='ltr' id='par_1_114' title="bbox 1892 5408 3477 5482">
     <span class='ocr_line' id='line_1_114' title="bbox 1892 5408 3477 5482; baseline -0.005 -10"><span class='ocrx_word' id='word_1_907' title='bbox 1892 5416 2056 5472; x_wconf 88' lang='lat' dir='ltr'><strong>totius</strong></span> <span class='ocrx_word' id='word_1_908' title='bbox 2078 5415 2329 5471; x_wconf 66' lang='lat' dir='ltr'><strong>Ecclesia:</strong></span> <span class='ocrx_word' id='word_1_909' title='bbox 2354 5422 2455 5481; x_wconf 84' lang='lat' dir='ltr'><strong>est,</strong></span> <span class='ocrx_word' id='word_1_910' title='bbox 2482 5413 2691 5467; x_wconf 88' lang='lat' dir='ltr'><strong>Dimitte</strong></span> <span class='ocrx_word' id='word_1_911' title='bbox 2710 5410 2851 5465; x_wconf 86' lang='lat' dir='ltr'><strong>nobis</strong></span> <span class='ocrx_word' id='word_1_912' title='bbox 2873 5408 3042 5464; x_wconf 86' lang='lat' dir='ltr'><strong>debita</strong></span> <span class='ocrx_word' id='word_1_913' title='bbox 3063 5419 3237 5465; x_wconf 85' lang='lat' dir='ltr'><strong>nostra</strong></span> <span class='ocrx_word' id='word_1_914' title='bbox 3262 5409 3477 5482; x_wconf 82' lang='lat' dir='ltr'><strong>(Matth.</strong></span> 
     </span>
    </p>
   </div>
   <div class='ocr_carea' id='block_1_115' title="bbox 1890 5504 3476 5581">
    <p class='ocr_par' dir='ltr' id='par_1_115' title="bbox 1890 5504 3476 5581">
     <span class='ocr_line' id='line_1_115' title="bbox 1890 5504 3476 5581; baseline -0.006 -15"><span class='ocrx_word' id='word_1_915' title='bbox 1890 5524 1945 5567; x_wconf 75' lang='grc' dir='ltr'><strong>νι</strong></span> <span class='ocrx_word' id='word_1_916' title='bbox 1965 5551 1980 5577; x_wconf 87' lang='grc'><strong><em>,</em></strong></span> <span class='ocrx_word' id='word_1_917' title='bbox 2010 5509 2101 5581; x_wconf 72' lang='lat'><strong>1‘2)</strong></span> <span class='ocrx_word' id='word_1_918' title='bbox 2129 5527 2139 5561; x_wconf 91' lang='lat'>:</span> <span class='ocrx_word' id='word_1_919' title='bbox 2172 5524 2202 5562; x_wconf 87' lang='lat' dir='ltr'><strong>a</strong></span> <span class='ocrx_word' id='word_1_920' title='bbox 2228 5508 2420 5580; x_wconf 90' lang='lat' dir='ltr'><strong>quibus</strong></span> <span class='ocrx_word' id='word_1_921' title='bbox 2456 5523 2523 5562; x_wconf 90' lang='lat' dir='ltr'><strong>ne</strong></span> <span class='ocrx_word' id='word_1_922' title='bbox 2564 5504 2870 5575; x_wconf 81' lang='lat' dir='ltr'><strong>spirituales</strong></span> <span class='ocrx_word' id='word_1_923' title='bbox 2900 5509 3208 5573; x_wconf 72' lang='lat' dir='ltr'><strong>putaremus</strong></span> <span class='ocrx_word' id='word_1_924' title='bbox 3236 5504 3441 5558; x_wconf 87' lang='lat' dir='ltr'><strong>alienos</strong></span> <span class='ocrx_word' id='word_1_925' title='bbox 3462 5546 3476 5567; x_wconf 91' lang='lat'><strong>,</strong></span> 
     </span>
    </p>
   </div>
   <div class='ocr_carea' id='block_1_116' title="bbox 1892 5596 3480 5673">
    <p class='ocr_par' dir='ltr' id='par_1_116' title="bbox 1892 5596 3480 5673">
     <span class='ocr_line' id='line_1_116' title="bbox 1892 5596 3480 5673; baseline -0.005 -13"><span class='ocrx_word' id='word_1_926' title='bbox 1892 5619 1998 5660; x_wconf 90' lang='lat' dir='ltr'><strong>non</strong></span> <span class='ocrx_word' id='word_1_927' title='bbox 2028 5602 2350 5673; x_wconf 88' lang='lat' dir='ltr'><strong>quicumque</strong></span> <span class='ocrx_word' id='word_1_928' title='bbox 2391 5596 2680 5655; x_wconf 85' lang='lat' dir='ltr'><strong>carnalium</strong></span> <span class='ocrx_word' id='word_1_929' title='bbox 2702 5638 2719 5665; x_wconf 94' lang='lat'><strong>,</strong></span> <span class='ocrx_word' id='word_1_930' title='bbox 2752 5612 2851 5651; x_wconf 91' lang='lat' dir='ltr'><strong>nec</strong></span> <span class='ocrx_word' id='word_1_931' title='bbox 2883 5597 3119 5668; x_wconf 90' lang='lat' dir='ltr'><strong>ipsorum</strong></span> <span class='ocrx_word' id='word_1_932' title='bbox 3158 5599 3480 5667; x_wconf 87' lang='lat' dir='ltr'><strong>quicumque</strong></span> 
     </span>
    </p>
   </div>
   <div class='ocr_carea' id='block_1_117' title="bbox 1893 5690 3481 5769">
    <p class='ocr_par' dir='ltr' id='par_1_117' title="bbox 1893 5690 3481 5769">
     <span class='ocr_line' id='line_1_117' title="bbox 1893 5690 3481 5769; baseline -0.006 -15"><span class='ocrx_word' id='word_1_933' title='bbox 1893 5697 2266 5769; x_wconf 84' lang='lat' dir='ltr'><strong>spiritualium,</strong></span> <span class='ocrx_word' id='word_1_934' title='bbox 2300 5694 2392 5750; x_wconf 91' lang='lat' dir='ltr'><strong>sed</strong></span> <span class='ocrx_word' id='word_1_935' title='bbox 2423 5693 2510 5764; x_wconf 90' lang='lat' dir='ltr'><strong>qui</strong></span> <span class='ocrx_word' id='word_1_936' title='bbox 2540 5704 2700 5762; x_wconf 84' lang='lat' dir='ltr'><strong>super</strong></span> <span class='ocrx_word' id='word_1_937' title='bbox 2720 5701 2907 5763; x_wconf 78' lang='lat' dir='ltr'><strong>pectus</strong></span> <span class='ocrx_word' id='word_1_938' title='bbox 2938 5692 3145 5746; x_wconf 87' lang='lat' dir='ltr'><strong>Domini</strong></span> <span class='ocrx_word' id='word_1_939' title='bbox 3173 5690 3481 5748; x_wconf 82' lang='lat' dir='ltr'><strong>discumbe-</strong></span> 
     </span>
    </p>
   </div>
   <div class='ocr_carea' id='block_1_118' title="bbox 1892 5778 3477 5859">
    <p class='ocr_par' dir='ltr' id='par_1_118' title="bbox 1892 5778 3477 5859">
     <span class='ocr_line' id='line_1_118' title="bbox 1892 5778 3477 5859; baseline -0.006 -12"><span class='ocrx_word' id='word_1_940' title='bbox 1892 5790 2014 5858; x_wconf 85' lang='lat' dir='ltr'><strong>bat,</strong></span> <span class='ocrx_word' id='word_1_941' title='bbox 2046 5799 2097 5845; x_wconf 89' lang='lat' dir='ltr'><strong>et</strong></span> <span class='ocrx_word' id='word_1_942' title='bbox 2124 5805 2279 5859; x_wconf 74' lang='lat' dir='ltr'><strong>qucrn</strong></span> <span class='ocrx_word' id='word_1_943' title='bbox 2323 5802 2430 5856; x_wconf 63' lang='lat' dir='ltr'><strong>prte</strong></span> <span class='ocrx_word' id='word_1_944' title='bbox 2459 5784 2669 5840; x_wconf 60' lang='lat' dir='ltr'><strong>caeteris</strong></span> <span class='ocrx_word' id='word_1_945' title='bbox 2704 5782 2963 5856; x_wconf 78' lang='lat' dir='ltr'><strong>diligebat</strong></span> <span class='ocrx_word' id='word_1_946' title='bbox 2987 5778 3166 5856; x_wconf 74' lang='lat' dir='ltr'><strong>(foan.</strong></span> <span class='ocrx_word' id='word_1_947' title='bbox 3197 5798 3325 5850; x_wconf 79' lang='lat' dir='ltr'><strong>xm,</strong></span> <span class='ocrx_word' id='word_1_948' title='bbox 3357 5780 3477 5854; x_wconf 73' lang='lat'><strong>2&#39;5),</strong></span> 
     </span>
    </p>
   </div>
   <div class='ocr_carea' id='block_1_119' title="bbox 1897 5910 3481 6049">
    <p class='ocr_par' dir='ltr' id='par_1_119' title="bbox 1897 5910 3481 6049">
     <span class='ocr_line' id='line_1_119' title="bbox 1897 5910 3481 6049; baseline 0.003 -79"><span class='ocrx_word' id='word_1_949' title='bbox 1897 5922 2074 6049; x_wconf 50' lang='lat' dir='ltr'><strong>mtuam</strong></span> <span class='ocrx_word' id='word_1_950' title='bbox 2119 5929 2221 5973; x_wconf 76' lang='lat' dir='ltr'><strong>Mss.</strong></span> <span class='ocrx_word' id='word_1_951' title='bbox 2267 5929 2321 5976; x_wconf 78' lang='lat' dir='ltr'><strong>Al</strong></span> <span class='ocrx_word' id='word_1_952' title='bbox 2365 5920 2480 5974; x_wconf 82' lang='lat' dir='ltr'><strong>editi</strong></span> <span class='ocrx_word' id='word_1_953' title='bbox 2532 5930 2653 5993; x_wconf 84' lang='lat' dir='ltr'><strong>pro,</strong></span> <span class='ocrx_word' id='word_1_954' title='bbox 2698 5928 2826 5987; x_wconf 75' lang='lat' dir='ltr'><strong>non,</strong></span> <span class='ocrx_word' id='word_1_955' title='bbox 2878 5919 3093 5986; x_wconf 76' lang='lat' dir='ltr'><strong>habent.</strong></span> <span class='ocrx_word' id='word_1_956' title='bbox 3137 5913 3280 5975; x_wconf 63' lang='lat' dir='ltr'><strong>eam.</strong></span> <span class='ocrx_word' id='word_1_957' title='bbox 3332 5910 3481 5974; x_wconf 70' lang='lat' dir='ltr'><strong>linus</strong></span> 
     </span>
    </p>
   </div>
  </div>
