4046 6332
460 5128 468 5201 ἕ

527 446 632 512 56⁸1

527 568 593 625 Si
614 563 922 633 dixerimus,
948 563 1155 636 inquit,
1186 562 1307 633 quia
1330 568 1593 635 peccatum
1617 576 1721 615 non
1744 561 2004 623 habemus,
2029 573 2121 613 nos

525 663 666 733 ipsos
685 659 963 730 decipimus
981 699 998 726 ,
1026 666 1076 712 et
1104 657 1287 711 ueritas
1313 656 1367 711 in
1400 655 1546 710 nobis
1576 672 1679 710 non
1705 664 1776 710 est
1808 653 1863 726 (Ι
1890 654 2047 707 Joan.
2071 669 2118 717 ι,

525 753 605 825 8).
638 752 697 808 ln
728 750 872 807 omni
898 758 1079 805 autem
1108 755 1352 819 peccato,
1381 748 1502 818 plus
1531 748 1585 803 in
1613 746 1837 817 majore,
1870 746 2047 800 minus
2069 744 2122 798 in

524 848 770 912 minore,
803 854 980 900 tamen
1009 851 1199 899 contra
1226 842 1488 913 justitiam
1514 840 1930 911 concupiscitur.
1961 838 2030 892 Et
2052 836 2123 893 de

524 939 743 995 Christo
781 936 1040 1008 scriptum
1071 942 1155 990 est
1179 951 1192 987 :
1223 934 1323 1001 Qui
1353 937 1518 1004 factus
1545 942 1617 988 est
1646 932 1788 986 nobis
1818 929 2067 999 sapientia
2090 945 2123 982 a

525 1029 656 1095 Deo,
683 1038 729 1084 et
747 1029 950 1100 justitia
969 1068 984 1094 ,
1012 1035 1058 1082 et
1082 1025 1440 1094 sanctiﬁcatio,
1464 1033 1511 1079 et
1539 1024 1819 1094 redemptio
1846 1022 1897 1094 (l
1926 1020 2047 1077 Cor.
2070 1037 2120 1090 ι,

525 1123 639 1193 50).
667 1121 726 1176 ln
753 1122 899 1176 omni
926 1119 1086 1190 igitur
1115 1126 1338 1190 peccato
1366 1124 1553 1172 contra
1581 1116 1855 1171 Christum
1879 1114 1995 1169 sine
2020 1112 2123 1168 du-

524 1215 616 1271 bio
653 1213 1050 1284 concupiscitur
1091 1231 1104 1266 :
1141 1211 1237 1267 sed
1276 1211 1366 1281 qui
1406 1219 1561 1264 sanat
1604 1223 1791 1264 omnes
1837 1209 2122 1278 languores

524 1313 741 1363 nostros
772 1302 946 1373 (Psal.
982 1319 1080 1370 cu,
1113 1302 1167 1375 ’5)
1190 1345 1204 1369 ,
1238 1317 1361 1358 cum
1390 1300 1701 1374 perduxerit
1728 1299 2029 1356 Ecclesiam
2052 1298 2121 1354 ad

526 1402 845 1471 promissam
878 1399 1151 1469 languoris
1173 1398 1490 1464 sanitatem,
1530 1404 1657 1451 tunc
1688 1395 1743 1449 in
1768 1394 1915 1449 nullo
1950 1408 2123 1449 mem-

524 1494 743 1549 brorum
773 1493 886 1563 ejus
913 1491 1203 1561 quamlibet
1238 1491 1457 1545 minima
1498 1491 1604 1546 erit
1643 1490 1750 1545 ulla
1787 1488 1996 1544 macula
2029 1495 2122 1542 aut

525 1600 676 1656 ruga.
718 1584 868 1640 Tunc
904 1584 1051 1638 nullo
1088 1583 1249 1638 modo
1275 1598 1401 1639 caro
1427 1583 1685 1638 adversus
1711 1582 1956 1653 spiritum
1985 1596 2120 1636 con-

526 1676 765 1746 cupiscet
786 1692 799 1741 ;
824 1683 878 1729 et
898 1675 1019 1729 ideo
1038 1675 1185 1729 nulla
1206 1675 1308 1729 erit
1327 1690 1487 1730 causa
1508 1689 1605 1730 cur
1624 1673 1880 1729 adversus
1900 1688 2119 1728 carnem

525 1771 687 1826 etiam
712 1770 929 1839 spiritus
950 1769 1313 1839 concupiscat.
1337 1767 1487 1822 Tunc
1508 1767 1667 1822 ﬁnem
1692 1766 1920 1836 accipiet
1945 1764 2120 1820 omnis

525 1863 643 1919 lucc
672 1878 881 1933 pugna,
918 1871 1043 1915 tunc
1080 1860 1358 1915 ambarum
1391 1860 1809 1915 substantiarum
1837 1860 1941 1914 erit
1969 1872 2120 1913 sum-

438 1942 443 1947 ’
523 1970 613 2010 ma
633 1953 917 2009 concordia
945 1971 956 2006 :
983 1962 1108 2008 tunc
1131 1968 1300 2022 usque
1326 1952 1461 2007 adeo
1491 1952 1561 2005 ibi
1593 1950 1770 2006 nullus
1792 1952 1896 2006 erit
1923 1964 2120 2004 carna-

523 2048 613 2114 lis,
643 2060 693 2103 uI
726 2050 888 2100 etiam
909 2061 1037 2101 caro
1058 2046 1169 2115 ipsa
1200 2046 1269 2099 sit
1295 2044 1605 2115 spiritualis.
1638 2043 1790 2111 Quod
1817 2057 1947 2114 ergo
1977 2056 2121 2097 nunc

524 2141 636 2212 agit
663 2157 786 2194 eum
826 2155 989 2194 carne
1017 2152 1111 2192 sua
1148 2138 1373 2208 quisque
1410 2136 1705 2191 secundum
1735 2134 2007 2190 Christum
2036 2134 2121 2188 vi-

524 2246 691 2297 vens,
722 2246 843 2285 cum
875 2238 929 2284 et
955 2229 1284 2298 concupiscit
1318 2228 1578 2283 adversus
1611 2228 1728 2296 ejus
1757 2228 1951 2283 malam
1986 2242 2115 2281 con-

523 2322 932 2395 cupiscentiam,
960 2336 1120 2392 quam
1142 2322 1158 2352 ¹
1183 2321 1476 2376 sanandam
1503 2321 1772 2388 continet,
1800 2336 1958 2391 quam
1985 2334 2123 2375 non-

522 2416 650 2472 dum
697 2426 937 2472 sanatam
989 2422 1170 2479 tenet;
1217 2422 1274 2469 et
1320 2422 1497 2469 tamen
1546 2413 1663 2484 ejus
1707 2414 1901 2468 bonam
1953 2413 2122 2469 nutrit

522 2517 767 2564 naturam
811 2509 1099 2578 fovetque,
1149 2508 1404 2577 quoniam
1453 2524 1599 2561 nemo
1648 2524 1873 2578 unquam
1913 2523 2120 2561 carnem

522 2622 671 2659 suam
696 2603 813 2658 odio
845 2603 1021 2657 habuit
1048 2600 1268 2673 (Ephes.
1298 2618 1353 2668 ν,
1381 2601 1474 2674 29)
1504 2620 1518 2656 :
1543 2602 1644 2657 hoc
1666 2602 1825 2657 etiam
1858 2601 1967 2672 agit
1995 2615 2119 2656 cum

521 2699 761 2755 Ecclesia
790 2698 1057 2764 Christus,
1090 2704 1346 2767 quantum
1370 2694 1449 2751 t‘as
1470 2705 1553 2751 est
1576 2709 1890 2765 comparare
1911 2694 2120 2750 minora

522 2793 833 2863 majoribus.
870 2791 1005 2846 Nam
1044 2799 1100 2847 et
1134 2789 1561 2860 correptionibns
1590 2804 1709 2845 eam
1747 2788 2022 2859 reprimit,
2050 2802 2121 2844 ne

521 2886 842 2956 impunitate
866 2883 1047 2938 inﬁata
1069 2882 1296 2938 dissiliat
1315 2884 1369 2948 ²;
1392 2890 1447 2937 et
1464 2881 1919 2937 consolationibus
1940 2880 2116 2953 erigit,

524 2995 595 3035 ne
623 2988 839 3049 gravata
868 2977 1177 3032 inﬁrmitate
1198 2976 1530 3032 succumbat.
1558 2975 1694 3029 Hinc
1716 2983 1801 3029 est
1828 2973 1954 3029 illud
1974 2973 2121 3044 Apo-

521 3072 647 3127 stoli
686 3070 785 3141 :_Si
819 3072 953 3126 enim
979 3087 1070 3125 nos
1098 3070 1237 3141 ipsos
1265 3067 1698 3140 dijudicaremus,
1726 3082 1829 3120 non
1855 3064 2120 3137 judicare-

521 3180 636 3217 ntur
659 3178 679 3218 :
701 3179 817 3216 cum
837 3161 1141 3230 judicamur
1167 3170 1357 3226 autent,
1388 3176 1422 3213 a
1450 3158 1671 3212 Domino
1700 3156 2027 3227 corripimur,
2057 3172 2120 3211 ne

521 3273 635 3311 cum
654 3256 749 3310 hoc
768 3256 954 3311 mundo
966 3254 1263 3308 damnemur
1286 3251 1338 3324 (Ι
1359 3250 1477 3306 Cor.
1508 3268 1580 3318 xl,
1604 3251 1667 3306 3|
1689 3259 1736 3304 et
1756 3248 1869 3319 '52).
1896 3250 1964 3304 Et
1988 3249 2118 3305 illud

520 3349 577 3404 in
604 3349 821 3405 Psalmo
850 3365 863 3401 :
898 3346 1193 3402 Secundum
1231 3344 1605 3399 multitudinem
1632 3344 1865 3398 dolorum
1891 3358 2120 3397 meorum

519 3440 576 3496 in
601 3440 755 3495 corde
782 3455 911 3505 meo,
948 3437 1317 3493 consolationes
1346 3444 1446 3490 tua:
1460 3434 1874 3506 jucundaverunt
1895 3433 2118 3487 animam

519 3548 687 3587 meam
710 3529 881 3603 (Psal.
906 3544 1057 3595 xcnt,
1085 3528 1195 3599 19).
1219 3527 1369 3582 Tunc
1389 3542 1518 3597 ergo
1538 3526 1801 3596 speranda
1828 3534 1916 3581 est
1939 3524 2117 3582 carnis

520 3632 724 3679 nostra:
745 3621 861 3676 sine
878 3620 980 3674 ulla
1004 3620 1389 3690 repugnatione
1409 3616 1645 3688 perfecta
1667 3616 1887 3684 sanitas,
1904 3618 2118 3687 quando

521 3714 626 3769 erit
651 3711 908 3766 Ecclesia:
936 3709 1134 3764 Christi
1155 3710 1273 3764 sine
1299 3709 1412 3763 ullo
1439 3708 1633 3763 timore
1660 3716 1808 3764 certa
1833 3709 2115 3766 securitas.

594 3801 821 3858 CAPUT
843 3800 957 3855 Xll.
970 3828 1043 3840 -
1064 3800 1155 3855 26.
1170 3798 1488 3854 Continentia
1504 3799 1908 3853 Maniclueorum
1923 3807 1969 3854 et
1983 3800 2117 3855 alio-

521 3914 638 3954 rum
663 3894 1019 3968 quorumdam,
1046 3893 1327 3965 praesertim
1349 3891 1701 3946 hazreticorum
1719 3932 1735 3959 ,
1760 3891 1915 3962 falsa.
1946 3891 2119 3948 Conti-

522 3991 695 4048 nentia
719 3990 837 4044 item
856 3987 1190 4059 quorumdam
1217 3985 1481 4040 immunda
1501 4026 1515 4051 ,
1546 3993 1604 4039 ut
1631 4000 1721 4057 per
1739 3984 1963 4056 magicas
1984 3993 2119 4041 artes

523 4082 816 4154 perveniant
864 4078 931 4133 ad
977 4095 1160 4133 uxores
1207 4076 1420 4132 alienas.
1471 4076 1596 4132 Haec
1641 4076 1897 4131 adversus
1943 4075 2118 4131 Mani-

524 4175 706 4231 chmos
736 4171 1000 4227 fallaciter
1042 4172 1380 4226 continentes
1399 4210 1415 4235 ,
1447 4184 1546 4240 pro
1573 4169 1753 4225 veraci
1792 4170 2118 4226 continentia

525 4267 829 4337 disputasse
866 4264 1175 4332 suffecerit,
1217 4279 1287 4319 ne
1324 4263 1670 4318 continentiae
1714 4263 2020 4320 fructuosus
2064 4273 2118 4322 et

524 4362 791 4434 gloriosus
830 4359 1019 4425 labor,
1067 4367 1271 4429 partem
1318 4356 1555 4412 inﬁmam
1601 4365 1874 4422 nostram,
1916 4356 1971 4412 id
1999 4365 2115 4425 est,

524 4470 742 4525 corpus,
758 4451 971 4524 quando
986 4450 1054 4505 ab
1075 4449 1440 4506 immoderatis
1463 4459 1517 4504 et
1538 4449 1738 4505 illicitis
1756 4449 2117 4520 voluptatibus

524 4547 743 4604 cohibet
770 4555 823 4601 et
851 4544 1118 4611 refrenat,
1149 4560 1258 4599 non
1286 4543 1571 4599 salubriter
1595 4544 1886 4615 castigare,
1916 4545 2011 4601 sed
2038 4546 2118 4601 in-

524 4640 721 4697 sectari
748 4638 1001 4695 credatur
1043 4636 1331 4692 hostiliter.
1372 4636 1580 4707 Corpus
1608 4638 1806 4709 quippe
1843 4638 1911 4694 ab
1950 4640 2117 4695 animi

524 4742 605 4789 est
644 4732 859 4803 quidem
899 4740 1089 4786 natura
1134 4730 1402 4787 diversum
1427 4770 1445 4797 ,
1484 4729 1580 4785 sed
1622 4746 1728 4787 non
1756 4740 1841 4788 est
1865 4747 1895 4787 a
1926 4741 2118 4790 natura

522 4826 760 4883 hominis
783 4826 1037 4881 alienum.
1076 4823 1196 4880 Non
1229 4822 1375 4880 enim
1409 4808 1617 4879 animus
1653 4833 1862 4881 constat
1896 4842 1962 4882 ex
1990 4841 2116 4883 cor-

522 4936 691 4994 pore;
721 4920 816 4976 sed
845 4927 1022 4975 tamen
1054 4918 1217 4974 homo
1243 4933 1309 4974 ex
1338 4917 1519 4973 animo
1539 4926 1750 4974 constat
1774 4929 1829 4976 et
1850 4934 2114 4992 corpore:

522 5022 579 5069 et
605 5015 792 5083 utique
822 5011 961 5067 Deus
985 5024 1146 5080 quem
1165 5009 1379 5077 liberat,
1405 5019 1574 5065 totum
1600 5008 1873 5067 hominem
1898 5012 2113 5069 liberat.

524 5102 680 5161 Unde
711 5111 880 5159 totum
921 5100 1194 5157 hominem
1220 5101 1380 5155 etiam
1406 5098 1652 5156 Salvator
1692 5102 1807 5171 ipse
1842 5102 2111 5173 suscepit,

524 5193 771 5265 dignatus
799 5195 853 5249 in
878 5193 1034 5249 nobis
1061 5199 1231 5247 totum
1258 5191 1486 5248 liberare
1515 5191 1656 5263 quod
1684 5192 1826 5248 fecit.
1850 5193 1953 5260 Qui
1986 5208 2117 5249 con-

525 5297 611 5343 tra
636 5288 791 5343 istam
824 5288 1061 5343 sentiunt
1083 5284 1393 5350 veritatem,
1422 5283 1551 5355 quid
1580 5284 1659 5340 eis
1688 5285 1907 5355 prodest
1932 5285 2114 5342 libidi-

526 5392 629 5435 nes
656 5379 969 5434 continere?
990 5378 1037 5434 si
1057 5387 1235 5433 tamen
1257 5376 1461 5447 aliquas
1479 5378 1776 5433 continent.
1799 5378 1937 5445 Quid
1959 5378 2013 5434 in
2036 5380 2115 5437 eis

525 5486 625 5543 per
652 5471 1035 5527 continentiam
1062 5478 1239 5542 potest
1273 5471 1391 5527 ﬁeri
1416 5470 1695 5535 mundum,
1727 5486 1953 5543 quorum
1980 5488 2115 5530 con-

528 5561 752 5618 tiuentia
779 5561 899 5617 talis
926 5562 1199 5617 immunda
1224 5560 1345 5619 est?
1370 5577 1491 5633 quae
1518 5577 1621 5619 nec
1658 5564 1983 5619 continentia
2014 5581 2115 5621 no-

526 5656 781 5713 minanda
810 5664 911 5713 est.
941 5656 1152 5713 Sentlre
1178 5657 1375 5729 quippe
1401 5658 1546 5732 quod
1570 5659 1841 5729 sentiunt,
1868 5662 2014 5717 virus
2034 5671 2119 5719 est

528 5749 761 5818 diaboli;
788 5749 1116 5807 continentia
1139 5765 1270 5808 vero
1296 5767 1490 5809 munus
1512 5762 1596 5812 est
1615 5754 1730 5813 Dei.
1757 5754 1909 5814 Sicut
1935 5765 2115 5815 autem

2024 6001 2045 6033 ,Α
2074 6006 2148 6028 γ’...

1622 440 1712 501 DE
1748 438 2232 509 CONTINENTIA,
2270 437 2328 496 S.
2371 438 2738 498 AUGUSTIN!

2234 574 2342 615 non
2371 559 2547 616 omnis
2575 560 2664 631 qui
2695 560 2893 633 aliquid
2918 561 3116 633 patitur
3133 605 3148 632 ,
3174 570 3270 621 aut
3302 563 3571 637 quoslibet
3600 564 3818 627 dolores

2231 650 2645 712 tolerantissime
2667 656 2883 727 patitur,
2909 658 3068 714 habet
3083 674 3203 716 eam
3227 660 3500 729 virtutem,
3522 676 3643 733 quae
3663 661 3812 718 simi-

2229 748 2350 806 liter
2379 751 2475 807 Dei
2508 767 2700 809 munus
2737 761 2847 820 est,
2878 762 2935 809 et
2969 755 3223 825 patientia
3250 763 3588 827 nuncupatur
3620 756 3816 813 :mnlti

2229 844 2373 899 enim
2399 845 2627 901 tolerant
2659 847 2824 903 multa
2852 856 3114 904 tormenta
3135 889 3152 915 ,
3180 865 3249 906 ne
3276 849 3331 906 in
3356 850 3470 906 suis
3496 850 3816 910 criminibus

2229 937 2461 1007 prodant
2500 948 2592 995 aut
2625 939 2767 996 male
2801 940 2904 998 sibi
2930 942 3210 1009 conscios,
3244 949 3337 998 aut
3358 956 3420 999 se
3453 943 3634 1015 ipsos;
3658 944 3817 1001 multi

2228 1041 2328 1097 pro
2348 1029 2628 1100 explendis
2651 1031 3041 1088 ardentissimis
3062 1032 3394 1101 libidinibus,
3407 1042 3463 1089 et
3480 1034 3814 1103 obtinendis,

2228 1119 2314 1174 vel
2350 1134 2458 1176 non
2484 1121 2847 1194 relinquendis
2888 1124 2968 1179 eis
3011 1123 3172 1181 rebus
3203 1123 3397 1195 quibus
3428 1124 3643 1180 vinculo
3669 1126 3818 1196 pravi

2228 1212 2429 1267 amoris
2454 1212 2695 1279 obstricti
2725 1223 2879 1282 sunt;
2910 1215 3060 1271 multi
3085 1230 3183 1286 pro
3206 1215 3433 1272 diversis
3457 1225 3513 1272 et
3540 1216 3813 1287 pernicio-

2227 1303 2338 1370 sis,
2384 1304 2576 1374 quibus
2614 1306 2962 1363 vehementer
2999 1315 3280 1375 tenentur,
3328 1308 3632 1375 erroribus;
3679 1323 3818 1379 quos

2228 1409 2420 1452 omnes
2458 1397 2598 1453 absit
2635 1407 2695 1454 ut
2738 1415 2919 1456 veram
2963 1400 3201 1457 dicamus
3227 1400 3427 1458 habere
3455 1402 3769 1473 patientiam
3801 1421 3815 1459 :

2228 1487 2301 1542 ita
2331 1502 2437 1543 non
2468 1490 2645 1546 omnis
2667 1490 2757 1561 qui
2798 1491 3000 1562 aliquid
3041 1493 3310 1561 continet,
3353 1494 3437 1549 vel
3474 1494 3618 1564 ipsas
3654 1495 3819 1551 etiam

2228 1584 2407 1640 carnis
2432 1593 2523 1640 aut
2548 1585 2713 1640 animi
2740 1585 2988 1643 libidines
3013 1586 3332 1644 mirabiliter
3356 1588 3630 1657 continet,
3658 1589 3819 1644 istam

2228 1677 2635 1744 continentiam,
2658 1677 2725 1734 de
2747 1679 2900 1749 cujus
2920 1679 3151 1736 utilitate
3176 1687 3232 1736 et
3254 1678 3452 1736 decore
3475 1680 3816 1747 disserimus,

2229 1768 2429 1825 habere
2448 1768 2708 1826 dicendus
2727 1778 2830 1827 est.
2854 1770 3080 1838 Quidam
3100 1770 3266 1839 enim,
3288 1771 3433 1842 quod
3454 1771 3649 1827 mirum
3670 1771 3821 1828 dictu

2229 1860 2398 1916 videri
2416 1870 2613 1931 potest,
2645 1877 2741 1933 per
2770 1863 3107 1919 incontinent
3127 1878 3214 1918 am
3244 1877 3306 1919 se
3331 1864 3639 1930 continent;
3670 1864 3820 1920 velut

2230 1954 2275 2009 si
2302 1969 2361 2009 se
2385 1954 2580 2009 mulier
2600 1956 2872 2010 contineat
2891 1971 2920 2010 a
2944 1957 3157 2025 marito,
3178 1956 3301 2028 quia
3322 1954 3426 2013 hoc
3447 1956 3648 2027 juravit
3664 1955 3821 2013 adul-

2229 2055 2366 2102 tero.
2391 2046 2620 2113 Quidam
2642 2061 2739 2118 per
2758 2046 3091 2117 injustitiam,
3116 2047 3262 2104 velut
3296 2048 3343 2103 si
3371 2047 3631 2105 miscendi
3655 2062 3820 2105 sexus

2231 2151 2339 2192 non
2382 2136 2571 2192 reddat
2611 2131 2812 2207 conjux
2853 2138 3067 2209 conjugi
3112 2138 3385 2206 debitum,
3425 2140 3550 2211 quia
3577 2139 3693 2210 ipse
3732 2139 3820 2195 vel

2230 2230 2345 2301 ipsa
2384 2230 2496 2302 jam
2533 2240 2707 2302 potest
2743 2231 2961 2288 vincere
3003 2232 3165 2288 talem
3207 2232 3450 2303 corporis
3493 2232 3815 2304 appetitum.

2230 2320 2366 2377 Item
2407 2321 2623 2393 quidam
2666 2323 2941 2379 continent
2984 2322 3196 2393 decepti
3235 2322 3341 2379 ﬁde
3383 2322 3551 2391 falsa,
3590 2332 3646 2380 et
3679 2339 3821 2380 vana

2232 2423 2540 2486 sperantes,
2577 2424 2632 2472 et
2664 2431 2800 2471 vana
2828 2424 3099 2472 sectantes
3132 2432 3145 2469 :
3176 2416 3229 2470 in
3259 2415 3450 2485 quibus
3476 2424 3598 2471 sunt
3625 2430 3822 2472 omnes

2231 2507 2474 2563 hzeretici
2494 2548 2510 2575 ,
2539 2517 2594 2563 et
2622 2508 2944 2579 quicumque
2968 2507 3068 2563 sub
3093 2508 3310 2563 nomine
3344 2506 3615 2578 religionis
3638 2506 3823 2577 aliquo

2230 2613 2419 2655 errore
2452 2598 2732 2665 falluntur;
2772 2615 3000 2670 quorum
3041 2599 3373 2655 continentia
3412 2612 3537 2655 vera
3566 2606 3747 2665 esset,
3776 2598 3826 2654 si

2230 2698 2378 2748 esset
2402 2700 2457 2748 et
2485 2692 2619 2748 ﬁdes
2639 2706 2764 2747 vera
2790 2710 2804 2745 :
2831 2707 2953 2747 eum
2972 2706 3103 2748 vero
3132 2692 3221 2747 illa
3250 2700 3533 2763 propterea
3560 2707 3659 2748 nec
3686 2690 3827 2749 ﬁdes

2229 2784 2302 2839 sit
2326 2783 2643 2854 appellanda
2664 2825 2679 2852 ,
2711 2784 2837 2856 quia
2865 2783 2999 2839 falsa
3027 2792 3131 2852 est,
3150 2783 3267 2840 sine
3294 2783 3456 2840 dubio
3483 2794 3540 2841 et
3562 2784 3662 2841 ista
3685 2798 3824 2841 con-

2230 2877 2471 2933 tinentiae
2505 2878 2722 2934 nomine
2760 2876 2977 2949 indigna
3016 2886 3119 2934 est.
3160 2876 3429 2949 Numquid
3460 2878 3603 2934 enim
3642 2879 3825 2935 conti-

2229 2971 2468 3027 nentiam
2492 2971 2532 3039 ί,
2555 2985 2714 3042 quam
2734 2985 2929 3027 munus
2948 2970 3043 3026 Dei
3062 2970 3343 3028 verissime
3359 2971 3606 3039 dicimus,
3628 2971 3830 3029 dicturi

2230 3076 2419 3118 sumus
2442 3076 2564 3117 esse
2590 3064 2911 3134 peccatum?
2942 3061 3097 3118 Absit
3124 3077 3155 3117 a
3181 3062 3382 3119 nostris
3420 3062 3673 3119 cordibus
3714 3072 3827 3119 tam

2228 3152 2549 3210 detestanda
2587 3153 2878 3210 dementia.
2921 3154 3119 3211 Beatus
3161 3163 3335 3209 autem
3373 3154 3664 3224 Apostolus
3708 3154 3829 3226 ait,

2233 3244 2397 3301 Omne
2420 3246 2557 3319 quod
2594 3263 2697 3302 non
2721 3256 2880 3301 estea:
2906 3248 3045 3317 ﬁde,
3082 3255 3338 3319 peccatum
3373 3255 3446 3303 est
3480 3246 3656 3319 (Rom.
3700 3265 3825 3318 xrv,

2227 3337 2344 3412 23).
2386 3339 2516 3408 Quae
2553 3338 2715 3410 igitur
2760 3354 2871 3395 non
2911 3338 3074 3396 habet
3115 3337 3306 3408 ﬁdem,
3350 3353 3452 3395 nec
3492 3339 3833 3397 continentia

2176 3458 2179 3463 -
2228 3430 2555 3489 nominanda
2579 3439 2683 3487 est.

2299 3523 2391 3580 27.
2422 3523 2558 3582 Sunt
2583 3524 2746 3581 etiam
2774 3524 2866 3597 qui
2893 3532 3079 3595 aperte
3114 3524 3363 3597 malignis
3395 3525 3680 3583 serviendo
3710 3525 3834 3581 daa-

2228 3618 2497 3687 monibus,
2534 3633 2567 3674 a
2603 3619 2847 3689 corporis
2886 3618 3247 3689 voluptatibus
3287 3620 3581 3689 continent,
3626 3626 3686 3674 ut
3730 3633 3835 3690 per

2228 3726 2325 3768 eos
2370 3711 2622 3782 expleant
2661 3709 2891 3768 nefarias
2926 3711 3251 3783 voluptates,
3292 3727 3518 3783 quarum
3563 3712 3837 3783 impetum

2229 3804 2585 3874 ardoremque
2631 3818 2740 3861 non
2780 3804 3075 3860 continent.
3121 3803 3275 3861 Unde
3305 3812 3363 3860 ut
3389 3804 3584 3876 aliquid
3620 3804 3831 3874 dicam,

2230 3905 2286 3954 et
2328 3906 2524 3953 caetera
2565 3904 2787 3967 propter
2831 3896 3093 3953 sermonis
3148 3897 3534 3968 longitudinem
3577 3906 3834 3965 taceam;

2230 3988 2449 4061 quidam
2478 4002 2587 4045 non
2612 3989 2880 4060 attingunt
2905 3988 3068 4045 etiam
3100 4002 3295 4045 uxores
3320 4002 3466 4056 suas,
3500 3989 3627 4044 dum
3670 3987 3837 4059 quasi

2229 4082 2416 4139 mundi
2438 4097 2535 4155 per
2553 4083 2785 4155 magicas
2803 4091 2949 4139 artes
2974 4082 3259 4154 pervenire
3279 4081 3347 4136 ad
3371 4096 3573 4138 uxores
3598 4081 3840 4137 moliun-

2230 4183 2318 4230 tur
2337 4173 2558 4231 alienas.
2582 4174 2627 4231 Ο
2645 4174 2943 4230 mirabilem
2989 4173 3393 4242 continentiam,
3426 4173 3533 4230 imo
3559 4187 3696 4229 vero
3736 4188 3840 4229 ne-

2230 4267 2451 4338 quitiam
2471 4274 2631 4337 atque
2654 4265 3044 4322 immunditiam
3065 4267 3419 4336 singularem!
3446 4265 3504 4322 Si
3524 4265 3673 4321 enim
3700 4278 3838 4320 vera

2230 4368 2375 4416 esset
2398 4360 2746 4427 continentia,
2782 4360 2953 4430 magis
2990 4360 3058 4415 ab
3093 4358 3377 4427 adulterio,
3417 4373 3576 4429 quam
3600 4367 3844 4429 propter

2231 4452 2555 4508 adulterium
2601 4452 3039 4522 perpetrandum,
3068 4451 3244 4506 carnis
3268 4450 3709 4520 concupiscentia
3740 4448 3844 4504 de-

2230 4546 2346 4602 linit
2371 4561 2402 4601 a
2429 4546 2676 4616 conjugio
2704 4545 2998 4599 continere.
3036 4542 3185 4597 lianc
3213 4541 3409 4612 quippe
3434 4540 3843 4611 concupiscen-

2230 4638 2359 4692 tiam
2380 4636 2557 4693 carnis
2579 4635 2821 4691 relaxare
2841 4635 2978 4690 solet
3006 4633 3334 4690 continentia
3355 4630 3674 4703 conjugalis,
3697 4632 3846 4702 ejus-

2229 4744 2335 4801 que
2366 4729 2528 4785 trenis
2558 4728 2819 4784 hactenus
2843 4727 3187 4783 m‘oderamen
3213 4726 3505 4797 imponere,
3537 4732 3596 4778 ut
3628 4739 3743 4780 nec
3786 4724 3846 4779 in

2230 4822 2349 4892 ipso
2390 4819 2640 4891 conjugio
2674 4817 3025 4875 immoderata
3069 4817 3285 4873 licentia
3333 4813 3607 4872 dittluatur
3639 4815 3691 4882 ⁸,
3741 4813 3846 4870 sed

2230 4910 2561 4968 custodiatur
2586 4909 2800 4978 modus,
2846 4917 2936 4965 aut
2971 4907 3271 4963 inﬁrmitati
3314 4906 3557 4977 conjugis
3586 4904 3843 4977 debitus,

2230 5004 2316 5060 cui
2345 5002 2449 5059 hoc
2474 5017 2581 5059 non
2610 5000 2904 5057 secundum
2945 5001 3229 5071 imperium
3273 4999 3553 5069 praecipit,
3598 4998 3705 5055 sed
3748 5013 3854 5055 se—

2230 5096 2466 5152 cundum
2508 5094 2719 5150 veniam
2745 5092 2991 5149 concedit
3017 5091 3307 5163 Apostolus
3338 5090 3401 5163 (1
3430 5090 3547 5146 Cor.
3574 5106 3651 5145 vn
3669 5132 3688 5158 ,
3725 5091 3765 5146 6
3790 5092 3811 5161 )
3833 5134 3850 5159 ,

2230 5197 2323 5246 aut
2351 5188 2476 5243 ﬁliis
2518 5187 2864 5258 procreandis
2911 5185 3367 5253 accommodatus,
3411 5199 3530 5255 quas
3575 5198 3690 5240 una
3744 5184 3856 5240 fuit

2231 5296 2392 5339 causa
2438 5280 2728 5337 miscenda:
2763 5281 2993 5337 invicem
3033 5279 3211 5336 carnis
3249 5286 3305 5335 et
3361 5278 3602 5349 patribus
3657 5292 3859 5347 quon-

2230 5374 2353 5429 dam
2380 5383 2434 5431 et
2461 5373 2720 5430 matribus
2750 5375 2968 5429 sanctis.
2998 5372 3057 5428 ld
3082 5379 3262 5428 autem
3299 5368 3501 5425 faciens
3539 5370 3858 5426 continen-

2232 5468 2325 5535 tia,
2355 5467 2407 5523 id
2433 5476 2536 5537 est,
2583 5466 2868 5523 moderans
2907 5473 2962 5521 et
3001 5464 3232 5536 quodam
3276 5462 3439 5519 modo
3485 5461 3745 5519 limitans
3798 5462 3860 5521 in

2231 5561 2547 5634 conjugibus
2593 5562 2772 5617 carnis
2819 5557 3333 5630 concupiscentiam,
3361 5565 3416 5613 et
3458 5555 3575 5628 ejus
3615 5556 3861 5628 inquie-

2231 5664 2343 5710 tum
2372 5664 2532 5726 atque
2562 5654 2918 5711 inordinatum
2949 5659 3153 5707 motum
3194 5650 3357 5707 certis
3387 5649 3617 5721 quodam
3668 5649 3866 5707 modo

2233 5747 2426 5803 ﬁnibus
2447 5748 2720 5814 ordinans,
2749 5747 2888 5803 bene
2914 5746 3077 5802 utitur
3100 5743 3333 5801 hominis
3360 5742 3526 5813 malo,
3552 5755 3736 5814 quem
3770 5742 3866 5800 fa-

2298 5882 2833 5956 fEditi,continc1t_tiam
2854 5878 2990 5946 ﬁdei.
3008 5881 3175 5946 Abest,
3201 5879 3338 5947 ﬁdei,
3361 5890 3394 5935 ι
3413 5886 3521 5934 Mss.

2297 5950 2436 6002 ’Duo
2456 5944 2587 6013 uss,
2613 5944 2818 6014 tantum.
2972 6022 3003 6029 Η
