4046 6332
238 572 306 628 cit
332 576 386 625 et
409 568 529 624 vult
559 566 822 640 perﬁcere
848 565 1047 624 bonum
1073 581 1088 621 :
1126 564 1266 621 sicut
1299 562 1441 621 Deus
1472 560 1639 618 utitur
1662 560 1824 618 etiam

240 660 543 718 hominibus
602 662 805 728 malis,
850 667 1068 732 propter
1114 672 1209 715 eos
1270 671 1405 728 quos
1457 654 1663 728 perﬁcit
1729 655 1824 710 bo-

241 770 352 812 nos.

306 845 533 904 CAPUT
562 845 779 902 Xlll.-—
796 845 886 902 28.
913 845 1233 902 Continentia
1259 859 1361 898 non
1383 851 1576 897 tantum
1596 841 1827 896 libidines

240 938 482 1009 corporis,
512 938 605 992 sed
634 946 681 993 et
706 937 865 992 animi
888 935 1190 1007 cupiditates
1214 943 1404 989 coercet
1438 943 1485 988 et
1524 932 1671 1004 regit.
1706 930 1826 985 Mo-

240 1039 315 1085 tus
333 1029 520 1084 animae
539 1029 686 1099 pravi
718 1028 1025 1083 continentia
1045 1026 1337 1093 cohibendi,
1365 1034 1544 1097 negato
1581 1040 1828 1079 consensu

240 1135 283 1181 et
311 1126 499 1196 rejecta
536 1125 615 1179 vel
656 1123 976 1194 cogitationis
1004 1121 1351 1177 delectatione.
1401 1119 1555 1176 Absit
1599 1133 1728 1190 ergo
1769 1127 1827 1173 ut

243 1216 648 1283 continentiam,
677 1215 747 1270 de
775 1228 879 1286 qua
917 1213 1191 1285 Scriptura
1220 1212 1384 1279 dicit,
1418 1210 1485 1266 Et
1529 1211 1623 1266 hoc
1658 1211 1828 1283 ipsum

238 1318 343 1365 erat
378 1308 665 1380 sapientiae,
696 1308 827 1362 scire
863 1308 1011 1378 cujus
1040 1314 1168 1361 esset
1193 1306 1288 1360 hoc
1313 1305 1504 1360 donum
1529 1303 1685 1375 (Sap.
1707 1318 1822 1371 vui,

238 1404 297 1459 91
323 1403 368 1476 ),
395 1403 560 1459 etiam
589 1416 686 1457 eos
714 1400 912 1459 habere
939 1400 1212 1468 dicamus,
1239 1398 1331 1470 qui
1367 1396 1711 1462 continendo,
1740 1396 1826 1452 vel

238 1495 512 1553 erroribus
528 1494 789 1561 serviunt,
805 1495 892 1550 vel
906 1494 1112 1566 aliquas
1128 1493 1362 1549 minores
1377 1488 1691 1561 cupiditates
1706 1487 1826 1545 ideo

238 1588 487 1653 vincunt,
518 1594 581 1642 ut
608 1586 743 1651 alias
771 1586 1022 1656 expleant
1046 1625 1061 1651 ,
1111 1598 1334 1655 quarum
1373 1581 1675 1653 granditate
1702 1578 1823 1635 vin-

239 1688 449 1735 cuntur.
479 1676 559 1734 Ea
583 1691 713 1733 vero
739 1691 863 1748 quae
887 1689 1018 1732 vera
1042 1683 1126 1732 est
1153 1674 1384 1744 desuper
1408 1672 1628 1728 veniens
1652 1669 1824 1726 conti-

237 1769 437 1837 nentia,
467 1784 576 1825 non
601 1768 720 1824 aliis
747 1767 903 1824 malis
931 1767 1072 1822 mala
1101 1779 1343 1837 premere
1372 1764 1495 1829 alia,
1544 1762 1640 1819 sed
1670 1761 1823 1818 bonis

236 1863 372 1919 mala
401 1877 598 1919 sanare
626 1860 742 1916 vult
779 1860 979 1916 omnia.
1005 1859 1169 1929 Cujus
1214 1866 1273 1913 ut
1310 1857 1543 1912 breviter
1578 1855 1823 1926 comple-

234 1962 345 2009 ctar
366 1955 669 2019 actionem;
700 1951 950 2008 omnibus
978 1965 1197 2022 prorsus
1224 1947 1664 2005 delectationibus
1690 1960 1822 2004 con-

233 2045 597 2115 cupiscentiae,
623 2059 744 2115 quae
773 2043 1123 2099 adversantur
1152 2040 1493 2098 delectationi
1518 2038 1819 2109 sapientiae,

231 2136 546 2193 coercendis
595 2146 757 2207 atque
794 2135 1047 2191 sanandis
1090 2134 1330 2205 invigilat
1374 2132 1608 2189 ofﬁcium
1650 2131 1823 2188 conti-

230 2228 451 2284 nentiae.
498 2225 648 2283 Unde
692 2227 970 2299 angustius
1011 2240 1131 2282 eam
1171 2226 1290 2281 sine
1332 2224 1669 2280 dubitatione
1706 2238 1822 2279 me-

230 2319 459 2384 tiuntur,
499 2320 588 2390 qui
625 2319 772 2374 solas
814 2318 1061 2375 libidines
1103 2318 1344 2389 corporis
1382 2316 1638 2374 cohibere
1683 2314 1822 2372 deﬁ-

230 2413 418 2472 niunt:
449 2413 640 2468 melius
668 2411 910 2483 proiecto
938 2411 1035 2480 illi,
1064 2412 1155 2482 qui
1185 2426 1291 2466 non
1326 2409 1529 2466 addunt
1552 2408 1815 2479 corporis,

228 2504 321 2560 sed
350 2504 673 2576 generaliter
699 2503 978 2559 libidinem
1013 2504 1125 2560 sive
1153 2502 1499 2574 cupiditatem
1528 2500 1820 2572 regendam

230 2594 490 2651 dicuntad
507 2595 891 2652 continentiam
906 2594 1327 2667 pertinere.Qua:
1341 2593 1602 2665 cupiditas
1619 2593 1671 2647 in
1689 2592 1819 2648 vitio

231 2687 464 2758 ponitur,
494 2701 597 2742 nec
636 2696 843 2744 tantum
881 2696 965 2744 est
992 2687 1252 2758 corporis,
1301 2702 1487 2742 verum
1531 2694 1586 2742 ct
1631 2685 1814 2740 animi.

235 2778 443 2835 Etenim
474 2780 523 2834 si
548 2779 813 2850 cupiditas
841 2780 1083 2851 corporis
1110 2788 1193 2836 est
1220 2780 1275 2834 in
1306 2778 1744 2835 fornicationibus
1764 2784 1820 2834 et

233 2871 598 2938 ebrietatibus,
626 2871 882 2941 numquid
907 2871 1219 2939 inimicitiae,
1242 2873 1636 2939 contentiones,
1660 2886 1822 2928 semu-

236 2962 476 3029 lationes,
507 2973 781 3035 postremo
808 2965 1190 3034 animositates,
1220 2965 1275 3020 in
1301 2966 1539 3036 corporis
1565 2967 1814 3037 volupta-

237 3056 391 3122 tibus,
445 3070 512 3111 ac
561 3071 670 3113 non
720 3057 895 3127 potius
936 3057 990 3111 in
1033 3056 1198 3112 animi
1243 3057 1478 3113 motibus
1519 3066 1573 3114 et
1600 3066 1816 3128 pertur-

237 3144 537 3205 bationibus
562 3148 922 3204 exercentur?
946 3147 1131 3205 Carnis
1162 3156 1339 3205 tamen
1368 3164 1532 3221 opera
1560 3151 1676 3205 hate
1702 3165 1818 3205 om-

237 3239 318 3294 nia
344 3240 671 3310 nuncupavit
693 3238 1002 3310 Apostolus,
1033 3240 1145 3296 sive
1171 3256 1291 3311 quae
1318 3240 1385 3296 ad
1415 3241 1673 3306 animum,
1704 3240 1819 3297 sive

237 3347 351 3402 quin
389 3332 455 3390 ad
493 3346 714 3388 carnem
757 3332 971 3403 proprie
997 3332 1346 3404 pertinerent,
1397 3335 1570 3404 ipsum
1614 3333 1820 3391 scilicet

238 3420 506 3478 hominem
532 3423 753 3478 nomine
781 3423 958 3479 carnis
983 3423 1258 3494 appellans
1282 3422 1480 3494 (Gatat.
1510 3440 1562 3491 v,
1589 3423 1744 3480 19-21
1771 3423 1815 3495 ).

240 3512 408 3584 Opera
435 3513 636 3585 quippe
680 3512 913 3570 hominis
954 3526 1079 3570 sunt
1120 3530 1240 3585 quae
1272 3531 1379 3570 non
1408 3515 1657 3571 dicuntur
1686 3515 1816 3583 Dei;

239 3608 483 3675 quoniam
516 3604 678 3661 homo
705 3606 796 3676 qui
834 3606 948 3661 haec
976 3606 1105 3678 agit,
1135 3606 1428 3662 secundum
1457 3622 1516 3663 se
1543 3607 1716 3678 ipsum
1743 3606 1822 3662 vi-

236 3698 326 3767 vit,
352 3713 463 3754 non
490 3697 785 3754 secundum
808 3698 998 3767 Deum,
1025 3698 1079 3754 in
1104 3707 1360 3770 quantum
1387 3698 1504 3771 haec
1530 3698 1657 3771 agit.
1685 3697 1822 3755 Sunt

238 3803 412 3853 autem
453 3794 557 3849 alia
594 3808 758 3863 opera
796 3791 1048 3858 hominis,
1089 3809 1206 3863 quae
1244 3794 1412 3865 magis
1441 3792 1666 3849 dicenda
1693 3799 1820 3848 sunt

236 3897 395 3955 opera
422 3884 539 3940 Dei.
566 3884 705 3939 Deus
741 3893 814 3940 est
844 3885 997 3954 enim,
1026 3884 1200 3955 inquit
1224 3885 1531 3956 Apostolus,
1576 3885 1660 3955 qui
1698 3900 1821 3956 ope-

236 3987 376 4031 ratur
400 3977 455 4033 in
478 3978 618 4031 vobis
655 3986 703 4032 et
736 3977 861 4032 velle
897 3986 944 4032 et
988 3980 1222 4047 operari,
1269 3995 1360 4048 pro
1397 3978 1527 4033 bona
1569 3979 1823 4033 voluntate

237 4068 513 4141 (Philipp.
546 4085 606 4137 It,
649 4071 776 4141 15).
819 4069 946 4127 inde
979 4079 1064 4126 est
1099 4079 1154 4126 et
1189 4070 1355 4125 illud:
1397 4069 1651 4141 Quotquot
1688 4072 1823 4127 enim

236 4160 438 4232 Spiritu
468 4161 568 4217 Dei
592 4171 832 4235 aguntur,
861 4162 913 4216 hi
941 4162 1036 4231 ﬁlii
1061 4171 1177 4217 sunt
1202 4161 1300 4216 Dei
1336 4160 1510 4236 (Rom.
1548 4178 1662 4231 vin,
1692 4161 1822 4235 14).

303 4255 397 4312 29.
440 4257 672 4327 Spiritus
697 4256 875 4327 itaque
902 4255 1132 4311 hominis
1157 4254 1437 4311 adhaerens
1455 4255 1675 4326 Spiritui
1702 4256 1819 4323 Dei,

236 4348 570 4418 concupiscit
596 4347 859 4402 adversus
888 4361 1123 4414 carnem,
1155 4347 1208 4402 id
1237 4354 1338 4411 est,
1370 4347 1628 4403 adversus
1656 4362 1715 4402 se
1740 4347 1823 4417 ip-

239 4456 392 4508 sum;
416 4439 514 4496 sed
537 4454 637 4509 pro
656 4454 719 4496 se
745 4442 880 4509 lpso,
906 4448 963 4494 ut
980 4448 1158 4493 motus
1182 4437 1257 4493 illi
1285 4439 1402 4493 sive
1427 4440 1481 4493 in
1506 4452 1688 4502 carne,
1712 4437 1825 4493 sive

236 4532 287 4586 in
314 4532 521 4597 anima,
555 4530 844 4587 secundum
875 4529 1163 4595 hominem,
1187 4544 1293 4583 non
1315 4528 1606 4583 secundum
1630 4527 1821 4593 Deum,

238 4623 323 4691 qui
350 4631 480 4677 sunt
505 4621 681 4675 adhuc
704 4635 802 4691 per
823 4620 1141 4690 acquisitum
1171 4619 1501 4689 languorem,
1541 4618 1826 4674 continen-

239 4716 305 4769 tia
349 4715 732 4780 cohibeantur,
778 4723 995 4783 propter
1022 4714 1402 4784 acquirendam
1447 4713 1725 4768 salutem:
1765 4720 1826 4767 ut

239 4803 399 4860 homo
431 4819 541 4860 non
567 4803 863 4860 secundum
893 4804 1163 4860 hominem
1190 4804 1395 4869 vivens,
1417 4803 1527 4874 jam
1556 4804 1724 4873 possit
1746 4802 1829 4858 di-

238 4909 377 4963 cere,
418 4893 549 4949 Vico
585 4904 755 4949 autem
779 4895 894 4965 jam
921 4910 1024 4949 non
1050 4911 1161 4966 ego,
1193 4895 1311 4949 vivit
1335 4909 1449 4948 vero
1476 4894 1530 4947 in
1570 4909 1650 4947 me
1675 4891 1828 4948 Chri-

238 4998 345 5043 stus
370 4986 574 5059 (Colat.
604 5002 663 5055 ιι,
688 4987 819 5058 20).
850 4986 951 5043 Ubi
989 4988 1131 5043 enim
1172 5001 1278 5042 non
1318 5000 1454 5058 ego,
1504 4984 1577 5041 ibi
1620 4985 1828 5042 felicius

242 5094 371 5150 ego;
418 5088 479 5135 ut
507 5078 723 5151 quando
749 5079 1042 5135 secundum
1086 5079 1357 5134 hominem
1399 5078 1663 5150 reprobus
1686 5077 1829 5135 ullus

246 5182 420 5228 motus
452 5172 714 5243 exsurgit,
743 5172 830 5228 cui
860 5187 966 5229 non
990 5172 1256 5228 consentit
1282 5172 1372 5243 qui
1397 5181 1575 5229 mente
1602 5172 1707 5243 legi
1732 5172 1829 5227 Dei

246 5265 447 5330 servit,
488 5263 633 5318 dicat
674 5263 835 5318 etiam
864 5263 1016 5331 illud,
1048 5262 1170 5317 lam
1208 5280 1309 5318 non
1355 5272 1447 5335 ego
1490 5280 1673 5333 operor
1697 5263 1829 5318 illud

249 5353 424 5421 (Rom.
453 5369 547 5419 vu,
578 5354 643 5407 17
665 5354 703 5423 ).
748 5352 963 5408 Talibus
992 5354 1184 5423 quippe
1210 5361 1262 5408 ct
1297 5353 1385 5407 illa
1411 5353 1677 5419 dicuntur,
1711 5368 1830 5424 qua:

250 5445 381 5499 sicut
413 5459 602 5499 eorum
632 5443 763 5499 socii
796 5444 1183 5514 participesque
1211 5442 1466 5499 debemus
1502 5443 1687 5499 audire
1713 5461 1727 5497 :
1769 5443 1831 5499 Si

252 5536 639 5590 sousurrexistis
675 5551 792 5589 cum
819 5534 1038 5603 Christo,
1059 5550 1172 5604 quae
1212 5548 1414 5588 sursum
1449 5544 1566 5589 sunt
1602 5536 1830 5605 quwrite,

252 5630 330 5680 ubi
360 5629 592 5683 Christus
632 5637 706 5682 est
749 5628 803 5681 in
852 5628 1055 5681 dextera
1097 5626 1192 5682 Dei
1238 5628 1444 5693 sedens;
1482 5643 1595 5699 qua
1635 5643 1836 5682 sursum

256 5729 368 5772 sunt
407 5720 588 5789 sapite,
630 5734 735 5773 non
779 5734 891 5790 qua:
917 5735 1069 5789 super
1108 5728 1311 5773 terram.
1359 5719 1552 5774 Μονιαὶ
1595 5721 1727 5775 enim
1754 5736 1835 5775 es-

258 5810 339 5875 tis,
367 5819 415 5864 et
445 5812 550 5863 vita
586 5821 752 5865 vestra
779 5810 1075 5865 abscondita
1106 5818 1178 5865 est
1200 5826 1313 5866 cum
1350 5809 1551 5867 Christo
1588 5812 1642 5865 in
1668 5809 1780 5866 Deo
1814 5826 1837 5866 :

254 5915 372 5957 cum
391 5900 620 5963 Christus
645 5905 944 5978 apparuerit
966 5904 1067 5962 vita
1090 5915 1271 5975 vestro,
1298 5914 1414 5964 tunc
1438 5916 1485 5964 et
1508 5922 1593 5964 vos
1621 5921 1837 5979 appare-
1870 5978 1875 5982 _

1726 439 1934 500 LIBER
1968 441 2171 503 UNUS.

2128 324 2167 332 .—

1938 565 2052 621 bitis
2076 581 2190 621 cum
2214 566 2305 623 illo
2329 567 2385 623 in
2417 569 2602 642 gloria.
2629 569 2833 641 Quibus
2858 571 3106 646 loquatur
3128 575 3518 653 intelligamus,

1935 655 2045 713 imo
2073 673 2202 714 vero
2230 662 2483 718 attentius
2508 662 2805 721 audiamus.
2829 665 2961 722 Nam
2985 668 3114 738 quid
3142 670 3244 727 hoc
3276 673 3521 744 planius?

1933 750 2062 821 quid
2089 752 2363 824 apertius?
2383 754 2476 812 Eis
2501 767 2649 812 certe
2677 757 2930 828 loquitur,
2954 761 3044 831 qui
3070 775 3523 824 consurrexerant

1934 856 2056 898 cum
2084 843 2316 912 Christo,
2344 846 2578 902 nondum
2606 849 2788 921 utique
2815 866 2997 920 carne,
3024 852 3119 909 sed
3146 864 3356 923 mente;
3387 871 3524 927 quos

1934 945 2176 993 mortuos
2204 937 2353 1007 dicit,
2395 948 2448 994 et
2483 941 2654 1011 magis
2680 942 2802 997 hinc
2826 944 2975 999 vivos
3001 964 3015 1001 :
3054 961 3178 1002 nam
3201 946 3303 1002 vita
3330 958 3518 1017 vestra,

1935 1027 2127 1100 inquit,
2152 1031 2445 1086 abscondita
2465 1043 2539 1087 est
2566 1050 2680 1088 cum
2702 1032 2902 1091 Christo
2925 1037 2978 1091 in
2999 1037 3128 1093 Deo.
3148 1038 3354 1096 Talium
3375 1055 3522 1097 mor-

1936 1130 2149 1179 tuorum
2176 1139 2275 1179 vox
2301 1134 2415 1181 est:
2450 1124 2573 1181 Vivo
2597 1136 2765 1182 autent
2780 1129 2895 1198 jant
2920 1146 3022 1184 non
3044 1147 3155 1202 ego,
3181 1132 3297 1186 uiuit
3321 1148 3436 1187 vero
3464 1134 3520 1188 in

1935 1232 2015 1271 me
2028 1214 2275 1273 Christus.
2289 1217 2527 1285 Quorum
2552 1235 2680 1291 ergo
2699 1221 2806 1276 vita
2830 1231 2943 1278 erat
2970 1222 3279 1280 abscondita
3307 1226 3361 1280 in
3377 1225 3510 1292 Deo,

1933 1305 2290 1364 admonentur
2315 1318 2371 1364 et
2406 1309 2754 1367 exhortantur
2778 1322 2838 1368 ut
2875 1314 3116 1371 membra
3144 1330 3240 1372 sua
3284 1317 3516 1372 mortiﬁ-

1932 1406 2059 1454 cent
2082 1415 2202 1471 qua:
2227 1410 2352 1456 sunt
2376 1416 2538 1473 super
2564 1411 2780 1459 terram.
2812 1404 2868 1460 ld
2892 1406 3035 1460 enim
3064 1408 3302 1477 sequitur
3328 1426 3341 1462 :
3369 1407 3513 1463 Mor-

1933 1495 2121 1564 tiﬁcate
2148 1512 2266 1567 ergo
2291 1497 2510 1552 membra
2534 1507 2696 1554 uestra
2722 1516 2835 1570 (μω
2874 1509 2992 1555 sunt
3019 1517 3171 1572 super
3196 1512 3402 1557 terram.
3448 1503 3519 1559 Et

1931 1601 2002 1643 ne
2030 1588 2307 1658 quisquam
2350 1588 2510 1644 nimis
2537 1591 2723 1646 tardus
2746 1592 2988 1647 membra
3016 1591 3114 1648 ista
3143 1593 3373 1653 visibilia
3397 1608 3518 1650 cor-

1931 1678 2078 1750 poris
2110 1680 2476 1736 mortiﬁeanda
2515 1690 2726 1752 putaret
2765 1698 2796 1738 a
2835 1684 3047 1749 talibus,
3092 1685 3347 1742 continuo
3387 1687 3517 1757 quid

1930 1768 2077 1825 dicat
2102 1772 2383 1842 aperiens:
2409 1772 2838 1843 Fornicationem,
2876 1776 3064 1846 inquit,
3106 1778 3516 1845 immunditiam,

1930 1863 2374 1932 perturbationem,
2418 1869 2878 1937 concupiscentiam
2914 1869 3121 1936 malum,
3150 1878 3198 1924 et
3225 1871 3512 1940 avaritiam,

1928 1968 2042 2024 qua:
2068 1963 2141 2007 est
2170 1954 2423 2010 idolorum
2446 1956 2676 2012 servitus.
2712 1957 2860 2013 Itane
2887 1972 3016 2012 vero
3071 1958 3398 2014 credendum
3428 1970 3515 2016 est

1929 2045 2072 2117 quod
2101 2045 2188 2100 isti
2223 2046 2313 2116 qui
2345 2046 2459 2117 jam
2500 2048 2696 2103 mortui
2733 2057 2905 2116 erant,
2930 2064 3225 2120 eorumque
3251 2051 3358 2106 vita
3386 2051 3517 2107 abs-

1928 2136 2143 2192 condita
2171 2146 2289 2192 erat
2316 2152 2438 2193 cum
2464 2138 2680 2195 Christo
2708 2139 2761 2194 in
2787 2140 2921 2208 Deo,
2953 2140 3129 2196 adhuc
3180 2141 3517 2197 fornicaban-

1928 2234 2035 2295 tur,
2067 2229 2242 2285 adhuc
2269 2230 2323 2285 in
2357 2231 2596 2287 moribus
2639 2231 2928 2287 immundis
2971 2234 3326 2305 operibusque
3364 2235 3514 2290 vive-a

1929 2320 2078 2388 bant,
2105 2322 2280 2379 adhuc
2336 2323 2825 2395 perturbationibus
2864 2326 3309 2396 concupiscentia:
3353 2325 3511 2382 mala:

1927 2422 2091 2487 atque
2119 2416 2354 2471 avaritia:
2383 2414 2721 2472 serviebant?
2746 2415 2877 2484 Quis
2914 2414 3136 2473 de'mens
3172 2418 3271 2472 ista
3297 2417 3364 2473 de
3392 2418 3515 2473 tali-

1927 2504 2030 2561 bus
2057 2506 2319 2561 senserit?
2360 2505 2497 2574 Quid
2528 2522 2654 2577 ergo
2688 2506 2802 2561 vult
2841 2515 2902 2562 ut
2945 2508 3300 2574 mortiﬁcent,
3349 2524 3514 2578 opere

1926 2597 2133 2653 scilicet
2168 2597 2534 2664 continentiae,
2579 2597 2683 2653 nisi
2710 2605 2888 2652 motus
2928 2599 3073 2669 ipsos
3115 2598 3289 2653 adhuc
3329 2600 3380 2653 in
3414 2613 3513 2654 sua

1926 2685 2157 2759 quadam
2188 2687 2633 2759 interpellatione,
2677 2689 2793 2745 sine
2820 2699 3016 2745 nostrae
3044 2691 3240 2747 meritis
3283 2705 3516 2747 consen-

1927 2778 2101 2846 sione,
2150 2779 2265 2834 sine
2303 2779 2667 2835 membrorum
2705 2780 3062 2850 corporalium
3091 2783 3401 2851 operatione
3432 2783 3516 2837 vi-

1929 2873 2153 2930 ventes?
2181 2872 2248 2927 Et
2290 2873 2559 2942 quomodo
2598 2873 2684 2927 isti
2724 2874 3111 2929 mortiﬁcantur
3148 2889 3311 2944 Opere
3340 2875 3515 2930 conti-

1928 2965 2150 3032 nentiae,
2183 2965 2284 3021 nisi
2310 2980 2429 3020 cum
2460 2966 2540 3021 eis
2565 2975 2745 3022 mente
2770 2982 2879 3022 non
2902 2968 3253 3034 consentitur,
3285 2982 3384 3022 nec
3416 2982 3515 3022 ex-

1928 3054 2178 3113 hibentur
2202 3057 2282 3112 eis
2309 3073 2461 3113 arma
2486 3057 2727 3129 corporis
2752 3058 3022 3123 membra;
3046 3067 3100 3113 et
3124 3058 3263 3127 quod
3291 3066 3375 3113 est
3400 3073 3518 3113 ma-

1926 3148 2034 3221 jus,
2065 3156 2226 3220 atque
2260 3148 2530 3219 vigilantia
2559 3149 2901 3205 continentia:
2934 3148 3137 3220 majore
3178 3149 3472 3204 curandum
3494 3192 3512 3217 ,

1929 3239 2043 3310 ipsa
2068 3239 2230 3296 etiam
2273 3247 2455 3294 nostra
2484 3240 2756 3310 cogitatio,
2783 3240 3025 3309 quamvis
3058 3253 3244 3294 eorum
3280 3238 3514 3309 quodam

1927 3330 2090 3388 modo
2114 3332 2453 3403 suggestione
2481 3340 2536 3386 et
2560 3331 2711 3402 quasi
2737 3331 3100 3386 susurratione
3139 3340 3405 3402 tangatur,
3434 3339 3518 3387 ta-

1928 3440 2051 3481 men
2067 3424 2135 3480 ab
2149 3426 2227 3481 eis
2251 3441 2321 3481 ne
2348 3424 2645 3480 oblectatur
2669 3425 2945 3491 avertitur,
2976 3434 3032 3479 et
3058 3423 3124 3479 ad
3151 3439 3384 3493 superna
3412 3425 3512 3480 de-

1929 3517 2225 3575 lectabilius
2244 3515 2524 3588 cogitanda
2546 3516 2905 3583 convertitur;
2930 3514 2999 3571 ob
3019 3515 3121 3571 hoc
3143 3532 3205 3571 ea
3227 3517 3514 3573 nominans

1928 3607 1983 3663 in
2022 3606 2382 3675 sermonibus,
2421 3623 2490 3663 ne
2517 3606 2786 3662 habitetur
2812 3606 2866 3660 in
2903 3607 3015 3672 eis,
3045 3606 3140 3662 sed
3183 3605 3419 3677 fugiatur
3442 3607 3514 3662 ab

1929 3698 2044 3755 eis?
2071 3698 2224 3765 Quod
2252 3697 2334 3766 ﬁt,
2366 3698 2412 3753 si
2441 3696 2730 3753 efﬁcaciter
2760 3695 3057 3761 audiamus,
3087 3696 3203 3766 ipso
3228 3696 3517 3765 adjuvaute

1927 3792 2019 3863 qui
2058 3791 2159 3848 hoc
2189 3807 2283 3862 per
2309 3790 2620 3861 Apostolum
2648 3804 2803 3843 suum
2842 3790 3085 3860 praecipit
3112 3807 3126 3843 :
3157 3787 3284 3854 Qua!
3310 3804 3515 3844 sursum

1929 3893 2046 3939 sunt
2073 3885 2280 3955 quierite
2298 3925 2315 3952 ,
2342 3882 2428 3938 ubi
2458 3881 2685 3937 Christus
2713 3889 2787 3936 est
2825 3881 2879 3934 in
2919 3881 3125 3935 dextera
3164 3880 3260 3935 Dei
3299 3880 3516 3947 sedens;

1929 3993 2043 4048 quae
2064 3993 2263 4032 sursum
2288 3984 2403 4031 sunt
2432 3975 2613 4046 sapite,
2644 3989 2745 4028 non
2779 3988 2892 4044 qua:
2920 3989 3069 4044 super
3093 3982 3298 4026 terram.

2001 4067 2227 4122 CAPUT
2267 4065 2407 4121 XIV.
2445 4095 2519 4107 ——
2550 4063 2639 4121 ‘50.
2680 4062 2863 4118 Fidem
2889 4064 2997 4117 sine
3023 4063 3255 4134 operibus
3283 4079 3386 4118 non
3409 4060 3517 4117 sal-

1929 4174 2066 4213 vare.
2098 4155 2233 4212 Vitia
2262 4157 2427 4211 carnis
2455 4165 2740 4210 constanter
2764 4154 3079 4209 debellanda.
3101 4153 3169 4209 In
3196 4154 3518 4210 continentia!

1931 4250 2107 4322 praelia
2136 4250 2262 4303 vires
2291 4258 2336 4303 et
2360 4249 2566 4303 victoria
2593 4246 2855 4318 referenda
2880 4247 2932 4300 in
2957 4244 3143 4300 Deum.
3171 4245 3306 4300 Cum
3335 4255 3515 4300 autem

1931 4344 2068 4397 mala
2096 4343 2185 4398 illa
2212 4348 2705 4403 commemorasset,
2733 4338 2975 4408 adiunxit
3002 4347 3161 4408 atque
3200 4339 3272 4392 ait
3310 4356 3323 4391 :
3373 4336 3514 4392 Pro-

1933 4442 2041 4505 pter
2064 4450 2176 4506 qute
2203 4434 2333 4487 venit
2371 4434 2450 4487 ira
2473 4432 2570 4487 Dei
2597 4433 2651 4487 in
2679 4433 2814 4502 ﬁlios
2842 4431 3175 4500 inﬁdelitatis.
3214 4430 3405 4501 Utique
3430 4446 3517 4486 sa-

1931 4526 2157 4581 lubriter
2203 4526 2408 4592 terruit,
2455 4539 2524 4579 ne
2566 4533 2811 4595 putarent
2858 4522 3043 4578 ﬁdeles
3086 4531 3305 4594 propter
3342 4525 3513 4580 solam

1931 4616 2090 4672 ﬁdem
2119 4631 2289 4683 suam,
2331 4616 2537 4671 etiamsi
2579 4615 2631 4670 in
2664 4613 2747 4669 his
2770 4615 2925 4668 malis
2960 4616 3224 4683 viverent,
3256 4630 3314 4671 se
3353 4631 3513 4687 posse

1932 4708 2160 4774 salvari;
2192 4708 2434 4778 apostolo
2471 4705 2672 4762 Jacobo
2700 4714 2884 4761 contra
2931 4706 3091 4761 istum
3121 4722 3337 4762 sensum
3381 4722 3515 4762 voce

1932 4801 2363 4858 manifestissima
2394 4800 2715 4855 reclamante
2748 4815 2811 4854 ac
2837 4799 3067 4867 dicente,
3115 4801 3177 4856 Si
3212 4802 3365 4870 ﬁdem
3400 4801 3515 4870 quis

1933 4895 2069 4948 dicat
2106 4911 2159 4949 se
2189 4893 2385 4959 habere,
2412 4909 2567 4962 opera
2594 4901 2764 4946 autem
2792 4908 2892 4945 non
2923 4890 3120 4954 habeat,
3147 4891 3391 4960 numquid
3420 4906 3514 4959 po-

1937 4986 2050 5042 terit
2073 4985 2197 5056 ﬁdes
2222 4985 2416 5039 satvare
2437 5000 2549 5038 eum
2579 4982 2777 5055 (Jacobi
2800 4999 2859 5049 ll,
2884 4983 2951 5037 14
2968 4980 3027 5053 )?
3052 4981 3203 5037 Unde
3232 4990 3286 5037 et
3312 4981 3395 5034 hic
3408 4980 3515 5034 Do-

1934 5086 2053 5134 ctor
2078 5075 2324 5132 Gentium
2350 5083 2562 5145 propter
2586 5074 2673 5130 illa
2704 5076 2843 5129 mala
2867 5075 3050 5130 venire
3088 5073 3221 5127 iram
3257 5071 3351 5127 Dei
3380 5070 3516 5127 dixit

1935 5171 1990 5226 in
2017 5169 2155 5225 ﬁlios
2183 5169 2531 5224 inﬁdelitatis.
2577 5166 2708 5224 Cum
2738 5177 2914 5223 autem
2948 5166 3095 5233 dicit,
3142 5166 3211 5221 In
3248 5165 3427 5235 quibus
3468 5177 3518 5221 et

1936 5276 2021 5316 vos
2049 5260 2324 5330 aliquando
2361 5259 2674 5325 ambulastis,
2712 5275 2827 5313 cunt
2858 5258 3082 5312 viveretis
3118 5257 3172 5309 in
3211 5257 3314 5311 illis
3326 5271 3347 5321 ,'
3384 5258 3519 5314 satis

1937 5351 2169 5407 ostendit
2206 5351 2346 5422 quod
2389 5352 2441 5405 in
2472 5351 2574 5405 illis
2610 5350 2719 5420 jam
2756 5364 2863 5405 non
2887 5348 3146 5402 viverent.
3176 5347 3272 5404 His
3318 5348 3516 5421 quippe

1939 5445 2135 5500 mortui
2161 5452 2333 5510 erant,
2364 5451 2419 5497 ut
2445 5457 2629 5498 eorum
2668 5441 2774 5495 vita
2802 5440 2853 5493 in
2885 5439 2995 5494 Deo
3022 5453 3144 5493 cum
3181 5439 3396 5496 Christo
3425 5458 3516 5498 es-

1938 5546 2021 5591 set
2045 5535 2373 5590 abscondita.
2413 5533 2546 5588 Cum
2588 5546 2716 5602 ergo
2749 5530 2858 5600 jam
2896 5532 2949 5585 in
2977 5530 3083 5586 illis
3120 5546 3226 5587 non
3252 5533 3514 5602 viverent,

1941 5626 2261 5681 mortiﬁcare
2280 5626 2388 5696 jam
2417 5624 2540 5679 talia
2560 5622 2899 5692 jubebantur.
2928 5621 3063 5692 ipsis
3102 5623 3299 5695 quippe
3324 5624 3378 5678 in
3411 5624 3518 5679 eis-
3586 5610 3597 5623 ³

1942 5717 2063 5774 dem
2107 5733 2209 5771 non
2258 5715 2555 5771 viventibus
2597 5713 2687 5768 illa
2727 5712 3004 5779 vivebant;
3033 5714 3170 5769 sicut
3199 5714 3354 5783 paulo
3389 5722 3516 5769 ante

1939 5810 2049 5881 jam
2079 5809 2282 5864 ostendi
2307 5825 2321 5863 :
2348 5817 2402 5862 et
2428 5807 2664 5863 membra
2689 5805 3000 5862 dicebantur
3030 5808 3288 5878 ipsorum,
3335 5820 3400 5860 ea
3429 5806 3514 5860 vi-

1947 5900 2140 5962 delicet
2173 5899 2295 5958 vitia
2332 5914 2450 5970 qua:
2498 5900 2553 5956 in
2598 5899 2850 5957 membris
2892 5899 3198 5957 habitabant
3239 5897 3469 5967 ipsorum
3497 5935 3519 5963 ,
