4070 6334
489 572 655 631 modo
676 568 965 629 locutionis
985 570 1004 606 ⁸
1026 582 1125 640 per
1147 568 1202 625 id
1228 566 1374 639 quod
1400 566 1638 623 continet
1662 565 1715 621 id
1740 563 1886 637 quod
1911 564 2085 620 conti-

491 674 651 724 netur
667 682 686 735 ;
705 666 848 725 sicut
870 664 1088 731 dicitur,
1111 661 1305 718 Totum
1332 659 1507 716 forum
1534 658 1659 715 inde
1688 657 1941 729 loquitur,
1965 671 2088 712 cum

490 757 740 816 homines
760 756 1056 828 loquantur
1083 754 1175 825 qui
1220 761 1344 809 sunt
1370 752 1425 807 in
1470 752 1606 808 loro.
1640 751 1759 822 Ipso
1800 748 2087 805 locutionis

490 850 657 908 modo
681 850 736 906 in
764 849 979 905 Psalmo
1002 846 1232 912 canitur,
1266 844 1445 901 Omnis
1471 853 1606 900 terra
1629 844 1805 899 adoret
1832 852 1878 897 te
1904 840 2083 915 (Psal.

490 958 619 1011 ων,
650 944 686 999 4
709 941 760 1015 );
788 940 841 996 id
867 949 969 1008 est,
996 953 1183 995 omnes
1213 937 1457 993 homines
1482 935 1573 1008 qui
1602 945 1725 991 sunt
1755 936 1808 990 in
1836 944 1997 990 terra.

564 1035 655 1091 5i.
686 1032 842 1090 Nune
871 1044 1039 1088 autem
1080 1032 1348 1103 deponite,
1379 1030 1583 1101 inquit,
1628 1039 1678 1085 et
1720 1044 1807 1084 vos
1851 1027 2087 1084 universa

491 1124 734 1200 (Colon.
772 1141 853 1195 nt,
897 1124 1056 1195 i-8);
1105 1131 1160 1179 et
1200 1130 1588 1178 commemorat
1627 1121 1779 1191 plura
1824 1119 2086 1190 ejusmodi

492 1220 654 1275 mala.
688 1218 795 1276 Sed
819 1218 946 1289 quid
980 1226 1084 1287 est,
1113 1215 1255 1286 quod
1281 1216 1331 1271 ei
1361 1229 1465 1269 non
1496 1213 1697 1269 sufﬁcit
1730 1213 1932 1280 dicere,
1974 1212 2082 1267 De-

492 1311 667 1382 ponite
699 1327 786 1366 vos
812 1309 1045 1366 universa
1062 1325 1082 1375 ;
1120 1308 1214 1363 sed
1239 1306 1415 1361 addita
1446 1305 1821 1375 conjunctione
1849 1304 2004 1372 dixit,
2035 1312 2085 1360 et

496 1403 623 1457 eos?
649 1402 762 1459 Nisi
791 1416 860 1458 ne
886 1410 1171 1472 propterea
1206 1414 1265 1455 se
1299 1406 1547 1470 putarent
1575 1397 1690 1453 haec
1713 1398 1851 1452 mala
1882 1394 2081 1463 facere,

490 1504 653 1567 atque
681 1496 897 1567 impune
922 1496 977 1551 in
1010 1495 1089 1550 eis
1114 1493 1315 1558 vivere,
1344 1491 1469 1563 quia
1498 1489 1632 1545 ﬁdes
1668 1503 1858 1545 eorum
1889 1488 2085 1544 libera-

492 1595 580 1643 ret
604 1602 701 1643 eos
723 1587 793 1644 ab
818 1586 919 1655 ira,
955 1600 1075 1657 qua;
1098 1584 1246 1641 venit
1270 1584 1325 1639 in
1356 1583 1493 1638 ﬁlios
1523 1580 1850 1639 inﬁdelitatis
1878 1581 1979 1637 ista
2006 1580 2085 1637 fa-

493 1682 720 1749 cientes,
748 1689 804 1737 et
829 1682 885 1735 in
914 1679 996 1736 his
1020 1679 1138 1735 sine
1166 1678 1271 1734 ﬁde
1296 1677 1556 1733 viventes.
1582 1676 1859 1747 Deponite,
1887 1675 2080 1747 inquit,

491 1780 549 1828 et
571 1786 667 1828 vos
691 1772 780 1827 illa
809 1771 948 1826 mala
974 1777 1193 1841 propter
1212 1784 1334 1840 quae
1360 1768 1508 1823 venit
1534 1768 1611 1823 ira
1642 1766 1736 1823 Dei
1758 1767 1811 1821 in
1837 1766 1973 1823 ﬁlios
1998 1767 2081 1822 in-

490 1862 797 1930 ﬁdelitatis;
825 1876 927 1918 nec
941 1860 1096 1917 vobis
1117 1874 1302 1916 eorum
1326 1859 1695 1929 impunitatem
1719 1866 1938 1928 propter
1958 1857 2083 1914 ﬁdei

484 1956 741 2012 meritum
779 1954 1123 2027 promittatis.
1152 1952 1269 2009 Non
1312 1960 1492 2008 autem
1539 1951 1763 2018 diceret,
1808 1950 2081 2024 Deponite,

488 2047 571 2103 eis
591 2048 682 2119 qui
708 2047 819 2118 jam
843 2047 1204 2118 deposuerant
1228 2060 1296 2101 ex
1319 2059 1383 2101 ea
1409 2053 1562 2115 parte
1584 2058 1688 2115 qua
1717 2042 1911 2101 talibus
1940 2044 2084 2101 vitiis

485 2154 598 2195 non
627 2140 1067 2207 consentiebant,
1111 2154 1213 2196 nec
1257 2153 1355 2195 sua
1398 2138 1639 2195 membra
1668 2138 1747 2211 eis
1775 2154 1925 2194 arma
1952 2154 2082 2211 pec-

487 2232 593 2286 cati
637 2231 855 2298 dabant,
884 2232 987 2287 nisi
1014 2232 1138 2302 quia
1164 2232 1217 2286 in
1245 2230 1349 2286 hoc
1375 2230 1515 2286 facto
1539 2239 1643 2299 est,
1672 2238 1727 2287 et
1755 2232 1809 2287 in
1852 2231 1953 2288 hac
1982 2231 2080 2289 ad-

484 2320 593 2377 huc
621 2322 936 2392 operatione
962 2332 1231 2390 versatur,
1275 2322 1530 2394 quamdiu
1576 2323 1832 2379 mortales
1873 2339 2078 2392 sumus,

483 2413 596 2469 vita
626 2420 955 2469 sanctorum.
998 2413 1137 2469 Dum
1173 2413 1316 2469 enim
1358 2413 1578 2484 spiritus
1614 2416 1942 2486 concupiscit
1982 2416 2080 2472 ad-

484 2518 677 2561 versus
701 2520 917 2561 carnem
942 2546 957 2573 ,
1005 2504 1124 2562 hate
1169 2519 1360 2577 magna
1389 2506 1687 2564 intentione
1725 2523 1813 2565 res
1837 2509 2011 2581 agitur
2034 2512 2079 2578 ',

483 2596 928 2655 delectationibus
954 2596 1152 2670 pravis,
1180 2597 1491 2674 libidinibus
1515 2599 1825 2669 immundis,
1848 2602 2081 2659 motibus

482 2690 787 2747 carnalibus
806 2699 966 2764 atque
986 2692 1253 2763 turpibus,
1276 2690 1539 2748 suavitate
1564 2693 1883 2760 sanctitatis,
1897 2708 2081 2751 amore

482 2784 765 2851 castitatis,
795 2783 1061 2855 spirituali
1085 2784 1293 2855 vigore,
1325 2793 1380 2840 et
1404 2783 1747 2839 continentia:
1771 2783 1967 2841 decore
1996 2800 2081 2841 re-

482 2874 731 2932 sistitur:
762 2875 843 2932 sie
869 2875 1208 2945 deponuntur
1244 2874 1313 2930 ab
1338 2875 1415 2931 eis
1451 2876 1541 2947 qui
1570 2876 1765 2931 mortui
1807 2884 1934 2931 sunt
1976 2876 2077 2946 eis,

482 2981 586 3022 nec
614 2966 999 3023 consentiendo
1023 2967 1208 3022 vivunt
1226 2966 1288 3021 in
1327 2967 1426 3022 eis.
1474 2966 1582 3037 Sic,
1632 2967 1870 3039 inquam,
1909 2969 2077 3040 depo-

484 3065 709 3126 nuntur,
753 3057 881 3113 dum
911 3057 1219 3113 continuata
1244 3057 1576 3114 continentia
1599 3099 1617 3126 ,
1662 3074 1730 3115 ne
1772 3069 2077 3131 resurgant,

483 3157 823 3221 premuntur.
851 3150 1102 3221 Quisquis
1126 3151 1280 3222 quasi
1303 3164 1527 3205 securus
1553 3150 1622 3206 ab
1648 3150 1749 3207 hac
1774 3167 1961 3209 eorum
1987 3154 2081 3210 de-

482 3241 754 3311 positione
792 3240 1119 3310 cessaverit,
1167 3240 1312 3297 illieo
1354 3240 1407 3296 in
1437 3255 1618 3297 arcem
1666 3242 1862 3298 mentis
1901 3243 2078 3315 prosi-

548 3398 578 3470 ξΔ
591 3399 667 3470 sic
676 3396 903 3470 plerique
922 3404 1032 3470 uss.
1048 3399 1253 3470 quidam
1275 3411 1397 3452 vero
1424 3399 1625 3464 addunt,
1651 3414 1747 3467 quo
1762 3402 2078 3468 exprimitur.

482 3458 605 3527 aditi
627 3458 931 3527 autem,'quo
947 3459 1268 3527 signiﬁcatur.

551 3524 574 3555 ⁸
594 3523 936 3597 Qisterciensis
954 3523 1059 3585 ns,
1074 3523 1083 3527 '
1099 3537 1158 3573 ac
1190 3535 1367 3597 magna
1386 3523 1645 3579 intentione
1681 3525 2080 3581 delectationibus

482 3584 647 3649 prtwis
658 3599 679 3649 ;
694 3588 892 3648 omisso,
915 3584 1022 3638 haec
1040 3584 1119 3638 res
1137 3584 1318 3650 agitur.

1378 449 1751 510 ADMONITIO
1792 443 1855 499 ΙΝ
1896 443 2152 500 LlBllUll
2193 446 2278 501 DE
2318 446 2497 505 ΒΟΝο
2523 448 2919 509 CONJUGALI.

3679 458 3796 518 372

2198 561 2349 633 lient,
2376 579 2603 637 eamque
2628 565 2753 623 inde
2791 568 2904 639 ipsa
2947 567 3217 640 deponent
3251 569 3294 641 ί,
3340 578 3500 645 atque
3537 572 3593 632 in
3627 589 3792 636 suam

2198 661 2446 732 redigent
2491 662 2833 730 servitutem,
2882 656 3109 734 turpiter
3152 664 3567 739 deformiterque
3610 671 3792 742 capti—

2197 769 2337 810 vam.
2386 755 2537 811 Tunc
2580 756 2822 827 regnabit
2863 766 3140 826 peccatum
3182 758 3236 814 in
3283 758 3516 818 hominis
3570 765 3795 822 mortali

2196 862 2422 918 corpore
2469 847 2536 902 ad
2579 847 2934 904 obediendum
2996 849 3278 906 desideriis
3328 852 3477 923 ejus;
3522 862 3647 911 tunc
3690 872 3793 915 sua

2196 940 2436 997 membra
2465 939 2739 996 exhibebit
2765 957 2912 996 arma
2939 941 3231 1013 iniquitatis
3255 954 3476 1014 peccato
3508 944 3684 1019 (Rom.
3714 966 3793 1020 vr,

2197 1033 2308 1105 12),
2331 1044 2384 1089 et
2404 1042 2560 1089 erunt
2585 1034 2873 1089 novissima
2895 1033 3035 1090 illius
3060 1037 3239 1105 pejora
3268 1036 3532 1106 prioribus
3556 1038 3791 1111 (Matth.

2197 1144 2294 1194 χιι,
2321 1128 2391 1183 45
2411 1128 2450 1199 ).
2478 1126 2642 1182 Multo
2668 1136 2750 1183 est
2776 1127 2919 1183 enim
2951 1128 3282 1184 tolerabilius
3307 1138 3580 1186 certamen
3609 1131 3801 1203 hujus-

2195 1221 2340 1277 modi
2378 1237 2484 1276 non
2525 1222 2775 1292 coepisse,
2808 1237 2966 1292 quam
2998 1231 3236 1293 coeptum
3280 1223 3559 1295 reliquisse
3598 1226 3791 1282 conﬁi-

2194 1323 2362 1383 ctum,
2391 1323 2446 1369 et
2473 1312 2673 1368 factum
2705 1329 2769 1369 ex
2798 1313 2939 1369 bono
2967 1314 3271 1385 praeliatore
3302 1316 3386 1371 vel
3417 1316 3575 1372 etiam
3605 1334 3671 1372 ex
3715 1319 3800 1375 vi-

2194 1414 2343 1463 ctore
2370 1406 2653 1476 captivum.
2687 1403 2842 1461 Unde
2866 1406 3124 1462 Dominus
3152 1423 3259 1462 non
3286 1410 3380 1477 ait,
3406 1408 3508 1477 Qui
3534 1411 3795 1477 coeperit;

2193 1498 2310 1567 sed,
2346 1497 2445 1565 Qui
2476 1497 2864 1568 perseveraverit
2888 1514 3045 1569 usque
3081 1498 3135 1554 in
3170 1499 3346 1569 linem,
3388 1500 3469 1554 hic
3496 1502 3665 1557 salvus
3693 1511 3797 1558 ertt

2194 1588 2315 1665 (Id.
2346 1606 2401 1657 χ,
2432 1589 2505 1644 22

2265 1683 2354 1739 32.
2393 1682 2518 1740 Sive
2548 1694 2724 1739 autem
2764 1700 2833 1740 ne
2869 1685 3147 1741 vincamur
3173 1686 3370 1742 acriter
3412 1687 3793 1760 eonﬁigentes,

2192 1776 2308 1832 sive
2336 1776 2617 1848 aliquoties
2644 1776 2726 1833 vel
2754 1777 2916 1832 etiam
2942 1776 3215 1848 insperata
3243 1778 3330 1834 vel
3358 1779 3629 1849 inopinata
3656 1780 3798 1838 faet-

2193 1865 2341 1923 litate
2369 1866 2666 1933 vincentes,
2696 1867 2746 1922 ei
2772 1867 2861 1937 qui
2890 1867 3043 1922 nobis
3069 1868 3160 1923 dat
3188 1870 3572 1925 continentiam
3600 1871 3797 1930 demus

2191 1959 2440 2032 gloriam.
2481 1959 2880 2015 Meminerimus
2926 1959 3212 2030 quemdam
3249 1962 3451 2031 justum
3491 1963 3696 2021 dixisse
3735 1965 3799 2023 in

2152 2050 2155 2053 ‘
2192 2050 2517 2107 abundantia
2560 2064 2679 2119 sua,
2712 2049 2835 2105 Non
2872 2051 3107 2105 movebar
3143 2052 3198 2105 in
3238 2063 3522 2119 wternum;
3566 2055 3799 2112 demon-

2190 2152 2524 2215 stratumque
2568 2143 2644 2199 illi
2682 2158 2803 2199 esse
2832 2158 2992 2215 quam
3031 2152 3232 2201 temere
3272 2146 3375 2201 hnc
3413 2148 3629 2216 dixerit,
3674 2160 3797 2206 tan-

2190 2251 2351 2307 quam
2380 2236 2492 2292 suis
2518 2236 2719 2292 viribus
2748 2236 2989 2292 tribuens
3013 2279 3028 2305 ,
3052 2237 3194 2308 quod
3220 2238 3271 2293 ei
3298 2239 3363 2293 de
3385 2255 3547 2311 super
3569 2252 3799 2312 przestao

2191 2329 2366 2386 batur.
2413 2329 2527 2385 Hoc
2573 2337 2751 2385 autem
2792 2330 2910 2400 ipso
2953 2330 3243 2387 conﬁtente
3287 2331 3606 2389 didicimus:
3652 2350 3787 2392 mox

2190 2421 2335 2477 enim
2362 2420 2627 2491 adjunxit,
2651 2420 2887 2489 Domine,
2912 2422 2965 2475 in
2989 2421 3248 2478 voluntate
3273 2433 3363 2478 tua
3392 2425 3667 2496 prwstitisti
3689 2429 3789 2483 de-

2190 2514 2296 2570 cori
2328 2531 2436 2571 meo
2465 2515 2732 2581 virtutem;
2759 2514 2983 2570 avertisti
3006 2526 3175 2570 autent
3211 2516 3395 2587 faciem
3423 2527 3585 2588 tuam,
3612 2528 3661 2575 et
3699 2523 3792 2592 fa-

2188 2618 2299 2663 ctus
2322 2625 2438 2663 sum
2462 2608 2786 2664 conturbatus
2812 2608 2985 2680 (Psal.
3019 2625 3183 2679 ηις,
3213 2611 3269 2679 ’1,
3302 2610 3398 2687 8
3430 2613 3536 2671 Per
3563 2615 3799 2674 medici-

2190 2702 2367 2758 nalem
2392 2701 2783 2774 providentiam
2813 2704 3086 2775 paululum
3114 2704 3363 2762 desertus
3390 2716 3473 2763 est
3498 2723 3529 2764 a
3554 2719 3793 2781 rectore,

2190 2810 2260 2851 ne
2289 2810 2383 2867 per
2406 2794 2676 2851 exitialem
2705 2795 3008 2868 superbiam
3037 2796 3311 2854 desereret
3348 2799 3461 2870 ipse
3499 2812 3792 2868 rectorem.

2187 2887 2315 2946 Sive
2345 2904 2475 2960 ergo
2504 2888 2621 2956 hic,
2652 2889 2740 2944 ubi
2782 2904 2902 2944 cum
2933 2891 3075 2946 vitiis
3116 2893 3315 2948 nostris
3360 2893 3640 2953 domandis
3682 2897 3794 2951 mi—

2190 2980 2528 3051 nuendisquc
2556 2979 2924 3052 conﬁigimns;
2953 2981 3064 3037 sive
3096 2982 3188 3047 ibi,
3218 2982 3359 3054 quod
3404 2984 3458 3039 in
3493 2985 3599 3040 ﬁne
3638 2984 3796 3043 futu-

2187 3088 2307 3128 rum
2351 3080 2455 3138 est,
2496 3072 2586 3127 ubi
2624 3072 2769 3126 omni
2812 3072 2985 3137 hoste,
3010 3073 3134 3144 quia
3175 3076 3318 3129 omni
3357 3084 3505 3145 peste
3530 3078 3550 3107 ²
3573 3077 3797 3133 carebi-

2189 3181 2344 3229 mus;
2385 3164 2440 3219 id
2488 3163 2764 3220 nobiscum
2792 3164 3077 3220 salubriter
3102 3167 3293 3236 agitur,
3319 3173 3377 3221 ut
3404 3166 3489 3237 qui
3508 3167 3795 3239 gloriatur,

2186 3258 2243 3314 in
2267 3257 2487 3314 Domino
2512 3257 2758 3331 glorietur
2783 3257 2802 3331 (
2826 3257 2846 3313 ι
2876 3258 2994 3313 Cor.
3026 3275 3066 3326 ι,
3093 3259 3155 3316 51
3180 3258 3222 3331 ).

2252 3417 2274 3450 ί
2300 3418 2373 3467 Sic
2385 3423 2493 3466 uss.
2519 3415 2730 3481 Atediti,
2750 3414 2909 3481 ipsam
2933 3415 3191 3481 deponent.

2252 3481 2274 3514 ³
2291 3482 2485 3533 sicuss.
2510 3480 2631 3531 Editi
2653 3476 2790 3540 vero,
2816 3477 2898 3530 ubi
2918 3476 3051 3529 omni
3084 3478 3218 3534 hoste
3247 3482 3297 3531 et
3326 3476 3475 3531 onmi.

1504 3978 1574 4037 IN
1611 3979 1871 4040 LIBRUM
1910 3983 1999 4040 DE
2037 3976 2219 4041 ΒΟΝο
2252 3982 2631 4041 CONJUGALI
2671 3979 2771 4057 (a).

559 4097 721 4154 Liber
759 4096 862 4154 iste
902 4109 1026 4153 cum
1073 4095 1245 4151 altero
1283 4093 1527 4166 proxime
1570 4105 1821 4154 secuturo
1861 4097 2062 4169 pariter
2103 4106 2186 4155 est
2218 4107 2402 4155 contra
2445 4097 2697 4169 reliquias
2734 4094 2991 4167 quasdam
3031 4094 3253 4152 haeresis
3291 4092 3579 4152 Joviniani.
3632 4093 3796 4154 Hane

484 4190 738 4250 haeresim
782 4206 879 4248 suo
916 4197 1158 4261 tempore
1201 4196 1381 4243 natam
1424 4199 1811 4246 commemorat
1848 4191 2177 4263 Augustinus
2224 4193 2279 4248 in
2322 4191 2459 4247 libro
2493 4191 2530 4246 2
2556 4191 2625 4247 de
2670 4189 2879 4261 Nuptiis
2909 4198 2963 4245 et
3001 4188 3466 4262 Concupiscentia,
3512 4204 3632 4261 cap.
3674 4192 3750 4247 25
3774 4209 3794 4248 :

492 4306 514 4340 ι
548 4285 880 4350 Jovinianus,
923 4284 1018 4351 ait,
1064 4282 1154 4355 qui
1200 4295 1400 4355 paucos
1443 4290 1568 4337 ante
1607 4297 1777 4339 annos
1817 4285 2083 4341 novellam
2126 4292 2350 4342 conatus
2391 4292 2475 4341 est
2515 4284 2767 4340 hmresim
2816 4282 3072 4351 condere,
3118 4282 3424 4341 Manichaeis
3462 4285 3799 4355 patrocinari

491 4400 513 4434 ‹
548 4380 759 4437 dicebat
779 4377 1104 4444 Catholicos,
1130 4376 1271 4448 quod
1290 4373 1548 4432 adversus
1565 4392 1689 4433 eum
1710 4386 1950 4434 sanctam
1975 4378 2333 4450 virginitatem
2359 4378 2556 4450 nuptiis
2579 4375 2991 4449 praeferebant.»
3024 4376 3090 4431 Et
3116 4376 3170 4431 in
3197 4376 3334 4433 libro
3355 4377 3423 4434 de
3452 4376 3791 4446 Haeresibus,
3830 4387 3834 4390 ’

484 4490 605 4547 cap.
638 4474 710 4531 82
739 4493 754 4529 :
790 4492 810 4527 ι
842 4476 890 4530 Α
912 4473 1196 4530 Joviniano
1224 4471 1454 4544 quodam
1484 4472 1748 4529 monacho
1779 4474 1878 4529 ista
1904 4473 2127 4529 haeresis
2169 4482 2287 4529 orta
2315 4481 2399 4529 est
2425 4481 2583 4528 aetate
2610 4478 2817 4538 nostra,
2854 4485 2976 4526 cum
3002 4468 3175 4525 adhuc
3200 4470 3426 4541 juvenes
3448 4484 3720 4528 essemus.
3763 4491 3789 4525 ι

482 4569 757 4640 Additque
780 4568 947 4624 fuisse
970 4568 1116 4624 illam
1157 4567 1264 4623 cito
1285 4582 1597 4639 oppressam
1625 4576 1679 4624 et
1702 4568 2041 4633 exstinctam,
2072 4576 2193 4638 puta
2226 4566 2440 4623 circiter
2464 4582 2662 4621 annum
2690 4565 2885 4620 Christi
2916 4564 3060 4632 590;
3092 4564 3277 4621 Romae
3302 4566 3534 4636 primum
3558 4564 3797 4621 damna-

483 4672 616 4733 tam,
649 4672 762 4718 tum
789 4661 984 4717 deinde
1006 4661 1291 4717 Mediolani
1324 4680 1337 4717 :
1372 4678 1474 4735 qua
1501 4661 1569 4718 de
1604 4678 1664 4718 re
1692 4671 1875 4718 extant
1903 4660 2080 4718 Siricii
2109 4677 2262 4732 papa:
2288 4660 2355 4714 ad
2406 4660 2859 4717 Mediolanensem
2902 4658 3203 4715 Ecclesiam
3233 4658 3445 4728 littera},
3488 4668 3543 4715 et
3565 4675 3687 4730 quae
3718 4661 3795 4717 ad

483 4760 657 4831 ipsum
684 4771 716 4812 a
752 4754 958 4829 synodo
1003 4754 1385 4811 Mediolanensi
1413 4755 1701 4811 Ambrosio
1738 4755 1969 4826 praesule
2011 4754 2234 4812 reddita:
2272 4762 2419 4823 sunt,
2441 4769 2473 4809 a
2499 4754 2731 4809 Baronio
2757 4752 2825 4809 ad
2869 4752 3179 4823 praedictum
3206 4768 3405 4811 annum
3435 4752 3542 4810 590
3574 4754 3791 4811 relatae.

483 4852 865 4909 Confutaverat
890 4849 1230 4907 Jovinianum
1264 4849 1643 4922 Hieronymus,
1673 4849 1767 4905 sed
1794 4850 2125 4906 excellentia:
2150 4850 2432 4920 virginalis
2472 4848 2842 4906 defensionem
2871 4848 3082 4904 nonnisi
3109 4847 3451 4905 damnatione
3478 4847 3794 4918 nuptiarum

482 4954 720 5009 tentasse
764 4944 1055 5010 ferebatur,
1106 4943 1350 5014 adeoque
1392 4942 1698 4999 Maniclneis
1744 4943 2012 4999 haereticis
2054 4944 2264 4998 incaute
2313 4941 2530 4997 favisse.
2586 4941 2664 4997 Ne
2706 4941 2938 4999 similem
2986 4941 3306 4996 calumniam
3351 4941 3465 4997 sive
3506 4941 3792 5012 querelam

484 5048 759 5111 pateretur
786 5037 1134 5109 Augustinus,
1183 5043 1467 5106 antequam
1497 5036 1565 5092 de
1591 5036 1910 5108 virginitatis
1952 5037 2261 5106 prmstantia
2305 5036 2528 5098 diceret,
2556 5034 2902 5091 scribendum
2947 5035 3015 5090 de
3040 5034 3269 5106 conjugii
3313 5036 3455 5092 bono
3478 5035 3745 5106 judicavit
3774 5057 3790 5093 :

482 5133 627 5205 quod
656 5147 791 5207 opus
818 5131 1032 5188 circiter
1054 5144 1256 5185 annum
1286 5127 1383 5184 401
1421 5128 1732 5197 perfecisse,
1764 5144 1872 5185 non
1897 5127 2057 5184 modo
2083 5142 2150 5182 ex
2178 5126 2634 5182 Retraetationum
2674 5126 2813 5181 serie
2839 5127 3171 5196 intelligitur,
3204 5127 3299 5182 sed
3330 5126 3489 5183 etiam
3530 5143 3596 5182 ex
3627 5127 3794 5184 libris

482 5229 552 5286 de
579 5230 774 5287 Genesi
800 5228 868 5285 ad
895 5228 1151 5292 litteram,
1198 5240 1263 5280 eo
1310 5224 1421 5279 fere
1454 5238 1595 5279 anno
1622 5224 1721 5279 401
1755 5223 2038 5280 inchoatis.
2103 5219 2307 5290 Nempe
2356 5221 2407 5274 in
2458 5219 2595 5274 libro
2638 5234 2782 5274 nono
2812 5220 2881 5275 de
2908 5218 3129 5287 Genesi,
3175 5235 3295 5290 cap.
3330 5220 3379 5286 7,
3430 5220 3517 5275 ubi
3545 5219 3790 5292 eonjugii

480 5320 683 5379 bonum
718 5317 1101 5376 commendat:
1137 5334 1157 5369 ι
1191 5314 1305 5371 Hoc
1342 5322 1543 5380 autem,
1582 5314 1676 5379 ait,
1709 5315 2027 5384 tripartitum
2070 5321 2190 5379 est;
2221 5311 2379 5379 ﬁdes,
2409 5310 2606 5381 proles,
2654 5320 3072 5393 sacramentum.
3124 5311 3182 5368 in
3229 5312 3333 5368 ﬁde
3376 5312 3668 5368 attenditur
3718 5330 3792 5371 ne

490 5431 511 5467 ι
544 5420 739 5483 praeter
764 5411 1031 5466 vinculum
1056 5408 1362 5479 conjugale,
1390 5422 1514 5462 cum
1542 5407 1710 5463 altera
1740 5408 1822 5463 vel
1850 5409 2019 5466 altero
2049 5408 2435 5463 concumbatur
2467 5424 2481 5459 :
2515 5406 2566 5461 in
2594 5405 2765 5475 prole,
2805 5415 2863 5460 ut
2887 5414 3134 5463 amanter
3159 5406 3502 5476 suscipiatur,
3545 5407 3790 5478 benigne

491 5527 511 5560 ι
546 5507 828 5574 nutriatur,
862 5506 1109 5576 religiose
1134 5504 1395 5562 educetur
1426 5523 1437 5558 :
1472 5505 1524 5560 in
1567 5513 1904 5560 sacramento
1933 5514 2131 5568 autem,
2165 5513 2222 5559 ut
2245 5501 2552 5574 conjugium
2582 5516 2687 5555 non
2717 5510 3017 5571 separetur,
3062 5509 3119 5556 et
3144 5500 3398 5556 dimissus
3435 5509 3529 5555 aut
3554 5500 3784 5557 dimissa

491 5619 512 5655 ι
546 5615 646 5657 nec
672 5614 829 5655 causa
862 5599 1027 5668 prolis
1064 5598 1218 5657 alteri
1257 5597 1633 5669 conjungatur.
1690 5595 1815 5651 Ilaec
1839 5606 1919 5651 est
1947 5604 2194 5665 tanquam
2221 5596 2407 5665 regula
2430 5595 2759 5664 nuptiarum,
2789 5609 2893 5664 qua
2924 5593 3005 5649 vel
3037 5602 3243 5648 natura:
3278 5592 3561 5648 decoratur
3584 5590 3783 5664 fecun-

491 5717 512 5752 ι
547 5698 708 5763 ditas,
740 5696 831 5751 vel
864 5694 1261 5751 incontinentiae
1291 5694 1498 5765 regitur
1522 5694 1771 5764 pravitas.
1824 5691 1976 5748 Unde
2000 5691 2121 5760 quia
2160 5691 2289 5745 satis
2318 5691 2668 5745 disseruimus
2705 5693 2757 5744 in
2788 5706 2852 5745 eo
2880 5692 3018 5745 libro
3045 5706 3203 5761 quem
3229 5690 3297 5747 de
3324 5692 3472 5745 Bono
3499 5691 3784 5765 Conjugali

491 5812 512 5846 ε
550 5808 718 5862 nuper
763 5788 1055 5857 edidimus,
1087 5787 1175 5842 ubi
1202 5798 1254 5843 et
1280 5787 1663 5844 continentiam
1694 5785 1977 5849 vidualem,
2004 5794 2057 5839 et
2081 5783 2456 5838 excellentiam
2482 5784 2795 5853 virginalem
2839 5799 2938 5854 pro
2975 5799 3193 5839 suorum
3229 5785 3486 5855 graduum
3517 5785 3780 5855 dignitate

567 5906 655 6053 ()a)
687 5906 769 5969 In
797 5903 1025 5968 librum
1058 5902 1133 5964 de
1159 5904 1338 5964 Bono
1365 5901 1715 5979 conjugali,
1748 5901 1885 5961 vide
1908 5906 2206 5979 pra-terea
2234 5897 2341 5959 lib.
2372 5897 2443 5967 2,
2466 5918 2599 5979 cap.
2629 5897 2741 5972 22,
2766 5900 3343 5973 Retractationum,
3378 5908 3525 5962 tom.
3561 5902 3618 5973 1,
3646 5902 3779 5977 col.

615 6036 627 6053 .
667 6008 701 6041 ο
733 5985 934 6049 uerbis
989 5984 1319 6049 Joviniaui
1352 5983 1640 6053 haeresis,
1676 5998 1863 6053 usque
1892 5981 1970 6042 ad
2002 5978 2179 6044 verba
2209 5980 2328 6042 col.
2376 5976 2516 6053 ϐῘιΟ,
2544 5979 2829 6045 Humani
2864 5981 3122 6053 generis
3147 5997 3299 6053 pars
3330 5985 3447 6045 est.
3533 5980 3618 6045 M.

479 5976 701 6061 639,’o
733 5985 934 6049 verbis
989 5984 1319 6049 Joviniani
1352 5976 1640 6059 haeresis,
1676 5998 1863 6062 usque
1892 5976 1970 6042 ad
2002 5978 2179 6044 verba
2209 5980 2328 6042 col.
2376 5976 2516 6055 6&0,
2540 5976 2829 6045 Humani
2864 5981 3122 6061 generis
3147 5997 3299 6062 pars
3330 5985 3447 6045 est.
3533 5980 3618 6045 M.
