4070 6334
240 5712 249 5785 ξ

252 490 343 548 573

999 483 1085 540 DE
1122 482 1302 540 ΒΟΝο
1336 478 1732 552 CONJUGALI,
1778 483 1838 540 S.
1886 480 2248 540 AUGUSTINI
2286 480 2488 539 LIBER
2524 480 2727 542 UNUS.

3414 480 3521 540 574

259 622 274 655 ι
306 599 668 666 distinximus,
708 597 907 654 diutius
938 596 1022 653 hic
1048 608 1229 655 noster
1252 598 1408 655 stilus
1445 612 1552 654 non
1595 604 1680 654 est
1719 596 2078 670 occupandus.
2119 616 2137 650 ι
2190 596 2303 653 Hoc
2342 597 2520 668 ipsum
2552 610 2688 669 opus
2722 600 2939 651 notatur
2959 593 3015 650 in
3040 592 3137 650 lib.
3159 595 3187 651 l
3217 593 3286 653 de
3310 595 3511 653 Pecca-

256 704 414 748 torum
444 689 658 746 meritis
684 699 740 747 et
763 690 1097 757 remissione,
1123 705 1243 761 cap.
1273 690 1371 746 29.

254 806 3532 869 Ν

852 930 998 1111 8.
1063 930 1880 1111 ΔΠΒΞΕΞΞ
1891 929 2837 1111 92998111“
2845 932 2914 1042 I

1443 1099 1959 1162 HIPPONENSIS
1999 1098 2353 1163 EPISCOPI

603 1218 908 1365 DE
1061 1214 1700 1366 ΒΟΝο
1832 1225 1867 1352 l

1997 1213 3185 1369 ONJUGALI

1352 1420 1833 1529 LIBER
1927 1416 2042 1524 U
2031 1419 2143 1523 N
2159 1421 2331 1527 US
2368 1420 2444 1495 (⁸)
2478 1505 2505 1531 .

1617 1586 2254 1668 «Meum»

316 1700 367 1745 in
386 1706 486 1769 quo
506 1693 657 1745 docet
679 1694 973 1769 Augustinus
990 1692 1185 1769 nuptias
1204 1690 1372 1769 multis
1386 1690 1663 1769 nominibus
1679 1704 1794 1743 esse
1818 1695 2150 1769 honorabiles,
2174 1702 2225 1744 et
2250 1707 2345 1743 non
2366 1699 2552 1769 tantum
2570 1693 2619 1743 lu
2642 1692 3357 1769 forniatipnisromparatiou‘e,

3380 1690 3471 1741 sed
3490 1698 3559 1741 ex

267 1753 450 1822 proprio
467 1770 667 1822 genere
698 1753 921 1822 bo'nasac
941 1756 1006 1805 de
1022 1753 1081 1805 se
1103 1755 1167 1822 ab
1193 1755 1325 1822 omni
1362 1761 1567 1822 peccato
1594 1755 1849 1822 immunes.
1876 1753 2231 1822 continentiam
2256 1770 2383 1822 vero
2412 1754 2558 1822 longe
2586 1770 2712 1822 esse
2736 1753 3118 1817 praistantioren'i
3136 1754 3349 1804 ostendit
3372 1753 3559 1822 :_adeo-

264 1815 592 1931 ﬁuuﬁimt
603 1832 739 1891 91135
758 1816 873 1868 οιίΠι
897 1818 1198 1867 necessarias
1219 1816 1279 1863 3d
1296 1815 1761 1888 [ινοιιθξδηιιιιωρρί
1786 1820 2035 1893 populum,
2060 1834 2148 1882 per
2172 1832 2318 1881 quem
2340 1815 2556 1889 Christus
2584 1815 2953 1879 prophetaretur
2981 1824 3031 1865 et
3052 1823 3365 1887 nasceretur,
3392 1816 3441 1886 in
3464 1824 3558 1865 usu

385 1896 440 1931 re
457 1888 617 1931 Sancti
632 1881 930 1931 debuerunt.
956 1892 1085 1928 nunc
1102 1886 1335 1931 temporis
1356 1885 1606 1931 postquam
1626 1878 1804 1928 dictum
1828 1890 1920 1931 est.
1947 1894 2035 1931 om
2060 1889 2208 1931 notest
2232 1893 2421 1931 canere.
2447 1887 2603 1931 cantat
2618 1915 2633 1931 .
2658 1894 2753 1928 non
2788 1878 3151 1931 amplectendas
3180 1892 3271 1925 nlS|
3304 1878 3367 1924 ab
3391 1878 3450 1925 tis
3471 1876 3558 1931 qui

385 1876 617 1932 re'sancti
632 1876 930 1935 debuerunt,
956 1892 1085 1928 nunc
1102 1876 1335 1941 temporis
1356 1876 1606 1939 pOstquam
1626 1876 1804 1928 dictum
1828 1876 1920 1943 est,
1947 1876 2035 1943 (iui
2063 1876 2072 1882 ’
2094 1876 2208 1931 etest
2232 1893 2421 1943 capere,
2447 1876 2633 1942 capiat,
2658 1876 2753 1928 non
2788 1878 3151 1940 amplectendas
3180 1878 3271 1925 nisi
3304 1878 3367 1924 ab
3391 1877 3450 1925 iis
3471 1876 3561 1938 qui

385 1944 596 1991 intinere
615 1956 712 1991 non
738 1940 917 1991 valent.
938 1948 1177 1991 Caeterum
1206 1940 1515 1989 continentes
1551 1948 1741 1989 nostros
1778 1945 1988 1991 antiquis
2014 1897 2112 1991 ile
2134 1943 2417 1991 coniugatis.
2445 1943 2709 1989 Abrahamo
2732 1941 3006 1991 nominatim
3032 1948 3083 1988 et
3104 1948 3244 1991 Sara},
3268 1940 3347 1986 vix
3367 1935 3464 1986 ulla
3482 1951 3561 1986 ra-

2073 1959 2112 1994 IS

262 1956 316 2017 se
339 1944 596 2017 continere
615 1956 712 2016 non
738 1940 917 2017 quierit.
938 1948 1177 2017 Caeterum
1206 1940 1515 2013 continentes
1551 1948 1750 2017 nostros
1778 1940 1988 2017 antiquis
2014 1945 2049 2017 il

2134 1935 2417 2005 Conjugatis,
2445 1935 2709 2005 Mirabatur)
2732 1935 3006 1991 nominatim
3032 1948 3083 1988 et
3104 1948 3244 2005 Sara},
3268 1940 3347 1986 vix
3367 1935 3562 2005 ullaru-

265 2007 393 2056 tione
415 2004 651 2065 conferri,
675 2004 855 2053 nedum
872 2005 932 2053 iis
956 2002 1172 2065 priel‘erri
1192 2014 1366 2063 posse;
1392 2003 1573 2064 quippe
1597 2003 1679 2063 qui
1707 2010 1757 2051 et
1780 1999 2092 2055 continentire
2114 1999 2339 2054 virtutem
2359 1999 2412 2051 in
2429 2005 2587 2065 animi
2604 2004 2771 2050 habitu
2794 2008 3061 2051 tenuerunt
3079 2001 3340 2059 nubentes,
3368 2006 3420 2049 et
3440 1999 3564 2050 obo-

263 2066 461 2117 dientiae
486 2064 652 2127 laude,
669 2078 768 2130 qua
791 2064 1018 2127 tanquam
1040 2066 1241 2113 matrice
1264 2064 1472 2113 virtutes
1494 2076 1667 2113 omnes
1688 2068 2013 2129 continentur,
2042 2082 2185 2132 quam
2220 2069 2428 2115 maxime
2452 2064 2813 2115 excelluerunt.

330 2150 558 2208 CAPUT
614 2149 901 2205 PRIMUM.
948 2177 1022 2191 -
1067 2149 1119 2203 1.
1172 2145 1353 2200 Prima
1397 2148 1609 2201 societas
1658 2149 1751 2201 viri
1807 2157 1857 2204 et

263 2244 465 2298 sutoris.
513 2241 774 2309 Quoniam
801 2240 1163 2311 unusquisque
1192 2238 1353 2293 homo
1393 2237 1611 2293 humani
1643 2240 1858 2308 generis

266 2348 393 2406 pars
443 2342 546 2399 est,
592 2342 647 2389 et
691 2332 891 2389 sociale
936 2331 1188 2404 quiddam
1238 2340 1319 2386 est
1367 2331 1597 2386 humana
1648 2341 1858 2398 natura,

266 2442 625 2499 magnumque
660 2426 825 2483 habet
852 2435 908 2482 et
946 2425 1190 2480 naturale
1234 2425 1453 2489 bonum,
1498 2425 1603 2480 vim
1649 2440 1862 2495 quoque

265 2520 554 2585 amicitiae;
586 2519 658 2574 ob
679 2519 781 2574 hoc
801 2534 871 2573 ex
899 2533 1006 2573 uno
1026 2519 1168 2573 Deus
1194 2517 1360 2574 voluit
1400 2532 1590 2573 omnes
1617 2518 1862 2574 homines

266 2614 523 2681 condere,
568 2621 629 2669 ut
668 2615 721 2668 in
764 2626 860 2669 sua
908 2613 1164 2668 societate
1206 2628 1312 2667 non
1356 2613 1467 2667 sola
1516 2614 1864 2669 similitudine

268 2706 500 2777 generis,
548 2705 643 2761 sed
691 2706 853 2760 etiam
887 2704 1220 2776 cognationis
1262 2705 1479 2759 vinculo
1526 2714 1860 2765 tenerentur.

271 2796 444 2851 Prima
478 2796 661 2866 itaque
688 2796 945 2850 naturalis
972 2795 1220 2850 humana:
1249 2796 1520 2851 societatis
1563 2797 1752 2867 copula
1782 2798 1864 2852 vir

272 2899 323 2946 et
345 2906 481 2947 uxor
510 2899 613 2947 est.
663 2891 810 2958 Quos
849 2905 949 2946 nec
974 2892 1120 2961 ipsos
1149 2889 1389 2961 singulos
1427 2889 1667 2946 condidit
1700 2891 1860 2959 Deus,

272 2992 325 3038 et
356 2993 612 3055 tanquam
656 2984 989 3056 alienigenas
1012 2984 1226 3054 junxit:
1269 2983 1364 3038 sed
1400 2983 1622 3039 alteram
1662 2983 1865 3041 creavit

274 3090 339 3131 ex
365 3077 575 3144 altero;
605 3078 821 3149 signans
846 3079 1007 3133 etiam
1048 3078 1154 3131 vim
1180 3076 1573 3147 conjunctionis
1598 3079 1651 3135 in
1675 3078 1863 3144 latere,

278 3170 410 3225 unde
453 3171 545 3226 illa
590 3171 849 3239 detracta,
900 3170 1129 3225 formata
1177 3179 1261 3225 est
1303 3168 1456 3241 (Gen.
1504 3186 1559 3235 ιι,
1608 3169 1699 3233 2|,
1746 3171 1863 3242 2‘2).

280 3261 553 3319 Lateribus
580 3264 724 3319 enim
757 3263 857 3318 sibi
877 3264 1192 3334 junguntur,
1225 3262 1312 3333 qui
1344 3262 1546 3333 pariter
1569 3263 1863 3327 ambulant,

280 3364 327 3410 et
354 3357 549 3425 pariter
587 3371 696 3427 quo
735 3356 1009 3411 ambulant
1058 3356 1354 3411 intuentur.
1386 3356 1738 3424 Consequens
1783 3362 1869 3409 est

279 3447 541 3501 connexio
564 3446 835 3501 societatis
861 3447 913 3500 in
946 3446 1088 3513 ﬁliis,
1110 3447 1201 3517 qui
1224 3460 1360 3500 unus
1382 3445 1641 3501 honestus
1662 3445 1867 3500 fructus

280 3550 374 3606 est,
424 3555 530 3596 non
574 3540 970 3610 conjunctionis
1013 3538 1178 3595 maris
1212 3546 1267 3594 et
1313 3538 1547 3603 feminae,
1590 3537 1686 3592 sed
1735 3552 1866 3593 con-

281 3640 506 3696 cubitus.
556 3638 778 3694 Poterat
817 3635 961 3692 enim
1005 3649 1125 3690 esse
1168 3635 1221 3689 in
1255 3641 1479 3704 utroque
1508 3646 1659 3698 sexu,
1706 3630 1869 3686 etiam

280 3734 390 3789 sine
438 3732 533 3787 tali
581 3730 985 3797 commixtione,
1054 3727 1272 3784 alterius
1336 3726 1593 3799 regentis,
1649 3726 1870 3781 alterius

279 3826 621 3898 obsequentis
683 3823 923 3879 amiculis
987 3821 1231 3893 quaedam
1298 3831 1353 3877 et
1418 3834 1671 3893 germana
1739 3834 1870 3877 con-

276 3917 495 3990 iunctio.

344 4008 577 4066 CAPUT
638 4006 701 4063 Ii.
748 4035 823 4051 -—
864 4005 919 4062 8.
969 4004 1048 4061 De
1104 4004 1469 4076 propagatione
1510 4004 1773 4074 ﬁliorum,
1821 4004 1870 4059 si

281 4103 425 4157 homo
450 4118 554 4157 non
588 4106 860 4169 peccasset,
886 4098 1095 4153 diversi:
1118 4098 1398 4152 sententiae.
1424 4094 1534 4151 Nec
1564 4111 1710 4151 nunc
1739 4110 1873 4166 opus

278 4204 359 4251 est
385 4202 447 4250 ut
472 4202 779 4249 scrutemur
802 4233 817 4259 ,
859 4200 915 4246 et
944 4191 995 4245 in
1026 4205 1089 4245 ea
1115 4190 1411 4259 quaestione
1439 4187 1711 4242 definitam
1751 4200 1875 4242 sen-

279 4287 493 4341 tentiam
524 4283 880 4355 proferamus,
912 4281 1053 4337 unde
1078 4282 1370 4351 primorum
1394 4279 1670 4333 hominum
1694 4278 1874 4347 proles

278 4386 461 4450 posset
487 4378 747 4442 existere,
768 4388 907 4445 quos
930 4372 1274 4429 benedixerat
1306 4373 1466 4437 Deus,
1489 4370 1695 4436 dicens,
1725 4368 1872 4423 Cres-

278 4476 391 4539 cite,
430 4485 477 4530 et
504 4473 953 4544 multiplicamini,
985 4480 1031 4526 et
1058 4472 1258 4541 implete
1289 4478 1492 4535 terram,
1535 4468 1578 4522 si
1608 4481 1713 4520 non
1742 4479 1873 4535 pec-

278 4576 543 4632 cassent;
593 4580 717 4621 cum
773 4565 962 4621 mortis
1001 4564 1362 4620 conditionem
1408 4574 1634 4631 corpora
1686 4573 1872 4614 eorum

279 4660 553 4731 peccando
595 4657 911 4723 meruerint,
955 4671 1199 4713 necesse
1242 4654 1556 4709 concubitus
1586 4652 1686 4707 nisi
1728 4666 1872 4706 mor-

283 4755 465 4808 talium
491 4768 782 4824 corporum
808 4744 1011 4822 possit.
1044 4750 1230 4803 Plures
1264 4747 1407 4802 enim
1436 4746 1503 4800 de
1533 4746 1632 4799 hac
1660 4759 1720 4798 re
1750 4758 1876 4799 sen-

284 4847 460 4899 tentia:
479 4845 819 4914 diversaeque
839 4842 1159 4898 exstiterunt
1182 4856 1201 4905 ;
1221 4847 1275 4893 et
1292 4838 1337 4892 si
1362 4836 1772 4892 examinandum
1788 4836 1874 4901 sit,

286 4939 493 4992 veritati
540 4938 560 4970 ³
607 4936 908 4991 divinarum
958 4933 1354 5003 Scripturarum
1398 4942 1643 4999 quasnam
1693 4941 1876 4983 earum

290 5032 623 5100 potissimum
660 5036 941 5101 congruat,
972 5028 1193 5100 prolixae
1218 5022 1591 5095 disputationis
1614 5022 1881 5091 negotium

1965 2163 2065 2209 est.
2089 2152 2211 2207 Sive
2230 2165 2358 2221 ergo
2379 2150 2493 2204 sine
2509 2147 2732 2205 coeundi
2746 2146 3026 2216 complexu
3051 2145 3157 2199 alio
3174 2145 3352 2215 aliquo
3374 2142 3560 2211 modo,

1965 2246 2013 2301 si
2058 2260 2165 2300 non
2209 2251 2537 2314 peccassent,
2570 2240 2803 2297 habituri
2841 2247 3022 2295 essent
3065 2238 3205 2292 ﬁlios
3246 2252 3313 2291 ex
3340 2250 3563 2291 munere

1966 2337 2469 2409 omnipotentissimi
2508 2334 2794 2396 Creatoris,
2848 2333 2939 2401 qui
2986 2332 3157 2402 potuit
3210 2332 3370 2385 etiam
3416 2330 3566 2399 ipsos

1966 2433 2082 2487 sine
2111 2429 2419 2500 parentibus
2444 2427 2694 2489 condere,
2722 2426 2813 2496 qui
2841 2423 3007 2493 potuit
3034 2438 3251 2478 carnem
3275 2422 3475 2478 Christi
3502 2422 3559 2477 iu

1968 2533 2122 2581 utero
2147 2522 2387 2591 virginali
2418 2520 2669 2585 formare,
2715 2527 2771 2573 et
2809 2519 3055 2573 utetiam
3089 2517 3218 2586 ipsis
3258 2516 3563 2571 inﬁdelibus

1969 2619 2174 2688 loquar,
2203 2616 2291 2687 qui
2320 2616 2487 2685 potuit
2511 2614 2699 2684 apibus
2720 2612 2923 2683 prolem
2952 2613 3066 2667 sine
3087 2612 3368 2668 concubitu
3390 2610 3521 2665 dare
3540 2629 3558 2666 :

1969 2711 2083 2766 sive
2108 2709 2179 2764 ibi
2207 2709 2368 2763 multa
2391 2709 2613 2778 mystice
2641 2722 2703 2762 ac
2733 2709 2954 2777 ﬁgurate
2980 2705 3122 2760 dicta
3148 2706 3273 2769 sint,
3300 2704 3562 2774 aliterque

1971 2801 2041 2857 sit
2068 2799 2467 2870 intelligendum
2498 2798 2639 2868 quod
2678 2799 2933 2866 scriptum
2962 2805 3063 2861 est,
3104 2794 3319 2866 Implete
3348 2805 3560 2861 terram,

1970 2902 2019 2950 cl
2047 2894 2381 2949 dominamini
2398 2894 2507 2962 ejus
2538 2890 2696 2963 (Gen.
2728 2908 2765 2957 l,
2793 2892 2909 2961 28),
2950 2891 3001 2945 id
3029 2899 3132 2955 est,
3157 2899 3213 2945 ut
3233 2890 3565 2960 plenitudine

1970 2999 2027 3048 et
2053 2989 2378 3061 perfectione
2420 2989 2542 3043 vita:
2580 3004 2642 3043 ac
2668 2990 2948 3059 potestatis
2986 2989 3038 3043 id
3082 2989 3252 3053 fieret,
3296 2996 3353 3043 ut
3395 2990 3570 3058 ipsum

1972 3096 2186 3153 quoque
2210 3082 2595 3137 incrementum
2629 3089 2681 3135 et
2708 3080 3077 3150 multiplicatio
3104 3096 3207 3149 qua
3234 3080 3433 3135 dictum
3466 3088 3565 3145 est,

1974 3173 2209 3241 Crescite,
2251 3186 2297 3229 et
2340 3174 2782 3243 multiplicamini,
2835 3181 3087 3242 provectu
3114 3174 3309 3227 mentis
3337 3182 3389 3227 et
3416 3175 3571 3241 copia

1973 3266 2185 3323 virtutis
2237 3265 2583 3335 intelligatur,
2631 3265 2769 3319 sicut
2818 3265 2872 3318 in
2920 3265 3135 3319 Psalmo
3186 3266 3414 3334 positum
3461 3270 3567 3327 est,

1975 3358 2342 3427 Multiplicabis
2369 3376 2446 3413 me
2470 3359 2523 3411 in
2549 3358 2719 3411 anima
2742 3374 2853 3411 mea
2877 3358 3055 3411 virtute
3081 3358 3097 3388 ¹
3126 3356 3295 3425 (Psnl.
3324 3372 3568 3422 cxxxvn,

1975 3449 2072 3521 5);
2106 3466 2203 3505 nec
2233 3449 2356 3504 data
2403 3449 2472 3502 sit
2513 3449 2712 3503 homini
2764 3449 2929 3519 prolis
2974 3450 3072 3501 ista
3118 3447 3409 3511 successio,
3458 3447 3558 3500 nisi

1976 3550 2320 3612 posteaquam
2358 3553 2518 3594 causa
2563 3538 2787 3607 peccati,
2828 3537 3003 3592 futura
3029 3546 3147 3593 erat
3190 3538 3240 3591 in
3278 3546 3451 3591 morte
3475 3537 3571 3591 de-

1976 3633 2193 3689 cessio:
2242 3631 2353 3685 sive
2395 3645 2589 3698 corpus
2630 3643 2736 3684 non
2773 3628 3050 3698 spirilttalc
3094 3629 3197 3682 illis
3238 3626 3568 3694 hominibus,

1976 3725 2070 3782 sed
2098 3724 2272 3796 primo
2298 3723 2527 3778 animale
2556 3721 2752 3777 factum
2779 3729 2913 3786 erat,
2943 3729 3000 3774 ut
3024 3719 3340 3775 obedientiae
3370 3717 3564 3775 merito

1978 3802 2164 3889 postea
2190 3817 2341 3877 ﬁeret
2367 3815 2665 3886 spirituale,
2701 3814 2767 3869 ad
2798 3813 3251 3868 immortalitatem
3279 3826 3570 3882 capessen-

1979 3911 2124 3978 dam,
2155 3924 2261 3964 non
2291 3917 2409 3979 post
2448 3915 2699 3971 mortem,
2733 3921 2851 3976 qua:
2892 3905 3089 3960 invidia
3129 3904 3327 3959 diaboli
3356 3903 3575 3959 intravit

1979 4002 2035 4058 in
2063 4001 2246 4056 orbem
2290 4008 2552 4055 terrarum
2593 3997 2749 4069 (Sap.
2795 4014 2855 4063 ιι,
2882 3995 2974 4068 24)
3021 4004 3074 4051 et
3100 3996 3241 4051 facta
3281 4002 3365 4050 est
3412 4009 3575 4065 paena

1981 4096 2184 4165 peccati
2210 4111 2225 4161 ;
2252 4092 2344 4149 sed
2378 4108 2469 4163 per
2492 4092 2633 4147 illam
2664 4089 3138 4149 commutationem
3166 4104 3328 4159 quam
3360 4087 3573 4158 signiﬁ-

1981 4196 2069 4243 cat
2096 4186 2403 4256 Apostolus,
2434 4185 2521 4239 uhi
2549 4184 2644 4251 ait,
2690 4182 2891 4237 Deinde
2915 4198 3007 4237 nos
3032 4183 3248 4236 viventes
3273 4180 3359 4251 qui
3397 4179 3580 4251 reliqui

1980 4295 2176 4345 sumus,
2206 4277 2361 4333 simul
2384 4293 2496 4331 cum
2522 4275 2625 4332 illis
2664 4275 2922 4346 rapientur
2964 4275 3019 4327 in
3054 4272 3268 4327 nubibus
3298 4272 3350 4325 in
3378 4271 3578 4325 obuiam

1982 4370 2181 4426 Christo
2200 4370 2253 4423 in
2281 4386 2399 4423 aera
2426 4368 2467 4438 (Ι
2498 4367 2672 4423 Thess.
2703 4382 2776 4433 tv,
2811 4366 2902 4434 16)
2929 4384 2941 4421 :
2975 4373 3030 4419 ut
3060 4364 3146 4419 illa
3172 4378 3397 4435 corpora
3419 4361 3579 4433 primi

1982 4463 2212 4533 conjugii
2260 4471 2315 4517 et
2355 4462 2597 4517 mortalia
2646 4459 2809 4515 fuisse
2846 4457 3204 4526 intelligamus
3245 4455 3415 4525 prima
3445 4469 3580 4509 con-

1983 4559 2323 4626 formatione,
2363 4568 2420 4614 et
2446 4567 2624 4613 tamen
2665 4571 2771 4610 non
2802 4553 3060 4609 moritura
3101 4552 3202 4606 nisi
3233 4558 3574 4620 peccassent,

1983 4654 2121 4709 sicut
2160 4653 2390 4706 minatus
2426 4660 2540 4705 erat
2569 4649 2709 4704 Deus
2742 4666 2755 4701 :
2800 4656 3050 4716 tanquam
3097 4645 3142 4699 si
3168 4645 3358 4698 vulnus
3396 4643 3570 4697 mina-

1983 4756 2147 4811 retur,
2177 4746 2299 4816 quia
2324 4742 2648 4799 vulnerabile
2677 4756 2877 4811 corpus
2900 4747 3018 4795 erat
3041 4755 3056 4804 ;
3088 4737 3231 4808 quod
3259 4744 3436 4791 tamen
3460 4748 3575 4787 non

1984 4838 2284 4902 accidisset,
2339 4836 2442 4891 nisi
2489 4835 2638 4893 ﬁeret
2680 4831 2822 4904 quod
2865 4831 2957 4887 ille
3001 4829 3282 4884 vetuisset.
3332 4827 3406 4881 Ita
3447 4838 3579 4893 ergo

1984 4939 2203 5000 possent
2248 4928 2407 4983 etiam
2440 4942 2531 4997 per
2568 4924 2909 4981 concubitum
2945 4921 3126 4979 talium
3170 4929 3453 4987 corporum
3481 4928 3578 4982 ge-

1992 5021 2296 5076 nerationes
2322 5019 2632 5082 subsistere,
2675 5031 2796 5087 qua:
2820 5028 2987 5084 usque
3010 5010 3077 5066 ad
3105 5018 3309 5065 certum
3334 5003 3578 5071 modum,

1483 5127 1766 5168 ADMONITIO
1802 5126 1882 5166 PP.
1923 5126 2336 5168 BENEDICTINOBU
2345 5128 2377 5165 Β
2387 5153 2402 5166 .

349 5217 487 5265 Liber
508 5216 574 5265 de
607 5221 736 5265 Bono
768 5211 1013 5277 Oonjugall
1032 5212 1090 5277 ad
1114 5217 1344 5277 mnos
1364 5206 1582 5277 quisque
1606 5205 1840 5253 vatieaute
1878 5202 2401 5277 bibliothecaeoodices
2432 5200 2842 5277 recognitis
2867 5187 3579 5277 etad‘fgl‘liggpgﬁgngggg‘t:

492 5250 1616 5327 lie
2090 5250 2580 5323 ad—
2603 5250 2991 5328 Cistcrcie'nsetn,
3013 5250 3366 5328 Michael-inurit,
3386 5250 3579 5328 sopito)

296 5319 471 5397 inii-tiri,-
491 5319 554 5389 ili
575 5319 1248 5397 'iﬁhEiLZ'EéTcaitiémiios
1268 5332 1407 5389 duos,
1433 5328 1493 5377 ad
1518 5329 1731 5397 codicem
1762 5319 2071 5397 Μμξὶοὶιξερὼ
2096 5330 2273 5397 negito,
2299 5319 2723 5397 Augustincnsimn
2761 5319 3555 5397 majoris‘convf'llllilil’ilflstgnglﬁ

298 5373 803 5460 Egiléiisig‘as'éiégii’e",
827 5373 1742 5457 :T‘éﬁgs'c'i'siga‘imses;
1764 5373 2668 5441 n’i‘ssussss’tssnsnnsm
2693 5373 2993 5445 setgiéorum
3030 5375 3156 5439 apud
3179 5381 3288 5424 Lov.
3318 5380 3370 5425 et
3389 5373 3448 5422 ad
3474 5373 3583 5422 edi-

296 5464 452 5513 tiones
471 5465 652 5514 Erasnu
676 5471 729 5514 et
742 5461 1127 5513 Lovaniensium.

373 5548 886 5629 Comparcwimus
909 5552 1207 5625 prwtcrea
1227 5558 1325 5601 eas
1359 5554 1563 5599 omnes
1591 5534 1892 5598 editiones
1923 5535 2109 5599 initio
2142 5536 2316 5597 Retr.
2343 5540 2399 5593 et
2431 5528 2714 5591 Confess.
2758 5533 2804 5585 t.
2840 5524 2900 5600 1,
2930 5528 3319 5583 memoratas.

363 5652 379 5684 ⁸
394 5652 467 5701 sic
483 5657 591 5703 Mss.
618 5651 739 5703 adut
760 5655 943 5709 autem,
960 5646 1176 5697 ueritate.

361 5735 434 5801 (α)
460 5741 677 5801 smptu
695 5734 892 5787 circiter
908 5743 1087 5783 annum
1107 5727 1281 5780 Christi
1311 5725 1420 5776 401.

2060 5642 2077 5671 ι
2100 5637 2217 5687 Editi
2248 5638 2493 5691 omittunt,
2516 5642 2590 5691 me
2620 5640 2637 5677 :
2674 5632 2726 5675 et
2766 5624 2903 5691 loco,
2938 5623 3135 5691 uirtute,
3172 5618 3580 5691 habent,.ttit‘lu;-

1995 5684 2502 5759 laniati/lugustmus
2534 5690 2708 5759 legere
2733 5684 2895 5759 solet:
2926 5684 3581 5759 stultiplicabisonw‘mimzi-

2442 5743 2713 5818 juxtavax
2737 5764 2750 5800 :
2783 5758 2835 5801 et
2860 5753 2925 5818 ita
2946 5751 3024 5800 hic
3046 5743 3277 5818 tissi,uisi
3300 5743 3578 5818 quod

2304 5807 2607 5870 Corbe'iensis
2661 5828 2777 5878 pro,
2825 5814 2997 5865 virtute
3018 5847 3033 5874 ,
3084 5807 3261 5870 habet,
3313 5807 3365 5856 in
3419 5807 3571 5855 virtu-

1999 5896 2110 5938 tem.
