  <div class='ocr_page' id='page_1' title='image "/cluster/home/n/w/nwhite01/storage/ocr_20150623/40/hvd.32044024147290/193.png"; bbox 0 0 4070 6334; ppageno 0'>
   <div class='ocr_carea' id='block_1_1' title="bbox 477 462 585 522">
    <p class='ocr_par' dir='ltr' id='par_1_1' title="bbox 477 462 585 522">
     <span class='ocr_line' id='line_1_1' title="bbox 477 462 585 522; baseline -0.019 0"><span class='ocrx_word' id='word_1_1' title='bbox 477 462 585 522; x_wconf 72' lang='grc'><strong>375</strong></span> 
     </span>
    </p>
   </div>
   <div class='ocr_carea' id='block_1_2' title="bbox 478 564 2064 643">
    <p class='ocr_par' dir='ltr' id='par_1_2' title="bbox 478 564 2064 643">
     <span class='ocr_line' id='line_1_2' title="bbox 478 564 2064 643; baseline -0.009 -7"><span class='ocrx_word' id='word_1_2' title='bbox 478 578 741 636; x_wconf 84' lang='lat' dir='ltr'><strong>haberent</strong></span> <span class='ocrx_word' id='word_1_3' title='bbox 798 570 1187 632; x_wconf 73' lang='lat' dir='ltr'><strong>incrementum</strong></span> <span class='ocrx_word' id='word_1_4' title='bbox 1205 612 1222 642; x_wconf 91' lang='lat'><strong>,</strong></span> <span class='ocrx_word' id='word_1_5' title='bbox 1278 583 1380 627; x_wconf 90' lang='lat' dir='ltr'><strong>nec</strong></span> <span class='ocrx_word' id='word_1_6' title='bbox 1439 576 1722 643; x_wconf 88' lang='lat' dir='ltr'><strong>vergerent</strong></span> <span class='ocrx_word' id='word_1_7' title='bbox 1775 576 1955 624; x_wconf 87' lang='lat' dir='ltr'><strong>tamen</strong></span> <span class='ocrx_word' id='word_1_8' title='bbox 2006 564 2064 620; x_wconf 91' lang='lat' dir='ltr'><strong>in</strong></span> 
     </span>
    </p>
   </div>
   <div class='ocr_carea' id='block_1_3' title="bbox 426 661 2065 739">
    <p class='ocr_par' dir='ltr' id='par_1_3' title="bbox 426 661 2065 739">
     <span class='ocr_line' id='line_1_3' title="bbox 426 661 2065 739; baseline -0.007 -13"><span class='ocrx_word' id='word_1_9' title='bbox 426 694 437 703; x_wconf 86' lang='lat'><strong>-</strong></span> <span class='ocrx_word' id='word_1_10' title='bbox 480 671 725 736; x_wconf 83' lang='lat' dir='ltr'><strong>senium;</strong></span> <span class='ocrx_word' id='word_1_11' title='bbox 765 675 859 724; x_wconf 89' lang='lat' dir='ltr'><strong>aut</strong></span> <span class='ocrx_word' id='word_1_12' title='bbox 892 681 1064 739; x_wconf 86' lang='lat' dir='ltr'><strong>usque</strong></span> <span class='ocrx_word' id='word_1_13' title='bbox 1101 666 1159 721; x_wconf 92' lang='lat' dir='ltr'><strong>in</strong></span> <span class='ocrx_word' id='word_1_14' title='bbox 1188 663 1395 720; x_wconf 88' lang='lat' dir='ltr'><strong>senium</strong></span> <span class='ocrx_word' id='word_1_15' title='bbox 1420 663 1461 733; x_wconf 78' lang='grc' dir='ltr'><strong>ί,</strong></span> <span class='ocrx_word' id='word_1_16' title='bbox 1490 678 1589 719; x_wconf 92' lang='lat' dir='ltr'><strong>nec</strong></span> <span class='ocrx_word' id='word_1_17' title='bbox 1619 672 1798 718; x_wconf 91' lang='lat' dir='ltr'><strong>tamen</strong></span> <span class='ocrx_word' id='word_1_18' title='bbox 1832 661 1889 717; x_wconf 89' lang='lat' dir='ltr'><strong>in</strong></span> <span class='ocrx_word' id='word_1_19' title='bbox 1916 673 2065 717; x_wconf 90' lang='lat' dir='ltr'><strong>mor-</strong></span> 
     </span>
    </p>
   </div>
   <div class='ocr_carea' id='block_1_4' title="bbox 480 754 2066 828">
    <p class='ocr_par' dir='ltr' id='par_1_4' title="bbox 480 754 2066 828">
     <span class='ocr_line' id='line_1_4' title="bbox 480 754 2066 828; baseline -0.005 -10"><span class='ocrx_word' id='word_1_20' title='bbox 480 770 613 828; x_wconf 90' lang='lat' dir='ltr'><strong>tem,</strong></span> <span class='ocrx_word' id='word_1_21' title='bbox 655 759 829 816; x_wconf 89' lang='lat' dir='ltr'><strong>donec</strong></span> <span class='ocrx_word' id='word_1_22' title='bbox 862 758 954 814; x_wconf 86' lang='lat' dir='ltr'><strong>illa</strong></span> <span class='ocrx_word' id='word_1_23' title='bbox 1003 755 1390 814; x_wconf 75' lang='lat' dir='ltr'><strong>benedictionis</strong></span> <span class='ocrx_word' id='word_1_24' title='bbox 1431 754 1875 828; x_wconf 75' lang='lat' dir='ltr'><strong>multiplicatione</strong></span> <span class='ocrx_word' id='word_1_25' title='bbox 1919 762 2066 810; x_wconf 89' lang='lat' dir='ltr'><strong>terra</strong></span> 
     </span>
    </p>
   </div>
   <div class='ocr_carea' id='block_1_5' title="bbox 481 846 2071 923">
    <p class='ocr_par' dir='ltr' id='par_1_5' title="bbox 481 846 2071 923">
     <span class='ocr_line' id='line_1_5' title="bbox 481 846 2071 923; baseline -0.006 -13"><span class='ocrx_word' id='word_1_26' title='bbox 481 854 812 923; x_wconf 81' lang='lat' dir='ltr'><strong>impleretur.</strong></span> <span class='ocrx_word' id='word_1_27' title='bbox 864 849 921 908; x_wconf 88' lang='lat' dir='ltr'><strong>Si</strong></span> <span class='ocrx_word' id='word_1_28' title='bbox 964 849 1105 906; x_wconf 92' lang='lat' dir='ltr'><strong>enim</strong></span> <span class='ocrx_word' id='word_1_29' title='bbox 1150 848 1387 905; x_wconf 84' lang='lat' dir='ltr'><strong>vestibus</strong></span> <span class='ocrx_word' id='word_1_30' title='bbox 1431 846 1786 903; x_wconf 89' lang='lat' dir='ltr'><strong>lsraelitarum</strong></span> <span class='ocrx_word' id='word_1_31' title='bbox 1823 846 2071 918; x_wconf 61' lang='lat' dir='ltr'><strong>praestitit</strong></span> 
     </span>
    </p>
   </div>
   <div class='ocr_carea' id='block_1_6' title="bbox 482 939 2067 1015">
    <p class='ocr_par' dir='ltr' id='par_1_6' title="bbox 482 939 2067 1015">
     <span class='ocr_line' id='line_1_6' title="bbox 482 939 2067 1015; baseline -0.004 -15"><span class='ocrx_word' id='word_1_32' title='bbox 482 946 625 1001; x_wconf 88' lang='lat' dir='ltr'><strong>Deus</strong></span> <span class='ocrx_word' id='word_1_33' title='bbox 671 959 769 1015; x_wconf 85' lang='lat' dir='ltr'><strong>per</strong></span> <span class='ocrx_word' id='word_1_34' title='bbox 810 956 980 999; x_wconf 85' lang='lat' dir='ltr'><strong>annos</strong></span> <span class='ocrx_word' id='word_1_35' title='bbox 1031 940 1378 1014; x_wconf 80' lang='lat' dir='ltr'><strong>quadraginta</strong></span> <span class='ocrx_word' id='word_1_36' title='bbox 1422 941 1539 997; x_wconf 89' lang='lat' dir='ltr'><strong>sine</strong></span> <span class='ocrx_word' id='word_1_37' title='bbox 1587 941 1697 996; x_wconf 92' lang='lat' dir='ltr'><strong>ullo</strong></span> <span class='ocrx_word' id='word_1_38' title='bbox 1744 939 2067 997; x_wconf 88' lang='lat' dir='ltr'><strong>detrimento</strong></span> 
     </span>
    </p>
   </div>
   <div class='ocr_carea' id='block_1_7' title="bbox 479 1035 2070 1110">
    <p class='ocr_par' dir='ltr' id='par_1_7' title="bbox 479 1035 2070 1110">
     <span class='ocr_line' id='line_1_7' title="bbox 479 1035 2070 1110; baseline -0.002 -15"><span class='ocrx_word' id='word_1_39' title='bbox 479 1041 757 1110; x_wconf 89' lang='lat' dir='ltr'><strong>proprium</strong></span> <span class='ocrx_word' id='word_1_40' title='bbox 815 1046 1010 1095; x_wconf 89' lang='lat' dir='ltr'><strong>statum</strong></span> <span class='ocrx_word' id='word_1_41' title='bbox 1063 1037 1240 1109; x_wconf 90' lang='lat' dir='ltr'><strong>(Deut.</strong></span> <span class='ocrx_word' id='word_1_42' title='bbox 1292 1053 1441 1103; x_wconf 72' lang='lat' dir='ltr'><strong>xxxx,</strong></span> <span class='ocrx_word' id='word_1_43' title='bbox 1495 1035 1592 1110; x_wconf 83' lang='lat'><strong>5);</strong></span> <span class='ocrx_word' id='word_1_44' title='bbox 1645 1044 1845 1109; x_wconf 91' lang='lat' dir='ltr'><strong>quanto</strong></span> <span class='ocrx_word' id='word_1_45' title='bbox 1899 1035 2070 1107; x_wconf 90' lang='lat' dir='ltr'><strong>magis</strong></span> 
     </span>
    </p>
   </div>
   <div class='ocr_carea' id='block_1_8' title="bbox 480 1121 2071 1194">
    <p class='ocr_par' dir='ltr' id='par_1_8' title="bbox 480 1121 2071 1194">
     <span class='ocr_line' id='line_1_8' title="bbox 480 1121 2071 1194; baseline 0.001 -17"><span class='ocrx_word' id='word_1_46' title='bbox 480 1133 764 1194; x_wconf 70' lang='lat' dir='ltr'><strong>praestaret</strong></span> <span class='ocrx_word' id='word_1_47' title='bbox 827 1121 1141 1192; x_wconf 87' lang='lat' dir='ltr'><strong>corporibus</strong></span> <span class='ocrx_word' id='word_1_48' title='bbox 1211 1121 1573 1178; x_wconf 88' lang='lat' dir='ltr'><strong>obedientium</strong></span> <span class='ocrx_word' id='word_1_49' title='bbox 1623 1122 1908 1193; x_wconf 69' lang='lat' dir='ltr'><strong>&#39;praecepto</strong></span> <span class='ocrx_word' id='word_1_50' title='bbox 1970 1135 2071 1178; x_wconf 91' lang='lat' dir='ltr'><strong>suo</strong></span> 
     </span>
    </p>
   </div>
   <div class='ocr_carea' id='block_1_9' title="bbox 482 1214 2068 1288">
    <p class='ocr_par' dir='ltr' id='par_1_9' title="bbox 482 1214 2068 1288">
     <span class='ocr_line' id='line_1_9' title="bbox 482 1214 2068 1288; baseline 0.001 -18"><span class='ocrx_word' id='word_1_51' title='bbox 482 1216 845 1272; x_wconf 82' lang='lat' dir='ltr'><strong>felicissimum</strong></span> <span class='ocrx_word' id='word_1_52' title='bbox 891 1215 1157 1286; x_wconf 83' lang='lat' dir='ltr'><strong>quoddam</strong></span> <span class='ocrx_word' id='word_1_53' title='bbox 1196 1223 1675 1288; x_wconf 82' lang='lat' dir='ltr'><strong>temperamentum</strong></span> <span class='ocrx_word' id='word_1_54' title='bbox 1709 1214 1845 1272; x_wconf 84' lang='lat' dir='ltr'><strong>certi</strong></span> <span class='ocrx_word' id='word_1_55' title='bbox 1871 1222 2068 1284; x_wconf 91' lang='lat' dir='ltr'><strong>status,</strong></span> 
     </span>
    </p>
   </div>
   <div class='ocr_carea' id='block_1_10' title="bbox 480 1308 2072 1377">
    <p class='ocr_par' dir='ltr' id='par_1_10' title="bbox 480 1308 2072 1377">
     <span class='ocr_line' id='line_1_10' title="bbox 480 1308 2072 1377; baseline 0 -12"><span class='ocrx_word' id='word_1_56' title='bbox 480 1310 655 1365; x_wconf 86' lang='lat' dir='ltr'><strong>donec</strong></span> <span class='ocrx_word' id='word_1_57' title='bbox 683 1311 736 1364; x_wconf 91' lang='lat' dir='ltr'><strong>in</strong></span> <span class='ocrx_word' id='word_1_58' title='bbox 764 1310 953 1365; x_wconf 90' lang='lat' dir='ltr'><strong>melius</strong></span> <span class='ocrx_word' id='word_1_59' title='bbox 992 1317 1453 1377; x_wconf 86' lang='lat' dir='ltr'><strong>converterentur,</strong></span> <span class='ocrx_word' id='word_1_60' title='bbox 1495 1325 1601 1366; x_wconf 93' lang='lat' dir='ltr'><strong>non</strong></span> <span class='ocrx_word' id='word_1_61' title='bbox 1629 1319 1803 1370; x_wconf 87' lang='lat' dir='ltr'><strong>morte</strong></span> <span class='ocrx_word' id='word_1_62' title='bbox 1838 1308 2072 1367; x_wconf 87' lang='lat' dir='ltr'><strong>hominis</strong></span> 
     </span>
    </p>
   </div>
   <div class='ocr_carea' id='block_1_11' title="bbox 400 1402 2070 1473">
    <p class='ocr_par' dir='ltr' id='par_1_11' title="bbox 400 1402 2070 1473">
     <span class='ocr_line' id='line_1_11' title="bbox 400 1402 2070 1473; baseline 0.002 -19"><span class='ocrx_word' id='word_1_63' title='bbox 400 1451 409 1455; x_wconf 74' lang='lat'><strong>-</strong></span> <span class='ocrx_word' id='word_1_64' title='bbox 482 1418 584 1473; x_wconf 88' lang='lat' dir='ltr'><strong>qua</strong></span> <span class='ocrx_word' id='word_1_65' title='bbox 629 1417 823 1473; x_wconf 91' lang='lat' dir='ltr'><strong>corpus</strong></span> <span class='ocrx_word' id='word_1_66' title='bbox 864 1403 932 1459; x_wconf 91' lang='lat' dir='ltr'><strong>ab</strong></span> <span class='ocrx_word' id='word_1_67' title='bbox 969 1403 1145 1459; x_wconf 91' lang='lat' dir='ltr'><strong>anima</strong></span> <span class='ocrx_word' id='word_1_68' title='bbox 1173 1402 1459 1472; x_wconf 87' lang='lat' dir='ltr'><strong>deseritur,</strong></span> <span class='ocrx_word' id='word_1_69' title='bbox 1500 1402 1595 1459; x_wconf 91' lang='lat' dir='ltr'><strong>sed</strong></span> <span class='ocrx_word' id='word_1_70' title='bbox 1630 1403 1785 1459; x_wconf 91' lang='lat' dir='ltr'><strong>beata</strong></span> <span class='ocrx_word' id='word_1_71' title='bbox 1826 1417 2070 1459; x_wconf 91' lang='lat' dir='ltr'><strong>commu-</strong></span> 
     </span>
    </p>
   </div>
   <div class='ocr_carea' id='block_1_12' title="bbox 484 1494 2073 1565">
    <p class='ocr_par' dir='ltr' id='par_1_12' title="bbox 484 1494 2073 1565">
     <span class='ocr_line' id='line_1_12' title="bbox 484 1494 2073 1565; baseline 0.003 -18"><span class='ocrx_word' id='word_1_72' title='bbox 484 1494 685 1549; x_wconf 89' lang='lat' dir='ltr'><strong>tatione</strong></span> <span class='ocrx_word' id='word_1_73' title='bbox 709 1510 739 1548; x_wconf 92' lang='lat' dir='ltr'><strong>a</strong></span> <span class='ocrx_word' id='word_1_74' title='bbox 782 1494 1102 1551; x_wconf 86' lang='lat' dir='ltr'><strong>mortalitate</strong></span> <span class='ocrx_word' id='word_1_75' title='bbox 1139 1494 1207 1550; x_wconf 91' lang='lat' dir='ltr'><strong>ad</strong></span> <span class='ocrx_word' id='word_1_76' title='bbox 1236 1494 1713 1565; x_wconf 83' lang='lat' dir='ltr'><strong>immortalitatem,</strong></span> <span class='ocrx_word' id='word_1_77' title='bbox 1757 1496 1825 1552; x_wconf 89' lang='lat' dir='ltr'><strong>ab</strong></span> <span class='ocrx_word' id='word_1_78' title='bbox 1853 1495 2073 1551; x_wconf 88' lang='lat' dir='ltr'><strong>animali</strong></span> 
     </span>
    </p>
   </div>
   <div class='ocr_carea' id='block_1_13' title="bbox 483 1585 1290 1657">
    <p class='ocr_par' dir='ltr' id='par_1_13' title="bbox 483 1585 1290 1657">
     <span class='ocr_line' id='line_1_13' title="bbox 483 1585 1290 1657; baseline 0.002 -17"><span class='ocrx_word' id='word_1_79' title='bbox 483 1585 552 1641; x_wconf 81' lang='lat' dir='ltr'><strong>ad</strong></span> <span class='ocrx_word' id='word_1_80' title='bbox 579 1586 909 1656; x_wconf 90' lang='lat' dir='ltr'><strong>spiritualem</strong></span> <span class='ocrx_word' id='word_1_81' title='bbox 939 1586 1250 1657; x_wconf 88' lang='lat' dir='ltr'><strong>qualitatem</strong></span> <span class='ocrx_word' id='word_1_82' title='bbox 1273 1587 1290 1642; x_wconf 84' lang='lat' dir='ltr'><strong>l</strong></span> 
     </span>
    </p>
   </div>
   <div class='ocr_carea' id='block_1_14' title="bbox 561 1676 2074 1751">
    <p class='ocr_par' dir='ltr' id='par_1_14' title="bbox 561 1676 2074 1751">
     <span class='ocr_line' id='line_1_14' title="bbox 561 1676 2074 1751; baseline 0 -18"><span class='ocrx_word' id='word_1_83' title='bbox 561 1676 785 1734; x_wconf 83' lang='lat' dir='ltr'><strong>CAPUT</strong></span> <span class='ocrx_word' id='word_1_84' title='bbox 812 1676 900 1732; x_wconf 84' lang='lat' dir='ltr'><strong>Ill.</strong></span> <span class='ocrx_word' id='word_1_85' title='bbox 931 1708 1001 1718; x_wconf 90' lang='lat'><strong>--</strong></span> <span class='ocrx_word' id='word_1_86' title='bbox 1041 1678 1241 1734; x_wconf 85' lang='lat' dir='ltr'><strong>Bonum</strong></span> <span class='ocrx_word' id='word_1_87' title='bbox 1264 1679 1490 1750; x_wconf 83' lang='lat' dir='ltr'><strong>conjugii</strong></span> <span class='ocrx_word' id='word_1_88' title='bbox 1521 1680 1807 1751; x_wconf 68' lang='lat' dir='ltr'><strong>multiplex.</strong></span> <span class='ocrx_word' id='word_1_89' title='bbox 1836 1678 2074 1735; x_wconf 86' lang='lat' dir='ltr'><strong>Primum</strong></span> 
     </span>
    </p>
   </div>
   <div class='ocr_carea' id='block_1_15' title="bbox 481 1771 2070 1845">
    <p class='ocr_par' dir='ltr' id='par_1_15' title="bbox 481 1771 2070 1845">
     <span class='ocr_line' id='line_1_15' title="bbox 481 1771 2070 1845; baseline 0.001 -20"><span class='ocrx_word' id='word_1_90' title='bbox 481 1780 533 1825; x_wconf 80' lang='lat' dir='ltr'><strong>et</strong></span> <span class='ocrx_word' id='word_1_91' title='bbox 553 1772 825 1827; x_wconf 76' lang='lat' dir='ltr'><strong>secundum</strong></span> <span class='ocrx_word' id='word_1_92' title='bbox 848 1772 1072 1845; x_wconf 85' lang='lat' dir='ltr'><strong>conjugii</strong></span> <span class='ocrx_word' id='word_1_93' title='bbox 1095 1773 1299 1828; x_wconf 87' lang='lat' dir='ltr'><strong>bonum.</strong></span> <span class='ocrx_word' id='word_1_94' title='bbox 1359 1771 1582 1827; x_wconf 83' lang='lat' dir='ltr'><strong>Tertium</strong></span> <span class='ocrx_word' id='word_1_95' title='bbox 1616 1773 1841 1845; x_wconf 73' lang='lat' dir='ltr'><strong>coniugii</strong></span> <span class='ocrx_word' id='word_1_96' title='bbox 1868 1772 2070 1829; x_wconf 88' lang='lat' dir='ltr'><strong>bonum.</strong></span> 
     </span>
    </p>
   </div>
   <div class='ocr_carea' id='block_1_16' title="bbox 485 1862 2075 1938">
    <p class='ocr_par' dir='ltr' id='par_1_16' title="bbox 485 1862 2075 1938">
     <span class='ocr_line' id='line_1_16' title="bbox 485 1862 2075 1938; baseline 0.001 -19"><span class='ocrx_word' id='word_1_97' title='bbox 485 1862 686 1920; x_wconf 81' lang='lat' dir='ltr'><strong>Harum</strong></span> <span class='ocrx_word' id='word_1_98' title='bbox 716 1867 1100 1922; x_wconf 84' lang='lat' dir='ltr'><strong>sententiarum</strong></span> <span class='ocrx_word' id='word_1_99' title='bbox 1128 1881 1246 1938; x_wconf 75' lang='lat' dir='ltr'><strong>quae</strong></span> <span class='ocrx_word' id='word_1_100' title='bbox 1265 1882 1391 1922; x_wconf 92' lang='lat' dir='ltr'><strong>vera</strong></span> <span class='ocrx_word' id='word_1_101' title='bbox 1418 1866 1509 1934; x_wconf 90' lang='lat' dir='ltr'><strong>sit,</strong></span> <span class='ocrx_word' id='word_1_102' title='bbox 1538 1865 1623 1921; x_wconf 92' lang='lat' dir='ltr'><strong>vel</strong></span> <span class='ocrx_word' id='word_1_103' title='bbox 1649 1867 1693 1922; x_wconf 91' lang='lat' dir='ltr'><strong>si</strong></span> <span class='ocrx_word' id='word_1_104' title='bbox 1719 1866 1823 1922; x_wconf 90' lang='lat' dir='ltr'><strong>alia</strong></span> <span class='ocrx_word' id='word_1_105' title='bbox 1844 1866 1928 1922; x_wconf 88' lang='lat' dir='ltr'><strong>vel</strong></span> <span class='ocrx_word' id='word_1_106' title='bbox 1954 1865 2075 1922; x_wconf 83' lang='lat' dir='ltr'><strong>aliae</strong></span> 
     </span>
    </p>
   </div>
   <div class='ocr_carea' id='block_1_17' title="bbox 483 1958 2077 2031">
    <p class='ocr_par' dir='ltr' id='par_1_17' title="bbox 483 1958 2077 2031">
     <span class='ocr_line' id='line_1_17' title="bbox 483 1958 2077 2031; baseline 0.004 -21"><span class='ocrx_word' id='word_1_107' title='bbox 483 1966 712 2026; x_wconf 84' lang='lat' dir='ltr'><strong>possunt</strong></span> <span class='ocrx_word' id='word_1_108' title='bbox 753 1958 927 2013; x_wconf 87' lang='lat' dir='ltr'><strong>adhuc</strong></span> <span class='ocrx_word' id='word_1_109' title='bbox 967 1973 1031 2013; x_wconf 86' lang='lat' dir='ltr'><strong>ex</strong></span> <span class='ocrx_word' id='word_1_110' title='bbox 1062 1959 1169 2014; x_wconf 88' lang='lat' dir='ltr'><strong>illis</strong></span> <span class='ocrx_word' id='word_1_111' title='bbox 1212 1958 1393 2015; x_wconf 87' lang='lat' dir='ltr'><strong>verbis</strong></span> <span class='ocrx_word' id='word_1_112' title='bbox 1419 1958 1694 2031; x_wconf 79' lang='lat' dir='ltr'><strong>exsculpi,</strong></span> <span class='ocrx_word' id='word_1_113' title='bbox 1721 1974 1967 2030; x_wconf 79' lang='lat' dir='ltr'><strong>quzerere</strong></span> <span class='ocrx_word' id='word_1_114' title='bbox 2014 1973 2077 2016; x_wconf 89' lang='lat' dir='ltr'><strong>ac</strong></span> 
     </span>
    </p>
   </div>
   <div class='ocr_carea' id='block_1_18' title="bbox 486 2048 1123 2122">
    <p class='ocr_par' dir='ltr' id='par_1_18' title="bbox 486 2048 1123 2122">
     <span class='ocr_line' id='line_1_18' title="bbox 486 2048 1123 2122; baseline 0.006 -19"><span class='ocrx_word' id='word_1_115' title='bbox 486 2048 755 2106; x_wconf 90' lang='lat' dir='ltr'><strong>disserere</strong></span> <span class='ocrx_word' id='word_1_116' title='bbox 778 2051 992 2122; x_wconf 92' lang='lat' dir='ltr'><strong>longum</strong></span> <span class='ocrx_word' id='word_1_117' title='bbox 1020 2060 1123 2109; x_wconf 87' lang='lat' dir='ltr'><strong>est.</strong></span> 
     </span>
    </p>
   </div>
   <div class='ocr_carea' id='block_1_19' title="bbox 556 2141 2079 2213">
    <p class='ocr_par' dir='ltr' id='par_1_19' title="bbox 556 2141 2079 2213">
     <span class='ocr_line' id='line_1_19' title="bbox 556 2141 2079 2213; baseline 0.006 -17"><span class='ocrx_word' id='word_1_118' title='bbox 556 2141 610 2196; x_wconf 78' lang='grc'><strong>5.</strong></span> <span class='ocrx_word' id='word_1_119' title='bbox 642 2142 775 2197; x_wconf 88' lang='lat' dir='ltr'><strong>Illud</strong></span> <span class='ocrx_word' id='word_1_120' title='bbox 796 2159 938 2199; x_wconf 93' lang='lat' dir='ltr'><strong>nunc</strong></span> <span class='ocrx_word' id='word_1_121' title='bbox 957 2143 1203 2213; x_wconf 86' lang='lat' dir='ltr'><strong>dicimus,</strong></span> <span class='ocrx_word' id='word_1_122' title='bbox 1225 2145 1519 2202; x_wconf 91' lang='lat' dir='ltr'><strong>secundum</strong></span> <span class='ocrx_word' id='word_1_123' title='bbox 1539 2146 1696 2203; x_wconf 90' lang='lat' dir='ltr'><strong>istam</strong></span> <span class='ocrx_word' id='word_1_124' title='bbox 1716 2147 2079 2205; x_wconf 90' lang='lat' dir='ltr'><strong>conditionem</strong></span> 
     </span>
    </p>
   </div>
   <div class='ocr_carea' id='block_1_20' title="bbox 484 2232 2078 2313">
    <p class='ocr_par' dir='ltr' id='par_1_20' title="bbox 484 2232 2078 2313">
     <span class='ocr_line' id='line_1_20' title="bbox 484 2232 2078 2313; baseline 0.008 -28"><span class='ocrx_word' id='word_1_125' title='bbox 484 2232 742 2288; x_wconf 85' lang='lat' dir='ltr'><strong>nascendi</strong></span> <span class='ocrx_word' id='word_1_126' title='bbox 790 2243 845 2288; x_wconf 90' lang='lat' dir='ltr'><strong>et</strong></span> <span class='ocrx_word' id='word_1_127' title='bbox 886 2236 1169 2303; x_wconf 91' lang='lat' dir='ltr'><strong>moriendi,</strong></span> <span class='ocrx_word' id='word_1_128' title='bbox 1222 2254 1382 2308; x_wconf 91' lang='lat' dir='ltr'><strong>quam</strong></span> <span class='ocrx_word' id='word_1_129' title='bbox 1439 2240 1706 2306; x_wconf 87' lang='lat' dir='ltr'><strong>novimus,</strong></span> <span class='ocrx_word' id='word_1_130' title='bbox 1765 2249 1821 2297; x_wconf 88' lang='lat' dir='ltr'><strong>et</strong></span> <span class='ocrx_word' id='word_1_131' title='bbox 1865 2242 1919 2296; x_wconf 92' lang='lat' dir='ltr'><strong>in</strong></span> <span class='ocrx_word' id='word_1_132' title='bbox 1974 2256 2078 2313; x_wconf 86' lang='lat' dir='ltr'><strong>qua</strong></span> 
     </span>
    </p>
   </div>
   <div class='ocr_carea' id='block_1_21' title="bbox 484 2324 2079 2403">
    <p class='ocr_par' dir='ltr' id='par_1_21' title="bbox 484 2324 2079 2403">
     <span class='ocr_line' id='line_1_21' title="bbox 484 2324 2079 2403; baseline 0.006 -24"><span class='ocrx_word' id='word_1_133' title='bbox 484 2324 655 2379; x_wconf 78' lang='lat' dir='ltr'><strong>creati</strong></span> <span class='ocrx_word' id='word_1_134' title='bbox 700 2341 906 2395; x_wconf 89' lang='lat' dir='ltr'><strong>sumus,</strong></span> <span class='ocrx_word' id='word_1_135' title='bbox 947 2327 1144 2399; x_wconf 91' lang='lat' dir='ltr'><strong>aliquid</strong></span> <span class='ocrx_word' id='word_1_136' title='bbox 1187 2329 1314 2384; x_wconf 89' lang='lat' dir='ltr'><strong>boni</strong></span> <span class='ocrx_word' id='word_1_137' title='bbox 1357 2345 1476 2387; x_wconf 88' lang='lat' dir='ltr'><strong>esse</strong></span> <span class='ocrx_word' id='word_1_138' title='bbox 1510 2332 1815 2403; x_wconf 88' lang='lat' dir='ltr'><strong>coniugium</strong></span> <span class='ocrx_word' id='word_1_139' title='bbox 1853 2334 2079 2389; x_wconf 86' lang='lat' dir='ltr'><strong>masculi</strong></span> 
     </span>
    </p>
   </div>
   <div class='ocr_carea' id='block_1_22' title="bbox 485 2416 2079 2496">
    <p class='ocr_par' dir='ltr' id='par_1_22' title="bbox 485 2416 2079 2496">
     <span class='ocr_line' id='line_1_22' title="bbox 485 2416 2079 2496; baseline 0.007 -27"><span class='ocrx_word' id='word_1_140' title='bbox 485 2424 546 2470; x_wconf 87' lang='lat' dir='ltr'><strong>et</strong></span> <span class='ocrx_word' id='word_1_141' title='bbox 570 2416 781 2472; x_wconf 67' lang='lat' dir='ltr'><strong>feminae</strong></span> <span class='ocrx_word' id='word_1_142' title='bbox 813 2436 825 2472; x_wconf 91' lang='lat'>:</span> <span class='ocrx_word' id='word_1_143' title='bbox 858 2419 1009 2489; x_wconf 88' lang='lat' dir='ltr'><strong>cuius</strong></span> <span class='ocrx_word' id='word_1_144' title='bbox 1033 2419 1543 2478; x_wconf 70' lang='lat' dir='ltr'><strong>conftederationem</strong></span> <span class='ocrx_word' id='word_1_145' title='bbox 1581 2423 1654 2478; x_wconf 89' lang='lat' dir='ltr'><strong>ita</strong></span> <span class='ocrx_word' id='word_1_146' title='bbox 1690 2423 1867 2479; x_wconf 89' lang='lat' dir='ltr'><strong>divina</strong></span> <span class='ocrx_word' id='word_1_147' title='bbox 1896 2425 2079 2496; x_wconf 90' lang='lat' dir='ltr'><strong>Scrip-</strong></span> 
     </span>
    </p>
   </div>
   <div class='ocr_carea' id='block_1_23' title="bbox 485 2510 2082 2579">
    <p class='ocr_par' dir='ltr' id='par_1_23' title="bbox 485 2510 2082 2579">
     <span class='ocr_line' id='line_1_23' title="bbox 485 2510 2082 2579; baseline 0.009 -17"><span class='ocrx_word' id='word_1_148' title='bbox 485 2518 609 2563; x_wconf 83' lang='lat' dir='ltr'><strong>tura</strong></span> <span class='ocrx_word' id='word_1_149' title='bbox 634 2510 994 2579; x_wconf 90' lang='lat' dir='ltr'><strong>commendat,</strong></span> <span class='ocrx_word' id='word_1_150' title='bbox 1026 2522 1086 2568; x_wconf 91' lang='lat' dir='ltr'><strong>ut</strong></span> <span class='ocrx_word' id='word_1_151' title='bbox 1110 2529 1210 2569; x_wconf 92' lang='lat' dir='ltr'><strong>nec</strong></span> <span class='ocrx_word' id='word_1_152' title='bbox 1231 2514 1468 2571; x_wconf 82' lang='lat' dir='ltr'><strong>dimissae</strong></span> <span class='ocrx_word' id='word_1_153' title='bbox 1496 2531 1527 2571; x_wconf 89' lang='lat' dir='ltr'><strong>a</strong></span> <span class='ocrx_word' id='word_1_154' title='bbox 1557 2517 1673 2573; x_wconf 88' lang='lat' dir='ltr'><strong>viro</strong></span> <span class='ocrx_word' id='word_1_155' title='bbox 1701 2518 1899 2575; x_wconf 89' lang='lat' dir='ltr'><strong>nubere</strong></span> <span class='ocrx_word' id='word_1_156' title='bbox 1923 2520 2082 2577; x_wconf 91' lang='lat' dir='ltr'><strong>liceat</strong></span> 
     </span>
    </p>
   </div>
   <div class='ocr_carea' id='block_1_24' title="bbox 486 2598 2081 2678">
    <p class='ocr_par' dir='ltr' id='par_1_24' title="bbox 486 2598 2081 2678">
     <span class='ocr_line' id='line_1_24' title="bbox 486 2598 2081 2678; baseline 0.009 -23"><span class='ocrx_word' id='word_1_157' title='bbox 486 2602 667 2668; x_wconf 87' lang='lat' dir='ltr'><strong>alteri,</strong></span> <span class='ocrx_word' id='word_1_158' title='bbox 700 2605 950 2674; x_wconf 90' lang='lat' dir='ltr'><strong>quamdiu</strong></span> <span class='ocrx_word' id='word_1_159' title='bbox 975 2606 1057 2661; x_wconf 89' lang='lat' dir='ltr'><strong>vir</strong></span> <span class='ocrx_word' id='word_1_160' title='bbox 1088 2607 1206 2678; x_wconf 89' lang='lat' dir='ltr'><strong>ejus</strong></span> <span class='ocrx_word' id='word_1_161' title='bbox 1233 2609 1401 2677; x_wconf 88' lang='lat' dir='ltr'><strong>vivit;</strong></span> <span class='ocrx_word' id='word_1_162' title='bbox 1442 2626 1542 2666; x_wconf 92' lang='lat' dir='ltr'><strong>nec</strong></span> <span class='ocrx_word' id='word_1_163' title='bbox 1571 2610 1793 2667; x_wconf 89' lang='lat' dir='ltr'><strong>dimisso</strong></span> <span class='ocrx_word' id='word_1_164' title='bbox 1818 2598 1887 2668; x_wconf 79' lang='lat' dir='ltr'><strong>ab</strong></span> <span class='ocrx_word' id='word_1_165' title='bbox 1912 2628 2081 2670; x_wconf 87' lang='lat' dir='ltr'><strong>uxore</strong></span> 
     </span>
    </p>
   </div>
   <div class='ocr_carea' id='block_1_25' title="bbox 490 2695 2077 2775">
    <p class='ocr_par' dir='ltr' id='par_1_25' title="bbox 490 2695 2077 2775">
     <span class='ocr_line' id='line_1_25' title="bbox 490 2695 2077 2775; baseline 0.008 -27"><span class='ocrx_word' id='word_1_166' title='bbox 490 2695 650 2751; x_wconf 87' lang='lat' dir='ltr'><strong>liceat</strong></span> <span class='ocrx_word' id='word_1_167' title='bbox 667 2698 887 2752; x_wconf 90' lang='lat' dir='ltr'><strong>alteram</strong></span> <span class='ocrx_word' id='word_1_168' title='bbox 909 2698 1127 2767; x_wconf 91' lang='lat' dir='ltr'><strong>ducere,</strong></span> <span class='ocrx_word' id='word_1_169' title='bbox 1152 2702 1253 2758; x_wconf 90' lang='lat' dir='ltr'><strong>nisi</strong></span> <span class='ocrx_word' id='word_1_170' title='bbox 1277 2712 1486 2759; x_wconf 90' lang='lat' dir='ltr'><strong>mortua</strong></span> <span class='ocrx_word' id='word_1_171' title='bbox 1512 2703 1671 2761; x_wconf 88' lang='lat' dir='ltr'><strong>fuerit</strong></span> <span class='ocrx_word' id='word_1_172' title='bbox 1693 2720 1811 2775; x_wconf 68' lang='lat' dir='ltr'><strong>qua:</strong></span> <span class='ocrx_word' id='word_1_173' title='bbox 1833 2706 2077 2762; x_wconf 89' lang='lat' dir='ltr'><strong>recessit.</strong></span> 
     </span>
    </p>
   </div>
   <div class='ocr_carea' id='block_1_26' title="bbox 488 2789 2081 2869">
    <p class='ocr_par' dir='ltr' id='par_1_26' title="bbox 488 2789 2081 2869">
     <span class='ocr_line' id='line_1_26' title="bbox 488 2789 2081 2869; baseline 0.009 -24"><span class='ocrx_word' id='word_1_174' title='bbox 488 2789 697 2845; x_wconf 89' lang='lat' dir='ltr'><strong>Bonum</strong></span> <span class='ocrx_word' id='word_1_175' title='bbox 724 2808 852 2863; x_wconf 89' lang='lat' dir='ltr'><strong>ergo</strong></span> <span class='ocrx_word' id='word_1_176' title='bbox 878 2795 1129 2866; x_wconf 90' lang='lat' dir='ltr'><strong>coniugii,</strong></span> <span class='ocrx_word' id='word_1_177' title='bbox 1156 2798 1295 2869; x_wconf 92' lang='lat' dir='ltr'><strong>quod</strong></span> <span class='ocrx_word' id='word_1_178' title='bbox 1326 2800 1485 2855; x_wconf 91' lang='lat' dir='ltr'><strong>etiam</strong></span> <span class='ocrx_word' id='word_1_179' title='bbox 1525 2801 1783 2857; x_wconf 87' lang='lat' dir='ltr'><strong>Dominus</strong></span> <span class='ocrx_word' id='word_1_180' title='bbox 1818 2804 1872 2858; x_wconf 91' lang='lat' dir='ltr'><strong>in</strong></span> <span class='ocrx_word' id='word_1_181' title='bbox 1904 2804 2081 2860; x_wconf 82' lang='lat' dir='ltr'><strong>Evan-</strong></span> 
     </span>
    </p>
   </div>
   <div class='ocr_carea' id='block_1_27' title="bbox 485 2882 2081 2963">
    <p class='ocr_par' dir='ltr' id='par_1_27' title="bbox 485 2882 2081 2963">
     <span class='ocr_line' id='line_1_27' title="bbox 485 2882 2081 2963; baseline 0.013 -29"><span class='ocrx_word' id='word_1_182' title='bbox 485 2882 631 2952; x_wconf 83' lang='lat' dir='ltr'><strong>gelio</strong></span> <span class='ocrx_word' id='word_1_183' title='bbox 656 2883 1009 2953; x_wconf 88' lang='lat' dir='ltr'><strong>confirmavit,</strong></span> <span class='ocrx_word' id='word_1_184' title='bbox 1035 2903 1142 2943; x_wconf 91' lang='lat' dir='ltr'><strong>non</strong></span> <span class='ocrx_word' id='word_1_185' title='bbox 1172 2890 1345 2944; x_wconf 89' lang='lat' dir='ltr'><strong>solum</strong></span> <span class='ocrx_word' id='word_1_186' title='bbox 1368 2893 1491 2961; x_wconf 89' lang='lat' dir='ltr'><strong>quia</strong></span> <span class='ocrx_word' id='word_1_187' title='bbox 1517 2893 1789 2963; x_wconf 89' lang='lat' dir='ltr'><strong>prohibuit</strong></span> <span class='ocrx_word' id='word_1_188' title='bbox 1811 2895 2081 2954; x_wconf 88' lang='lat' dir='ltr'><strong>dimittere</strong></span> 
     </span>
    </p>
   </div>
   <div class='ocr_carea' id='block_1_28' title="bbox 488 2977 2079 3063">
    <p class='ocr_par' dir='ltr' id='par_1_28' title="bbox 488 2977 2079 3063">
     <span class='ocr_line' id='line_1_28' title="bbox 488 2977 2079 3063; baseline 0.01 -34"><span class='ocrx_word' id='word_1_189' title='bbox 488 2990 736 3041; x_wconf 83' lang='lat' dir='ltr'><strong>uxorem,</strong></span> <span class='ocrx_word' id='word_1_190' title='bbox 771 2977 872 3033; x_wconf 90' lang='lat' dir='ltr'><strong>nisi</strong></span> <span class='ocrx_word' id='word_1_191' title='bbox 912 2993 975 3033; x_wconf 82' lang='lat' dir='ltr'><strong>ex</strong></span> <span class='ocrx_word' id='word_1_192' title='bbox 1001 2994 1162 3036; x_wconf 89' lang='lat' dir='ltr'><strong>causa</strong></span> <span class='ocrx_word' id='word_1_193' title='bbox 1202 2980 1569 3040; x_wconf 81' lang='lat' dir='ltr'><strong>fornicationis</strong></span> <span class='ocrx_word' id='word_1_194' title='bbox 1607 2985 1821 3057; x_wconf 83' lang='lat' dir='ltr'><strong>(Matth.</strong></span> <span class='ocrx_word' id='word_1_195' title='bbox 1850 3004 1968 3057; x_wconf 63' lang='grc' dir='ltr'><strong>ιιι,</strong></span> <span class='ocrx_word' id='word_1_196' title='bbox 1999 2988 2079 3063; x_wconf 90' lang='lat'><strong>9),</strong></span> 
     </span>
    </p>
   </div>
   <div class='ocr_carea' id='block_1_29' title="bbox 485 3068 2077 3154">
    <p class='ocr_par' dir='ltr' id='par_1_29' title="bbox 485 3068 2077 3154">
     <span class='ocr_line' id='line_1_29' title="bbox 485 3068 2077 3154; baseline 0.011 -32"><span class='ocrx_word' id='word_1_197' title='bbox 485 3068 587 3123; x_wconf 89' lang='lat' dir='ltr'><strong>sed</strong></span> <span class='ocrx_word' id='word_1_198' title='bbox 624 3070 781 3124; x_wconf 90' lang='lat' dir='ltr'><strong>etiam</strong></span> <span class='ocrx_word' id='word_1_199' title='bbox 826 3072 949 3141; x_wconf 88' lang='lat' dir='ltr'><strong>quia</strong></span> <span class='ocrx_word' id='word_1_200' title='bbox 979 3074 1125 3128; x_wconf 90' lang='lat' dir='ltr'><strong>venit</strong></span> <span class='ocrx_word' id='word_1_201' title='bbox 1162 3073 1414 3131; x_wconf 88' lang='lat' dir='ltr'><strong>invitatus</strong></span> <span class='ocrx_word' id='word_1_202' title='bbox 1443 3077 1511 3132; x_wconf 91' lang='lat' dir='ltr'><strong>ad</strong></span> <span class='ocrx_word' id='word_1_203' title='bbox 1554 3080 1765 3150; x_wconf 88' lang='lat' dir='ltr'><strong>nuptias</strong></span> <span class='ocrx_word' id='word_1_204' title='bbox 1806 3080 1985 3153; x_wconf 77' lang='lat' dir='ltr'><strong>(Joan.</strong></span> <span class='ocrx_word' id='word_1_205' title='bbox 2017 3099 2077 3154; x_wconf 84' lang='grc' dir='ltr'><strong>ιι,</strong></span> 
     </span>
    </p>
   </div>
   <div class='ocr_carea' id='block_1_30' title="bbox 483 3158 2080 3240">
    <p class='ocr_par' dir='ltr' id='par_1_30' title="bbox 483 3158 2080 3240">
     <span class='ocr_line' id='line_1_30' title="bbox 483 3158 2080 3240; baseline 0.013 -27"><span class='ocrx_word' id='word_1_206' title='bbox 483 3158 570 3230; x_wconf 75' lang='lat'><strong>2),</strong></span> <span class='ocrx_word' id='word_1_207' title='bbox 600 3176 698 3216; x_wconf 90' lang='lat' dir='ltr'><strong>cur</strong></span> <span class='ocrx_word' id='word_1_208' title='bbox 722 3159 793 3216; x_wconf 89' lang='lat' dir='ltr'><strong>sit</strong></span> <span class='ocrx_word' id='word_1_209' title='bbox 832 3162 1030 3219; x_wconf 91' lang='lat' dir='ltr'><strong>bonum</strong></span> <span class='ocrx_word' id='word_1_210' title='bbox 1068 3166 1261 3223; x_wconf 90' lang='lat' dir='ltr'><strong>merito</strong></span> <span class='ocrx_word' id='word_1_211' title='bbox 1297 3169 1569 3238; x_wconf 84' lang='lat' dir='ltr'><strong>quaeritur.</strong></span> <span class='ocrx_word' id='word_1_212' title='bbox 1623 3170 1778 3240; x_wconf 84' lang='lat' dir='ltr'><strong>Quod</strong></span> <span class='ocrx_word' id='word_1_213' title='bbox 1813 3175 1944 3231; x_wconf 90' lang='lat' dir='ltr'><strong>mihi</strong></span> <span class='ocrx_word' id='word_1_214' title='bbox 1972 3193 2080 3234; x_wconf 92' lang='lat' dir='ltr'><strong>non</strong></span> 
     </span>
    </p>
   </div>
   <div class='ocr_carea' id='block_1_31' title="bbox 486 3249 2079 3335">
    <p class='ocr_par' dir='ltr' id='par_1_31' title="bbox 486 3249 2079 3335">
     <span class='ocr_line' id='line_1_31' title="bbox 486 3249 2079 3335; baseline 0.013 -31"><span class='ocrx_word' id='word_1_215' title='bbox 486 3249 699 3306; x_wconf 87' lang='lat' dir='ltr'><strong>videtur</strong></span> <span class='ocrx_word' id='word_1_216' title='bbox 748 3262 967 3325; x_wconf 80' lang='lat' dir='ltr'><strong>prepter</strong></span> <span class='ocrx_word' id='word_1_217' title='bbox 1002 3256 1169 3311; x_wconf 90' lang='lat' dir='ltr'><strong>solam</strong></span> <span class='ocrx_word' id='word_1_218' title='bbox 1215 3257 1441 3315; x_wconf 88' lang='lat' dir='ltr'><strong>ﬁliorum</strong></span> <span class='ocrx_word' id='word_1_219' title='bbox 1485 3266 1935 3335; x_wconf 87' lang='lat' dir='ltr'><strong>procreationem,</strong></span> <span class='ocrx_word' id='word_1_220' title='bbox 1982 3268 2079 3324; x_wconf 92' lang='lat' dir='ltr'><strong>sed</strong></span> 
     </span>
    </p>
   </div>
   <div class='ocr_carea' id='block_1_32' title="bbox 486 3347 2079 3416">
    <p class='ocr_par' dir='ltr' id='par_1_32' title="bbox 486 3347 2079 3416">
     <span class='ocr_line' id='line_1_32' title="bbox 486 3347 2079 3416; baseline 0.012 -18"><span class='ocrx_word' id='word_1_221' title='bbox 486 3354 709 3415; x_wconf 84' lang='lat' dir='ltr'><strong>propter</strong></span> <span class='ocrx_word' id='word_1_222' title='bbox 759 3347 927 3416; x_wconf 88' lang='lat' dir='ltr'><strong>ipsam</strong></span> <span class='ocrx_word' id='word_1_223' title='bbox 980 3348 1139 3404; x_wconf 87' lang='lat' dir='ltr'><strong>etiam</strong></span> <span class='ocrx_word' id='word_1_224' title='bbox 1196 3353 1496 3409; x_wconf 87' lang='lat' dir='ltr'><strong>naturalem</strong></span> <span class='ocrx_word' id='word_1_225' title='bbox 1552 3356 1607 3410; x_wconf 88' lang='lat' dir='ltr'><strong>in</strong></span> <span class='ocrx_word' id='word_1_226' title='bbox 1672 3356 1886 3415; x_wconf 90' lang='lat' dir='ltr'><strong>diverso</strong></span> <span class='ocrx_word' id='word_1_227' title='bbox 1947 3374 2079 3416; x_wconf 81' lang='lat' dir='ltr'><strong>sexu</strong></span> 
     </span>
    </p>
   </div>
   <div class='ocr_carea' id='block_1_33' title="bbox 482 3438 2076 3523">
    <p class='ocr_par' dir='ltr' id='par_1_33' title="bbox 482 3438 2076 3523">
     <span class='ocr_line' id='line_1_33' title="bbox 482 3438 2076 3523; baseline 0.011 -31"><span class='ocrx_word' id='word_1_228' title='bbox 482 3438 820 3495; x_wconf 81' lang='lat' dir='ltr'><strong>societatem.</strong></span> <span class='ocrx_word' id='word_1_229' title='bbox 849 3441 1098 3513; x_wconf 81' lang='lat' dir='ltr'><strong>Alioquin</strong></span> <span class='ocrx_word' id='word_1_230' title='bbox 1125 3458 1229 3499; x_wconf 92' lang='lat' dir='ltr'><strong>non</strong></span> <span class='ocrx_word' id='word_1_231' title='bbox 1252 3443 1362 3515; x_wconf 85' lang='lat' dir='ltr'><strong>iam</strong></span> <span class='ocrx_word' id='word_1_232' title='bbox 1392 3446 1660 3504; x_wconf 89' lang='lat' dir='ltr'><strong>diceretur</strong></span> <span class='ocrx_word' id='word_1_233' title='bbox 1686 3451 1993 3523; x_wconf 89' lang='lat' dir='ltr'><strong>coniugium</strong></span> <span class='ocrx_word' id='word_1_234' title='bbox 2022 3453 2076 3508; x_wconf 83' lang='lat' dir='ltr'><strong>in</strong></span> 
     </span>
    </p>
   </div>
   <div class='ocr_carea' id='block_1_34' title="bbox 486 3530 2079 3608">
    <p class='ocr_par' dir='ltr' id='par_1_34' title="bbox 486 3530 2079 3608">
     <span class='ocr_line' id='line_1_34' title="bbox 486 3530 2079 3608; baseline 0.009 -24"><span class='ocrx_word' id='word_1_235' title='bbox 486 3530 723 3599; x_wconf 84' lang='lat' dir='ltr'><strong>senibus,</strong></span> <span class='ocrx_word' id='word_1_236' title='bbox 751 3534 1047 3603; x_wconf 63' lang='lat' dir='ltr'><strong>praesertim</strong></span> <span class='ocrx_word' id='word_1_237' title='bbox 1070 3535 1113 3589; x_wconf 92' lang='lat' dir='ltr'><strong>si</strong></span> <span class='ocrx_word' id='word_1_238' title='bbox 1134 3536 1219 3591; x_wconf 91' lang='lat' dir='ltr'><strong>vel</strong></span> <span class='ocrx_word' id='word_1_239' title='bbox 1244 3536 1549 3594; x_wconf 88' lang='lat' dir='ltr'><strong>amisissent</strong></span> <span class='ocrx_word' id='word_1_240' title='bbox 1566 3538 1725 3608; x_wconf 87' lang='lat' dir='ltr'><strong>ﬁlios,</strong></span> <span class='ocrx_word' id='word_1_241' title='bbox 1755 3543 1839 3597; x_wconf 89' lang='lat' dir='ltr'><strong>vel</strong></span> <span class='ocrx_word' id='word_1_242' title='bbox 1859 3544 2079 3600; x_wconf 90' lang='lat' dir='ltr'><strong>minime</strong></span> 
     </span>
    </p>
   </div>
   <div class='ocr_carea' id='block_1_35' title="bbox 482 3625 2075 3707">
    <p class='ocr_par' dir='ltr' id='par_1_35' title="bbox 482 3625 2075 3707">
     <span class='ocr_line' id='line_1_35' title="bbox 482 3625 2075 3707; baseline 0.009 -30"><span class='ocrx_word' id='word_1_243' title='bbox 482 3625 816 3693; x_wconf 73' lang='lat' dir='ltr'><strong>genuissent.</strong></span> <span class='ocrx_word' id='word_1_244' title='bbox 844 3627 996 3683; x_wconf 91' lang='lat' dir='ltr'><strong>Nunc</strong></span> <span class='ocrx_word' id='word_1_245' title='bbox 1017 3643 1147 3683; x_wconf 90' lang='lat' dir='ltr'><strong>vero</strong></span> <span class='ocrx_word' id='word_1_246' title='bbox 1176 3628 1229 3682; x_wconf 91' lang='lat' dir='ltr'><strong>in</strong></span> <span class='ocrx_word' id='word_1_247' title='bbox 1256 3629 1398 3685; x_wconf 91' lang='lat' dir='ltr'><strong>bono</strong></span> <span class='ocrx_word' id='word_1_248' title='bbox 1427 3631 1551 3687; x_wconf 90' lang='lat' dir='ltr'><strong>licet</strong></span> <span class='ocrx_word' id='word_1_249' title='bbox 1575 3647 1781 3688; x_wconf 91' lang='lat' dir='ltr'><strong>annoso</strong></span> <span class='ocrx_word' id='word_1_250' title='bbox 1805 3636 2075 3707; x_wconf 89' lang='lat' dir='ltr'><strong>coniugio,</strong></span> 
     </span>
    </p>
   </div>
   <div class='ocr_carea' id='block_1_36' title="bbox 482 3715 2079 3782">
    <p class='ocr_par' dir='ltr' id='par_1_36' title="bbox 482 3715 2079 3782">
     <span class='ocr_line' id='line_1_36' title="bbox 482 3715 2079 3782; baseline 0.008 -13"><span class='ocrx_word' id='word_1_251' title='bbox 482 3715 593 3769; x_wconf 86' lang='lat' dir='ltr'><strong>etsi</strong></span> <span class='ocrx_word' id='word_1_252' title='bbox 621 3717 878 3771; x_wconf 89' lang='lat' dir='ltr'><strong>emarcuit</strong></span> <span class='ocrx_word' id='word_1_253' title='bbox 915 3717 1078 3773; x_wconf 89' lang='lat' dir='ltr'><strong>ardor</strong></span> <span class='ocrx_word' id='word_1_254' title='bbox 1121 3720 1293 3774; x_wconf 65' lang='lat' dir='ltr'><strong>aetatis</strong></span> <span class='ocrx_word' id='word_1_255' title='bbox 1332 3721 1471 3776; x_wconf 90' lang='lat' dir='ltr'><strong>inter</strong></span> <span class='ocrx_word' id='word_1_256' title='bbox 1500 3724 1797 3778; x_wconf 90' lang='lat' dir='ltr'><strong>masculum</strong></span> <span class='ocrx_word' id='word_1_257' title='bbox 1842 3733 1897 3780; x_wconf 91' lang='lat' dir='ltr'><strong>et</strong></span> <span class='ocrx_word' id='word_1_258' title='bbox 1924 3725 2079 3782; x_wconf 88' lang='lat' dir='ltr'><strong>femi-</strong></span> 
     </span>
    </p>
   </div>
   <div class='ocr_carea' id='block_1_37' title="bbox 486 3806 2079 3876">
    <p class='ocr_par' dir='ltr' id='par_1_37' title="bbox 486 3806 2079 3876">
     <span class='ocr_line' id='line_1_37' title="bbox 486 3806 2079 3876; baseline 0.011 -18"><span class='ocrx_word' id='word_1_259' title='bbox 486 3817 637 3869; x_wconf 85' lang='lat' dir='ltr'><strong>nam,</strong></span> <span class='ocrx_word' id='word_1_260' title='bbox 681 3806 823 3876; x_wconf 88' lang='lat' dir='ltr'><strong>viget</strong></span> <span class='ocrx_word' id='word_1_261' title='bbox 866 3815 1043 3863; x_wconf 88' lang='lat' dir='ltr'><strong>tamen</strong></span> <span class='ocrx_word' id='word_1_262' title='bbox 1088 3808 1222 3864; x_wconf 86' lang='lat' dir='ltr'><strong>ordo</strong></span> <span class='ocrx_word' id='word_1_263' title='bbox 1258 3809 1531 3868; x_wconf 87' lang='lat' dir='ltr'><strong>charitatis</strong></span> <span class='ocrx_word' id='word_1_264' title='bbox 1568 3813 1710 3870; x_wconf 89' lang='lat' dir='ltr'><strong>inter</strong></span> <span class='ocrx_word' id='word_1_265' title='bbox 1746 3816 1996 3873; x_wconf 87' lang='lat' dir='ltr'><strong>maritum</strong></span> <span class='ocrx_word' id='word_1_266' title='bbox 2025 3828 2079 3876; x_wconf 90' lang='lat' dir='ltr'><strong>et</strong></span> 
     </span>
    </p>
   </div>
   <div class='ocr_carea' id='block_1_38' title="bbox 487 3899 2078 3973">
    <p class='ocr_par' dir='ltr' id='par_1_38' title="bbox 487 3899 2078 3973">
     <span class='ocr_line' id='line_1_38' title="bbox 487 3899 2078 3973; baseline 0.013 -23"><span class='ocrx_word' id='word_1_267' title='bbox 487 3912 712 3953; x_wconf 86' lang='lat' dir='ltr'><strong>uxorem</strong></span> <span class='ocrx_word' id='word_1_268' title='bbox 744 3917 758 3954; x_wconf 90' lang='lat'><strong>:</strong></span> <span class='ocrx_word' id='word_1_269' title='bbox 788 3899 909 3970; x_wconf 88' lang='lat' dir='ltr'><strong>quia</strong></span> <span class='ocrx_word' id='word_1_270' title='bbox 948 3909 1146 3972; x_wconf 89' lang='lat' dir='ltr'><strong>quanto</strong></span> <span class='ocrx_word' id='word_1_271' title='bbox 1179 3902 1429 3960; x_wconf 89' lang='lat' dir='ltr'><strong>meliores</strong></span> <span class='ocrx_word' id='word_1_272' title='bbox 1454 3915 1599 3973; x_wconf 90' lang='lat' dir='ltr'><strong>sunt,</strong></span> <span class='ocrx_word' id='word_1_273' title='bbox 1642 3917 1789 3965; x_wconf 89' lang='lat' dir='ltr'><strong>tanto</strong></span> <span class='ocrx_word' id='word_1_274' title='bbox 1818 3912 2078 3970; x_wconf 89' lang='lat' dir='ltr'><strong>maturius</strong></span> 
     </span>
    </p>
   </div>
   <div class='ocr_carea' id='block_1_39' title="bbox 487 3989 2080 4066">
    <p class='ocr_par' dir='ltr' id='par_1_39' title="bbox 487 3989 2080 4066">
     <span class='ocr_line' id='line_1_39' title="bbox 487 3989 2080 4066; baseline 0.014 -26"><span class='ocrx_word' id='word_1_275' title='bbox 487 4001 520 4041; x_wconf 91' lang='lat' dir='ltr'><strong>a</strong></span> <span class='ocrx_word' id='word_1_276' title='bbox 548 3989 922 4046; x_wconf 83' lang='lat' dir='ltr'><strong>commixtione</strong></span> <span class='ocrx_word' id='word_1_277' title='bbox 947 3993 1123 4049; x_wconf 88' lang='lat' dir='ltr'><strong>carnis</strong></span> <span class='ocrx_word' id='word_1_278' title='bbox 1151 4007 1263 4050; x_wconf 82' lang='lat' dir='ltr'><strong>suae</strong></span> <span class='ocrx_word' id='word_1_279' title='bbox 1288 3996 1402 4066; x_wconf 89' lang='lat' dir='ltr'><strong>pari</strong></span> <span class='ocrx_word' id='word_1_280' title='bbox 1429 4012 1693 4056; x_wconf 87' lang='lat' dir='ltr'><strong>consensu</strong></span> <span class='ocrx_word' id='word_1_281' title='bbox 1722 4015 1781 4058; x_wconf 90' lang='lat' dir='ltr'><strong>se</strong></span> <span class='ocrx_word' id='word_1_282' title='bbox 1801 4004 2080 4063; x_wconf 88' lang='lat' dir='ltr'><strong>continere</strong></span> 
     </span>
    </p>
   </div>
   <div class='ocr_carea' id='block_1_40' title="bbox 489 4086 2081 4167">
    <p class='ocr_par' dir='ltr' id='par_1_40' title="bbox 489 4086 2081 4167">
     <span class='ocr_line' id='line_1_40' title="bbox 489 4086 2081 4167; baseline 0.011 -31"><span class='ocrx_word' id='word_1_283' title='bbox 489 4091 805 4150; x_wconf 67' lang='lat' dir='ltr'><strong>coeperunt;</strong></span> <span class='ocrx_word' id='word_1_284' title='bbox 834 4097 940 4138; x_wconf 93' lang='lat' dir='ltr'><strong>non</strong></span> <span class='ocrx_word' id='word_1_285' title='bbox 965 4092 1025 4138; x_wconf 90' lang='lat' dir='ltr'><strong>ut</strong></span> <span class='ocrx_word' id='word_1_286' title='bbox 1052 4086 1385 4144; x_wconf 87' lang='lat' dir='ltr'><strong>necessitatis</strong></span> <span class='ocrx_word' id='word_1_287' title='bbox 1410 4098 1553 4147; x_wconf 90' lang='lat' dir='ltr'><strong>esset</strong></span> <span class='ocrx_word' id='word_1_288' title='bbox 1582 4101 1765 4162; x_wconf 90' lang='lat' dir='ltr'><strong>postea</strong></span> <span class='ocrx_word' id='word_1_289' title='bbox 1792 4110 1898 4152; x_wconf 94' lang='lat' dir='ltr'><strong>non</strong></span> <span class='ocrx_word' id='word_1_290' title='bbox 1920 4111 2081 4167; x_wconf 87' lang='lat' dir='ltr'><strong>posse</strong></span> 
     </span>
    </p>
   </div>
   <div class='ocr_carea' id='block_1_41' title="bbox 485 4173 2081 4254">
    <p class='ocr_par' dir='ltr' id='par_1_41' title="bbox 485 4173 2081 4254">
     <span class='ocr_line' id='line_1_41' title="bbox 485 4173 2081 4254; baseline 0.012 -29"><span class='ocrx_word' id='word_1_291' title='bbox 485 4173 632 4242; x_wconf 87' lang='lat' dir='ltr'><strong>quod</strong></span> <span class='ocrx_word' id='word_1_292' title='bbox 677 4173 894 4243; x_wconf 86' lang='lat' dir='ltr'><strong>vellent,</strong></span> <span class='ocrx_word' id='word_1_293' title='bbox 940 4174 1036 4231; x_wconf 91' lang='lat' dir='ltr'><strong>sed</strong></span> <span class='ocrx_word' id='word_1_294' title='bbox 1080 4184 1139 4232; x_wconf 89' lang='lat' dir='ltr'><strong>ut</strong></span> <span class='ocrx_word' id='word_1_295' title='bbox 1173 4177 1348 4235; x_wconf 88' lang='lat' dir='ltr'><strong>laudis</strong></span> <span class='ocrx_word' id='word_1_296' title='bbox 1381 4190 1525 4238; x_wconf 89' lang='lat' dir='ltr'><strong>esset</strong></span> <span class='ocrx_word' id='word_1_297' title='bbox 1562 4184 1793 4254; x_wconf 90' lang='lat' dir='ltr'><strong>primum</strong></span> <span class='ocrx_word' id='word_1_298' title='bbox 1841 4186 2081 4245; x_wconf 89' lang='lat' dir='ltr'><strong>noluisse</strong></span> 
     </span>
    </p>
   </div>
   <div class='ocr_carea' id='block_1_42' title="bbox 485 4263 2083 4341">
    <p class='ocr_par' dir='ltr' id='par_1_42' title="bbox 485 4263 2083 4341">
     <span class='ocr_line' id='line_1_42' title="bbox 485 4263 2083 4341; baseline 0.013 -25"><span class='ocrx_word' id='word_1_299' title='bbox 485 4263 634 4332; x_wconf 83' lang='lat' dir='ltr'><strong>quod</strong></span> <span class='ocrx_word' id='word_1_300' title='bbox 683 4274 921 4334; x_wconf 90' lang='lat' dir='ltr'><strong>possent.</strong></span> <span class='ocrx_word' id='word_1_301' title='bbox 993 4266 1051 4323; x_wconf 89' lang='lat' dir='ltr'><strong>Si</strong></span> <span class='ocrx_word' id='word_1_302' title='bbox 1097 4283 1226 4341; x_wconf 89' lang='lat' dir='ltr'><strong>ergo</strong></span> <span class='ocrx_word' id='word_1_303' title='bbox 1278 4281 1525 4329; x_wconf 88' lang='lat' dir='ltr'><strong>servatur</strong></span> <span class='ocrx_word' id='word_1_304' title='bbox 1572 4274 1707 4332; x_wconf 87' lang='lat' dir='ltr'><strong>ﬁdes</strong></span> <span class='ocrx_word' id='word_1_305' title='bbox 1758 4278 1978 4335; x_wconf 87' lang='lat' dir='ltr'><strong>honoris</strong></span> <span class='ocrx_word' id='word_1_306' title='bbox 2027 4289 2083 4337; x_wconf 89' lang='lat' dir='ltr'><strong>et</strong></span> 
     </span>
    </p>
   </div>
   <div class='ocr_carea' id='block_1_43' title="bbox 485 4354 2079 4442">
    <p class='ocr_par' dir='ltr' id='par_1_43' title="bbox 485 4354 2079 4442">
     <span class='ocr_line' id='line_1_43' title="bbox 485 4354 2079 4442; baseline 0.013 -32"><span class='ocrx_word' id='word_1_307' title='bbox 485 4354 869 4427; x_wconf 89' lang='lat' dir='ltr'><strong>obsequiorum</strong></span> <span class='ocrx_word' id='word_1_308' title='bbox 912 4358 1140 4415; x_wconf 86' lang='lat' dir='ltr'><strong>invicem</strong></span> <span class='ocrx_word' id='word_1_309' title='bbox 1183 4360 1484 4419; x_wconf 87' lang='lat' dir='ltr'><strong>debitorum</strong></span> <span class='ocrx_word' id='word_1_310' title='bbox 1529 4366 1599 4422; x_wconf 90' lang='lat' dir='ltr'><strong>ab</strong></span> <span class='ocrx_word' id='word_1_311' title='bbox 1637 4368 1895 4426; x_wconf 89' lang='lat' dir='ltr'><strong>alterutro</strong></span> <span class='ocrx_word' id='word_1_312' title='bbox 1924 4386 2079 4442; x_wconf 85' lang='lat' dir='ltr'><strong>sexu,</strong></span> 
     </span>
    </p>
   </div>
   <div class='ocr_carea' id='block_1_44' title="bbox 486 4447 2082 4536">
    <p class='ocr_par' dir='ltr' id='par_1_44' title="bbox 486 4447 2082 4536">
     <span class='ocr_line' id='line_1_44' title="bbox 486 4447 2082 4536; baseline 0.013 -35"><span class='ocrx_word' id='word_1_313' title='bbox 486 4447 699 4502; x_wconf 85' lang='lat' dir='ltr'><strong>etiarnsi</strong></span> <span class='ocrx_word' id='word_1_314' title='bbox 716 4448 1175 4519; x_wconf 88' lang='lat' dir='ltr'><strong>languescentibus</strong></span> <span class='ocrx_word' id='word_1_315' title='bbox 1195 4461 1249 4509; x_wconf 91' lang='lat' dir='ltr'><strong>et</strong></span> <span class='ocrx_word' id='word_1_316' title='bbox 1268 4468 1435 4525; x_wconf 86' lang='lat' dir='ltr'><strong>prope</strong></span> <span class='ocrx_word' id='word_1_317' title='bbox 1454 4456 1786 4515; x_wconf 88' lang='lat' dir='ltr'><strong>cadaverinis</strong></span> <span class='ocrx_word' id='word_1_318' title='bbox 1805 4462 2082 4536; x_wconf 86' lang='lat' dir='ltr'><strong>utriusque</strong></span> 
     </span>
    </p>
   </div>
   <div class='ocr_carea' id='block_1_45' title="bbox 486 4538 2081 4622">
    <p class='ocr_par' dir='ltr' id='par_1_45' title="bbox 486 4538 2081 4622">
     <span class='ocr_line' id='line_1_45' title="bbox 486 4538 2081 4622; baseline 0.014 -31"><span class='ocrx_word' id='word_1_319' title='bbox 486 4538 768 4607; x_wconf 84' lang='lat' dir='ltr'><strong>membris,</strong></span> <span class='ocrx_word' id='word_1_320' title='bbox 808 4542 1107 4597; x_wconf 90' lang='lat' dir='ltr'><strong>animorum</strong></span> <span class='ocrx_word' id='word_1_321' title='bbox 1142 4552 1320 4600; x_wconf 89' lang='lat' dir='ltr'><strong>tamen</strong></span> <span class='ocrx_word' id='word_1_322' title='bbox 1350 4548 1456 4603; x_wconf 91' lang='lat' dir='ltr'><strong>rite</strong></span> <span class='ocrx_word' id='word_1_323' title='bbox 1498 4549 1902 4622; x_wconf 89' lang='lat' dir='ltr'><strong>coniugatorum</strong></span> <span class='ocrx_word' id='word_1_324' title='bbox 1933 4563 2081 4613; x_wconf 88' lang='lat' dir='ltr'><strong>tanto</strong></span> 
     </span>
    </p>
   </div>
   <div class='ocr_carea' id='block_1_46' title="bbox 484 4627 2080 4716">
    <p class='ocr_par' dir='ltr' id='par_1_46' title="bbox 484 4627 2080 4716">
     <span class='ocr_line' id='line_1_46' title="bbox 484 4627 2080 4716; baseline 0.015 -35"><span class='ocrx_word' id='word_1_325' title='bbox 484 4627 771 4695; x_wconf 85' lang='lat' dir='ltr'><strong>sincerior,</strong></span> <span class='ocrx_word' id='word_1_326' title='bbox 796 4641 995 4701; x_wconf 89' lang='lat' dir='ltr'><strong>quanto</strong></span> <span class='ocrx_word' id='word_1_327' title='bbox 1021 4633 1315 4703; x_wconf 87' lang='lat' dir='ltr'><strong>probatior,</strong></span> <span class='ocrx_word' id='word_1_328' title='bbox 1342 4644 1396 4693; x_wconf 90' lang='lat' dir='ltr'><strong>et</strong></span> <span class='ocrx_word' id='word_1_329' title='bbox 1420 4645 1569 4694; x_wconf 90' lang='lat' dir='ltr'><strong>tanto</strong></span> <span class='ocrx_word' id='word_1_330' title='bbox 1592 4643 1850 4710; x_wconf 88' lang='lat' dir='ltr'><strong>securior,</strong></span> <span class='ocrx_word' id='word_1_331' title='bbox 1881 4658 2080 4716; x_wconf 91' lang='lat' dir='ltr'><strong>quanto</strong></span> 
     </span>
    </p>
   </div>
   <div class='ocr_carea' id='block_1_47' title="bbox 486 4719 2079 4796">
    <p class='ocr_par' dir='ltr' id='par_1_47' title="bbox 486 4719 2079 4796">
     <span class='ocr_line' id='line_1_47' title="bbox 486 4719 2079 4796; baseline 0.016 -24"><span class='ocrx_word' id='word_1_332' title='bbox 486 4719 750 4789; x_wconf 85' lang='lat' dir='ltr'><strong>placidior</strong></span> <span class='ocrx_word' id='word_1_333' title='bbox 773 4722 990 4777; x_wconf 88' lang='lat' dir='ltr'><strong>castitas</strong></span> <span class='ocrx_word' id='word_1_334' title='bbox 1015 4735 1341 4794; x_wconf 86' lang='lat' dir='ltr'><strong>perseverat.</strong></span> <span class='ocrx_word' id='word_1_335' title='bbox 1374 4728 1584 4787; x_wconf 83' lang='lat' dir='ltr'><strong>Habent</strong></span> <span class='ocrx_word' id='word_1_336' title='bbox 1609 4734 1770 4789; x_wconf 90' lang='lat' dir='ltr'><strong>etiam</strong></span> <span class='ocrx_word' id='word_1_337' title='bbox 1798 4735 1851 4791; x_wconf 91' lang='lat' dir='ltr'><strong>id</strong></span> <span class='ocrx_word' id='word_1_338' title='bbox 1878 4737 2079 4796; x_wconf 92' lang='lat' dir='ltr'><strong>bonum</strong></span> 
     </span>
    </p>
   </div>
   <div class='ocr_carea' id='block_1_48' title="bbox 487 4810 2077 4902">
    <p class='ocr_par' dir='ltr' id='par_1_48' title="bbox 487 4810 2077 4902">
     <span class='ocr_line' id='line_1_48' title="bbox 487 4810 2077 4902; baseline 0.014 -38"><span class='ocrx_word' id='word_1_339' title='bbox 487 4810 754 4882; x_wconf 85' lang='lat' dir='ltr'><strong>coniugia,</strong></span> <span class='ocrx_word' id='word_1_340' title='bbox 801 4813 942 4884; x_wconf 89' lang='lat' dir='ltr'><strong>quod</strong></span> <span class='ocrx_word' id='word_1_341' title='bbox 987 4817 1217 4873; x_wconf 84' lang='lat' dir='ltr'><strong>carnalis</strong></span> <span class='ocrx_word' id='word_1_342' title='bbox 1257 4818 1342 4874; x_wconf 89' lang='lat' dir='ltr'><strong>vel</strong></span> <span class='ocrx_word' id='word_1_343' title='bbox 1376 4820 1628 4890; x_wconf 87' lang='lat' dir='ltr'><strong>juvenilis</strong></span> <span class='ocrx_word' id='word_1_344' title='bbox 1668 4824 2077 4902; x_wconf 89' lang='lat' dir='ltr'><strong>incontinentia,</strong></span> 
     </span>
    </p>
   </div>
   <div class='ocr_carea' id='block_1_49' title="bbox 484 4902 2081 4993">
    <p class='ocr_par' dir='ltr' id='par_1_49' title="bbox 484 4902 2081 4993">
     <span class='ocr_line' id='line_1_49' title="bbox 484 4902 2081 4993; baseline 0.016 -39"><span class='ocrx_word' id='word_1_345' title='bbox 484 4902 700 4993; x_wconf 74' lang='lat' dir='ltr'><strong>etiamsi</strong></span> <span class='ocrx_word' id='word_1_346' title='bbox 730 4903 921 4959; x_wconf 89' lang='lat' dir='ltr'><strong>vitiosa</strong></span> <span class='ocrx_word' id='word_1_347' title='bbox 960 4913 1063 4975; x_wconf 88' lang='lat' dir='ltr'><strong>est,</strong></span> <span class='ocrx_word' id='word_1_348' title='bbox 1104 4907 1172 4962; x_wconf 91' lang='lat' dir='ltr'><strong>ad</strong></span> <span class='ocrx_word' id='word_1_349' title='bbox 1212 4912 1570 4982; x_wconf 63' lang='lat' dir='ltr'><strong>propagandae</strong></span> <span class='ocrx_word' id='word_1_350' title='bbox 1610 4917 1777 4987; x_wconf 89' lang='lat' dir='ltr'><strong>prolis</strong></span> <span class='ocrx_word' id='word_1_351' title='bbox 1819 4920 2081 4993; x_wconf 85' lang='lat' dir='ltr'><strong>redigitur</strong></span> 
     </span>
    </p>
   </div>
   <div class='ocr_carea' id='block_1_50' title="bbox 488 4991 2081 5079">
    <p class='ocr_par' dir='ltr' id='par_1_50' title="bbox 488 4991 2081 5079">
     <span class='ocr_line' id='line_1_50' title="bbox 488 4991 2081 5079; baseline 0.016 -32"><span class='ocrx_word' id='word_1_352' title='bbox 488 4991 848 5060; x_wconf 84' lang='lat' dir='ltr'><strong>honestatem,</strong></span> <span class='ocrx_word' id='word_1_353' title='bbox 894 5005 950 5052; x_wconf 88' lang='lat' dir='ltr'><strong>ut</strong></span> <span class='ocrx_word' id='word_1_354' title='bbox 978 5013 1046 5054; x_wconf 85' lang='lat' dir='ltr'><strong>ex</strong></span> <span class='ocrx_word' id='word_1_355' title='bbox 1085 5000 1227 5057; x_wconf 92' lang='lat' dir='ltr'><strong>malo</strong></span> <span class='ocrx_word' id='word_1_356' title='bbox 1265 5002 1501 5060; x_wconf 89' lang='lat' dir='ltr'><strong>libidinis</strong></span> <span class='ocrx_word' id='word_1_357' title='bbox 1539 5006 1738 5079; x_wconf 90' lang='lat' dir='ltr'><strong>aliquid</strong></span> <span class='ocrx_word' id='word_1_358' title='bbox 1770 5011 1895 5068; x_wconf 93' lang='lat' dir='ltr'><strong>boni</strong></span> <span class='ocrx_word' id='word_1_359' title='bbox 1922 4991 2081 5072; x_wconf 81' lang='lat' dir='ltr'><strong>faciat</strong></span> 
     </span>
    </p>
   </div>
   <div class='ocr_carea' id='block_1_51' title="bbox 487 5088 2081 5176">
    <p class='ocr_par' dir='ltr' id='par_1_51' title="bbox 487 5088 2081 5176">
     <span class='ocr_line' id='line_1_51' title="bbox 487 5088 2081 5176; baseline 0.016 -35"><span class='ocrx_word' id='word_1_360' title='bbox 487 5088 757 5157; x_wconf 88' lang='lat' dir='ltr'><strong>copulatio</strong></span> <span class='ocrx_word' id='word_1_361' title='bbox 816 5090 1130 5164; x_wconf 88' lang='lat' dir='ltr'><strong>coniugalis.</strong></span> <span class='ocrx_word' id='word_1_362' title='bbox 1190 5094 1397 5153; x_wconf 90' lang='lat' dir='ltr'><strong>Deinde</strong></span> <span class='ocrx_word' id='word_1_363' title='bbox 1446 5100 1571 5170; x_wconf 90' lang='lat' dir='ltr'><strong>quia</strong></span> <span class='ocrx_word' id='word_1_364' title='bbox 1626 5105 1975 5176; x_wconf 89' lang='lat' dir='ltr'><strong>reprimitur,</strong></span> <span class='ocrx_word' id='word_1_365' title='bbox 2025 5117 2081 5166; x_wconf 91' lang='lat' dir='ltr'><strong>et</strong></span> 
     </span>
    </p>
   </div>
   <div class='ocr_carea' id='block_1_52' title="bbox 487 5179 2078 5269">
    <p class='ocr_par' dir='ltr' id='par_1_52' title="bbox 487 5179 2078 5269">
     <span class='ocr_line' id='line_1_52' title="bbox 487 5179 2078 5269; baseline 0.018 -38"><span class='ocrx_word' id='word_1_366' title='bbox 487 5179 720 5248; x_wconf 90' lang='lat' dir='ltr'><strong>quodam</strong></span> <span class='ocrx_word' id='word_1_367' title='bbox 779 5181 941 5238; x_wconf 92' lang='lat' dir='ltr'><strong>modo</strong></span> <span class='ocrx_word' id='word_1_368' title='bbox 988 5186 1347 5244; x_wconf 91' lang='lat' dir='ltr'><strong>verecundius</strong></span> <span class='ocrx_word' id='word_1_369' title='bbox 1394 5200 1584 5247; x_wconf 69' lang='lat' dir='ltr'><strong>mstuat</strong></span> <span class='ocrx_word' id='word_1_370' title='bbox 1645 5198 2078 5269; x_wconf 88' lang='lat' dir='ltr'><strong>concupiscentia</strong></span> 
     </span>
    </p>
   </div>
   <div class='ocr_carea' id='block_1_53' title="bbox 484 5271 2079 5350">
    <p class='ocr_par' dir='ltr' id='par_1_53' title="bbox 484 5271 2079 5350">
     <span class='ocr_line' id='line_1_53' title="bbox 484 5271 2079 5350; baseline 0.018 -28"><span class='ocrx_word' id='word_1_371' title='bbox 484 5271 685 5339; x_wconf 86' lang='lat' dir='ltr'><strong>carnis,</strong></span> <span class='ocrx_word' id='word_1_372' title='bbox 717 5288 876 5343; x_wconf 85' lang='lat' dir='ltr'><strong>quam</strong></span> <span class='ocrx_word' id='word_1_373' title='bbox 903 5284 1168 5347; x_wconf 89' lang='lat' dir='ltr'><strong>temperat</strong></span> <span class='ocrx_word' id='word_1_374' title='bbox 1192 5281 1484 5349; x_wconf 89' lang='lat' dir='ltr'><strong>parentalis</strong></span> <span class='ocrx_word' id='word_1_375' title='bbox 1504 5284 1746 5344; x_wconf 85' lang='lat' dir='ltr'><strong>affectus.</strong></span> <span class='ocrx_word' id='word_1_376' title='bbox 1792 5288 2079 5350; x_wconf 87' lang='lat' dir='ltr'><strong>Interccdit</strong></span> 
     </span>
    </p>
   </div>
   <div class='ocr_carea' id='block_1_54' title="bbox 483 5360 2077 5451">
    <p class='ocr_par' dir='ltr' id='par_1_54' title="bbox 483 5360 2077 5451">
     <span class='ocr_line' id='line_1_54' title="bbox 483 5360 2077 5451; baseline 0.016 -35"><span class='ocrx_word' id='word_1_377' title='bbox 483 5360 628 5416; x_wconf 89' lang='lat' dir='ltr'><strong>enim</strong></span> <span class='ocrx_word' id='word_1_378' title='bbox 660 5364 905 5432; x_wconf 82' lang='lat' dir='ltr'><strong>quaedam</strong></span> <span class='ocrx_word' id='word_1_379' title='bbox 947 5370 1180 5437; x_wconf 89' lang='lat' dir='ltr'><strong>gravitas</strong></span> <span class='ocrx_word' id='word_1_380' title='bbox 1222 5370 1443 5430; x_wconf 81' lang='lat' dir='ltr'><strong>fervidae</strong></span> <span class='ocrx_word' id='word_1_381' title='bbox 1484 5377 1771 5449; x_wconf 88' lang='lat' dir='ltr'><strong>voluptatis</strong></span> <span class='ocrx_word' id='word_1_382' title='bbox 1791 5383 1836 5451; x_wconf 83' lang='grc'><strong>²,</strong></span> <span class='ocrx_word' id='word_1_383' title='bbox 1868 5397 1993 5439; x_wconf 93' lang='lat' dir='ltr'><strong>cum</strong></span> <span class='ocrx_word' id='word_1_384' title='bbox 2021 5385 2077 5442; x_wconf 91' lang='lat' dir='ltr'><strong>in</strong></span> 
     </span>
    </p>
   </div>
   <div class='ocr_carea' id='block_1_55' title="bbox 485 5453 2078 5545">
    <p class='ocr_par' dir='ltr' id='par_1_55' title="bbox 485 5453 2078 5545">
     <span class='ocr_line' id='line_1_55' title="bbox 485 5453 2078 5545; baseline 0.018 -39"><span class='ocrx_word' id='word_1_385' title='bbox 485 5466 552 5506; x_wconf 90' lang='lat' dir='ltr'><strong>eo</strong></span> <span class='ocrx_word' id='word_1_386' title='bbox 600 5453 741 5521; x_wconf 91' lang='lat' dir='ltr'><strong>quod</strong></span> <span class='ocrx_word' id='word_1_387' title='bbox 788 5454 890 5511; x_wconf 88' lang='lat' dir='ltr'><strong>sibi</strong></span> <span class='ocrx_word' id='word_1_388' title='bbox 919 5459 1001 5513; x_wconf 90' lang='lat' dir='ltr'><strong>vir</strong></span> <span class='ocrx_word' id='word_1_389' title='bbox 1043 5469 1099 5515; x_wconf 87' lang='lat' dir='ltr'><strong>et</strong></span> <span class='ocrx_word' id='word_1_390' title='bbox 1139 5463 1337 5520; x_wconf 89' lang='lat' dir='ltr'><strong>mulier</strong></span> <span class='ocrx_word' id='word_1_391' title='bbox 1378 5466 1775 5541; x_wconf 73' lang='lat' dir='ltr'><strong>adhaerescunt,</strong></span> <span class='ocrx_word' id='word_1_392' title='bbox 1824 5483 1981 5545; x_wconf 91' lang='lat' dir='ltr'><strong>pater</strong></span> <span class='ocrx_word' id='word_1_393' title='bbox 2020 5487 2078 5535; x_wconf 89' lang='lat' dir='ltr'><strong>et</strong></span> 
     </span>
    </p>
   </div>
   <div class='ocr_carea' id='block_1_56' title="bbox 485 5549 1171 5609">
    <p class='ocr_par' dir='ltr' id='par_1_56' title="bbox 485 5549 1171 5609">
     <span class='ocr_line' id='line_1_56' title="bbox 485 5549 1171 5609; baseline 0.017 -12"><span class='ocrx_word' id='word_1_394' title='bbox 485 5553 657 5599; x_wconf 89' lang='lat' dir='ltr'><strong>mater</strong></span> <span class='ocrx_word' id='word_1_395' title='bbox 680 5560 801 5602; x_wconf 88' lang='lat' dir='ltr'><strong>esse</strong></span> <span class='ocrx_word' id='word_1_396' title='bbox 826 5549 1171 5609; x_wconf 87' lang='lat' dir='ltr'><strong>meditantur.</strong></span> 
     </span>
    </p>
   </div>
   <div class='ocr_carea' id='block_1_57' title="bbox 557 5636 2074 5726">
    <p class='ocr_par' dir='ltr' id='par_1_57' title="bbox 557 5636 2074 5726">
     <span class='ocr_line' id='line_1_57' title="bbox 557 5636 2074 5726; baseline 0.02 -36"><span class='ocrx_word' id='word_1_397' title='bbox 557 5636 783 5693; x_wconf 83' lang='lat' dir='ltr'><strong>CAPUT</strong></span> <span class='ocrx_word' id='word_1_398' title='bbox 824 5638 911 5695; x_wconf 79' lang='lat' dir='ltr'><strong>IV.</strong></span> <span class='ocrx_word' id='word_1_399' title='bbox 948 5673 1017 5682; x_wconf 89' lang='lat'><strong>—</strong></span> <span class='ocrx_word' id='word_1_400' title='bbox 1056 5645 1109 5699; x_wconf 81' lang='grc'><strong>4.</strong></span> <span class='ocrx_word' id='word_1_401' title='bbox 1146 5648 1391 5714; x_wconf 83' lang='lat' dir='ltr'><strong>Quartum</strong></span> <span class='ocrx_word' id='word_1_402' title='bbox 1421 5655 1645 5726; x_wconf 83' lang='lat' dir='ltr'><strong>conjugii</strong></span> <span class='ocrx_word' id='word_1_403' title='bbox 1672 5657 1875 5715; x_wconf 82' lang='lat' dir='ltr'><strong>bonum.</strong></span> <span class='ocrx_word' id='word_1_404' title='bbox 1908 5664 2074 5720; x_wconf 84' lang='lat' dir='ltr'><strong>Adul-</strong></span> 
     </span>
    </p>
   </div>
   <div class='ocr_carea' id='block_1_58' title="bbox 486 5729 2074 5821">
    <p class='ocr_par' dir='ltr' id='par_1_58' title="bbox 486 5729 2074 5821">
     <span class='ocr_line' id='line_1_58' title="bbox 486 5729 2074 5821; baseline 0.02 -37"><span class='ocrx_word' id='word_1_405' title='bbox 486 5732 666 5784; x_wconf 83' lang='lat' dir='ltr'><strong>terium</strong></span> <span class='ocrx_word' id='word_1_406' title='bbox 690 5729 813 5801; x_wconf 84' lang='lat' dir='ltr'><strong>quid</strong></span> <span class='ocrx_word' id='word_1_407' title='bbox 835 5732 919 5786; x_wconf 79' lang='lat' dir='ltr'><strong>sit.</strong></span> <span class='ocrx_word' id='word_1_408' title='bbox 954 5732 1110 5790; x_wconf 80' lang='lat' dir='ltr'><strong>Fides</strong></span> <span class='ocrx_word' id='word_1_409' title='bbox 1139 5738 1193 5793; x_wconf 87' lang='lat' dir='ltr'><strong>in</strong></span> <span class='ocrx_word' id='word_1_410' title='bbox 1226 5741 1369 5798; x_wconf 73' lang='lat' dir='ltr'><strong>rebus</strong></span> <span class='ocrx_word' id='word_1_411' title='bbox 1409 5745 1559 5799; x_wconf 84' lang='lat' dir='ltr'><strong>etiam</strong></span> <span class='ocrx_word' id='word_1_412' title='bbox 1594 5748 1802 5821; x_wconf 76' lang='lat' dir='ltr'><strong>objectis</strong></span> <span class='ocrx_word' id='word_1_413' title='bbox 1828 5759 2074 5815; x_wconf 80' lang='lat' dir='ltr'><strong>servanda</strong></span> 
     </span>
    </p>
   </div>
   <div class='ocr_carea' id='block_1_59' title="bbox 453 5885 1788 6028">
    <p class='ocr_par' dir='ltr' id='par_1_59' title="bbox 453 5885 1788 6028">
     <span class='ocr_line' id='line_1_59' title="bbox 453 5885 1788 6028; baseline 0.01 -27"><span class='ocrx_word' id='word_1_414' title='bbox 453 6020 467 6028; x_wconf 24' lang='grc' dir='ltr'><strong><em>θ</em></strong></span> <span class='ocrx_word' id='word_1_415' title='bbox 1349 5914 1497 5967; x_wconf 56' lang='lat' dir='ltr'><strong>We</strong></span> <span class='ocrx_word' id='word_1_416' title='bbox 1585 5906 1788 5962; x_wconf 72' lang='grc' dir='ltr'><strong>σεπίυηι-</strong></span> 
     </span>
    </p>
   </div>
   <div class='ocr_carea' id='block_1_60' title="bbox 1485 438 2736 518">
    <p class='ocr_par' dir='ltr' id='par_1_60' title="bbox 1485 438 2736 518">
     <span class='ocr_line' id='line_1_60' title="bbox 1485 438 2736 518; baseline -0.008 -9"><span class='ocrx_word' id='word_1_417' title='bbox 1485 450 1577 509; x_wconf 84' lang='lat' dir='ltr'><strong>DE</strong></span> <span class='ocrx_word' id='word_1_418' title='bbox 1612 447 1793 509; x_wconf 88' lang='grc' dir='ltr'><strong>ΒΟΝο</strong></span> <span class='ocrx_word' id='word_1_419' title='bbox 1828 441 2225 518; x_wconf 77' lang='lat' dir='ltr'><strong>CONJUGALI,</strong></span> <span class='ocrx_word' id='word_1_420' title='bbox 2262 440 2326 501; x_wconf 90' lang='lat' dir='ltr'><strong>S.</strong></span> <span class='ocrx_word' id='word_1_421' title='bbox 2363 438 2736 502; x_wconf 79' lang='lat' dir='ltr'><strong>AUGUSTINI</strong></span> 
     </span>
    </p>
   </div>
   <div class='ocr_carea' id='block_1_61' title="bbox 3654 434 3769 496">
    <p class='ocr_par' dir='ltr' id='par_1_61' title="bbox 3654 434 3769 496">
     <span class='ocr_line' id='line_1_61' title="bbox 3654 434 3769 496; baseline -0.017 0"><span class='ocrx_word' id='word_1_422' title='bbox 3654 434 3769 496; x_wconf 75' lang='grc'><strong>376</strong></span> 
     </span>
    </p>
   </div>
   <div class='ocr_carea' id='block_1_62' title="bbox 2171 554 3767 635">
    <p class='ocr_par' dir='ltr' id='par_1_62' title="bbox 2171 554 3767 635">
     <span class='ocr_line' id='line_1_62' title="bbox 2171 554 3767 635; baseline -0.005 -15"><span class='ocrx_word' id='word_1_423' title='bbox 2171 573 2223 620; x_wconf 86' lang='lat' dir='ltr'><strong>et</strong></span> <span class='ocrx_word' id='word_1_424' title='bbox 2244 564 2359 620; x_wconf 79' lang='lat' dir='ltr'><strong>vita:</strong></span> <span class='ocrx_word' id='word_1_425' title='bbox 2384 563 2500 618; x_wconf 88' lang='lat' dir='ltr'><strong>huic</strong></span> <span class='ocrx_word' id='word_1_426' title='bbox 2533 562 2895 635; x_wconf 63' lang='lat' dir='ltr'><strong>prapouenda.</strong></span> <span class='ocrx_word' id='word_1_427' title='bbox 2922 562 3039 620; x_wconf 82' lang='lat' dir='ltr'><strong>Huc</strong></span> <span class='ocrx_word' id='word_1_428' title='bbox 3072 557 3278 618; x_wconf 87' lang='lat' dir='ltr'><strong>accedit</strong></span> <span class='ocrx_word' id='word_1_429' title='bbox 3311 557 3436 631; x_wconf 90' lang='lat' dir='ltr'><strong>quia</strong></span> <span class='ocrx_word' id='word_1_430' title='bbox 3467 556 3526 614; x_wconf 92' lang='lat' dir='ltr'><strong>in</strong></span> <span class='ocrx_word' id='word_1_431' title='bbox 3551 569 3619 614; x_wconf 88' lang='lat' dir='ltr'><strong>eo</strong></span> <span class='ocrx_word' id='word_1_432' title='bbox 3643 554 3767 628; x_wconf 91' lang='lat' dir='ltr'><strong>ipso</strong></span> 
     </span>
    </p>
   </div>
   <div class='ocr_carea' id='block_1_63' title="bbox 2170 648 3767 730">
    <p class='ocr_par' dir='ltr' id='par_1_63' title="bbox 2170 648 3767 730">
     <span class='ocr_line' id='line_1_63' title="bbox 2170 648 3767 730; baseline -0.007 -16"><span class='ocrx_word' id='word_1_433' title='bbox 2170 656 2316 730; x_wconf 90' lang='lat' dir='ltr'><strong>quod</strong></span> <span class='ocrx_word' id='word_1_434' title='bbox 2361 656 2464 713; x_wconf 90' lang='lat' dir='ltr'><strong>sibi</strong></span> <span class='ocrx_word' id='word_1_435' title='bbox 2487 656 2713 713; x_wconf 90' lang='lat' dir='ltr'><strong>invicem</strong></span> <span class='ocrx_word' id='word_1_436' title='bbox 2739 657 2995 729; x_wconf 88' lang='lat' dir='ltr'><strong>coniuges</strong></span> <span class='ocrx_word' id='word_1_437' title='bbox 3018 655 3254 712; x_wconf 91' lang='lat' dir='ltr'><strong>debitum</strong></span> <span class='ocrx_word' id='word_1_438' title='bbox 3276 651 3491 709; x_wconf 91' lang='lat' dir='ltr'><strong>solvunt</strong></span> <span class='ocrx_word' id='word_1_439' title='bbox 3508 692 3525 720; x_wconf 92' lang='lat'><strong>,</strong></span> <span class='ocrx_word' id='word_1_440' title='bbox 3550 648 3767 705; x_wconf 90' lang='lat' dir='ltr'><strong>etiamsi</strong></span> 
     </span>
    </p>
   </div>
   <div class='ocr_carea' id='block_1_64' title="bbox 2170 744 3766 821">
    <p class='ocr_par' dir='ltr' id='par_1_64' title="bbox 2170 744 3766 821">
     <span class='ocr_line' id='line_1_64' title="bbox 2170 744 3766 821; baseline -0.006 -14"><span class='ocrx_word' id='word_1_441' title='bbox 2170 749 2228 807; x_wconf 90' lang='lat' dir='ltr'><strong>id</strong></span> <span class='ocrx_word' id='word_1_442' title='bbox 2264 749 2534 821; x_wconf 90' lang='lat' dir='ltr'><strong>aliquanto</strong></span> <span class='ocrx_word' id='word_1_443' title='bbox 2570 749 3010 820; x_wconf 88' lang='lat' dir='ltr'><strong>intemperantius</strong></span> <span class='ocrx_word' id='word_1_444' title='bbox 3048 755 3103 804; x_wconf 89' lang='lat' dir='ltr'><strong>et</strong></span> <span class='ocrx_word' id='word_1_445' title='bbox 3138 744 3555 803; x_wconf 90' lang='lat' dir='ltr'><strong>incontinentius</strong></span> <span class='ocrx_word' id='word_1_446' title='bbox 3594 757 3766 813; x_wconf 79' lang='lat' dir='ltr'><strong>expe-</strong></span> 
     </span>
    </p>
   </div>
   <div class='ocr_carea' id='block_1_65' title="bbox 2173 836 3767 913">
    <p class='ocr_par' dir='ltr' id='par_1_65' title="bbox 2173 836 3767 913">
     <span class='ocr_line' id='line_1_65' title="bbox 2173 836 3767 913; baseline -0.007 -15"><span class='ocrx_word' id='word_1_447' title='bbox 2173 849 2309 910; x_wconf 87' lang='lat' dir='ltr'><strong>tant,</strong></span> <span class='ocrx_word' id='word_1_448' title='bbox 2338 842 2498 899; x_wconf 89' lang='lat' dir='ltr'><strong>ﬁdem</strong></span> <span class='ocrx_word' id='word_1_449' title='bbox 2519 849 2697 898; x_wconf 84' lang='lat' dir='ltr'><strong>tamen</strong></span> <span class='ocrx_word' id='word_1_450' title='bbox 2717 842 2818 899; x_wconf 90' lang='lat' dir='ltr'><strong>sibi</strong></span> <span class='ocrx_word' id='word_1_451' title='bbox 2842 842 3039 913; x_wconf 89' lang='lat' dir='ltr'><strong>pariter</strong></span> <span class='ocrx_word' id='word_1_452' title='bbox 3059 840 3274 896; x_wconf 89' lang='lat' dir='ltr'><strong>debent.</strong></span> <span class='ocrx_word' id='word_1_453' title='bbox 3298 837 3395 895; x_wconf 89' lang='lat' dir='ltr'><strong>Cui</strong></span> <span class='ocrx_word' id='word_1_454' title='bbox 3417 836 3539 894; x_wconf 87' lang='lat' dir='ltr'><strong>ﬁdei</strong></span> <span class='ocrx_word' id='word_1_455' title='bbox 3559 845 3767 891; x_wconf 90' lang='lat' dir='ltr'><strong>tantum</strong></span> 
     </span>
    </p>
   </div>
   <div class='ocr_carea' id='block_1_66' title="bbox 2171 929 3764 1006">
    <p class='ocr_par' dir='ltr' id='par_1_66' title="bbox 2171 929 3764 1006">
     <span class='ocr_line' id='line_1_66' title="bbox 2171 929 3764 1006; baseline -0.006 -15"><span class='ocrx_word' id='word_1_456' title='bbox 2171 934 2309 1006; x_wconf 91' lang='lat' dir='ltr'><strong>iuris</strong></span> <span class='ocrx_word' id='word_1_457' title='bbox 2333 933 2519 990; x_wconf 88' lang='lat' dir='ltr'><strong>tribuit</strong></span> <span class='ocrx_word' id='word_1_458' title='bbox 2543 933 2852 1005; x_wconf 82' lang='lat' dir='ltr'><strong>Apostolus,</strong></span> <span class='ocrx_word' id='word_1_459' title='bbox 2879 940 2939 989; x_wconf 89' lang='lat' dir='ltr'><strong>ut</strong></span> <span class='ocrx_word' id='word_1_460' title='bbox 2959 947 3078 989; x_wconf 88' lang='lat' dir='ltr'><strong>eam</strong></span> <span class='ocrx_word' id='word_1_461' title='bbox 3104 939 3425 1004; x_wconf 85' lang='lat' dir='ltr'><strong>potestatem</strong></span> <span class='ocrx_word' id='word_1_462' title='bbox 3445 929 3764 1001; x_wconf 91' lang='lat' dir='ltr'><strong>appellaret,</strong></span> 
     </span>
    </p>
   </div>
   <div class='ocr_carea' id='block_1_67' title="bbox 2174 1020 3772 1097">
    <p class='ocr_par' dir='ltr' id='par_1_67' title="bbox 2174 1020 3772 1097">
     <span class='ocr_line' id='line_1_67' title="bbox 2174 1020 3772 1097; baseline -0.006 -14"><span class='ocrx_word' id='word_1_463' title='bbox 2174 1026 2360 1083; x_wconf 90' lang='lat' dir='ltr'><strong>dicens</strong></span> <span class='ocrx_word' id='word_1_464' title='bbox 2386 1044 2401 1081; x_wconf 88' lang='lat'><strong>:</strong></span> <span class='ocrx_word' id='word_1_465' title='bbox 2431 1025 2621 1082; x_wconf 79' lang='lat' dir='ltr'><strong>Mulier</strong></span> <span class='ocrx_word' id='word_1_466' title='bbox 2648 1042 2751 1081; x_wconf 85' lang='lat' dir='ltr'><strong>non</strong></span> <span class='ocrx_word' id='word_1_467' title='bbox 2777 1026 2925 1081; x_wconf 82' lang='lat' dir='ltr'><strong>habet</strong></span> <span class='ocrx_word' id='word_1_468' title='bbox 2958 1033 3254 1097; x_wconf 83' lang='lat' dir='ltr'><strong>potestatem</strong></span> <span class='ocrx_word' id='word_1_469' title='bbox 3280 1023 3505 1096; x_wconf 70' lang='lat' dir='ltr'><strong>corporis</strong></span> <span class='ocrx_word' id='word_1_470' title='bbox 3531 1022 3643 1089; x_wconf 77' lang='lat' dir='ltr'><strong>sui,</strong></span> <span class='ocrx_word' id='word_1_471' title='bbox 3678 1020 3772 1077; x_wconf 79' lang='lat' dir='ltr'><strong>sed</strong></span> 
     </span>
    </p>
   </div>
   <div class='ocr_carea' id='block_1_68' title="bbox 2173 1114 3771 1189">
    <p class='ocr_par' dir='ltr' id='par_1_68' title="bbox 2173 1114 3771 1189">
     <span class='ocr_line' id='line_1_68' title="bbox 2173 1114 3771 1189; baseline -0.004 -15"><span class='ocrx_word' id='word_1_472' title='bbox 2173 1120 2253 1175; x_wconf 74' lang='lat' dir='ltr'><strong>uir</strong></span> <span class='ocrx_word' id='word_1_473' title='bbox 2276 1136 2295 1175; x_wconf 91' lang='lat'><strong><em>:</em></strong></span> <span class='ocrx_word' id='word_1_474' title='bbox 2318 1119 2550 1175; x_wconf 77' lang='lat' dir='ltr'><strong>similiter</strong></span> <span class='ocrx_word' id='word_1_475' title='bbox 2571 1127 2741 1175; x_wconf 89' lang='lat' dir='ltr'><strong>autem</strong></span> <span class='ocrx_word' id='word_1_476' title='bbox 2765 1128 2813 1174; x_wconf 89' lang='lat' dir='ltr'><strong>et</strong></span> <span class='ocrx_word' id='word_1_477' title='bbox 2831 1118 2906 1173; x_wconf 81' lang='lat' dir='ltr'><strong>uir</strong></span> <span class='ocrx_word' id='word_1_478' title='bbox 2928 1134 3031 1174; x_wconf 82' lang='lat' dir='ltr'><strong>non</strong></span> <span class='ocrx_word' id='word_1_479' title='bbox 3050 1117 3197 1173; x_wconf 87' lang='lat' dir='ltr'><strong>habet</strong></span> <span class='ocrx_word' id='word_1_480' title='bbox 3223 1124 3513 1189; x_wconf 78' lang='lat' dir='ltr'><strong>potestatem</strong></span> <span class='ocrx_word' id='word_1_481' title='bbox 3537 1114 3771 1187; x_wconf 83' lang='lat' dir='ltr'><strong>corporis</strong></span> 
     </span>
    </p>
   </div>
   <div class='ocr_carea' id='block_1_69' title="bbox 2174 1206 3775 1282">
    <p class='ocr_par' dir='ltr' id='par_1_69' title="bbox 2174 1206 3775 1282">
     <span class='ocr_line' id='line_1_69' title="bbox 2174 1206 3775 1282; baseline -0.004 -15"><span class='ocrx_word' id='word_1_482' title='bbox 2174 1211 2276 1279; x_wconf 74' lang='lat' dir='ltr'><strong>sui,</strong></span> <span class='ocrx_word' id='word_1_483' title='bbox 2306 1210 2395 1266; x_wconf 74' lang='lat' dir='ltr'><strong>sed</strong></span> <span class='ocrx_word' id='word_1_484' title='bbox 2417 1209 2597 1266; x_wconf 85' lang='lat' dir='ltr'><strong>mulier</strong></span> <span class='ocrx_word' id='word_1_485' title='bbox 2626 1211 2669 1282; x_wconf 84' lang='grc' dir='ltr'><strong>(Ι</strong></span> <span class='ocrx_word' id='word_1_486' title='bbox 2693 1210 2812 1266; x_wconf 84' lang='lat' dir='ltr'><strong>Cor.</strong></span> <span class='ocrx_word' id='word_1_487' title='bbox 2838 1225 2936 1277; x_wconf 87' lang='lat' dir='ltr'><strong>vn,</strong></span> <span class='ocrx_word' id='word_1_488' title='bbox 2967 1208 3044 1282; x_wconf 73' lang='grc'><strong>4).</strong></span> <span class='ocrx_word' id='word_1_489' title='bbox 3080 1209 3249 1281; x_wconf 84' lang='lat' dir='ltr'><strong>Hujus</strong></span> <span class='ocrx_word' id='word_1_490' title='bbox 3280 1216 3461 1264; x_wconf 87' lang='lat' dir='ltr'><strong>autem</strong></span> <span class='ocrx_word' id='word_1_491' title='bbox 3496 1206 3620 1262; x_wconf 89' lang='lat' dir='ltr'><strong>ﬁdei</strong></span> <span class='ocrx_word' id='word_1_492' title='bbox 3656 1206 3775 1261; x_wconf 85' lang='lat' dir='ltr'><strong>vio-</strong></span> 
     </span>
    </p>
   </div>
   <div class='ocr_carea' id='block_1_70' title="bbox 2175 1297 3772 1371">
    <p class='ocr_par' dir='ltr' id='par_1_70' title="bbox 2175 1297 3772 1371">
     <span class='ocr_line' id='line_1_70' title="bbox 2175 1297 3772 1371; baseline -0.002 -14"><span class='ocrx_word' id='word_1_493' title='bbox 2175 1301 2305 1358; x_wconf 90' lang='lat' dir='ltr'><strong>latio</strong></span> <span class='ocrx_word' id='word_1_494' title='bbox 2340 1300 2532 1357; x_wconf 91' lang='lat' dir='ltr'><strong>dicitur</strong></span> <span class='ocrx_word' id='word_1_495' title='bbox 2569 1301 2923 1370; x_wconf 90' lang='lat' dir='ltr'><strong>adulterium,</strong></span> <span class='ocrx_word' id='word_1_496' title='bbox 2966 1316 3090 1359; x_wconf 93' lang='lat' dir='ltr'><strong>cum</strong></span> <span class='ocrx_word' id='word_1_497' title='bbox 3132 1302 3219 1357; x_wconf 89' lang='lat' dir='ltr'><strong>vel</strong></span> <span class='ocrx_word' id='word_1_498' title='bbox 3260 1300 3489 1371; x_wconf 68' lang='lat' dir='ltr'><strong>propria:</strong></span> <span class='ocrx_word' id='word_1_499' title='bbox 3532 1297 3772 1354; x_wconf 88' lang='lat' dir='ltr'><strong>libidinis</strong></span> 
     </span>
    </p>
   </div>
   <div class='ocr_carea' id='block_1_71' title="bbox 2177 1391 3774 1463">
    <p class='ocr_par' dir='ltr' id='par_1_71' title="bbox 2177 1391 3774 1463">
     <span class='ocr_line' id='line_1_71' title="bbox 2177 1391 3774 1463; baseline -0.001 -15"><span class='ocrx_word' id='word_1_500' title='bbox 2177 1392 2433 1449; x_wconf 89' lang='lat' dir='ltr'><strong>instinctu</strong></span> <span class='ocrx_word' id='word_1_501' title='bbox 2452 1435 2468 1463; x_wconf 98' lang='lat'><strong>,</strong></span> <span class='ocrx_word' id='word_1_502' title='bbox 2498 1393 2584 1449; x_wconf 92' lang='lat' dir='ltr'><strong>vel</strong></span> <span class='ocrx_word' id='word_1_503' title='bbox 2607 1393 2795 1450; x_wconf 71' lang='lat' dir='ltr'><strong>aliena:</strong></span> <span class='ocrx_word' id='word_1_504' title='bbox 2823 1408 3119 1461; x_wconf 91' lang='lat' dir='ltr'><strong>consensu,</strong></span> <span class='ocrx_word' id='word_1_505' title='bbox 3145 1408 3269 1450; x_wconf 90' lang='lat' dir='ltr'><strong>cum</strong></span> <span class='ocrx_word' id='word_1_506' title='bbox 3292 1392 3463 1449; x_wconf 91' lang='lat' dir='ltr'><strong>altero</strong></span> <span class='ocrx_word' id='word_1_507' title='bbox 3489 1391 3576 1447; x_wconf 89' lang='lat' dir='ltr'><strong>vel</strong></span> <span class='ocrx_word' id='word_1_508' title='bbox 3602 1391 3774 1447; x_wconf 88' lang='lat' dir='ltr'><strong>altera</strong></span> 
     </span>
    </p>
   </div>
   <div class='ocr_carea' id='block_1_72' title="bbox 2176 1481 3775 1557">
    <p class='ocr_par' dir='ltr' id='par_1_72' title="bbox 2176 1481 3775 1557">
     <span class='ocr_line' id='line_1_72' title="bbox 2176 1481 3775 1557; baseline -0.003 -17"><span class='ocrx_word' id='word_1_509' title='bbox 2176 1491 2362 1540; x_wconf 90' lang='lat' dir='ltr'><strong>contra</strong></span> <span class='ocrx_word' id='word_1_510' title='bbox 2382 1492 2593 1555; x_wconf 91' lang='lat' dir='ltr'><strong>pactum</strong></span> <span class='ocrx_word' id='word_1_511' title='bbox 2619 1483 2898 1557; x_wconf 87' lang='lat' dir='ltr'><strong>coniugale</strong></span> <span class='ocrx_word' id='word_1_512' title='bbox 2921 1483 3295 1541; x_wconf 89' lang='lat' dir='ltr'><strong>concumbitur</strong></span> <span class='ocrx_word' id='word_1_513' title='bbox 3317 1499 3331 1538; x_wconf 89' lang='lat'><strong>:</strong></span> <span class='ocrx_word' id='word_1_514' title='bbox 3354 1491 3513 1553; x_wconf 90' lang='lat' dir='ltr'><strong>atque</strong></span> <span class='ocrx_word' id='word_1_515' title='bbox 3533 1481 3605 1537; x_wconf 89' lang='lat' dir='ltr'><strong>ita</strong></span> <span class='ocrx_word' id='word_1_516' title='bbox 3624 1481 3775 1537; x_wconf 87' lang='lat' dir='ltr'><strong>fran-</strong></span> 
     </span>
    </p>
   </div>
   <div class='ocr_carea' id='block_1_73' title="bbox 2176 1573 3776 1648">
    <p class='ocr_par' dir='ltr' id='par_1_73' title="bbox 2176 1573 3776 1648">
     <span class='ocr_line' id='line_1_73' title="bbox 2176 1573 3776 1648; baseline -0.001 -18"><span class='ocrx_word' id='word_1_517' title='bbox 2176 1576 2316 1648; x_wconf 89' lang='lat' dir='ltr'><strong>gitur</strong></span> <span class='ocrx_word' id='word_1_518' title='bbox 2343 1574 2510 1644; x_wconf 88' lang='lat' dir='ltr'><strong>fides;</strong></span> <span class='ocrx_word' id='word_1_519' title='bbox 2550 1592 2670 1647; x_wconf 76' lang='lat' dir='ltr'><strong>quze</strong></span> <span class='ocrx_word' id='word_1_520' title='bbox 2698 1576 2751 1631; x_wconf 91' lang='lat' dir='ltr'><strong>in</strong></span> <span class='ocrx_word' id='word_1_521' title='bbox 2776 1576 2937 1632; x_wconf 89' lang='lat' dir='ltr'><strong>rebus</strong></span> <span class='ocrx_word' id='word_1_522' title='bbox 2972 1576 3132 1633; x_wconf 91' lang='lat' dir='ltr'><strong>etiam</strong></span> <span class='ocrx_word' id='word_1_523' title='bbox 3168 1573 3443 1646; x_wconf 87' lang='lat' dir='ltr'><strong>corporeis</strong></span> <span class='ocrx_word' id='word_1_524' title='bbox 3470 1582 3525 1630; x_wconf 90' lang='lat' dir='ltr'><strong>et</strong></span> <span class='ocrx_word' id='word_1_525' title='bbox 3548 1573 3776 1644; x_wconf 88' lang='lat' dir='ltr'><strong>abiectis</strong></span> 
     </span>
    </p>
   </div>
   <div class='ocr_carea' id='block_1_74' title="bbox 2176 1664 3776 1738">
    <p class='ocr_par' dir='ltr' id='par_1_74' title="bbox 2176 1664 3776 1738">
     <span class='ocr_line' id='line_1_74' title="bbox 2176 1664 3776 1738; baseline 0 -16"><span class='ocrx_word' id='word_1_526' title='bbox 2176 1682 2426 1738; x_wconf 88' lang='lat' dir='ltr'><strong>magnum</strong></span> <span class='ocrx_word' id='word_1_527' title='bbox 2454 1668 2617 1723; x_wconf 88' lang='lat' dir='ltr'><strong>animi</strong></span> <span class='ocrx_word' id='word_1_528' title='bbox 2640 1667 2840 1724; x_wconf 87' lang='lat' dir='ltr'><strong>bonum</strong></span> <span class='ocrx_word' id='word_1_529' title='bbox 2862 1675 2979 1733; x_wconf 90' lang='lat' dir='ltr'><strong>est;</strong></span> <span class='ocrx_word' id='word_1_530' title='bbox 3008 1675 3064 1723; x_wconf 91' lang='lat' dir='ltr'><strong>et</strong></span> <span class='ocrx_word' id='word_1_531' title='bbox 3086 1664 3209 1723; x_wconf 88' lang='lat' dir='ltr'><strong>ideo</strong></span> <span class='ocrx_word' id='word_1_532' title='bbox 3234 1681 3353 1723; x_wconf 90' lang='lat' dir='ltr'><strong>eam</strong></span> <span class='ocrx_word' id='word_1_533' title='bbox 3376 1665 3537 1723; x_wconf 88' lang='lat' dir='ltr'><strong>saluti</strong></span> <span class='ocrx_word' id='word_1_534' title='bbox 3558 1680 3776 1737; x_wconf 85' lang='lat' dir='ltr'><strong>quoque</strong></span> 
     </span>
    </p>
   </div>
   <div class='ocr_carea' id='block_1_75' title="bbox 2177 1758 3775 1833">
    <p class='ocr_par' dir='ltr' id='par_1_75' title="bbox 2177 1758 3775 1833">
     <span class='ocr_line' id='line_1_75' title="bbox 2177 1758 3775 1833; baseline -0.001 -16"><span class='ocrx_word' id='word_1_535' title='bbox 2177 1762 2442 1833; x_wconf 89' lang='lat' dir='ltr'><strong>corporali</strong></span> <span class='ocrx_word' id='word_1_536' title='bbox 2469 1774 2572 1833; x_wconf 90' lang='lat' dir='ltr'><strong>qua</strong></span> <span class='ocrx_word' id='word_1_537' title='bbox 2599 1761 2760 1817; x_wconf 88' lang='lat' dir='ltr'><strong>etiam</strong></span> <span class='ocrx_word' id='word_1_538' title='bbox 2798 1762 2906 1817; x_wconf 87' lang='lat' dir='ltr'><strong>vita</strong></span> <span class='ocrx_word' id='word_1_539' title='bbox 2942 1768 3124 1816; x_wconf 88' lang='lat' dir='ltr'><strong>nostra</strong></span> <span class='ocrx_word' id='word_1_540' title='bbox 3152 1760 3253 1815; x_wconf 88' lang='lat' dir='ltr'><strong>ista</strong></span> <span class='ocrx_word' id='word_1_541' title='bbox 3280 1758 3609 1826; x_wconf 89' lang='lat' dir='ltr'><strong>continetur,</strong></span> <span class='ocrx_word' id='word_1_542' title='bbox 3646 1772 3775 1815; x_wconf 83' lang='lat' dir='ltr'><strong>cer-</strong></span> 
     </span>
    </p>
   </div>
   <div class='ocr_carea' id='block_1_76' title="bbox 2180 1853 3777 1929">
    <p class='ocr_par' dir='ltr' id='par_1_76' title="bbox 2180 1853 3777 1929">
     <span class='ocr_line' id='line_1_76' title="bbox 2180 1853 3777 1929; baseline -0.004 -14"><span class='ocrx_word' id='word_1_543' title='bbox 2180 1866 2292 1915; x_wconf 89' lang='lat' dir='ltr'><strong>tum</strong></span> <span class='ocrx_word' id='word_1_544' title='bbox 2319 1867 2401 1914; x_wconf 89' lang='lat' dir='ltr'><strong>est</strong></span> <span class='ocrx_word' id='word_1_545' title='bbox 2424 1857 2622 1915; x_wconf 89' lang='lat' dir='ltr'><strong>debere</strong></span> <span class='ocrx_word' id='word_1_546' title='bbox 2650 1858 2908 1929; x_wconf 65' lang='lat' dir='ltr'><strong>praeponi.</strong></span> <span class='ocrx_word' id='word_1_547' title='bbox 2936 1857 3051 1912; x_wconf 86' lang='lat' dir='ltr'><strong>Etsi</strong></span> <span class='ocrx_word' id='word_1_548' title='bbox 3079 1856 3223 1912; x_wconf 91' lang='lat' dir='ltr'><strong>enim</strong></span> <span class='ocrx_word' id='word_1_549' title='bbox 3252 1854 3443 1925; x_wconf 81' lang='lat' dir='ltr'><strong>exigua</strong></span> <span class='ocrx_word' id='word_1_550' title='bbox 3474 1853 3628 1924; x_wconf 90' lang='lat' dir='ltr'><strong>palea</strong></span> <span class='ocrx_word' id='word_1_551' title='bbox 3659 1869 3777 1925; x_wconf 70' lang='lat' dir='ltr'><strong>pra:</strong></span> 
     </span>
    </p>
   </div>
   <div class='ocr_carea' id='block_1_77' title="bbox 2177 1945 3777 2022">
    <p class='ocr_par' dir='ltr' id='par_1_77' title="bbox 2177 1945 3777 2022">
     <span class='ocr_line' id='line_1_77' title="bbox 2177 1945 3777 2022; baseline -0.003 -14"><span class='ocrx_word' id='word_1_552' title='bbox 2177 1951 2347 2008; x_wconf 90' lang='lat' dir='ltr'><strong>multo</strong></span> <span class='ocrx_word' id='word_1_553' title='bbox 2384 1965 2514 2006; x_wconf 89' lang='lat' dir='ltr'><strong>auro</strong></span> <span class='ocrx_word' id='word_1_554' title='bbox 2547 1965 2685 2022; x_wconf 89' lang='lat' dir='ltr'><strong>pene</strong></span> <span class='ocrx_word' id='word_1_555' title='bbox 2721 1964 2810 2005; x_wconf 90' lang='lat' dir='ltr'><strong>res</strong></span> <span class='ocrx_word' id='word_1_556' title='bbox 2842 1948 2990 2005; x_wconf 89' lang='lat' dir='ltr'><strong>nulla</strong></span> <span class='ocrx_word' id='word_1_557' title='bbox 3017 1956 3135 2014; x_wconf 88' lang='lat' dir='ltr'><strong>est;</strong></span> <span class='ocrx_word' id='word_1_558' title='bbox 3176 1946 3310 2003; x_wconf 89' lang='lat' dir='ltr'><strong>ﬁdes</strong></span> <span class='ocrx_word' id='word_1_559' title='bbox 3342 1955 3521 2003; x_wconf 89' lang='lat' dir='ltr'><strong>tamen</strong></span> <span class='ocrx_word' id='word_1_560' title='bbox 3556 1960 3677 2002; x_wconf 92' lang='lat' dir='ltr'><strong>cum</strong></span> <span class='ocrx_word' id='word_1_561' title='bbox 3716 1945 3777 2003; x_wconf 89' lang='lat' dir='ltr'><strong>in</strong></span> 
     </span>
    </p>
   </div>
   <div class='ocr_carea' id='block_1_78' title="bbox 2178 2041 3778 2116">
    <p class='ocr_par' dir='ltr' id='par_1_78' title="bbox 2178 2041 3778 2116">
     <span class='ocr_line' id='line_1_78' title="bbox 2178 2041 3778 2116; baseline -0.004 -15"><span class='ocrx_word' id='word_1_562' title='bbox 2178 2045 2395 2116; x_wconf 87' lang='lat' dir='ltr'><strong>negotio</strong></span> <span class='ocrx_word' id='word_1_563' title='bbox 2436 2043 2638 2115; x_wconf 67' lang='lat' dir='ltr'><strong>paleae,</strong></span> <span class='ocrx_word' id='word_1_564' title='bbox 2677 2044 2816 2099; x_wconf 91' lang='lat' dir='ltr'><strong>sicut</strong></span> <span class='ocrx_word' id='word_1_565' title='bbox 2850 2043 2906 2098; x_wconf 90' lang='lat' dir='ltr'><strong>in</strong></span> <span class='ocrx_word' id='word_1_566' title='bbox 2933 2056 3066 2097; x_wconf 89' lang='lat' dir='ltr'><strong>auro</strong></span> <span class='ocrx_word' id='word_1_567' title='bbox 3108 2041 3319 2097; x_wconf 87' lang='lat' dir='ltr'><strong>sincera</strong></span> <span class='ocrx_word' id='word_1_568' title='bbox 3358 2050 3635 2106; x_wconf 85' lang='lat' dir='ltr'><strong>servatur,</strong></span> <span class='ocrx_word' id='word_1_569' title='bbox 3662 2052 3778 2095; x_wconf 92' lang='lat' dir='ltr'><strong>non</strong></span> 
     </span>
    </p>
   </div>
   <div class='ocr_carea' id='block_1_79' title="bbox 2181 2132 3779 2207">
    <p class='ocr_par' dir='ltr' id='par_1_79' title="bbox 2181 2132 3779 2207">
     <span class='ocr_line' id='line_1_79' title="bbox 2181 2132 3779 2207; baseline -0.001 -12"><span class='ocrx_word' id='word_1_570' title='bbox 2181 2138 2303 2196; x_wconf 90' lang='lat' dir='ltr'><strong>ideo</strong></span> <span class='ocrx_word' id='word_1_571' title='bbox 2325 2139 2499 2193; x_wconf 91' lang='lat' dir='ltr'><strong>minor</strong></span> <span class='ocrx_word' id='word_1_572' title='bbox 2522 2145 2606 2193; x_wconf 90' lang='lat' dir='ltr'><strong>est</strong></span> <span class='ocrx_word' id='word_1_573' title='bbox 2635 2136 2760 2207; x_wconf 87' lang='lat' dir='ltr'><strong>quia</strong></span> <span class='ocrx_word' id='word_1_574' title='bbox 2788 2137 2843 2192; x_wconf 93' lang='lat' dir='ltr'><strong>in</strong></span> <span class='ocrx_word' id='word_1_575' title='bbox 2868 2151 2929 2192; x_wconf 92' lang='lat' dir='ltr'><strong>re</strong></span> <span class='ocrx_word' id='word_1_576' title='bbox 2953 2135 3163 2191; x_wconf 90' lang='lat' dir='ltr'><strong>minore</strong></span> <span class='ocrx_word' id='word_1_577' title='bbox 3190 2141 3454 2191; x_wconf 90' lang='lat' dir='ltr'><strong>servatur.</strong></span> <span class='ocrx_word' id='word_1_578' title='bbox 3481 2132 3616 2189; x_wconf 87' lang='lat' dir='ltr'><strong>Cum</strong></span> <span class='ocrx_word' id='word_1_579' title='bbox 3641 2147 3779 2193; x_wconf 85' lang='lat' dir='ltr'><strong>vero</strong></span> 
     </span>
    </p>
   </div>
   <div class='ocr_carea' id='block_1_80' title="bbox 2180 2224 3780 2300">
    <p class='ocr_par' dir='ltr' id='par_1_80' title="bbox 2180 2224 3780 2300">
     <span class='ocr_line' id='line_1_80' title="bbox 2180 2224 3780 2300; baseline -0.003 -14"><span class='ocrx_word' id='word_1_580' title='bbox 2180 2230 2249 2286; x_wconf 90' lang='lat' dir='ltr'><strong>ad</strong></span> <span class='ocrx_word' id='word_1_581' title='bbox 2278 2237 2553 2300; x_wconf 87' lang='lat' dir='ltr'><strong>peccatum</strong></span> <span class='ocrx_word' id='word_1_582' title='bbox 2576 2228 2964 2285; x_wconf 90' lang='lat' dir='ltr'><strong>admittendum</strong></span> <span class='ocrx_word' id='word_1_583' title='bbox 2990 2227 3275 2283; x_wconf 89' lang='lat' dir='ltr'><strong>adhibetur</strong></span> <span class='ocrx_word' id='word_1_584' title='bbox 3311 2225 3473 2293; x_wconf 88' lang='lat' dir='ltr'><strong>fides,</strong></span> <span class='ocrx_word' id='word_1_585' title='bbox 3503 2226 3698 2281; x_wconf 86' lang='lat' dir='ltr'><strong>mirum</strong></span> <span class='ocrx_word' id='word_1_586' title='bbox 3726 2224 3780 2283; x_wconf 87' lang='lat' dir='ltr'><strong>si</strong></span> 
     </span>
    </p>
   </div>
   <div class='ocr_carea' id='block_1_81' title="bbox 2181 2319 3777 2395">
    <p class='ocr_par' dir='ltr' id='par_1_81' title="bbox 2181 2319 3777 2395">
     <span class='ocr_line' id='line_1_81' title="bbox 2181 2319 3777 2395; baseline -0.003 -16"><span class='ocrx_word' id='word_1_587' title='bbox 2181 2323 2316 2380; x_wconf 89' lang='lat' dir='ltr'><strong>ﬁdes</strong></span> <span class='ocrx_word' id='word_1_588' title='bbox 2339 2322 2656 2395; x_wconf 87' lang='lat' dir='ltr'><strong>appellanda</strong></span> <span class='ocrx_word' id='word_1_589' title='bbox 2692 2330 2778 2379; x_wconf 90' lang='lat' dir='ltr'><strong>est</strong></span> <span class='ocrx_word' id='word_1_590' title='bbox 2804 2340 2818 2378; x_wconf 90' lang='lat'><strong>:</strong></span> <span class='ocrx_word' id='word_1_591' title='bbox 2846 2330 3216 2378; x_wconf 90' lang='lat' dir='ltr'><strong>verumtamen</strong></span> <span class='ocrx_word' id='word_1_592' title='bbox 3246 2320 3648 2392; x_wconf 88' lang='lat' dir='ltr'><strong>qualiscumque</strong></span> <span class='ocrx_word' id='word_1_593' title='bbox 3677 2319 3777 2391; x_wconf 88' lang='lat' dir='ltr'><strong>sit,</strong></span> 
     </span>
    </p>
   </div>
   <div class='ocr_carea' id='block_1_82' title="bbox 2182 2411 3781 2486">
    <p class='ocr_par' dir='ltr' id='par_1_82' title="bbox 2182 2411 3781 2486">
     <span class='ocr_line' id='line_1_82' title="bbox 2182 2411 3781 2486; baseline -0.001 -16"><span class='ocrx_word' id='word_1_594' title='bbox 2182 2414 2228 2470; x_wconf 92' lang='lat' dir='ltr'><strong>si</strong></span> <span class='ocrx_word' id='word_1_595' title='bbox 2254 2421 2309 2469; x_wconf 90' lang='lat' dir='ltr'><strong>et</strong></span> <span class='ocrx_word' id='word_1_596' title='bbox 2334 2421 2519 2470; x_wconf 89' lang='lat' dir='ltr'><strong>contra</strong></span> <span class='ocrx_word' id='word_1_597' title='bbox 2546 2414 2715 2485; x_wconf 91' lang='lat' dir='ltr'><strong>ipsam</strong></span> <span class='ocrx_word' id='word_1_598' title='bbox 2746 2413 2835 2483; x_wconf 86' lang='lat' dir='ltr'><strong>fit,</strong></span> <span class='ocrx_word' id='word_1_599' title='bbox 2873 2414 3026 2486; x_wconf 89' lang='lat' dir='ltr'><strong>peius</strong></span> <span class='ocrx_word' id='word_1_600' title='bbox 3059 2411 3154 2480; x_wconf 86' lang='lat' dir='ltr'><strong>ﬁt;</strong></span> <span class='ocrx_word' id='word_1_601' title='bbox 3196 2412 3301 2468; x_wconf 91' lang='lat' dir='ltr'><strong>nisi</strong></span> <span class='ocrx_word' id='word_1_602' title='bbox 3333 2426 3458 2468; x_wconf 90' lang='lat' dir='ltr'><strong>cum</strong></span> <span class='ocrx_word' id='word_1_603' title='bbox 3494 2420 3781 2483; x_wconf 84' lang='lat' dir='ltr'><strong>propterea</strong></span> 
     </span>
    </p>
   </div>
   <div class='ocr_carea' id='block_1_83' title="bbox 2181 2502 3777 2576">
    <p class='ocr_par' dir='ltr' id='par_1_83' title="bbox 2181 2502 3777 2576">
     <span class='ocr_line' id='line_1_83' title="bbox 2181 2502 3777 2576; baseline -0.001 -15"><span class='ocrx_word' id='word_1_604' title='bbox 2181 2504 2447 2562; x_wconf 88' lang='lat' dir='ltr'><strong>deseritur</strong></span> <span class='ocrx_word' id='word_1_605' title='bbox 2466 2547 2482 2573; x_wconf 94' lang='lat'><strong>,</strong></span> <span class='ocrx_word' id='word_1_606' title='bbox 2512 2515 2573 2560; x_wconf 92' lang='lat' dir='ltr'><strong>ut</strong></span> <span class='ocrx_word' id='word_1_607' title='bbox 2598 2504 2665 2560; x_wconf 88' lang='lat' dir='ltr'><strong>ad</strong></span> <span class='ocrx_word' id='word_1_608' title='bbox 2690 2519 2871 2561; x_wconf 88' lang='lat' dir='ltr'><strong>veram</strong></span> <span class='ocrx_word' id='word_1_609' title='bbox 2900 2504 3059 2561; x_wconf 87' lang='lat' dir='ltr'><strong>ﬁdem</strong></span> <span class='ocrx_word' id='word_1_610' title='bbox 3088 2520 3152 2560; x_wconf 91' lang='lat' dir='ltr'><strong>ac</strong></span> <span class='ocrx_word' id='word_1_611' title='bbox 3181 2503 3472 2576; x_wconf 87' lang='lat' dir='ltr'><strong>legitimam</strong></span> <span class='ocrx_word' id='word_1_612' title='bbox 3503 2502 3777 2572; x_wconf 87' lang='lat' dir='ltr'><strong>redeatur,</strong></span> 
     </span>
    </p>
   </div>
   <div class='ocr_carea' id='block_1_84' title="bbox 2182 2593 3783 2667">
    <p class='ocr_par' dir='ltr' id='par_1_84' title="bbox 2182 2593 3783 2667">
     <span class='ocr_line' id='line_1_84' title="bbox 2182 2593 3783 2667; baseline -0.001 -15"><span class='ocrx_word' id='word_1_613' title='bbox 2182 2595 2239 2652; x_wconf 92' lang='lat' dir='ltr'><strong>id</strong></span> <span class='ocrx_word' id='word_1_614' title='bbox 2261 2606 2377 2664; x_wconf 92' lang='lat' dir='ltr'><strong>est,</strong></span> <span class='ocrx_word' id='word_1_615' title='bbox 2416 2604 2472 2653; x_wconf 93' lang='lat' dir='ltr'><strong>ut</strong></span> <span class='ocrx_word' id='word_1_616' title='bbox 2514 2604 2789 2666; x_wconf 85' lang='lat' dir='ltr'><strong>peccatum</strong></span> <span class='ocrx_word' id='word_1_617' title='bbox 2816 2596 3159 2662; x_wconf 89' lang='lat' dir='ltr'><strong>emendetur,</strong></span> <span class='ocrx_word' id='word_1_618' title='bbox 3186 2595 3477 2652; x_wconf 85' lang='lat' dir='ltr'><strong>voluntatis</strong></span> <span class='ocrx_word' id='word_1_619' title='bbox 3513 2593 3783 2667; x_wconf 81' lang='lat' dir='ltr'><strong>pravitate</strong></span> 
     </span>
    </p>
   </div>
   <div class='ocr_carea' id='block_1_85' title="bbox 2183 2686 3786 2760">
    <p class='ocr_par' dir='ltr' id='par_1_85' title="bbox 2183 2686 3786 2760">
     <span class='ocr_line' id='line_1_85' title="bbox 2183 2686 3786 2760; baseline -0.001 -16"><span class='ocrx_word' id='word_1_620' title='bbox 2183 2698 2447 2745; x_wconf 82' lang='lat' dir='ltr'><strong>correcta.</strong></span> <span class='ocrx_word' id='word_1_621' title='bbox 2476 2688 2751 2760; x_wconf 86' lang='lat' dir='ltr'><strong>Tanquam</strong></span> <span class='ocrx_word' id='word_1_622' title='bbox 2790 2689 2836 2743; x_wconf 88' lang='lat' dir='ltr'><strong>si</strong></span> <span class='ocrx_word' id='word_1_623' title='bbox 2870 2688 2990 2759; x_wconf 90' lang='lat' dir='ltr'><strong>quis</strong></span> <span class='ocrx_word' id='word_1_624' title='bbox 3022 2702 3146 2744; x_wconf 92' lang='lat' dir='ltr'><strong>cum</strong></span> <span class='ocrx_word' id='word_1_625' title='bbox 3181 2686 3452 2744; x_wconf 88' lang='lat' dir='ltr'><strong>hominem</strong></span> <span class='ocrx_word' id='word_1_626' title='bbox 3493 2688 3639 2744; x_wconf 90' lang='lat' dir='ltr'><strong>solus</strong></span> <span class='ocrx_word' id='word_1_627' title='bbox 3674 2702 3786 2744; x_wconf 80' lang='lat' dir='ltr'><strong>ex—</strong></span> 
     </span>
    </p>
   </div>
   <div class='ocr_carea' id='block_1_86' title="bbox 2181 2778 3785 2852">
    <p class='ocr_par' dir='ltr' id='par_1_86' title="bbox 2181 2778 3785 2852">
     <span class='ocr_line' id='line_1_86' title="bbox 2181 2778 3785 2852; baseline -0.001 -15"><span class='ocrx_word' id='word_1_628' title='bbox 2181 2780 2417 2852; x_wconf 90' lang='lat' dir='ltr'><strong>spoliare</strong></span> <span class='ocrx_word' id='word_1_629' title='bbox 2444 2796 2553 2836; x_wconf 90' lang='lat' dir='ltr'><strong>non</strong></span> <span class='ocrx_word' id='word_1_630' title='bbox 2593 2781 2793 2851; x_wconf 90' lang='lat' dir='ltr'><strong>possit,</strong></span> <span class='ocrx_word' id='word_1_631' title='bbox 2837 2780 3075 2836; x_wconf 89' lang='lat' dir='ltr'><strong>inveniat</strong></span> <span class='ocrx_word' id='word_1_632' title='bbox 3110 2779 3314 2835; x_wconf 89' lang='lat' dir='ltr'><strong>socium</strong></span> <span class='ocrx_word' id='word_1_633' title='bbox 3357 2778 3682 2850; x_wconf 87' lang='lat' dir='ltr'><strong>iniquitatis,</strong></span> <span class='ocrx_word' id='word_1_634' title='bbox 3720 2786 3785 2836; x_wconf 87' lang='lat' dir='ltr'><strong>et</strong></span> 
     </span>
    </p>
   </div>
   <div class='ocr_carea' id='block_1_87' title="bbox 2181 2870 3787 2945">
    <p class='ocr_par' dir='ltr' id='par_1_87' title="bbox 2181 2870 3787 2945">
     <span class='ocr_line' id='line_1_87' title="bbox 2181 2870 3787 2945; baseline -0.003 -15"><span class='ocrx_word' id='word_1_635' title='bbox 2181 2888 2306 2930; x_wconf 92' lang='lat' dir='ltr'><strong>cum</strong></span> <span class='ocrx_word' id='word_1_636' title='bbox 2329 2888 2395 2929; x_wconf 92' lang='lat' dir='ltr'><strong>eo</strong></span> <span class='ocrx_word' id='word_1_637' title='bbox 2413 2872 2712 2945; x_wconf 88' lang='lat' dir='ltr'><strong>paciscatur</strong></span> <span class='ocrx_word' id='word_1_638' title='bbox 2730 2880 2790 2927; x_wconf 92' lang='lat' dir='ltr'><strong>ut</strong></span> <span class='ocrx_word' id='word_1_639' title='bbox 2810 2871 2970 2928; x_wconf 88' lang='lat' dir='ltr'><strong>simul</strong></span> <span class='ocrx_word' id='word_1_640' title='bbox 2990 2871 3043 2927; x_wconf 93' lang='lat' dir='ltr'><strong>id</strong></span> <span class='ocrx_word' id='word_1_641' title='bbox 3064 2871 3257 2926; x_wconf 90' lang='lat' dir='ltr'><strong>faciant</strong></span> <span class='ocrx_word' id='word_1_642' title='bbox 3292 2870 3628 2942; x_wconf 89' lang='lat' dir='ltr'><strong>spoliumque</strong></span> <span class='ocrx_word' id='word_1_643' title='bbox 3655 2884 3787 2942; x_wconf 87' lang='lat' dir='ltr'><strong>par-</strong></span> 
     </span>
    </p>
   </div>
   <div class='ocr_carea' id='block_1_88' title="bbox 2181 2961 3785 3034">
    <p class='ocr_par' dir='ltr' id='par_1_88' title="bbox 2181 2961 3785 3034">
     <span class='ocr_line' id='line_1_88' title="bbox 2181 2961 3785 3034; baseline -0.001 -13"><span class='ocrx_word' id='word_1_644' title='bbox 2181 2967 2406 3033; x_wconf 84' lang='lat' dir='ltr'><strong>tiantur,</strong></span> <span class='ocrx_word' id='word_1_645' title='bbox 2436 2978 2542 3034; x_wconf 92' lang='lat' dir='ltr'><strong>quo</strong></span> <span class='ocrx_word' id='word_1_646' title='bbox 2570 2962 2809 3019; x_wconf 88' lang='lat' dir='ltr'><strong>facinore</strong></span> <span class='ocrx_word' id='word_1_647' title='bbox 2839 2962 3129 3019; x_wconf 89' lang='lat' dir='ltr'><strong>commisso</strong></span> <span class='ocrx_word' id='word_1_648' title='bbox 3163 2970 3335 3017; x_wconf 89' lang='lat' dir='ltr'><strong>totum</strong></span> <span class='ocrx_word' id='word_1_649' title='bbox 3363 2962 3510 3018; x_wconf 92' lang='lat' dir='ltr'><strong>solus</strong></span> <span class='ocrx_word' id='word_1_650' title='bbox 3546 2961 3785 3019; x_wconf 83' lang='lat' dir='ltr'><strong>auferat.</strong></span> 
     </span>
    </p>
   </div>
   <div class='ocr_carea' id='block_1_89' title="bbox 2183 3053 3790 3127">
    <p class='ocr_par' dir='ltr' id='par_1_89' title="bbox 2183 3053 3790 3127">
     <span class='ocr_line' id='line_1_89' title="bbox 2183 3053 3790 3127; baseline 0.001 -15"><span class='ocrx_word' id='word_1_651' title='bbox 2183 3056 2339 3112; x_wconf 91' lang='lat' dir='ltr'><strong>Dolet</strong></span> <span class='ocrx_word' id='word_1_652' title='bbox 2379 3054 2598 3127; x_wconf 89' lang='lat' dir='ltr'><strong>quidem</strong></span> <span class='ocrx_word' id='word_1_653' title='bbox 2639 3053 2767 3122; x_wconf 92' lang='lat' dir='ltr'><strong>ille,</strong></span> <span class='ocrx_word' id='word_1_654' title='bbox 2804 3062 2860 3110; x_wconf 92' lang='lat' dir='ltr'><strong>et</strong></span> <span class='ocrx_word' id='word_1_655' title='bbox 2895 3053 3056 3110; x_wconf 77' lang='lat' dir='ltr'><strong>[idem</strong></span> <span class='ocrx_word' id='word_1_656' title='bbox 3085 3053 3188 3110; x_wconf 92' lang='lat' dir='ltr'><strong>sibi</strong></span> <span class='ocrx_word' id='word_1_657' title='bbox 3218 3062 3481 3109; x_wconf 88' lang='lat' dir='ltr'><strong>servatam</strong></span> <span class='ocrx_word' id='word_1_658' title='bbox 3518 3068 3627 3111; x_wconf 89' lang='lat' dir='ltr'><strong>non</strong></span> <span class='ocrx_word' id='word_1_659' title='bbox 3655 3068 3790 3113; x_wconf 79' lang='lat' dir='ltr'><strong>esse</strong></span> 
     </span>
    </p>
   </div>
   <div class='ocr_carea' id='block_1_90' title="bbox 2182 3146 3789 3220">
    <p class='ocr_par' dir='ltr' id='par_1_90' title="bbox 2182 3146 3789 3220">
     <span class='ocr_line' id='line_1_90' title="bbox 2182 3146 3789 3220; baseline 0 -15"><span class='ocrx_word' id='word_1_660' title='bbox 2182 3150 2563 3220; x_wconf 89' lang='lat' dir='ltr'><strong>conqueritur;</strong></span> <span class='ocrx_word' id='word_1_661' title='bbox 2591 3163 2777 3204; x_wconf 91' lang='lat' dir='ltr'><strong>verum</strong></span> <span class='ocrx_word' id='word_1_662' title='bbox 2810 3148 2866 3203; x_wconf 92' lang='lat' dir='ltr'><strong>in</strong></span> <span class='ocrx_word' id='word_1_663' title='bbox 2906 3148 3023 3218; x_wconf 86' lang='lat' dir='ltr'><strong>ipsa</strong></span> <span class='ocrx_word' id='word_1_664' title='bbox 3049 3162 3146 3204; x_wconf 91' lang='lat' dir='ltr'><strong>sua</strong></span> <span class='ocrx_word' id='word_1_665' title='bbox 3176 3146 3389 3219; x_wconf 89' lang='lat' dir='ltr'><strong>querela</strong></span> <span class='ocrx_word' id='word_1_666' title='bbox 3413 3147 3648 3218; x_wconf 88' lang='lat' dir='ltr'><strong>cogitare</strong></span> <span class='ocrx_word' id='word_1_667' title='bbox 3679 3147 3789 3205; x_wconf 85' lang='lat' dir='ltr'><strong>de-</strong></span> 
     </span>
    </p>
   </div>
   <div class='ocr_carea' id='block_1_91' title="bbox 2181 3239 3790 3312">
    <p class='ocr_par' dir='ltr' id='par_1_91' title="bbox 2181 3239 3790 3312">
     <span class='ocr_line' id='line_1_91' title="bbox 2181 3239 3790 3312; baseline 0.002 -15"><span class='ocrx_word' id='word_1_668' title='bbox 2181 3239 2304 3309; x_wconf 89' lang='lat' dir='ltr'><strong>bet,</strong></span> <span class='ocrx_word' id='word_1_669' title='bbox 2333 3241 2509 3312; x_wconf 90' lang='lat' dir='ltr'><strong>potius</strong></span> <span class='ocrx_word' id='word_1_670' title='bbox 2538 3240 2594 3295; x_wconf 91' lang='lat' dir='ltr'><strong>in</strong></span> <span class='ocrx_word' id='word_1_671' title='bbox 2622 3240 2763 3296; x_wconf 90' lang='lat' dir='ltr'><strong>bona</strong></span> <span class='ocrx_word' id='word_1_672' title='bbox 2790 3241 2897 3295; x_wconf 90' lang='lat' dir='ltr'><strong>vita</strong></span> <span class='ocrx_word' id='word_1_673' title='bbox 2925 3240 3028 3311; x_wconf 85' lang='lat' dir='ltr'><strong>ipsi</strong></span> <span class='ocrx_word' id='word_1_674' title='bbox 3063 3240 3309 3296; x_wconf 73' lang='lat' dir='ltr'><strong>humana:</strong></span> <span class='ocrx_word' id='word_1_675' title='bbox 3340 3239 3580 3296; x_wconf 88' lang='lat' dir='ltr'><strong>societati</strong></span> <span class='ocrx_word' id='word_1_676' title='bbox 3611 3239 3790 3300; x_wconf 82' lang='lat' dir='ltr'><strong>fuisse</strong></span> 
     </span>
    </p>
   </div>
   <div class='ocr_carea' id='block_1_92' title="bbox 2180 3331 3790 3404">
    <p class='ocr_par' dir='ltr' id='par_1_92' title="bbox 2180 3331 3790 3404">
     <span class='ocr_line' id='line_1_92' title="bbox 2180 3331 3790 3404; baseline 0 -15"><span class='ocrx_word' id='word_1_677' title='bbox 2180 3332 2516 3399; x_wconf 87' lang='lat' dir='ltr'><strong>servandam,</strong></span> <span class='ocrx_word' id='word_1_678' title='bbox 2540 3347 2609 3389; x_wconf 93' lang='lat' dir='ltr'><strong>ne</strong></span> <span class='ocrx_word' id='word_1_679' title='bbox 2632 3332 2814 3404; x_wconf 84' lang='lat' dir='ltr'><strong>praeda</strong></span> <span class='ocrx_word' id='word_1_680' title='bbox 2838 3332 3018 3403; x_wconf 89' lang='lat' dir='ltr'><strong>iniqua</strong></span> <span class='ocrx_word' id='word_1_681' title='bbox 3047 3348 3114 3389; x_wconf 83' lang='lat' dir='ltr'><strong>ex</strong></span> <span class='ocrx_word' id='word_1_682' title='bbox 3140 3332 3361 3389; x_wconf 89' lang='lat' dir='ltr'><strong>homine</strong></span> <span class='ocrx_word' id='word_1_683' title='bbox 3383 3331 3555 3400; x_wconf 86' lang='lat' dir='ltr'><strong>ﬁeret,</strong></span> <span class='ocrx_word' id='word_1_684' title='bbox 3582 3332 3629 3390; x_wconf 90' lang='lat' dir='ltr'><strong>si</strong></span> <span class='ocrx_word' id='word_1_685' title='bbox 3653 3346 3790 3389; x_wconf 85' lang='lat' dir='ltr'><strong>sen-</strong></span> 
     </span>
    </p>
   </div>
   <div class='ocr_carea' id='block_1_93' title="bbox 2180 3425 3789 3497">
    <p class='ocr_par' dir='ltr' id='par_1_93' title="bbox 2180 3425 3789 3497">
     <span class='ocr_line' id='line_1_93' title="bbox 2180 3425 3789 3497; baseline 0.001 -16"><span class='ocrx_word' id='word_1_686' title='bbox 2180 3426 2246 3482; x_wconf 88' lang='lat' dir='ltr'><strong>tit</strong></span> <span class='ocrx_word' id='word_1_687' title='bbox 2286 3440 2448 3497; x_wconf 91' lang='lat' dir='ltr'><strong>quam</strong></span> <span class='ocrx_word' id='word_1_688' title='bbox 2485 3426 2666 3496; x_wconf 90' lang='lat' dir='ltr'><strong>inique</strong></span> <span class='ocrx_word' id='word_1_689' title='bbox 2694 3425 2798 3482; x_wconf 89' lang='lat' dir='ltr'><strong>sibi</strong></span> <span class='ocrx_word' id='word_1_690' title='bbox 2825 3425 2880 3481; x_wconf 92' lang='lat' dir='ltr'><strong>in</strong></span> <span class='ocrx_word' id='word_1_691' title='bbox 2909 3426 3114 3496; x_wconf 90' lang='lat' dir='ltr'><strong>peccati</strong></span> <span class='ocrx_word' id='word_1_692' title='bbox 3145 3425 3401 3483; x_wconf 88' lang='lat' dir='ltr'><strong>societate</strong></span> <span class='ocrx_word' id='word_1_693' title='bbox 3427 3433 3639 3482; x_wconf 90' lang='lat' dir='ltr'><strong>servata</strong></span> <span class='ocrx_word' id='word_1_694' title='bbox 3668 3439 3789 3483; x_wconf 91' lang='lat' dir='ltr'><strong>non</strong></span> 
     </span>
    </p>
   </div>
   <div class='ocr_carea' id='block_1_94' title="bbox 2179 3517 3790 3591">
    <p class='ocr_par' dir='ltr' id='par_1_94' title="bbox 2179 3517 3790 3591">
     <span class='ocr_line' id='line_1_94' title="bbox 2179 3517 3790 3591; baseline 0.002 -18"><span class='ocrx_word' id='word_1_695' title='bbox 2179 3517 2360 3575; x_wconf 89' lang='lat' dir='ltr'><strong>fuerit.</strong></span> <span class='ocrx_word' id='word_1_696' title='bbox 2389 3518 2483 3575; x_wconf 92' lang='lat' dir='ltr'><strong>llle</strong></span> <span class='ocrx_word' id='word_1_697' title='bbox 2511 3519 2708 3590; x_wconf 90' lang='lat' dir='ltr'><strong>quippe</strong></span> <span class='ocrx_word' id='word_1_698' title='bbox 2735 3519 3019 3591; x_wconf 90' lang='lat' dir='ltr'><strong>utrobique</strong></span> <span class='ocrx_word' id='word_1_699' title='bbox 3043 3520 3062 3551; x_wconf 74' lang='grc'>⁸</span> <span class='ocrx_word' id='word_1_700' title='bbox 3086 3517 3344 3589; x_wconf 87' lang='lat' dir='ltr'><strong>perﬁdus,</strong></span> <span class='ocrx_word' id='word_1_701' title='bbox 3382 3518 3624 3589; x_wconf 88' lang='lat' dir='ltr'><strong>profecto</strong></span> <span class='ocrx_word' id='word_1_702' title='bbox 3661 3534 3790 3576; x_wconf 48' lang='grc' dir='ltr'><strong>δεμ</strong></span> 
     </span>
    </p>
   </div>
   <div class='ocr_carea' id='block_1_95' title="bbox 2181 3608 3789 3683">
    <p class='ocr_par' dir='ltr' id='par_1_95' title="bbox 2181 3608 3789 3683">
     <span class='ocr_line' id='line_1_95' title="bbox 2181 3608 3789 3683; baseline 0.002 -18"><span class='ocrx_word' id='word_1_703' title='bbox 2181 3608 2404 3666; x_wconf 88' lang='lat' dir='ltr'><strong>leratior</strong></span> <span class='ocrx_word' id='word_1_704' title='bbox 2426 3609 2749 3681; x_wconf 90' lang='lat' dir='ltr'><strong>iudicandus</strong></span> <span class='ocrx_word' id='word_1_705' title='bbox 2776 3619 2879 3666; x_wconf 89' lang='lat' dir='ltr'><strong>est.</strong></span> <span class='ocrx_word' id='word_1_706' title='bbox 2923 3612 2995 3665; x_wconf 87' lang='lat' dir='ltr'><strong>At</strong></span> <span class='ocrx_word' id='word_1_707' title='bbox 3021 3610 3067 3666; x_wconf 87' lang='lat' dir='ltr'><strong>si</strong></span> <span class='ocrx_word' id='word_1_708' title='bbox 3097 3610 3152 3666; x_wconf 91' lang='lat' dir='ltr'><strong>id</strong></span> <span class='ocrx_word' id='word_1_709' title='bbox 3178 3611 3324 3683; x_wconf 89' lang='lat' dir='ltr'><strong>quod</strong></span> <span class='ocrx_word' id='word_1_710' title='bbox 3363 3612 3505 3667; x_wconf 88' lang='lat' dir='ltr'><strong>male</strong></span> <span class='ocrx_word' id='word_1_711' title='bbox 3540 3610 3789 3669; x_wconf 88' lang='lat' dir='ltr'><strong>fecerant</strong></span> 
     </span>
    </p>
   </div>
   <div class='ocr_carea' id='block_1_96' title="bbox 2181 3702 3787 3775">
    <p class='ocr_par' dir='ltr' id='par_1_96' title="bbox 2181 3702 3787 3775">
     <span class='ocr_line' id='line_1_96' title="bbox 2181 3702 3787 3775; baseline 0.003 -18"><span class='ocrx_word' id='word_1_712' title='bbox 2181 3703 2233 3757; x_wconf 90' lang='lat' dir='ltr'><strong>ei</strong></span> <span class='ocrx_word' id='word_1_713' title='bbox 2260 3702 2656 3773; x_wconf 87' lang='lat' dir='ltr'><strong>displicuisset,</strong></span> <span class='ocrx_word' id='word_1_714' title='bbox 2680 3711 2736 3759; x_wconf 88' lang='lat' dir='ltr'><strong>et</strong></span> <span class='ocrx_word' id='word_1_715' title='bbox 2763 3711 3049 3775; x_wconf 87' lang='lat' dir='ltr'><strong>propterea</strong></span> <span class='ocrx_word' id='word_1_716' title='bbox 3078 3717 3201 3759; x_wconf 91' lang='lat' dir='ltr'><strong>cum</strong></span> <span class='ocrx_word' id='word_1_717' title='bbox 3238 3704 3498 3775; x_wconf 88' lang='lat' dir='ltr'><strong>participe</strong></span> <span class='ocrx_word' id='word_1_718' title='bbox 3524 3703 3787 3763; x_wconf 86' lang='lat' dir='ltr'><strong>facinoris</strong></span> 
     </span>
    </p>
   </div>
   <div class='ocr_carea' id='block_1_97' title="bbox 2183 3794 3790 3866">
    <p class='ocr_par' dir='ltr' id='par_1_97' title="bbox 2183 3794 3790 3866">
     <span class='ocr_line' id='line_1_97' title="bbox 2183 3794 3790 3866; baseline 0.002 -16"><span class='ocrx_word' id='word_1_719' title='bbox 2183 3794 2419 3866; x_wconf 69' lang='lat' dir='ltr'><strong>praedam</strong></span> <span class='ocrx_word' id='word_1_720' title='bbox 2443 3794 2684 3852; x_wconf 89' lang='lat' dir='ltr'><strong>dividere</strong></span> <span class='ocrx_word' id='word_1_721' title='bbox 2712 3796 2996 3865; x_wconf 89' lang='lat' dir='ltr'><strong>noluisset,</strong></span> <span class='ocrx_word' id='word_1_722' title='bbox 3027 3804 3088 3853; x_wconf 88' lang='lat' dir='ltr'><strong>ut</strong></span> <span class='ocrx_word' id='word_1_723' title='bbox 3114 3795 3321 3852; x_wconf 90' lang='lat' dir='ltr'><strong>homini</strong></span> <span class='ocrx_word' id='word_1_724' title='bbox 3347 3797 3434 3853; x_wconf 92' lang='lat' dir='ltr'><strong>cui</strong></span> <span class='ocrx_word' id='word_1_725' title='bbox 3461 3797 3639 3853; x_wconf 89' lang='lat' dir='ltr'><strong>ablata</strong></span> <span class='ocrx_word' id='word_1_726' title='bbox 3666 3797 3790 3853; x_wconf 88' lang='lat' dir='ltr'><strong>fue—</strong></span> 
     </span>
    </p>
   </div>
   <div class='ocr_carea' id='block_1_98' title="bbox 2182 3888 3787 3960">
    <p class='ocr_par' dir='ltr' id='par_1_98' title="bbox 2182 3888 3787 3960">
     <span class='ocr_line' id='line_1_98' title="bbox 2182 3888 3787 3960; baseline 0.002 -16"><span class='ocrx_word' id='word_1_727' title='bbox 2182 3896 2302 3957; x_wconf 90' lang='lat' dir='ltr'><strong>rat,</strong></span> <span class='ocrx_word' id='word_1_728' title='bbox 2339 3888 2683 3955; x_wconf 90' lang='lat' dir='ltr'><strong>redderetur,</strong></span> <span class='ocrx_word' id='word_1_729' title='bbox 2714 3904 2839 3946; x_wconf 92' lang='lat' dir='ltr'><strong>eum</strong></span> <span class='ocrx_word' id='word_1_730' title='bbox 2865 3888 3129 3960; x_wconf 85' lang='lat' dir='ltr'><strong>perﬁdum</strong></span> <span class='ocrx_word' id='word_1_731' title='bbox 3160 3904 3261 3945; x_wconf 91' lang='lat' dir='ltr'><strong>nec</strong></span> <span class='ocrx_word' id='word_1_732' title='bbox 3294 3888 3531 3960; x_wconf 87' lang='lat' dir='ltr'><strong>perﬁdus</strong></span> <span class='ocrx_word' id='word_1_733' title='bbox 3556 3889 3787 3948; x_wconf 86' lang='lat' dir='ltr'><strong>diceret.</strong></span> 
     </span>
    </p>
   </div>
   <div class='ocr_carea' id='block_1_99' title="bbox 2182 3979 3791 4054">
    <p class='ocr_par' dir='ltr' id='par_1_99' title="bbox 2182 3979 3791 4054">
     <span class='ocr_line' id='line_1_99' title="bbox 2182 3979 3791 4054; baseline 0.002 -19"><span class='ocrx_word' id='word_1_734' title='bbox 2182 3979 2261 4036; x_wconf 84' lang='lat' dir='ltr'><strong>Ita</strong></span> <span class='ocrx_word' id='word_1_735' title='bbox 2288 3980 2483 4037; x_wconf 89' lang='lat' dir='ltr'><strong>mulier</strong></span> <span class='ocrx_word' id='word_1_736' title='bbox 2505 3982 2554 4038; x_wconf 92' lang='lat' dir='ltr'><strong>si</strong></span> <span class='ocrx_word' id='word_1_737' title='bbox 2580 3981 2685 4040; x_wconf 91' lang='lat' dir='ltr'><strong>lide</strong></span> <span class='ocrx_word' id='word_1_738' title='bbox 2713 3981 2981 4054; x_wconf 90' lang='lat' dir='ltr'><strong>coniugali</strong></span> <span class='ocrx_word' id='word_1_739' title='bbox 3005 3981 3202 4038; x_wconf 89' lang='lat' dir='ltr'><strong>violata</strong></span> <span class='ocrx_word' id='word_1_740' title='bbox 3233 3981 3394 4038; x_wconf 90' lang='lat' dir='ltr'><strong>ﬁdem</strong></span> <span class='ocrx_word' id='word_1_741' title='bbox 3421 3990 3600 4039; x_wconf 88' lang='lat' dir='ltr'><strong>servet</strong></span> <span class='ocrx_word' id='word_1_742' title='bbox 3622 3983 3791 4039; x_wconf 78' lang='lat' dir='ltr'><strong>adul-</strong></span> 
     </span>
    </p>
   </div>
   <div class='ocr_carea' id='block_1_100' title="bbox 2182 4073 3785 4149">
    <p class='ocr_par' dir='ltr' id='par_1_100' title="bbox 2182 4073 3785 4149">
     <span class='ocr_line' id='line_1_100' title="bbox 2182 4073 3785 4149; baseline 0.001 -18"><span class='ocrx_word' id='word_1_743' title='bbox 2182 4081 2323 4140; x_wconf 89' lang='lat' dir='ltr'><strong>tero,</strong></span> <span class='ocrx_word' id='word_1_744' title='bbox 2351 4073 2537 4145; x_wconf 90' lang='lat' dir='ltr'><strong>utique</strong></span> <span class='ocrx_word' id='word_1_745' title='bbox 2562 4076 2700 4130; x_wconf 89' lang='lat' dir='ltr'><strong>mala</strong></span> <span class='ocrx_word' id='word_1_746' title='bbox 2724 4084 2810 4132; x_wconf 92' lang='lat' dir='ltr'><strong>est</strong></span> <span class='ocrx_word' id='word_1_747' title='bbox 2837 4093 2851 4129; x_wconf 90' lang='lat'><strong>:</strong></span> <span class='ocrx_word' id='word_1_748' title='bbox 2878 4074 2977 4132; x_wconf 90' lang='lat' dir='ltr'><strong>sed</strong></span> <span class='ocrx_word' id='word_1_749' title='bbox 3003 4075 3050 4131; x_wconf 88' lang='lat' dir='ltr'><strong>si</strong></span> <span class='ocrx_word' id='word_1_750' title='bbox 3079 4089 3179 4132; x_wconf 91' lang='lat' dir='ltr'><strong>nec</strong></span> <span class='ocrx_word' id='word_1_751' title='bbox 3203 4074 3468 4142; x_wconf 90' lang='lat' dir='ltr'><strong>adultero,</strong></span> <span class='ocrx_word' id='word_1_752' title='bbox 3496 4075 3649 4149; x_wconf 88' lang='lat' dir='ltr'><strong>pejor</strong></span> <span class='ocrx_word' id='word_1_753' title='bbox 3674 4087 3785 4134; x_wconf 88' lang='lat' dir='ltr'><strong>est.</strong></span> 
     </span>
    </p>
   </div>
   <div class='ocr_carea' id='block_1_101' title="bbox 2183 4166 3791 4240">
    <p class='ocr_par' dir='ltr' id='par_1_101' title="bbox 2183 4166 3791 4240">
     <span class='ocr_line' id='line_1_101' title="bbox 2183 4166 3791 4240; baseline 0.004 -18"><span class='ocrx_word' id='word_1_754' title='bbox 2183 4166 2354 4224; x_wconf 92' lang='lat' dir='ltr'><strong>Porro</strong></span> <span class='ocrx_word' id='word_1_755' title='bbox 2383 4168 2430 4223; x_wconf 91' lang='lat' dir='ltr'><strong>si</strong></span> <span class='ocrx_word' id='word_1_756' title='bbox 2458 4182 2577 4224; x_wconf 91' lang='lat' dir='ltr'><strong>eam</strong></span> <span class='ocrx_word' id='word_1_757' title='bbox 2612 4167 2795 4240; x_wconf 79' lang='lat' dir='ltr'><strong>flagitii</strong></span> <span class='ocrx_word' id='word_1_758' title='bbox 2824 4168 3115 4239; x_wconf 71' lang='lat' dir='ltr'><strong>poeniteat,</strong></span> <span class='ocrx_word' id='word_1_759' title='bbox 3157 4177 3214 4226; x_wconf 91' lang='lat' dir='ltr'><strong>et</strong></span> <span class='ocrx_word' id='word_1_760' title='bbox 3248 4169 3317 4226; x_wconf 88' lang='lat' dir='ltr'><strong>ad</strong></span> <span class='ocrx_word' id='word_1_761' title='bbox 3354 4171 3655 4227; x_wconf 86' lang='lat' dir='ltr'><strong>castitatem</strong></span> <span class='ocrx_word' id='word_1_762' title='bbox 3697 4186 3791 4229; x_wconf 83' lang='lat' dir='ltr'><strong>re-</strong></span> 
     </span>
    </p>
   </div>
   <div class='ocr_carea' id='block_1_102' title="bbox 2183 4260 3790 4335">
    <p class='ocr_par' dir='ltr' id='par_1_102' title="bbox 2183 4260 3790 4335">
     <span class='ocr_line' id='line_1_102' title="bbox 2183 4260 3790 4335; baseline 0.004 -18"><span class='ocrx_word' id='word_1_763' title='bbox 2183 4260 2339 4317; x_wconf 88' lang='lat' dir='ltr'><strong>diens</strong></span> <span class='ocrx_word' id='word_1_764' title='bbox 2366 4261 2724 4334; x_wconf 91' lang='lat' dir='ltr'><strong>coniugalem,</strong></span> <span class='ocrx_word' id='word_1_765' title='bbox 2749 4270 2905 4334; x_wconf 90' lang='lat' dir='ltr'><strong>pacta</strong></span> <span class='ocrx_word' id='word_1_766' title='bbox 2933 4278 2999 4320; x_wconf 91' lang='lat' dir='ltr'><strong>ac</strong></span> <span class='ocrx_word' id='word_1_767' title='bbox 3025 4264 3218 4335; x_wconf 88' lang='lat' dir='ltr'><strong>placita</strong></span> <span class='ocrx_word' id='word_1_768' title='bbox 3244 4264 3539 4322; x_wconf 89' lang='lat' dir='ltr'><strong>adulterina</strong></span> <span class='ocrx_word' id='word_1_769' title='bbox 3576 4267 3790 4323; x_wconf 90' lang='lat' dir='ltr'><strong>rescin-</strong></span> 
     </span>
    </p>
   </div>
   <div class='ocr_carea' id='block_1_103' title="bbox 2184 4352 3791 4427">
    <p class='ocr_par' dir='ltr' id='par_1_103' title="bbox 2184 4352 3791 4427">
     <span class='ocr_line' id='line_1_103' title="bbox 2184 4352 3791 4427; baseline 0.005 -20"><span class='ocrx_word' id='word_1_770' title='bbox 2184 4352 2311 4422; x_wconf 88' lang='lat' dir='ltr'><strong>dat,</strong></span> <span class='ocrx_word' id='word_1_771' title='bbox 2345 4353 2513 4410; x_wconf 90' lang='lat' dir='ltr'><strong>miror</strong></span> <span class='ocrx_word' id='word_1_772' title='bbox 2543 4352 2591 4410; x_wconf 91' lang='lat' dir='ltr'><strong>si</strong></span> <span class='ocrx_word' id='word_1_773' title='bbox 2625 4367 2746 4410; x_wconf 90' lang='lat' dir='ltr'><strong>eam</strong></span> <span class='ocrx_word' id='word_1_774' title='bbox 2785 4353 2913 4413; x_wconf 88' lang='lat' dir='ltr'><strong>ﬁdei</strong></span> <span class='ocrx_word' id='word_1_775' title='bbox 2954 4355 3287 4413; x_wconf 82' lang='lat' dir='ltr'><strong>violatricem</strong></span> <span class='ocrx_word' id='word_1_776' title='bbox 3318 4356 3403 4412; x_wconf 93' lang='lat' dir='ltr'><strong>vel</strong></span> <span class='ocrx_word' id='word_1_777' title='bbox 3433 4357 3547 4427; x_wconf 90' lang='lat' dir='ltr'><strong>ipse</strong></span> <span class='ocrx_word' id='word_1_778' title='bbox 3569 4356 3791 4415; x_wconf 87' lang='lat' dir='ltr'><strong>adulter</strong></span> 
     </span>
    </p>
   </div>
   <div class='ocr_carea' id='block_1_104' title="bbox 2183 4445 2685 4517">
    <p class='ocr_par' dir='ltr' id='par_1_104' title="bbox 2183 4445 2685 4517">
     <span class='ocr_line' id='line_1_104' title="bbox 2183 4445 2685 4517; baseline 0 -16"><span class='ocrx_word' id='word_1_779' title='bbox 2183 4445 2411 4517; x_wconf 89' lang='lat' dir='ltr'><strong>putabit.</strong></span> <span class='ocrx_word' id='word_1_780' title='bbox 2681 4455 2685 4459; x_wconf 83' lang='lat'><strong><em>&#39;</em></strong></span> 
     </span>
    </p>
   </div>
   <div class='ocr_carea' id='block_1_105' title="bbox 2254 4538 3791 4619">
    <p class='ocr_par' dir='ltr' id='par_1_105' title="bbox 2254 4538 3791 4619">
     <span class='ocr_line' id='line_1_105' title="bbox 2254 4538 3791 4619; baseline 0.005 -24"><span class='ocrx_word' id='word_1_781' title='bbox 2254 4538 2482 4597; x_wconf 84' lang='lat' dir='ltr'><strong>CAPUT</strong></span> <span class='ocrx_word' id='word_1_782' title='bbox 2496 4539 2561 4596; x_wconf 85' lang='lat' dir='ltr'><strong>V.</strong></span> <span class='ocrx_word' id='word_1_783' title='bbox 2579 4569 2652 4582; x_wconf 93' lang='lat'>—</span> <span class='ocrx_word' id='word_1_784' title='bbox 2663 4541 2716 4597; x_wconf 82' lang='lat'><strong>5.</strong></span> <span class='ocrx_word' id='word_1_785' title='bbox 2729 4540 3032 4616; x_wconf 81' lang='lat' dir='ltr'><strong>Conjunctio</strong></span> <span class='ocrx_word' id='word_1_786' title='bbox 3046 4542 3143 4600; x_wconf 78' lang='lat' dir='ltr'><strong>viri</strong></span> <span class='ocrx_word' id='word_1_787' title='bbox 3165 4552 3214 4600; x_wconf 89' lang='lat' dir='ltr'><strong>et</strong></span> <span class='ocrx_word' id='word_1_788' title='bbox 3230 4545 3432 4616; x_wconf 70' lang='lat' dir='ltr'><strong>femina:</strong></span> <span class='ocrx_word' id='word_1_789' title='bbox 3454 4547 3791 4619; x_wconf 82' lang='lat' dir='ltr'><strong>quandonam</strong></span> 
     </span>
    </p>
   </div>
   <div class='ocr_carea' id='block_1_106' title="bbox 2183 4630 3787 4708">
    <p class='ocr_par' dir='ltr' id='par_1_106' title="bbox 2183 4630 3787 4708">
     <span class='ocr_line' id='line_1_106' title="bbox 2183 4630 3787 4708; baseline 0.007 -24"><span class='ocrx_word' id='word_1_790' title='bbox 2183 4630 2251 4685; x_wconf 74' lang='lat' dir='ltr'><strong>sit</strong></span> <span class='ocrx_word' id='word_1_791' title='bbox 2277 4631 2619 4699; x_wconf 83' lang='lat' dir='ltr'><strong>connubium,</strong></span> <span class='ocrx_word' id='word_1_792' title='bbox 2661 4635 2865 4702; x_wconf 84' lang='lat' dir='ltr'><strong>quando</strong></span> <span class='ocrx_word' id='word_1_793' title='bbox 2903 4650 3026 4690; x_wconf 80' lang='lat' dir='ltr'><strong>non.</strong></span> <span class='ocrx_word' id='word_1_794' title='bbox 3058 4634 3209 4692; x_wconf 89' lang='lat' dir='ltr'><strong>Solet</strong></span> <span class='ocrx_word' id='word_1_795' title='bbox 3240 4637 3401 4692; x_wconf 85' lang='lat' dir='ltr'><strong>etiam</strong></span> <span class='ocrx_word' id='word_1_796' title='bbox 3429 4638 3628 4708; x_wconf 67' lang='lat' dir='ltr'><strong>quaeri,</strong></span> <span class='ocrx_word' id='word_1_797' title='bbox 3655 4654 3787 4695; x_wconf 92' lang='lat' dir='ltr'><strong>cum</strong></span> 
     </span>
    </p>
   </div>
   <div class='ocr_carea' id='block_1_107' title="bbox 2184 4722 3795 4797">
    <p class='ocr_par' dir='ltr' id='par_1_107' title="bbox 2184 4722 3795 4797">
     <span class='ocr_line' id='line_1_107' title="bbox 2184 4722 3795 4797; baseline 0.006 -20"><span class='ocrx_word' id='word_1_798' title='bbox 2184 4723 2453 4778; x_wconf 87' lang='lat' dir='ltr'><strong>masculus</strong></span> <span class='ocrx_word' id='word_1_799' title='bbox 2493 4731 2551 4779; x_wconf 90' lang='lat' dir='ltr'><strong>et</strong></span> <span class='ocrx_word' id='word_1_800' title='bbox 2586 4722 2815 4792; x_wconf 83' lang='lat' dir='ltr'><strong>femina,</strong></span> <span class='ocrx_word' id='word_1_801' title='bbox 2846 4741 2949 4784; x_wconf 91' lang='lat' dir='ltr'><strong>nec</strong></span> <span class='ocrx_word' id='word_1_802' title='bbox 2976 4727 3071 4788; x_wconf 83' lang='lat' dir='ltr'><strong>ille</strong></span> <span class='ocrx_word' id='word_1_803' title='bbox 3096 4729 3351 4797; x_wconf 91' lang='lat' dir='ltr'><strong>maritus,</strong></span> <span class='ocrx_word' id='word_1_804' title='bbox 3380 4744 3480 4784; x_wconf 91' lang='lat' dir='ltr'><strong>nec</strong></span> <span class='ocrx_word' id='word_1_805' title='bbox 3518 4729 3606 4784; x_wconf 88' lang='lat' dir='ltr'><strong>illa</strong></span> <span class='ocrx_word' id='word_1_806' title='bbox 3648 4746 3795 4786; x_wconf 78' lang='lat' dir='ltr'><strong>uxor</strong></span> 
     </span>
    </p>
   </div>
   <div class='ocr_carea' id='block_1_108' title="bbox 2183 4813 3795 4891">
    <p class='ocr_par' dir='ltr' id='par_1_108' title="bbox 2183 4813 3795 4891">
     <span class='ocr_line' id='line_1_108' title="bbox 2183 4813 3795 4891; baseline 0.006 -23"><span class='ocrx_word' id='word_1_807' title='bbox 2183 4813 2435 4882; x_wconf 89' lang='lat' dir='ltr'><strong>alterius,</strong></span> <span class='ocrx_word' id='word_1_808' title='bbox 2463 4814 2681 4872; x_wconf 87' lang='lat' dir='ltr'><strong>sibimet</strong></span> <span class='ocrx_word' id='word_1_809' title='bbox 2725 4832 2833 4873; x_wconf 94' lang='lat' dir='ltr'><strong>non</strong></span> <span class='ocrx_word' id='word_1_810' title='bbox 2873 4817 3107 4875; x_wconf 90' lang='lat' dir='ltr'><strong>ﬁliorum</strong></span> <span class='ocrx_word' id='word_1_811' title='bbox 3149 4819 3637 4891; x_wconf 88' lang='lat' dir='ltr'><strong>procreandorum,</strong></span> <span class='ocrx_word' id='word_1_812' title='bbox 3684 4822 3795 4878; x_wconf 86' lang='lat' dir='ltr'><strong>sed</strong></span> 
     </span>
    </p>
   </div>
   <div class='ocr_carea' id='block_1_109' title="bbox 2183 4906 3799 4983">
    <p class='ocr_par' dir='ltr' id='par_1_109' title="bbox 2183 4906 3799 4983">
     <span class='ocr_line' id='line_1_109' title="bbox 2183 4906 3799 4983; baseline 0.005 -23"><span class='ocrx_word' id='word_1_813' title='bbox 2183 4916 2404 4976; x_wconf 89' lang='lat' dir='ltr'><strong>propter</strong></span> <span class='ocrx_word' id='word_1_814' title='bbox 2427 4906 2867 4965; x_wconf 90' lang='lat' dir='ltr'><strong>incontinentiam</strong></span> <span class='ocrx_word' id='word_1_815' title='bbox 2892 4910 3060 4965; x_wconf 90' lang='lat' dir='ltr'><strong>solius</strong></span> <span class='ocrx_word' id='word_1_816' title='bbox 3084 4910 3403 4966; x_wconf 88' lang='lat' dir='ltr'><strong>concubitus</strong></span> <span class='ocrx_word' id='word_1_817' title='bbox 3428 4925 3589 4966; x_wconf 90' lang='lat' dir='ltr'><strong>causa</strong></span> <span class='ocrx_word' id='word_1_818' title='bbox 3616 4925 3799 4983; x_wconf 88' lang='lat' dir='ltr'><strong>copu-</strong></span> 
     </span>
    </p>
   </div>
   <div class='ocr_carea' id='block_1_110' title="bbox 2183 4995 3797 5071">
    <p class='ocr_par' dir='ltr' id='par_1_110' title="bbox 2183 4995 3797 5071">
     <span class='ocr_line' id='line_1_110' title="bbox 2183 4995 3797 5071; baseline 0.006 -20"><span class='ocrx_word' id='word_1_819' title='bbox 2183 4995 2380 5065; x_wconf 89' lang='lat' dir='ltr'><strong>lantur,</strong></span> <span class='ocrx_word' id='word_1_820' title='bbox 2411 5012 2477 5054; x_wconf 87' lang='lat' dir='ltr'><strong>ea</strong></span> <span class='ocrx_word' id='word_1_821' title='bbox 2501 4997 2608 5054; x_wconf 91' lang='lat' dir='ltr'><strong>ﬁde</strong></span> <span class='ocrx_word' id='word_1_822' title='bbox 2631 4999 2810 5055; x_wconf 86' lang='lat' dir='ltr'><strong>media</strong></span> <span class='ocrx_word' id='word_1_823' title='bbox 2826 5041 2845 5070; x_wconf 95' lang='lat'><strong>,</strong></span> <span class='ocrx_word' id='word_1_824' title='bbox 2874 5008 3059 5057; x_wconf 89' lang='lat' dir='ltr'><strong>utnec</strong></span> <span class='ocrx_word' id='word_1_825' title='bbox 3083 5000 3174 5057; x_wconf 90' lang='lat' dir='ltr'><strong>ille</strong></span> <span class='ocrx_word' id='word_1_826' title='bbox 3195 5016 3317 5058; x_wconf 90' lang='lat' dir='ltr'><strong>cum</strong></span> <span class='ocrx_word' id='word_1_827' title='bbox 3343 5002 3510 5058; x_wconf 90' lang='lat' dir='ltr'><strong>altera</strong></span> <span class='ocrx_word' id='word_1_828' title='bbox 3526 5044 3542 5071; x_wconf 94' lang='lat'><strong>,</strong></span> <span class='ocrx_word' id='word_1_829' title='bbox 3566 5002 3669 5059; x_wconf 89' lang='lat' dir='ltr'><strong>nec</strong></span> <span class='ocrx_word' id='word_1_830' title='bbox 3692 5004 3797 5061; x_wconf 82' lang='lat' dir='ltr'><strong>illa</strong></span> 
     </span>
    </p>
   </div>
   <div class='ocr_carea' id='block_1_111' title="bbox 2183 5088 3801 5163">
    <p class='ocr_par' dir='ltr' id='par_1_111' title="bbox 2183 5088 3801 5163">
     <span class='ocr_line' id='line_1_111' title="bbox 2183 5088 3801 5163; baseline 0.007 -21"><span class='ocrx_word' id='word_1_831' title='bbox 2183 5101 2306 5143; x_wconf 90' lang='lat' dir='ltr'><strong>cum</strong></span> <span class='ocrx_word' id='word_1_832' title='bbox 2335 5089 2508 5146; x_wconf 90' lang='lat' dir='ltr'><strong>altero</strong></span> <span class='ocrx_word' id='word_1_833' title='bbox 2536 5089 2591 5145; x_wconf 90' lang='lat' dir='ltr'><strong>id</strong></span> <span class='ocrx_word' id='word_1_834' title='bbox 2619 5088 2808 5159; x_wconf 88' lang='lat' dir='ltr'><strong>faciat,</strong></span> <span class='ocrx_word' id='word_1_835' title='bbox 2836 5100 3027 5147; x_wconf 88' lang='lat' dir='ltr'><strong>utrum</strong></span> <span class='ocrx_word' id='word_1_836' title='bbox 3046 5092 3248 5163; x_wconf 70' lang='lat' dir='ltr'><strong>nuptiae</strong></span> <span class='ocrx_word' id='word_1_837' title='bbox 3275 5092 3384 5149; x_wconf 88' lang='lat' dir='ltr'><strong>sint</strong></span> <span class='ocrx_word' id='word_1_838' title='bbox 3416 5094 3693 5152; x_wconf 75' lang='lat' dir='ltr'><strong>vocandze.</strong></span> <span class='ocrx_word' id='word_1_839' title='bbox 3718 5097 3801 5153; x_wconf 85' lang='lat' dir='ltr'><strong>Et</strong></span> 
     </span>
    </p>
   </div>
   <div class='ocr_carea' id='block_1_112' title="bbox 2184 5182 3796 5260">
    <p class='ocr_par' dir='ltr' id='par_1_112' title="bbox 2184 5182 3796 5260">
     <span class='ocr_line' id='line_1_112' title="bbox 2184 5182 3796 5260; baseline 0.006 -24"><span class='ocrx_word' id='word_1_840' title='bbox 2184 5188 2362 5250; x_wconf 88' lang='lat' dir='ltr'><strong>potest</strong></span> <span class='ocrx_word' id='word_1_841' title='bbox 2385 5182 2601 5254; x_wconf 88' lang='lat' dir='ltr'><strong>quidem</strong></span> <span class='ocrx_word' id='word_1_842' title='bbox 2620 5182 2848 5240; x_wconf 90' lang='lat' dir='ltr'><strong>fortasse</strong></span> <span class='ocrx_word' id='word_1_843' title='bbox 2871 5198 2979 5241; x_wconf 92' lang='lat' dir='ltr'><strong>non</strong></span> <span class='ocrx_word' id='word_1_844' title='bbox 2997 5185 3230 5243; x_wconf 86' lang='lat' dir='ltr'><strong>absurde</strong></span> <span class='ocrx_word' id='word_1_845' title='bbox 3254 5186 3359 5243; x_wconf 92' lang='lat' dir='ltr'><strong>hoc</strong></span> <span class='ocrx_word' id='word_1_846' title='bbox 3375 5188 3633 5260; x_wconf 90' lang='lat' dir='ltr'><strong>appellari</strong></span> <span class='ocrx_word' id='word_1_847' title='bbox 3656 5203 3796 5246; x_wconf 82' lang='lat' dir='ltr'><strong>con-</strong></span> 
     </span>
    </p>
   </div>
   <div class='ocr_carea' id='block_1_113' title="bbox 2183 5274 3806 5348">
    <p class='ocr_par' dir='ltr' id='par_1_113' title="bbox 2183 5274 3806 5348">
     <span class='ocr_line' id='line_1_113' title="bbox 2183 5274 3806 5348; baseline 0.007 -20"><span class='ocrx_word' id='word_1_848' title='bbox 2183 5274 2428 5342; x_wconf 90' lang='lat' dir='ltr'><strong>nubium,</strong></span> <span class='ocrx_word' id='word_1_849' title='bbox 2455 5276 2501 5332; x_wconf 91' lang='lat' dir='ltr'><strong>si</strong></span> <span class='ocrx_word' id='word_1_850' title='bbox 2523 5290 2694 5348; x_wconf 85' lang='lat' dir='ltr'><strong>usque</strong></span> <span class='ocrx_word' id='word_1_851' title='bbox 2720 5275 2789 5333; x_wconf 93' lang='lat' dir='ltr'><strong>ad</strong></span> <span class='ocrx_word' id='word_1_852' title='bbox 2815 5287 3044 5335; x_wconf 88' lang='lat' dir='ltr'><strong>mortem</strong></span> <span class='ocrx_word' id='word_1_853' title='bbox 3071 5279 3292 5335; x_wconf 88' lang='lat' dir='ltr'><strong>alterius</strong></span> <span class='ocrx_word' id='word_1_854' title='bbox 3310 5294 3498 5337; x_wconf 89' lang='lat' dir='ltr'><strong>eorum</strong></span> <span class='ocrx_word' id='word_1_855' title='bbox 3520 5281 3541 5313; x_wconf 83' lang='grc'>¹</span> <span class='ocrx_word' id='word_1_856' title='bbox 3566 5280 3620 5337; x_wconf 92' lang='lat' dir='ltr'><strong>id</strong></span> <span class='ocrx_word' id='word_1_857' title='bbox 3640 5281 3806 5341; x_wconf 83' lang='lat' dir='ltr'><strong>inter</strong></span> 
     </span>
    </p>
   </div>
   <div class='ocr_carea' id='block_1_114' title="bbox 2181 5367 3800 5443">
    <p class='ocr_par' dir='ltr' id='par_1_114' title="bbox 2181 5367 3800 5443">
     <span class='ocr_line' id='line_1_114' title="bbox 2181 5367 3800 5443; baseline 0.005 -19"><span class='ocrx_word' id='word_1_858' title='bbox 2181 5380 2279 5424; x_wconf 89' lang='lat' dir='ltr'><strong>eos</strong></span> <span class='ocrx_word' id='word_1_859' title='bbox 2306 5367 2585 5439; x_wconf 83' lang='lat' dir='ltr'><strong>placuerit,</strong></span> <span class='ocrx_word' id='word_1_860' title='bbox 2627 5376 2683 5424; x_wconf 93' lang='lat' dir='ltr'><strong>et</strong></span> <span class='ocrx_word' id='word_1_861' title='bbox 2721 5369 2888 5439; x_wconf 90' lang='lat' dir='ltr'><strong>prolis</strong></span> <span class='ocrx_word' id='word_1_862' title='bbox 2920 5369 3357 5442; x_wconf 87' lang='lat' dir='ltr'><strong>generationem,</strong></span> <span class='ocrx_word' id='word_1_863' title='bbox 3391 5372 3636 5443; x_wconf 86' lang='lat' dir='ltr'><strong>quamvis</strong></span> <span class='ocrx_word' id='word_1_864' title='bbox 3674 5390 3800 5432; x_wconf 85' lang='lat' dir='ltr'><strong>non</strong></span> 
     </span>
    </p>
   </div>
   <div class='ocr_carea' id='block_1_115' title="bbox 2183 5457 3808 5530">
    <p class='ocr_par' dir='ltr' id='par_1_115' title="bbox 2183 5457 3808 5530">
     <span class='ocr_line' id='line_1_115' title="bbox 2183 5457 3808 5530; baseline 0.005 -17"><span class='ocrx_word' id='word_1_865' title='bbox 2183 5471 2245 5513; x_wconf 91' lang='lat' dir='ltr'><strong>ea</strong></span> <span class='ocrx_word' id='word_1_866' title='bbox 2272 5471 2429 5513; x_wconf 87' lang='lat' dir='ltr'><strong>causa</strong></span> <span class='ocrx_word' id='word_1_867' title='bbox 2460 5457 2729 5529; x_wconf 89' lang='lat' dir='ltr'><strong>coniuncti</strong></span> <span class='ocrx_word' id='word_1_868' title='bbox 2758 5464 2895 5530; x_wconf 90' lang='lat' dir='ltr'><strong>sint,</strong></span> <span class='ocrx_word' id='word_1_869' title='bbox 2927 5474 3037 5517; x_wconf 91' lang='lat' dir='ltr'><strong>non</strong></span> <span class='ocrx_word' id='word_1_870' title='bbox 3060 5468 3243 5519; x_wconf 89' lang='lat' dir='ltr'><strong>tamen</strong></span> <span class='ocrx_word' id='word_1_871' title='bbox 3267 5461 3554 5518; x_wconf 90' lang='lat' dir='ltr'><strong>vitaverint</strong></span> <span class='ocrx_word' id='word_1_872' title='bbox 3571 5502 3587 5530; x_wconf 94' lang='lat'><strong>,</strong></span> <span class='ocrx_word' id='word_1_873' title='bbox 3616 5471 3676 5517; x_wconf 90' lang='lat' dir='ltr'><strong>ut</strong></span> <span class='ocrx_word' id='word_1_874' title='bbox 3703 5467 3808 5522; x_wconf 87' lang='lat' dir='ltr'><strong>vel</strong></span> 
     </span>
    </p>
   </div>
   <div class='ocr_carea' id='block_1_116' title="bbox 2184 5546 3806 5626">
    <p class='ocr_par' dir='ltr' id='par_1_116' title="bbox 2184 5546 3806 5626">
     <span class='ocr_line' id='line_1_116' title="bbox 2184 5546 3806 5626; baseline 0.005 -23"><span class='ocrx_word' id='word_1_875' title='bbox 2184 5546 2357 5603; x_wconf 90' lang='lat' dir='ltr'><strong>nolint</strong></span> <span class='ocrx_word' id='word_1_876' title='bbox 2382 5548 2482 5604; x_wconf 89' lang='lat' dir='ltr'><strong>sibi</strong></span> <span class='ocrx_word' id='word_1_877' title='bbox 2520 5551 2664 5605; x_wconf 90' lang='lat' dir='ltr'><strong>nasci</strong></span> <span class='ocrx_word' id='word_1_878' title='bbox 2704 5549 2877 5619; x_wconf 90' lang='lat' dir='ltr'><strong>ﬁlios,</strong></span> <span class='ocrx_word' id='word_1_879' title='bbox 2916 5551 3001 5608; x_wconf 91' lang='lat' dir='ltr'><strong>vel</strong></span> <span class='ocrx_word' id='word_1_880' title='bbox 3037 5552 3201 5609; x_wconf 89' lang='lat' dir='ltr'><strong>etiam</strong></span> <span class='ocrx_word' id='word_1_881' title='bbox 3233 5568 3400 5626; x_wconf 90' lang='lat' dir='ltr'><strong>opere</strong></span> <span class='ocrx_word' id='word_1_882' title='bbox 3430 5553 3611 5625; x_wconf 90' lang='lat' dir='ltr'><strong>aliquo</strong></span> <span class='ocrx_word' id='word_1_883' title='bbox 3638 5556 3806 5611; x_wconf 82' lang='lat' dir='ltr'><strong>malo</strong></span> 
     </span>
    </p>
   </div>
   <div class='ocr_carea' id='block_1_117' title="bbox 2184 5644 3808 5719">
    <p class='ocr_par' dir='ltr' id='par_1_117' title="bbox 2184 5644 3808 5719">
     <span class='ocr_line' id='line_1_117' title="bbox 2184 5644 3808 5719; baseline 0.009 -24"><span class='ocrx_word' id='word_1_884' title='bbox 2184 5649 2343 5711; x_wconf 88' lang='lat' dir='ltr'><strong>agant</strong></span> <span class='ocrx_word' id='word_1_885' title='bbox 2382 5657 2450 5698; x_wconf 92' lang='lat' dir='ltr'><strong>ne</strong></span> <span class='ocrx_word' id='word_1_886' title='bbox 2488 5651 2795 5700; x_wconf 91' lang='lat' dir='ltr'><strong>nascantur.</strong></span> <span class='ocrx_word' id='word_1_887' title='bbox 2841 5644 3108 5703; x_wconf 74' lang='lat' dir='ltr'><strong>Caeterum</strong></span> <span class='ocrx_word' id='word_1_888' title='bbox 3150 5646 3197 5705; x_wconf 89' lang='lat' dir='ltr'><strong>si</strong></span> <span class='ocrx_word' id='word_1_889' title='bbox 3243 5648 3333 5705; x_wconf 89' lang='lat' dir='ltr'><strong>vel</strong></span> <span class='ocrx_word' id='word_1_890' title='bbox 3370 5656 3656 5719; x_wconf 89' lang='lat' dir='ltr'><strong>utrumque</strong></span> <span class='ocrx_word' id='word_1_891' title='bbox 3700 5652 3808 5709; x_wconf 81' lang='lat' dir='ltr'><strong>vel</strong></span> 
     </span>
    </p>
   </div>
   <div class='ocr_carea' id='block_1_118' title="bbox 2184 5733 3805 5811">
    <p class='ocr_par' dir='ltr' id='par_1_118' title="bbox 2184 5733 3805 5811">
     <span class='ocr_line' id='line_1_118' title="bbox 2184 5733 3805 5811; baseline 0.009 -27"><span class='ocrx_word' id='word_1_892' title='bbox 2184 5746 2349 5786; x_wconf 90' lang='lat' dir='ltr'><strong>unum</strong></span> <span class='ocrx_word' id='word_1_893' title='bbox 2378 5733 2564 5788; x_wconf 89' lang='lat' dir='ltr'><strong>horum</strong></span> <span class='ocrx_word' id='word_1_894' title='bbox 2594 5734 2762 5802; x_wconf 89' lang='lat' dir='ltr'><strong>desit,</strong></span> <span class='ocrx_word' id='word_1_895' title='bbox 2800 5752 2905 5792; x_wconf 91' lang='lat' dir='ltr'><strong>non</strong></span> <span class='ocrx_word' id='word_1_896' title='bbox 2944 5738 3161 5795; x_wconf 92' lang='lat' dir='ltr'><strong>invenio</strong></span> <span class='ocrx_word' id='word_1_897' title='bbox 3195 5739 3643 5811; x_wconf 88' lang='lat' dir='ltr'><strong>quemadmodum</strong></span> <span class='ocrx_word' id='word_1_898' title='bbox 3682 5741 3805 5800; x_wconf 85' lang='lat' dir='ltr'><strong>has</strong></span> 
     </span>
    </p>
   </div>
   <div class='ocr_carea' id='block_1_119' title="bbox 2184 5824 3805 5906">
    <p class='ocr_par' dir='ltr' id='par_1_119' title="bbox 2184 5824 3805 5906">
     <span class='ocr_line' id='line_1_119' title="bbox 2184 5824 3805 5906; baseline 0.012 -28"><span class='ocrx_word' id='word_1_899' title='bbox 2184 5824 2399 5894; x_wconf 87' lang='lat' dir='ltr'><strong>nuptias</strong></span> <span class='ocrx_word' id='word_1_900' title='bbox 2427 5826 2693 5895; x_wconf 88' lang='lat' dir='ltr'><strong>appellare</strong></span> <span class='ocrx_word' id='word_1_901' title='bbox 2732 5830 3013 5898; x_wconf 88' lang='lat' dir='ltr'><strong>possimus.</strong></span> <span class='ocrx_word' id='word_1_902' title='bbox 3059 5832 3271 5889; x_wconf 88' lang='lat' dir='ltr'><strong>Etenim</strong></span> <span class='ocrx_word' id='word_1_903' title='bbox 3314 5833 3360 5889; x_wconf 89' lang='lat' dir='ltr'><strong>si</strong></span> <span class='ocrx_word' id='word_1_904' title='bbox 3402 5834 3636 5906; x_wconf 86' lang='lat' dir='ltr'><strong>aliquam</strong></span> <span class='ocrx_word' id='word_1_905' title='bbox 3673 5836 3805 5899; x_wconf 82' lang='lat' dir='ltr'><strong>sibi</strong></span> 
     </span>
    </p>
   </div>
   <div class='ocr_carea' id='block_1_120' title="bbox 2246 5915 3646 5992">
    <p class='ocr_par' dir='ltr' id='par_1_120' title="bbox 2246 5915 3646 5992">
     <span class='ocr_line' id='line_1_120' title="bbox 2246 5915 3646 5992; baseline 0.011 -31"><span class='ocrx_word' id='word_1_906' title='bbox 2246 5916 2269 5992; x_wconf 58' lang='grc' dir='ltr'>ξ</span> <span class='ocrx_word' id='word_1_907' title='bbox 2292 5920 2346 5992; x_wconf 64' lang='lat' dir='ltr'><strong>in</strong></span> <span class='ocrx_word' id='word_1_908' title='bbox 2374 5915 2664 5992; x_wconf 36' lang='lat' dir='ltr'><strong>Co‘rbeicnsi.</strong></span> <span class='ocrx_word' id='word_1_909' title='bbox 2684 5919 2851 5969; x_wconf 89' lang='lat' dir='ltr'><strong>codice</strong></span> <span class='ocrx_word' id='word_1_910' title='bbox 2891 5924 3254 5992; x_wconf 75' lang='lat' dir='ltr'><strong>vetustissimo,</strong></span> <span class='ocrx_word' id='word_1_911' title='bbox 3286 5924 3646 5992; x_wconf 71' lang='lat' dir='ltr'><strong>utrwtutbique.</strong></span> 
     </span>
    </p>
   </div>
   <div class='ocr_carea' id='block_1_121' title="bbox 2221 5979 3559 6053">
    <p class='ocr_par' dir='ltr' id='par_1_121' title="bbox 2221 5979 3559 6053">
     <span class='ocr_line' id='line_1_121' title="bbox 2221 5979 3559 6053; baseline 0.014 -27"><span class='ocrx_word' id='word_1_912' title='bbox 2221 6034 2229 6039; x_wconf 21' lang='grc' dir='ltr'><strong>μ</strong></span> <span class='ocrx_word' id='word_1_913' title='bbox 2250 5979 2270 6009; x_wconf 72' lang='grc'>³</span> <span class='ocrx_word' id='word_1_914' title='bbox 2289 5983 2369 6029; x_wconf 82' lang='lat' dir='ltr'><strong>Er.</strong></span> <span class='ocrx_word' id='word_1_915' title='bbox 2395 5984 2448 6036; x_wconf 81' lang='lat' dir='ltr'><strong>et</strong></span> <span class='ocrx_word' id='word_1_916' title='bbox 2469 5982 2597 6043; x_wconf 67' lang='lat' dir='ltr'><strong>uss,</strong></span> <span class='ocrx_word' id='word_1_917' title='bbox 2621 5979 2665 6033; x_wconf 83' lang='lat' dir='ltr'><strong>si</strong></span> <span class='ocrx_word' id='word_1_918' title='bbox 2682 5994 2829 6046; x_wconf 82' lang='lat' dir='ltr'><strong>usque</strong></span> <span class='ocrx_word' id='word_1_919' title='bbox 2845 5984 2912 6036; x_wconf 86' lang='lat' dir='ltr'><strong>ad</strong></span> <span class='ocrx_word' id='word_1_920' title='bbox 2930 5992 3131 6038; x_wconf 79' lang='lat' dir='ltr'><strong>mortem</strong></span> <span class='ocrx_word' id='word_1_921' title='bbox 3146 5979 3355 6053; x_wconf 67' lang='lat' dir='ltr'><strong>alicuius</strong></span> <span class='ocrx_word' id='word_1_922' title='bbox 3375 5979 3559 6049; x_wconf 59' lang='lat' dir='ltr'><strong>eoum:</strong></span> 
     </span>
    </p>
   </div>
  </div>
