4070 6334
72 746 79 837 ι

254 421 349 483 επ
1284 472 1287 477 ι
1686 415 1865 480 ωε]

1969 419 2139 485 lNUS.
3448 429 3562 495 878

266 542 335 599 vir
354 538 420 599 ad
443 547 680 616 tempus
703 538 1028 610 adhibuerit,
1048 539 1220 600 donec
1241 537 1403 597 aliam
1425 537 1642 611 dignam
1663 536 1751 595 vel
1770 535 1863 593 ho-

272 637 475 696 noribus
502 622 598 694 vel
632 636 972 694 facultatibus
1007 635 1118 691 suis
1148 633 1416 699 inveniat,
1447 646 1607 703 quam
1640 644 1862 699 compa-

279 749 373 791 rem
393 732 589 799 ducat;
619 731 742 803 ipso
761 730 941 786 animo
963 728 1172 785 adulter
1190 737 1291 794 est,
1320 741 1420 783 nec
1442 740 1563 781 cum
1589 724 1677 779 illa
1702 737 1863 794 quam

281 827 405 899 cupit
446 825 728 891 invenire,
762 822 858 879 sed
887 837 1008 878 cum
1037 822 1135 876 ista
1165 835 1286 875 cum
1314 833 1417 890 qua
1455 817 1532 872 sic
1572 815 1763 883 cubat,
1804 823 1863 870 ut

280 935 380 975 cum
406 932 469 973 ea
496 932 608 973 non
638 915 833 971 habeat
855 914 1099 969 maritale
1123 912 1470 968 consortium.
1494 907 1645 966 Unde
1670 917 1723 964 et
1746 906 1861 978 ipsa

278 1010 364 1065 hoc
392 1009 573 1065 sciens
618 1023 683 1064 ac
712 1007 927 1074 volens,
960 1004 1225 1077 impudice
1269 1003 1451 1074 utique
1494 1000 1750 1056 miscetur
1786 1000 1857 1065 ei,

277 1115 380 1155 cum
409 1115 520 1170 quo
553 1114 663 1155 non
704 1098 865 1154 habet
905 1096 1080 1154 foedus
1111 1096 1376 1152 uxorium.
1408 1093 1784 1149 Verumtamen
1813 1090 1861 1148 si

274 1193 315 1249 ei
356 1192 498 1247 thori
546 1191 709 1248 ﬁdem
753 1198 958 1258 servet,
996 1198 1049 1246 et
1085 1204 1205 1245 cum
1245 1189 1332 1244 ille
1360 1202 1581 1244 uxorem
1623 1186 1853 1253 duxerit,

273 1286 464 1342 nubere
496 1285 611 1355 ipsa
653 1300 757 1340 non
798 1284 1028 1356 cogitet,
1060 1291 1218 1353 atque
1247 1297 1279 1337 a
1307 1282 1401 1337 tali
1434 1294 1654 1351 prorsus
1693 1294 1859 1350 opere

272 1377 537 1433 continere
577 1390 636 1431 se
680 1384 974 1447 praeparet,
1022 1374 1316 1431 adulteram
1362 1372 1577 1444 quidem
1618 1370 1860 1427 fortassis

271 1471 413 1527 facile
439 1471 716 1542 appellare
741 1485 847 1525 non
868 1469 1129 1535 audeam;
1161 1483 1268 1524 non
1295 1482 1515 1539 peccare
1541 1474 1716 1522 tamen
1740 1464 1861 1535 quis

269 1563 489 1629 dixerit,
522 1580 649 1621 cum
679 1579 798 1620 eam
828 1564 942 1618 viro
962 1603 976 1628 ,
1008 1563 1160 1633 cujus
1189 1575 1322 1618 uxor
1348 1575 1457 1616 non
1486 1568 1599 1626 est,
1646 1558 1860 1614 misceri

268 1657 430 1713 sciat?
456 1656 711 1712 Jamvero
732 1656 777 1711 si
798 1670 866 1711 ex
886 1656 978 1712 illo
996 1654 1304 1721 concubitu,
1327 1660 1583 1724 quantum
1602 1650 1670 1707 ad
1690 1650 1860 1721 ipsam

269 1752 473 1816 attinet,
510 1765 618 1805 non
648 1750 750 1805 nisi
778 1749 915 1805 ﬁlios
940 1750 1089 1817 velit,
1118 1756 1174 1805 et
1195 1747 1451 1819 quidquid
1479 1747 1615 1802 ultra
1643 1760 1861 1802 causam

268 1842 583 1914 procreandi
610 1842 810 1912 patitur
835 1841 997 1896 invita
1025 1840 1254 1911 patiatur
1278 1858 1290 1894 :
1318 1839 1499 1895 multis
1523 1837 1738 1911 quidem
1759 1838 1860 1893 ista

266 1936 522 1991 matronis
573 1935 947 2004 anteponenda
1000 1943 1117 2000 est;
1162 1948 1282 2004 qua:
1326 1931 1536 1988 tametsi
1582 1945 1689 1986 non
1738 1937 1863 1985 sunt

264 2029 558 2097 adulter-.13,
605 2028 750 2083 viros
794 2036 972 2084 tamen
1018 2042 1145 2083 suos
1187 2028 1501 2098 plerumque
1538 2023 1703 2081 etiam
1726 2036 1859 2078 con-

266 2122 432 2176 tinere
472 2120 750 2190 cupientes
781 2119 848 2175 ad
877 2118 1206 2175 reddendum
1243 2117 1458 2174 carnale
1492 2116 1729 2172 debitum
1769 2128 1861 2171 co-

263 2220 399 2282 gunt
417 2253 432 2275 ,
462 2226 568 2266 non
598 2210 883 2279 desiderio.
899 2210 1065 2281 prolis
1084 2251 1100 2278 ,
1132 2208 1227 2265 sed
1260 2208 1452 2264 ardore
1478 2206 1862 2276 concupiscen-

263 2303 355 2357 tia:
384 2302 504 2373 ipso
532 2316 627 2356 suo
661 2302 785 2373 jure
814 2302 1235 2373 intemperanter
1265 2308 1477 2356 utentes
1507 2317 1520 2353 :
1552 2298 1607 2354 in
1635 2313 1863 2370 quarum

265 2403 446 2449 tamen
468 2396 669 2466 nuptiis
692 2395 891 2451 bonum
914 2403 994 2450 est
1019 2395 1121 2451 hoc
1146 2396 1318 2465 ipsum
1346 2393 1487 2465 quod
1513 2401 1691 2464 nupta:
1715 2403 1860 2450 sunt.

265 2489 347 2543 Ad
379 2488 483 2544 hoc
519 2489 661 2545 enim
701 2498 883 2559 nupta:
921 2496 1079 2555 sunt,
1110 2496 1168 2543 ut
1194 2488 1284 2542 illa
1312 2485 1745 2557 concupiscentia
1772 2500 1861 2541 re-

265 2579 422 2635 dacta
452 2579 519 2634 ad
550 2580 846 2650 legitimum
872 2579 1162 2645 vinculum,
1193 2592 1300 2633 non
1330 2577 1585 2632 deformis
1613 2585 1668 2632 et
1689 2576 1864 2632 disso-

268 2675 373 2732 luta
401 2674 658 2739 ﬁuitaret,
686 2673 891 2730 habens
919 2672 987 2728 de
1011 2688 1071 2729 se
1098 2674 1211 2743 ipsa
1240 2672 1658 2728 irrefrenabilem
1685 2669 1864 2726 carnis

266 2768 655 2834 inﬁrmitatem,
679 2766 749 2824 de
768 2767 966 2838 nuptiis
985 2774 1164 2822 autem
1185 2764 1606 2821 indissolubilem
1630 2763 1753 2819 ﬁdei
1775 2777 1865 2819 so-

269 2863 513 2919 cietatem
536 2879 550 2928 ;
575 2861 646 2917 de
666 2876 725 2917 se
745 2861 858 2931 ipsa
882 2873 1221 2931 progressum
1244 2857 1593 2913 immoderate
1609 2855 1861 2924 coeundi,

268 2954 333 3012 de
358 2955 562 3026 nuptiis
589 2954 813 3010 modum
848 2961 994 3010 caste
1033 2951 1370 3024 procreandi.
1401 2951 1516 3006 Etsi
1540 2950 1681 3007 enim
1710 2958 1866 3021 turpe

269 3060 349 3105 est
373 3048 660 3104 libidinose
690 3048 764 3102 uti
791 3048 932 3104 velle
960 3048 1151 3103 marito
1179 3048 1233 3113 1;
1263 3045 1550 3101 honestum
1579 3053 1660 3100 est
1687 3051 1865 3100 tamen

271 3146 414 3201 nolle
439 3144 658 3201 misceri
680 3142 781 3198 nisi
803 3143 1016 3207 marito,
1034 3150 1090 3198 et
1109 3157 1215 3197 non
1238 3155 1427 3211 parere
1444 3139 1545 3195 nisi
1565 3138 1631 3194 de
1648 3137 1861 3193 marito.

339 3237 568 3293 CAPUT
599 3235 690 3292 Vl.
713 3266 787 3277 —
808 3235 888 3289 De
905 3235 1189 3306 conjugalis
1209 3234 1360 3289 debiti
1384 3233 1645 3287 exactione
1670 3245 1730 3284 ac
1749 3228 1868 3284 red-

271 3329 477 3384 ditione.
508 3329 647 3384 Sunt
680 3329 808 3384 item
845 3326 943 3384 viri
979 3343 1147 3399 usque
1184 3327 1318 3383 adeo
1356 3326 1778 3392 incontinentes,
1806 3332 1869 3380 ut

272 3423 586 3495 conjugibus
613 3436 715 3478 nec
741 3420 975 3493 gravidis
1002 3428 1243 3491 parcant.
1271 3417 1537 3489 Quidquid
1564 3431 1693 3488 ergo
1726 3416 1868 3472 inter

271 3529 329 3571 se
354 3514 624 3586 conjugati
661 3513 1072 3581 immodestum,
1104 3509 1518 3568 inverecundum
1538 3551 1553 3578 ,
1591 3507 1866 3565 sordidum

270 3616 481 3679 gerunt,
513 3607 703 3662 vitium
728 3614 813 3663 est
836 3605 1131 3673 hominum,
1159 3619 1264 3659 non
1290 3603 1442 3674 culpa
1468 3602 1793 3675 nuptiarum.

340 3702 395 3757 6.
435 3701 557 3757 Jam
603 3702 656 3755 in
697 3701 812 3771 ipsa
857 3714 1068 3771 quoque
1114 3697 1547 3755 immoderatiore
1588 3697 1867 3753 exactione

271 3792 433 3849 debiti
474 3792 744 3860 carnalis,
776 3806 934 3863 quam
978 3792 1056 3848 eis
1098 3806 1203 3847 non
1247 3789 1541 3847 secundum
1583 3789 1867 3859 imperium

271 3884 548 3954 prmcipit,
580 3882 675 3938 sed
706 3880 997 3937 secundum
1038 3880 1245 3937 veniam
1283 3879 1531 3937 concedit
1556 3879 1864 3950 Apostolus,

274 3977 513 4031 utetiam
544 3983 741 4045 praeter
766 3988 980 4029 causam
1016 3972 1331 4045 procreandi
1369 3973 1469 4028 sibi
1507 3972 1863 4038 misceantur;

270 4070 371 4122 etsi
401 4083 496 4124 eos
526 4068 675 4140 pravi
704 4082 883 4124 mores
908 4067 975 4123 ad
1004 4067 1161 4122 talem
1190 4066 1530 4124 concubitum
1566 4064 1864 4137 impellunt,

270 4164 471 4231 nuptiae
509 4172 687 4217 tamen
729 4162 797 4217 ab
840 4160 1101 4216 adulterio
1147 4175 1244 4217 seu
1289 4159 1638 4216 fornicatione
1678 4157 1867 4214 defen-

273 4254 422 4310 dunt.
457 4254 644 4325 Neque
681 4252 827 4309 enim
870 4252 1001 4309 illud
1042 4261 1261 4324 propter
1302 4252 1514 4323 nuptias
1551 4250 1864 4316 admittitur,

271 4346 363 4400 sed
390 4353 615 4417 propter
642 4344 853 4415 nuptias
883 4343 1195 4414 ignoscitur.
1227 4342 1434 4399 Debent
1458 4357 1586 4414 ergo
1613 4342 1712 4398 sibi
1741 4356 1868 4397 con-

267 4437 433 4508 jugali
459 4454 566 4492 non
589 4436 762 4493 solum
790 4435 959 4507 ipsius
983 4452 1143 4494 sexus
1165 4437 1251 4493 su‘i
1274 4435 1654 4493 commiscendi
1680 4433 1866 4501 ﬁdem,

271 4530 564 4587 liberorum
594 4530 1049 4601 procreandorum
1076 4544 1266 4596 causa,
1297 4544 1417 4600 quae
1452 4528 1621 4599 prima
1656 4536 1740 4584 est
1764 4527 1868 4582 hu-

270 4622 412 4676 mani
440 4621 660 4691 generis
682 4621 735 4675 in
760 4621 861 4676 ista
880 4620 1203 4677 mortalitate
1223 4620 1482 4685 societas;
1503 4634 1689 4675 verum
1709 4618 1870 4674 etiam

274 4711 603 4768 inﬁrmitatis
633 4712 862 4768 invicem
890 4711 1246 4783 excipiendae,
1278 4711 1346 4765 ad
1372 4710 1584 4766 illicitos
1611 4708 1868 4765 concubi-

273 4816 353 4860 tus
378 4805 695 4873 evitandos,
728 4812 965 4861 mutuam
991 4804 1222 4876 quodam
1252 4803 1414 4860 modo
1441 4804 1783 4868 servitutem;
1813 4808 1871 4856 ut

272 4900 367 4955 etsi
406 4900 567 4956 alteri
605 4914 793 4955 eorum
836 4908 1092 4970 perpetua
1130 4896 1456 4954 continentia
1494 4896 1724 4966 placeat,
1767 4894 1870 4950 nisi

270 5009 333 5049 ex
362 4995 589 5073 alterius
618 5006 884 5048 consensu
914 5006 1020 5048 non
1047 4992 1235 5062 possit.
1263 4992 1332 5047 Et
1354 4990 1423 5046 ad
1452 4989 1554 5046 hoc
1573 4988 1715 5045 enim
1739 5004 1872 5045 uxor

272 5100 367 5138 non
404 5084 558 5139 habet
588 5093 885 5156 potestatem
919 5084 1144 5155 corporis
1177 5083 1285 5150 sui,
1315 5082 1403 5138 sed
1430 5085 1507 5137 vir
1523 5097 1542 5146 ;
1570 5081 1797 5138 similiter
1824 5089 1873 5136 et

272 5179 344 5230 rir
368 5193 474 5231 non
498 5176 651 5231 habet
676 5186 972 5249 potestatem
996 5176 1221 5247 corporis
1245 5175 1344 5242 sui,
1368 5174 1455 5230 sed
1480 5174 1660 5229 mulier
1684 5172 1729 5245 (l
1750 5174 1869 5229 Cor.

271 5286 367 5331 vn.
398 5272 526 5341 4-6)
558 5288 572 5324 :
600 5278 660 5324 ut
700 5278 756 5325 ει
797 5269 940 5341 quod
983 5284 1088 5325 non
1123 5267 1353 5325 ﬁliorum
1392 5266 1869 5339 procreandorum,

270 5364 361 5416 sed
391 5362 727 5417 inﬁrmitatis
751 5370 807 5417 et
832 5361 1232 5418 incontinentiae
1254 5375 1413 5417 causa
1437 5360 1659 5430 expetit,
1682 5358 1764 5413 vel
1786 5358 1873 5413 illc

271 5456 336 5509 de
359 5457 729 5523 matrimonio,
752 5456 839 5512 vel
860 5455 948 5510 illa
970 5454 1039 5512 de
1060 5455 1273 5523 marito,
1299 5468 1405 5510 non
1432 5454 1531 5511 sibi
1558 5454 1871 5509 alterutrum

273 5558 507 5622 negent;
539 5564 612 5605 ne
659 5566 755 5620 per
797 5549 904 5605 hoc
944 5549 1179 5607 incidant
1221 5550 1273 5605 in
1318 5548 1649 5605 damnabiles
1690 5562 1876 5603 corru-

274 5645 446 5713 ptelas
465 5685 481 5710 ,
516 5652 756 5700 tentante
792 5628 1013 5711 satana,
1042 5653 1259 5716 propter
1291 5643 1760 5707 incontinentiam,
1789 5641 1875 5698 vel

271 5740 595 5805 amborum,
641 5740 726 5795 vel
770 5738 1084 5812 cujusquam
1128 5754 1337 5796 eorum.
1386 5737 1690 5808 Conjugalis
1732 5735 1875 5792 enim

271 5833 600 5893 concubitus
621 5833 914 5904 generandi
938 5834 1130 5906 gratia,
1158 5847 1266 5890 non
1291 5831 1454 5889 habet
1476 5831 1720 5903 culpam;
1749 5842 1878 5887 cou-

346 5945 931 6012 llas.,utiuetmarito.

1968 539 2314 610 cupiscentiae
2340 551 2470 598 vero
2502 539 2791 610 satiandae,
2821 540 2920 599 sed
2951 549 3133 602 tamen
3156 555 3279 603 cum
3302 547 3561 621 conjuge,

1966 640 2187 702 propter
2219 631 2361 688 thori
2391 633 2583 701 ﬁdem,
2615 635 2875 691 venialem
2919 635 3079 692 habet
3116 638 3328 708 culpam
3357 658 3371 695 :
3399 639 3560 696 adul-

1967 725 2159 782 terium
2186 741 2315 782 vero
2352 727 2464 784 sive
2505 727 2783 784 fornicatio
2827 728 3080 786 lethalem
3120 730 3282 787 habet
3320 732 3559 805 culpam.

1964 817 2045 874 Ac
2069 834 2164 890 per
2190 820 2292 876 hoc
2316 822 2506 878 melior
2529 822 2843 893 estquidem
2867 823 2935 879 ab
2955 824 3101 878 omni
3121 824 3405 880 concubitu
3427 839 3560 881 con-

1965 914 2209 983 tinentia,
2236 931 2395 988 quam
2422 916 2507 973 vel
2532 917 2646 988 ipse
2670 916 3079 973 matrimonialis
3105 916 3441 987 concubitus,
3464 917 3558 991 qui

1964 1004 2025 1061 ﬁt
2054 1022 2210 1064 causa
2236 1009 2507 1080 gignendi.

2035 1098 2261 1158 CAPUT
2295 1100 2405 1156 Vll.
2434 1131 2506 1143 —
2539 1099 2731 1158 Foedus
2769 1102 2997 1174 nuptiale
3026 1102 3344 1174 separatione
3372 1102 3560 1173 conju-

1964 1209 2083 1265 gum
2108 1210 2209 1249 non
2236 1196 2295 1262 ﬁt
2319 1196 2541 1251 irritum.
2569 1195 2651 1251 An
2678 1196 2886 1252 dimissa
2913 1196 3143 1252 adultera
3168 1197 3312 1251 liceat
3343 1196 3558 1250 alteram

1964 1287 2165 1343 ducere.
2215 1287 2437 1344 Uxorem
2483 1289 2815 1361 superducere
2856 1291 3061 1345 vetitum
3110 1306 3249 1345 ntere
3296 1288 3554 1344 Romano.

1962 1378 2195 1435 Divortio
2224 1380 2308 1436 lea:
2335 1380 2536 1452 hederis
2571 1382 2813 1452 nuptialis
2850 1398 2953 1437 non
2987 1380 3214 1435 aboletur
3240 1381 3371 1434 inter
3401 1379 3558 1434 Chri-

1963 1473 2175 1528 stianos.
2197 1472 2306 1529 Sed
2328 1475 2449 1546 quia
2477 1474 2565 1531 illa
2591 1474 2921 1531 continentia
2944 1475 3122 1531 meriti
3150 1471 3426 1544 amplioris
3450 1481 3556 1540 est,

1963 1562 2194 1620 reddere
2218 1580 2347 1621 vero
2372 1564 2610 1622 debitum
2635 1565 2938 1638 conjugale,
2963 1563 3161 1621 nullius
3185 1571 3269 1619 est
3291 1562 3554 1627 criminis,

1962 1655 2179 1726 exigere
2218 1663 2394 1712 autem
2434 1657 2572 1713 ultra
2611 1655 2903 1728 generandi
2941 1655 3347 1721 necessitatem,
3388 1652 3560 1723 culpae

1965 1746 2213 1813 venialis,
2241 1747 2493 1803 fornicari
2522 1764 2650 1805 vero
2678 1749 2762 1805 vel
2791 1748 3070 1813 mmcbari,
3100 1745 3352 1817 puniendi
3379 1745 3561 1800 crimi-

1964 1840 2083 1905 nis;
2115 1854 2311 1896 cavere
2353 1840 2513 1898 debet
2552 1841 2787 1897 charitas
2831 1839 3160 1911 conjugalis,
3200 1853 3270 1893 ne
3299 1837 3426 1891 dum
3455 1835 3559 1891 sibi

1964 1932 2156 2003 quaerit
2183 1932 2329 1988 unde
2362 1934 2593 2005 amplius
2624 1934 2952 2000 honoretur,
2981 1930 3193 2002 conjugi
3228 1928 3389 1984 faciat
3416 1925 3559 1981 unde

1965 2024 2267 2082 damnetur.
2302 2026 2405 2094 Qui
2445 2028 2588 2083 enim
2628 2026 2832 2081 dimittit
2873 2039 3083 2079 uxorem
3125 2038 3305 2086 suam,
3352 2026 3561 2090 excepta

1966 2134 2123 2172 causa
2152 2118 2521 2189 fornicationis,
2556 2117 2680 2188 facit
2707 2133 2817 2172 eam
2842 2113 3081 2170 masc/rari
3115 2112 3328 2185 (Matth.
3355 2125 3412 2175 ν,
3440 2108 3557 2180 '52).

1965 2206 2149 2278 Usque
2191 2208 2327 2264 adeo
2372 2208 2545 2264 foedus
2592 2206 2719 2263 illud
2765 2206 2954 2262 initum
3001 2203 3239 2274 nuptiale
3282 2199 3562 2272 cujusdam

1966 2300 2288 2356 sacramenti
2317 2315 2404 2356 res
2431 2310 2546 2368 est,
2595 2308 2653 2355 ut
2694 2312 2793 2354 nec
2832 2297 2946 2369 ipsa
2982 2294 3322 2365 separatione
3348 2291 3561 2347 irritum

1967 2391 2097 2447 ﬁat:
2121 2391 2550 2462 quandoquidem
2576 2388 2790 2446 vivente
2815 2389 2952 2456 viro,
2975 2394 3032 2442 et
3055 2400 3085 2440 a
3110 2399 3218 2455 quo
3243 2383 3429 2439 relicta
3454 2388 3559 2448 est,

1967 2483 2287 2551 moechatur,
2318 2483 2366 2539 si
2390 2482 2541 2539 alteri
2569 2481 2844 2553 nupserit;
2874 2488 2929 2537 et
2951 2478 3042 2535 ille
3066 2475 3225 2548 hujus
3252 2474 3376 2531 mali
3400 2486 3563 2529 causa

1966 2584 2051 2632 est
2078 2577 2168 2648 qui
2197 2575 2429 2647 reliquit.

2041 2667 2093 2721 7.
2126 2667 2290 2723 Miror
2329 2675 2507 2724 autem
2549 2667 2594 2723 si
2636 2663 3085 2738 quemadmodum
3125 2660 3251 2717 licet
3292 2658 3563 2713 dimittere

1967 2760 2265 2817 adulteram
2291 2776 2513 2816 uxorem
2534 2801 2550 2829 ,
2580 2760 2649 2814 ita
2679 2758 2836 2813 liceat
2864 2771 2925 2812 ea
2952 2754 3170 2810 dimissa
3207 2752 3439 2807 alteram
3458 2748 3563 2806 du-

1968 2865 2113 2908 cere.
2140 2852 2291 2907 Facit
2310 2852 2455 2907 enim
2480 2850 2548 2907 de
2576 2851 2674 2906 hac
2700 2864 2761 2905 re
2787 2855 2970 2904 sancta
2990 2844 3266 2916 Scriptura
3287 2840 3562 2897 difﬁcilem

1968 2945 2168 3002 nodum
2188 2987 2204 3014 ,
2235 2946 2447 3002 dicente
2486 2943 2773 3015 Apostolo,
2804 2957 2870 2997 ex
2902 2946 3170 3011 praecepto
3199 2934 3411 2991 Domini
3438 2947 3561 2988 mu—

1967 3034 2157 3093 lierem
2186 3051 2217 3092 a
2243 3038 2360 3092 viro
2388 3050 2495 3091 non
2524 3034 2724 3091 debere
2750 3030 3064 3096 discedere;
3091 3027 3233 3099 quod
3273 3026 3317 3081 si
3355 3024 3563 3080 disces-

1968 3130 2133 3196 serit,
2176 3144 2396 3186 manere
2438 3129 2743 3198 innuptam,
2789 3132 2881 3179 aut
2924 3122 3040 3177 viro
3087 3134 3185 3176 suo
3227 3116 3563 3176 reconciliari

1969 3219 2016 3291 (l
2041 3221 2159 3277 Cor.
2185 3236 2289 3286 vn,
2318 3221 2403 3286 10,
2443 3218 2533 3292 ll)
2566 3237 2579 3274 :
2612 3233 2734 3274 cum
2768 3214 3024 3273 recedere
3052 3214 3233 3283 utique
3261 3220 3316 3267 et
3342 3223 3564 3267 manere

1968 3313 2217 3384 innupta,
2250 3313 2353 3370 nisi
2392 3312 2461 3369 ab
2496 3311 2740 3368 adultero
2768 3310 2884 3366 viro
2916 3324 3023 3365 non
3051 3306 3278 3374 debeat,
3307 3320 3375 3362 ne
3414 3319 3565 3362 rece-

1969 3405 2144 3461 dendo
2170 3405 2239 3460 ab
2261 3419 2327 3461 eo
2351 3405 2441 3476 qui
2462 3403 2670 3460 adulter
2694 3417 2805 3458 non
2830 3409 2933 3468 est,
2957 3399 3116 3454 faciat
3134 3414 3256 3454 eum
3279 3395 3560 3453 mmchari.

1968 3495 2327 3553 Reconciliari
2370 3504 2549 3552 autem
2592 3494 2710 3551 viro
2750 3494 2837 3549 vel
2882 3491 3193 3559 tolerando,
3232 3489 3277 3546 si
3311 3504 3371 3544 se
3400 3489 3517 3559 ipsa
3542 3487 3561 3520 ³

1969 3588 2245 3645 continere
2272 3603 2380 3645 non
2406 3596 2603 3659 potest,
2634 3586 2717 3643 vel
2746 3592 2990 3642 correcto
3007 3624 3023 3649 ,
3050 3582 3274 3638 forsitan
3299 3581 3442 3651 juste
3468 3593 3565 3651 po-

1969 3689 2094 3737 test.
2127 3681 2410 3751 Quomodo
2450 3688 2628 3736 autem
2673 3679 2790 3735 viro
2833 3676 3004 3749 possit
3045 3690 3166 3732 esse
3207 3674 3419 3730 licentia
3461 3672 3562 3727 du-

1968 3774 2154 3831 cenda:
2181 3775 2429 3840 alterius,
2457 3774 2502 3829 si
2531 3772 2827 3828 adulteram
2863 3768 3170 3840 reliquerit,
3201 3781 3322 3823 cum
3352 3763 3564 3821 mulieri

1970 3880 2080 3923 non
2108 3866 2178 3921 sit
2206 3864 2442 3922 nubendi
2470 3863 2654 3931 alteri,
2685 3862 2730 3919 si
2771 3861 3070 3917 adulterum
3107 3856 3413 3927 reliquerit,
3455 3868 3564 3910 non

1971 3960 2152 4017 video.
2173 3958 2304 4028 Quae
2328 3959 2373 4014 si
2399 3959 2470 4014 ita
2494 3966 2639 4022 sunt,
2667 3963 2873 4012 tantum
2899 3953 3042 4009 valet
3066 3949 3198 4007 illud
3223 3947 3420 4005 sociale
3448 3947 3566 4001 vin-

1970 4051 2149 4107 culum
2173 4051 2481 4123 conjugum,
2506 4058 2563 4105 ut
2586 4063 2706 4105 cum
2734 4061 2892 4103 causa
2918 4041 3235 4116 procreandi
3262 4040 3563 4111 colligetur,

1971 4157 2074 4199 nec
2120 4143 2235 4213 ipsa
2283 4157 2443 4197 causa
2500 4139 2815 4211 procreandi
2868 4139 3119 4193 solvatur.
3172 4133 3391 4189 Possit”
3419 4130 3565 4187 enim

1972 4232 2136 4290 homo
2164 4233 2435 4290 dimittere
2462 4231 2700 4289 sterilem
2730 4244 2989 4296 uxorem,
3027 4237 3083 4282 et
3119 4225 3317 4282 ducere
3355 4223 3421 4278 de
3460 4234 3566 4291 qua

1972 4326 2113 4383 ﬁlios
2141 4324 2336 4381 habeat
2362 4343 2376 4379 :
2408 4332 2464 4380 et
2493 4334 2669 4379 tamen
2699 4337 2807 4378 non
2834 4322 2989 4386 licet;
3028 4326 3084 4374 et
3116 4317 3315 4372 nostris
3348 4313 3565 4385 quidem

1968 4419 2081 4491 jam
2110 4417 2441 4489 temporibus
2477 4431 2541 4472 ac
2575 4430 2725 4470 more
2753 4414 3026 4479 Romano,
3058 4425 3158 4466 nec
3185 4407 3563 4485 superducerc,

1972 4522 2034 4570 ut
2061 4513 2288 4583 amplius
2314 4510 2507 4566 habeat
2540 4523 2701 4580 quam
2742 4522 2903 4562 unam
2934 4506 3108 4560 vivam
3134 4522 3148 4559 :
3178 4513 3231 4559 et
3265 4502 3448 4571 utique
3474 4514 3566 4554 re-

1971 4606 2099 4663 licta
2127 4605 2364 4661 adultera
2387 4604 2471 4659 vel
2493 4601 2681 4658 relicto
2700 4600 2943 4655 adultero
2969 4604 3189 4668 possent
3214 4594 3395 4667 plures
3420 4592 3567 4648 nasci

1973 4699 2251 4765 homines,
2284 4697 2331 4752 si
2357 4696 2441 4752 vel
2474 4695 2563 4750 illa
2601 4692 2757 4749 alteri
2796 4693 3056 4758 nuberet,
3086 4689 3172 4745 vel
3215 4688 3303 4744 ille
3346 4687 3566 4741 alteram

1974 4793 2215 4849 duceret.
2241 4789 2396 4856 Quod
2426 4797 2604 4843 tamen
2632 4786 2677 4842 si
2704 4800 2810 4841 non
2837 4786 2963 4841 licet
2980 4826 2995 4850 ,
3024 4782 3161 4839 sicut
3186 4779 3362 4835 divina
3388 4776 3568 4847 regula

1974 4884 2325 4958 praescribere
2349 4880 2593 4945 videtur;
2622 4893 2782 4950 quem
2813 4892 2920 4932 non
2952 4875 3108 4930 faciat
3133 4875 3413 4935 intentum,
3441 4868 3568 4937 quid

1976 4978 2078 5036 sibi
2107 4977 2235 5032 velit
2262 4984 2406 5031 tanta
2433 4974 2657 5029 ﬁrmitas
2684 4971 2883 5027 vinculi
2913 4967 3244 5040 conjugalis?
3277 4962 3427 5032 Quod
3470 4977 3568 5017 ue-

1977 5082 2242 5141 quaquam
2284 5076 2411 5138 puto
2450 5074 2653 5120 tantum
2692 5062 2873 5118 valere
2908 5059 3175 5132 potuisse,
3208 5054 3308 5111 nisi
3348 5051 3570 5121 alicujus

1976 5162 2056 5217 rei
2078 5159 2296 5231 majoris
2318 5174 2383 5214 ex
2405 5157 2507 5212 hac
2529 5156 2738 5211 inﬁrma
2761 5152 3084 5208 mortalitate
3109 5147 3381 5203 hominum
3404 5145 3572 5227 quod-

1978 5253 2102 5308 dam
2154 5259 2546 5307 sacramentum
2590 5247 2966 5310 adhiberetur,
3012 5240 3152 5311 quod
3200 5237 3573 5293 deserentibus

1980 5344 2286 5400 hominibus
2310 5352 2470 5414 atque
2496 5340 2548 5396 id
2576 5339 2871 5395 dissolvere
2897 5331 3253 5403 cupientibus,
3286 5329 3572 5386 inconcus-

1979 5454 2099 5496 sum
2124 5437 2226 5493 illis
2252 5440 2496 5491 maneret
2518 5430 2587 5487 ad
2612 5442 2846 5501 pinnam.
2880 5422 3154 5495 Siquidem
3184 5422 3572 5478 interveniente

1980 5530 2211 5587 divortio
2238 5542 2347 5584 non
2374 5524 2616 5581 aboletur
2645 5520 2734 5575 illa
2764 5515 3149 5573 confoederatio
3173 5514 3425 5587 nuptialis
3454 5532 3466 5568 :
3497 5514 3570 5569 ita

1982 5632 2042 5679 ut
2068 5621 2169 5677 sibi
2197 5620 2449 5690 conjuges
2479 5615 2605 5679 sint,
2635 5612 2797 5667 etiam
2822 5609 3082 5680 separati;
3109 5623 3231 5664 cum
3259 5607 3362 5664 illis
3390 5616 3572 5662 autem

1982 5715 2302 5773 adulterium
2347 5706 2712 5771 committant,
2760 5703 2956 5775 quibus
3004 5704 3201 5763 fuerint
3245 5705 3407 5763 etiam
3454 5712 3578 5776 post

2051 5855 2069 5887 ι
2103 5849 2208 5901 Sola
2222 5848 2328 5897 fere
2351 5844 2500 5895 editio
2520 5847 2651 5903 Lov.,
2674 5840 2847 5906 seipse.

2058 5941 2079 5974 ⁸
2103 5940 2282 6002 Posset,
2303 5933 2443 5997 juxta
2462 5928 2613 5994 Lugd.
2674 5933 2740 5979 It.
