4070 6334
508 444 615 506 879

507 571 669 620 suum
693 554 975 631 repudium
1003 555 1273 631 copulati,
1318 555 1405 615 vel
1445 555 1536 614 illa
1565 555 1683 614 viro
1702 600 1717 625 ,
1748 557 1833 615 vel
1863 557 1950 614 ille
1979 572 2097 613 mu-

509 650 650 710 lleri.
675 650 785 710 Nec
812 661 990 709 tamen
1019 654 1121 709 nisi
1145 653 1201 708 in
1225 652 1442 708 civitate
1468 653 1564 708 Dei
1592 654 1793 721 nostri,
1824 653 1877 708 in
1915 660 2101 708 monte

510 753 697 802 sancto
721 745 835 816 ejus
862 743 1033 815 (Psal.
1050 760 1212 810 XLVII,
1230 745 1310 816 2),
1328 745 1447 800 talis
1476 753 1557 800 est
1585 761 1744 801 causa
1759 760 1880 801 cum
1907 760 2093 800 uxore.

582 837 807 894 CAPUT
846 836 979 893 Vill.
1009 868 1079 878 —
1097 837 1319 909 Repudii
1343 855 1465 894 usus
1489 840 1654 910 qualis
1682 839 1821 912 apud
1853 838 2094 908 Gentiles,

515 938 563 985 et
585 931 745 1000 qualis
774 931 913 1003 apud
936 929 1164 986 Iudaeos.
1198 931 1502 1004 Conjugium
1539 933 1721 988 bonum
1747 942 1819 989 est
1848 949 2055 1005 prorsus
2077 975 2095 1002 ,

509 1035 614 1076 non
650 1032 819 1077 autem
861 1022 971 1078 sola
1010 1025 1384 1095 comparatione
1418 1025 1785 1097 fornicationis.
1829 1024 2096 1080 Catterum

514 1115 666 1171 aliter
694 1132 754 1172 se
783 1116 980 1173 habere
998 1117 1119 1189 jura
1145 1116 1457 1183 Gentilium,
1486 1117 1603 1188 quis
1630 1118 1870 1188 ignorat;
1900 1118 1989 1173 ubi
2017 1117 2099 1173 in-

511 1210 771 1281 terposito
791 1210 1033 1283 repudio,
1062 1212 1178 1267 sine
1205 1220 1358 1267 reatu
1380 1212 1559 1282 aliquo
1579 1210 1796 1267 ultionis
1822 1210 2094 1278 humanae,

508 1310 563 1359 ει
596 1302 683 1357 illa
709 1302 796 1358 cui
822 1302 1052 1358 voluerit
1076 1303 1246 1369 nubit,
1281 1311 1334 1358 et
1360 1303 1449 1359 ille
1476 1317 1633 1374 quam
1660 1303 1888 1359 voluerit
1910 1303 2096 1359 ducit?

510 1392 605 1452 Cui
632 1396 1002 1453 consuetudini
1040 1396 1214 1453 simile
1240 1397 1460 1468 aliquid,
1488 1406 1705 1469 propter
1733 1396 2093 1453 lsraelitarum

507 1489 781 1557 duritiam,
805 1489 1017 1546 videtur
1040 1490 1347 1560 permisisse
1366 1490 1577 1564 Moyses
1598 1490 1667 1547 de
1686 1491 1863 1546 libello
1884 1491 2093 1561 repudii

513 1581 689 1654 (Deut.
723 1598 871 1649 xxiv,
901 1584 927 1638 1
949 1600 963 1649 ;
998 1583 1186 1639 Matth.
1210 1600 1321 1652 χιιι,
1346 1584 1427 1655 8).
1450 1585 1563 1653 Qua
1594 1585 1649 1639 in
1675 1600 1735 1641 re
1755 1584 2095 1656 exprobratio

509 1690 670 1746 quam
699 1676 1011 1747 approbatio
1040 1676 1255 1733 divortii
1282 1678 1450 1749 magis
1480 1685 1719 1749 apparet.

579 1767 635 1823 8.
678 1767 1016 1825 Honorabiles
1032 1784 1158 1841 ergo
1183 1770 1374 1840 nuptiae
1392 1770 1445 1824 in
1460 1771 1711 1839 omnibus,
1740 1779 1786 1824 et
1805 1772 1978 1826 thorus
1998 1772 2096 1826 im-

510 1860 795 1915 maculatus
829 1861 1013 1933 (Hebr.
1043 1878 1160 1928 xm,
1192 1861 1268 1934 4).
1298 1862 1451 1929 Quod
1486 1878 1591 1919 non
1619 1864 1698 1920 sic
1727 1864 1954 1921 dicimus
1993 1866 2094 1922 bo-

507 1967 659 2021 num,
681 1964 739 2009 ut
760 1955 812 2009 in
831 1955 1195 2011 fornicationis
1211 1957 1609 2026 comparatione
1630 1960 1699 2014 sit
1714 1958 1945 2026 bonum;
1965 1960 2098 2016 alio-

507 2046 633 2117 quin
654 2046 760 2102 duo
780 2046 918 2103 mala
943 2057 1120 2115 emat,
1154 2063 1381 2119 quorum
1406 2049 1631 2106 alterum
1653 2051 1803 2123 pejus
1832 2069 1845 2105 :
1875 2063 1966 2109 aut
1994 2052 2093 2109 bo-

511 2153 640 2193 num
664 2138 767 2193 erit
788 2148 842 2194 et
867 2138 1167 2207 fornicatio,
1193 2140 1317 2212 quia
1338 2148 1421 2196 est
1442 2141 1595 2212 pejus
1620 2142 1981 2212 adulterium;
2006 2160 2098 2216 pe-

505 2231 595 2302 jus
634 2240 715 2288 est
747 2231 889 2288 enim
932 2233 1165 2288 alienum
1214 2234 1614 2290 matrimonium
1658 2236 1894 2305 violare,
1937 2254 2097 2309 quam

509 2325 779 2383 meretrici
811 2326 1087 2381 adhaerere
1122 2345 1135 2381 :
1167 2336 1219 2383 et
1246 2327 1447 2382 bonum
1488 2328 1827 2396 adulterium,
1859 2329 1983 2401 quia
2014 2339 2099 2388 est

508 2418 660 2490 pejor
687 2420 955 2485 incestus;
986 2418 1136 2491 pejus
1160 2428 1239 2476 est
1268 2421 1411 2475 enim
1442 2436 1563 2476 cum
1592 2430 1762 2479 matre
1783 2439 1943 2495 quam
1974 2441 2098 2481 cum

509 2512 684 2566 aliena
721 2527 887 2567 uxore
916 2513 1273 2569 concumbere
1304 2531 1317 2569 :
1349 2522 1403 2570 et
1426 2513 1597 2571 donec
1626 2516 1694 2572 ad
1722 2532 1785 2572 ea
1811 2518 2095 2587 pervenia-

510 2611 616 2672 tur,
648 2619 801 2674 quaa,
847 2604 984 2659 sicut
1013 2605 1301 2676 Apostolus
1326 2606 1419 2674 ait,
1452 2617 1601 2679 turpe
1637 2615 1710 2662 est
1746 2609 1898 2663 etiam
1933 2608 2099 2663 dicere

510 2695 747 2766 (Ep/tes.
777 2713 831 2761 v,
863 2696 987 2769 12),
1032 2699 1211 2754 omnia
1238 2699 1376 2755 bona
1404 2710 1562 2755 erunt
1602 2700 1655 2755 in
1698 2700 2098 2771 comparatione

510 2788 772 2861 pejorum.
818 2790 932 2846 Hoc
961 2802 1141 2849 autem
1172 2790 1361 2848 falsum
1400 2809 1522 2849 esse
1559 2795 1677 2867 quis
1709 2793 1953 2850 dubitet?
1977 2792 2099 2850 Non

504 2864 639 2954 ergo
668 2883 775 2939 duo
801 2885 938 2939 mala
967 2893 1092 2941 sunt
1121 2886 1446 2942 connubium
1469 2896 1522 2943 et
1542 2887 1842 2955 fornicatio,
1869 2904 2097 2960 quorum

504 2976 736 3041 alterum
766 2978 951 3049 pejus;
980 2979 1076 3034 sed
1097 2978 1202 3035 duo
1230 2981 1367 3037 bona
1389 2990 1512 3037 sunt
1539 2983 1863 3039 connubium
1891 2993 1945 3039 et
1964 2999 2096 3040 con-

512 3067 753 3135 tinentia,
786 3084 1012 3140 quorum
1042 3071 1267 3128 alterum
1296 3081 1378 3128 est
1404 3073 1615 3128 melius.
1648 3072 1796 3130 Sicut
1827 3075 1927 3130 ista
1958 3084 2095 3131 tem-

508 3162 708 3232 poralis
751 3162 950 3219 sanitas
994 3172 1047 3219 et
1085 3163 1425 3221 imbecillitas
1468 3180 1575 3221 non
1615 3176 1740 3222 sunt
1778 3167 1883 3223 duo
1935 3168 2093 3236 mala,

509 3268 735 3324 quorum
764 3255 990 3310 alterum
1020 3255 1205 3326 pejus;
1234 3256 1459 3331 scd\ista
1501 3257 1702 3314 sanitas
1730 3266 1784 3314 et
1823 3258 2099 3315 immorta-

507 3344 630 3400 litas
674 3344 780 3401 duo
820 3345 957 3401 bona
988 3355 1131 3415 sunt,
1165 3362 1388 3416 quorum
1432 3348 1658 3403 alterum
1706 3350 1915 3406 melius.
1966 3352 2098 3407 Item

506 3436 727 3492 scientia
749 3443 804 3491 et
838 3438 1045 3493 vanitas
1078 3452 1184 3493 non
1203 3438 1309 3494 duo
1324 3439 1462 3494 mala
1486 3449 1627 3507 sunt,
1650 3457 1872 3513 quorum
1892 3446 2097 3502 vanitas

505 3532 696 3604 pejus;
727 3532 821 3589 sed
841 3534 1059 3589 scientia
1094 3544 1149 3590 et
1188 3532 1417 3590 charitas
1433 3534 1537 3591 duo
1550 3535 1688 3592 bona
1707 3547 1849 3606 sunt,
1868 3554 2095 3609 quorum

506 3626 740 3682 cbaritas
762 3628 971 3683 melius.
988 3626 1229 3697 Namque
1244 3629 1450 3682 scientia
1462 3628 1762 3695 destruetur,
1778 3632 1850 3684 ait
1871 3634 2099 3700 Aposto-

505 3718 612 3785 lus;
630 3727 873 3773 ettamen
892 3718 1015 3773 huic
1035 3718 1262 3789 tempori
1288 3718 1585 3774 necessaria
1600 3728 1683 3775 est
1714 3737 1726 3773 :
1756 3721 1977 3777 charitas
2000 3738 2096 3779 au-

508 3815 617 3864 tem
636 3823 891 3877 nunquam
912 3808 1056 3862 cadet
1082 3806 1122 3878 (l
1144 3808 1259 3863 Cor.
1291 3824 1410 3875 xm,
1440 3809 1519 3880 8).
1546 3809 1635 3864 Sic
1654 3819 1707 3864 et
1731 3811 1972 3867 mortalis
1997 3814 2097 3870 ista

504 3900 802 3970 generatio,
845 3907 1063 3973 propter
1088 3914 1249 3970 quam
1280 3900 1643 3972 fiuntnuptiae,
1659 3901 1997 3971 destruetur;
2029 3905 2097 3965 ab

509 3992 655 4046 omni
704 3998 881 4047 autem
934 3991 1221 4048 concubitu
1267 3992 1603 4061 immunitas,
1642 4002 1695 4049 et
1736 3994 1824 4052 hic
1860 4000 2097 4069 angelica

509 4082 785 4139 meditatio
813 4092 915 4151 est,
954 4092 1007 4139 et
1030 4094 1311 4155 permanet
1351 4086 1403 4141 in
1435 4094 1715 4142 aeternum.
1746 4089 1895 4145 Sicut
1920 4100 2096 4148 autem

501 4173 721 4245 jejuniis
750 4175 1132 4244 sacrilegorum
1156 4176 1377 4233 meliora
1408 4186 1532 4233 sunt
1558 4180 1779 4249 prandia
1804 4181 2095 4252 justorum;

509 4265 582 4322 ita
623 4267 823 4338 nuptiae
870 4266 1107 4329 ﬁdelium
1152 4267 1439 4340 virginitati
1480 4279 1877 4342 anteponuntur
1906 4276 2097 4345 impia-

510 4374 629 4415 rum
654 4360 693 4415 ί.
722 4360 1107 4417 Verumtamen
1131 4377 1307 4434 neque
1338 4362 1410 4421 ibi
1447 4364 1727 4434 prandium
1747 4366 1973 4439 jejunio,
2002 4369 2100 4426 sed

504 4450 715 4522 iustitia
752 4452 1067 4524 sacrilegio;
1106 4469 1280 4525 neque
1307 4452 1395 4510 hic
1425 4456 1623 4526 nuptiae
1661 4456 1971 4528 virginitati,
2002 4459 2100 4516 sed

1544 444 1635 503 os
1674 444 1856 503 sono
1892 406 2285 507 eumnam.
2325 441 2384 500 ε.
2423 446 2790 508 AUGUSTlNl

3685 458 3793 521 580

2209 570 2327 613 mus
2354 548 2503 617 (Luc.
2533 576 2573 628 ι,
2599 561 2715 633 27).
2746 550 2953 620 Bonum
2976 573 3091 622 erat
3121 567 3265 640 quod
3280 566 3564 643 faciebant,
3581 588 3702 647 quae
3728 577 3804 636 de

2204 651 2499 709 substantia
2532 670 2627 710 sua
2668 656 2884 715 Christo
2922 676 2987 716 ac
3020 660 3295 733 discipulis
3329 667 3447 736 ejus
3490 673 3802 731 necessaria

2204 746 2604 815 ministrabant;
2637 750 2731 809 sed
2759 754 2951 809 melius
2978 754 3067 825 qui
3098 770 3313 812 omnem
3344 775 3494 815 suam
3538 763 3798 822 substan-

2204 836 2332 891 tiam
2359 838 2708 909 dimiserunt,
2743 852 2800 898 ut
2838 845 3195 915 expeditiores
3226 849 3479 905 eumdem
3512 853 3802 913 Dominum

2203 940 2572 1001 sequerentur.
2605 931 2663 987 In
2693 934 2777 991 bis
2805 946 2981 992 autem
3012 939 3151 994 binis
3178 939 3355 1007 bonis,
3390 943 3504 998 sive
3534 962 3653 1016 quae
3681 948 3798 1017 isti,

2202 1020 2317 1077 sive
2340 1038 2461 1092 quae
2489 1023 2695 1079 Martha
2731 1034 2785 1081 et
2812 1026 2976 1082 Maria
3005 1028 3301 1096 faciebant,
3331 1031 3449 1091 ﬁeri
3477 1050 3584 1090 non
3615 1046 3805 1106 posset

2203 1114 2345 1183 quod
2383 1116 2572 1171 melius
2598 1128 2708 1183 est,
2737 1119 2841 1174 nisi
2876 1123 3046 1177 altero
3078 1125 3438 1193 prmtermisso
3468 1137 3561 1183 aut
3585 1130 3803 1185 relicto.

2207 1202 2356 1260 Unde
2384 1205 2782 1277 intelligendum
2812 1218 2895 1265 est
2941 1226 3047 1266 non
3091 1211 3212 1268 ideo
3243 1215 3444 1271 malum
3489 1220 3788 1287 putandum

2201 1309 2323 1352 esse
2345 1300 2575 1369 nuptias,
2605 1302 2727 1371 quia
2768 1302 2870 1358 nisi
2904 1304 2971 1360 ab
3000 1305 3079 1360 eis
3103 1307 3449 1376 abstineatur,
3484 1327 3591 1366 non
3618 1322 3803 1383 potest

2200 1388 2386 1445 haberi
2412 1390 2640 1447 vidualis
2665 1394 2881 1449 castitas
2920 1404 3012 1451 aut
3049 1397 3325 1469 virginalis
3354 1400 3651 1472 integritas.
3684 1405 3802 1461 Ne-

2199 1495 2305 1551 que
2328 1482 2469 1537 enim
2493 1482 2614 1539 ideo
2635 1483 2835 1539 malum
2858 1494 2973 1541 erat
2996 1488 3139 1558 quod
3163 1488 3367 1546 Martha
3393 1491 3643 1563 faciebat,
3671 1497 3805 1568 quia

2198 1573 2303 1629 nisi
2330 1574 2454 1629 inde
2484 1576 2779 1633 abstineret
2803 1592 2957 1635 soror
2977 1580 3115 1651 ejus,
3144 1597 3253 1637 non
3282 1583 3483 1641 faceret
3508 1588 3650 1658 quod
3677 1606 3803 1645 me-

2198 1663 2302 1721 lius
2330 1675 2444 1722 erat
2474 1685 2486 1721 :
2518 1676 2610 1723 aut
2652 1668 2772 1726 ideo
2817 1673 3017 1727 malum
3046 1684 3130 1729 est
3155 1677 3427 1747 suscipere
3463 1679 3667 1749 justum
3706 1688 3807 1738 aut

2197 1756 2515 1828 prophetam
2540 1761 2591 1815 in
2624 1761 2841 1819 domum
2867 1780 3039 1833 suam,
3064 1768 3189 1837 quia
3220 1783 3320 1824 nec
3349 1769 3566 1827 domum
3597 1772 3806 1831 habere

2198 1849 2378 1919 debet,
2410 1862 2471 1908 ut
2495 1855 2635 1925 quod
2684 1857 2875 1913 melius
2917 1867 3001 1914 est
3042 1858 3222 1928 faciat,
3257 1862 3348 1933 qui
3375 1864 3486 1919 vult
3512 1865 3580 1921 ad
3618 1866 3805 1936 perfe~

2199 1941 2429 1998 ctionem
2460 1943 2731 2000 Christum
2759 1950 2928 2019 sequi.

2272 2032 2498 2090 CAPUT
2537 2035 2629 2091 1X.
2660 2066 2731 2079 —-
2760 2037 2813 2094 9.
2862 2040 3167 2115 Conjugium
3205 2045 3391 2101 bonum
3435 2054 3507 2104 est
3548 2065 3651 2104 non
3700 2052 3808 2107 nisi

2202 2138 2408 2199 prepter
2432 2130 2576 2184 aliud
2601 2136 2955 2202 expetendum.
2982 2136 3229 2210 Canjugio
3250 2141 3323 2194 uti
3347 2141 3577 2197 debuisse
3595 2152 3808 2201 sanctos

2202 2218 2377 2290 primis
2417 2222 2723 2292 temporibus
2758 2240 2775 2279 :
2817 2242 2950 2280 nunc
2987 2231 3356 2300 prwferendam
3382 2250 3488 2288 esse
3523 2236 3807 2290 continen-

2203 2311 2346 2366 tiam.
2376 2311 2516 2370 Sane
2542 2315 2829 2372 videndum
2851 2328 2952 2385 est,
2979 2321 3079 2375 alia
3105 2322 3244 2377 bona
3268 2325 3421 2381 nobis
3451 2326 3615 2383 Deum
3643 2328 3809 2400 dare,

2200 2418 2319 2475 quas
2340 2416 2559 2476 propter
2598 2422 2656 2463 se
2680 2409 2794 2479 ipsa
2820 2413 3116 2481 expetenda
3141 2425 3285 2483 sunt,
3315 2418 3452 2472 sicut
3478 2427 3557 2474 est
3584 2420 3811 2490 sapien-

2200 2497 2297 2565 tia,
2328 2498 2491 2565 salus,
2524 2500 2787 2568 amicitia;
2815 2503 2918 2558 alia
2940 2520 3058 2575 quae
3084 2516 3301 2577 propter
3325 2509 3524 2580 aliquid
3551 2521 3675 2567 sunt
3703 2527 3811 2569 ne-

2200 2590 2455 2655 cessaria,
2481 2591 2618 2646 sicut
2643 2592 2908 2661 doctrina,
2933 2596 3105 2665 cibus,
3129 2608 3308 2668 potus,
3337 2615 3579 2671 somnus,
3607 2603 3813 2674 conju-

2200 2681 2345 2755 gium
2368 2723 2381 2748 ,
2413 2684 2751 2740 concubitus.
2798 2686 2999 2743 Horum
3032 2690 3177 2745 enim
3224 2693 3466 2762 quazdam
3496 2696 3813 2755 necessaria

2201 2781 2329 2829 sunt
2348 2783 2566 2845 prepter
2586 2776 2925 2847 sapientiam,
2949 2780 3086 2836 sicut
3110 2781 3382 2850 doctrina;
3406 2787 3648 2856 quaedam
3674 2803 3813 2858 pro-

2200 2873 2322 2937 pter
2346 2868 2598 2936 salutem,
2624 2870 2761 2925 sicut
2783 2871 2964 2939 cibus,
2994 2881 3050 2929 ct
3078 2882 3259 2943 potus,
3286 2888 3341 2931 et
3368 2892 3619 2945 somnus,
3653 2895 3813 2950 qua:-

2201 2957 2323 3013 dam
2353 2967 2573 3029 propter
2602 2960 2910 3031 amicitiam,
2936 2964 3075 3019 sicut
3097 2968 3298 3037 nuptire
3323 2969 3405 3023 vel
3436 2970 3754 3029 concubitus
3789 2989 3811 3031 :

2200 3047 2325 3104 hinc
2349 3050 2491 3105 enim
2517 3050 2761 3107 subsistit
2782 3058 3093 3126 propagatio
3113 3061 3325 3129 generis
3349 3060 3587 3128 humani,
3611 3063 3662 3117 in
3688 3079 3810 3135 quo

2200 3142 2431 3199 societas
2461 3144 2701 3199 amicalis
2725 3161 2975 3217 magnum
3004 3148 3203 3205 bonum
3234 3160 3331 3206 est.
3368 3151 3457 3208 His
3483 3154 3662 3224 itaque
3692 3156 3807 3212 bo-

2201 3236 2285 3291 nis
2310 3251 2429 3307 qua:
2454 3244 2671 3306 propter
2691 3237 2834 3292 aliud
2864 3242 3166 3297 necessaria
3196 3252 3338 3310 sunt,
3364 3245 3455 3315 qui
3477 3261 3583 3301 non
3603 3247 3669 3302 ad
3692 3247 3811 3307 hoc

2201 3330 2370 3385 utitur
2400 3337 2619 3400 propter
2645 3331 2786 3401 quod
2830 3331 3070 3389 instituta
3100 3346 3225 3391 sunt
3244 3378 3259 3403 ,
3291 3345 3494 3406 peccat,
3538 3338 3673 3395 alias
3702 3357 3810 3398 ve-

2200 3420 2431 3487 nialiter,
2464 3422 2595 3476 alias
2625 3421 3023 3480 damnabiliter.
3047 3425 3299 3497 Quisquis
3320 3442 3447 3483 vero
3473 3428 3552 3484 eis
3578 3440 3813 3501 propter

2199 3509 2303 3567 hoc
2344 3512 2545 3579 utitur,
2580 3522 2800 3583 propter
2828 3515 2970 3584 quod
3018 3516 3137 3572 data
3185 3527 3330 3586 sunt,
3361 3519 3500 3575 bene
3527 3520 3671 3576 facit.
3700 3523 3814 3580 Cui

2200 3618 2331 3674 ergo
2379 3620 2486 3659 non
2528 3614 2653 3660 sunt
2693 3609 3025 3677 necessaria,
3065 3609 3109 3663 si
3139 3625 3244 3665 non
3276 3612 3359 3668 eis
3385 3612 3573 3680 utitur,
3605 3615 3815 3673 melius

2200 3693 2347 3749 facit.
2377 3694 2609 3751 Proinde
2636 3696 2734 3752 ista
2758 3698 2896 3754 bona
2927 3713 3048 3755 cum
3071 3715 3205 3772 opus
3236 3702 3515 3774 habemus,
3544 3706 3680 3762 bene
3706 3723 3815 3765 vo-

2199 3785 2379 3841 lumus
2410 3803 2424 3840 :
2458 3787 2553 3842 sed
2580 3789 2768 3845 melius
2792 3805 2854 3845 ea
2899 3792 3145 3849 nolumus
3168 3810 3328 3865 quam
3356 3797 3639 3865 volumus;
3670 3799 3814 3870 quia

2202 3885 2327 3933 tunc
2358 3879 2549 3935 melius
2570 3895 2668 3937 nos
2698 3881 2976 3951 habemus,
3008 3901 3127 3941 cum
3160 3902 3222 3942 ea
3252 3892 3555 3946 necessaria
3577 3907 3683 3947 non
3709 3891 3817 3950 ha-

2200 3967 2412 4024 bemus.
2438 3969 2518 4026 Ac
2556 3986 2653 4041 per
2683 3971 2785 4027 hoc
2824 3974 3019 4030 bonum
3065 3985 3146 4033 est
3184 3980 3417 4047 nubere,
3447 3982 3569 4053 quia
3600 3983 3817 4043 bonum

2200 4070 2285 4117 est
2314 4061 2451 4118 filios
2491 4079 2774 4133 procreare
2796 4107 2811 4133 ,
2845 4069 3298 4128 matremfamilias
3335 4089 3457 4130 esse
3483 4075 3535 4146 (Ι
3575 4075 3714 4131 Tim.
3749 4094 3818 4149 γ,

2205 4154 2315 4225 14)
2352 4168 2366 4207 :
2396 4156 2490 4211 sed
2519 4159 2712 4214 melius
2742 4168 2824 4214 est
2852 4176 2957 4216 non
2985 4163 3206 4233 nubere,
3235 4167 3358 4237 quia
3395 4170 3585 4226 melius
3619 4182 3706 4227 est
3736 4173 3819 4230 ad

2202 4246 2372 4316 ipsam
2400 4247 2687 4303 humanam
2717 4252 3027 4309 societatem
3059 4254 3160 4312 hoc
3184 4273 3348 4330 opere
3375 4276 3483 4317 non
3512 4278 3690 4335 egere.
3727 4264 3820 4325 lta

2202 4336 2347 4392 enim
2366 4337 2478 4408 jam
2513 4353 2631 4394 sese
2658 4339 2818 4397 habet.
2844 4342 3134 4402 humanum
3172 4365 3359 4420 genus,
3392 4362 3449 4409 ut
3474 4355 3593 4410 aliis
3619 4357 3713 4426 qui
3746 4372 3821 4416 se

2202 4442 2312 4485 non
2338 4431 2634 4499 continent,
2657 4448 2763 4489 non
2802 4438 2974 4493 solum
3019 4455 3113 4510 per
3136 4445 3348 4513 nuptias
3378 4450 3666 4519 occupatis,
3701 4453 3820 4511 sed

2204 4521 2390 4576 multis
2432 4523 2592 4577 etiam
2633 4539 2730 4594 per
2774 4528 2987 4585 illicitos
3023 4534 3338 4591 concubitus
3376 4538 3820 4615 luxuriantibus,

2201 4610 2345 4666 bono
2371 4613 2624 4669 Creatore
2649 4614 2717 4671 de
2757 4618 2909 4673 malis
2938 4635 3123 4677 eorum
3162 4623 3388 4685 faciente
3426 4631 3566 4701 quod
3597 4610 3825 4694 bonurn

2202 4711 2308 4771 est,
2341 4719 2445 4760 non
2476 4706 2615 4762 desit
2644 4713 2996 4768 numerositas
3027 4717 3193 4784 prolis
3234 4727 3289 4775 et
3326 4721 3646 4784 abundantia
3678 4742 3826 4786 suc-

2201 4798 2481 4865 cessionis,
2507 4801 2648 4857 unde
2672 4812 2870 4861 sanctae
2894 4808 3140 4864 amicitiae
3160 4815 3562 4883 conquirantur.
3590 4818 3668 4873 Ex
3694 4836 3826 4891 quo

2202 4889 2489 4961 colligitur,
2524 4894 2708 4962 primis
2750 4898 3080 4967 temporibus
3112 4904 3325 4971 generis
3350 4906 3588 4977 humani,
3618 4889 3824 4970 maxi-

2202 4995 2289 5035 me
2318 4990 2536 5053 propter
2566 4985 2658 5040 Dei
2690 4990 2944 5057 pupulum
2974 4996 3404 5066 propagandum,
3432 5015 3529 5071 per
3554 5018 3717 5072 quem
3760 5016 3830 5064 et

2202 5074 2615 5144 prophetaretur
2657 5086 2713 5132 et
2770 5092 3079 5139 nasceretur
3126 5087 3381 5160 Princeps
3451 5101 3505 5147 et
3550 5093 3828 5154 Salvator

2200 5166 2438 5219 omnium
2469 5167 2784 5237 populorum
2807 5212 2821 5234 ,
2859 5174 2934 5227 uti
2973 5175 3223 5234 debuisse
3262 5190 3473 5237 sanctos
3503 5184 3605 5239 isto
3630 5228 3645 5253 ,
3689 5205 3829 5249 non

2205 5250 2423 5325 propter
2451 5272 2511 5312 se
2546 5262 2880 5331 expetendo,
2927 5267 3020 5322 sed
3058 5279 3275 5340 propter
3303 5273 3445 5329 aliud
3492 5282 3833 5339 necessario

2203 5347 2345 5402 bono
2390 5350 2692 5419 nuptiarum
2725 5372 2739 5407 :
2772 5371 2912 5413 nunc
2936 5375 3066 5415 vero
3108 5377 3227 5417 cum
3256 5364 3323 5418 ad
3364 5366 3647 5423 iucundam
3675 5387 3829 5427 san-

2198 5449 2343 5495 ctam
2392 5449 2448 5496 et
2499 5442 2762 5501 sinceram
2806 5450 3114 5507 societatem
3160 5454 3394 5526 undique
3438 5472 3502 5513 ex
3549 5461 3831 5523 omnibus

2202 5532 2451 5602 gentibus
2480 5536 2635 5605 copia
2663 5539 2958 5609 Spiritualis
2978 5546 3309 5614 cognationis
3334 5549 3609 5617 exuberet,
3633 5552 3831 5613 etiam

511 4542 647 4599 ﬁdes
690 4543 948 4614 impietati
996 4544 1304 4615 prazfertur.
1347 4546 1431 4601 Ad
1474 4548 1576 4603 hoc
1622 4550 1762 4604 enim
1799 4550 1933 4621 justi
1976 4567 2099 4608 cum

512 4650 647 4708 opus
673 4644 759 4693 est
783 4636 1066 4708 prandent,
1097 4647 1153 4694 ut
1186 4646 1433 4709 tanquam
1456 4640 1584 4696 boni
1614 4641 1814 4698 domini
1844 4643 1988 4715 quod
2008 4645 2099 4716 ju-

504 4736 655 4793 stum
694 4739 747 4786 et
775 4745 984 4801 aequum
1031 4740 1114 4786 est
1147 4732 1312 4787 servis
1341 4735 1655 4805 corporibus
1684 4737 1957 4806 praebeant
1986 4756 1998 4793 :
2031 4739 2099 4795 ad

510 4819 619 4878 hoc
642 4830 818 4877 autem
846 4822 1091 4895 sacrilegi
1106 4822 1365 4894 jejunant,
1400 4834 1458 4881 ut
1476 4826 1813 4885 daemonibus
1839 4832 2097 4888 serviant.

512 4912 604 4969 Sic
633 4913 699 4969 ad
724 4914 827 4971 hoc
849 4914 1056 4970 nubunt
1076 4914 1283 4984 ﬁdeles,
1308 4925 1361 4972 ut
1392 4919 1595 4975 maritis
1618 4920 1809 4992 pudice
1838 4924 2097 4995 copulen-

512 5011 601 5060 tur
633 5024 646 5060 :
678 5005 745 5060 ad
781 5005 883 5062 hoc
920 5014 1099 5062 autem
1145 5015 1271 5062 sunt
1306 5008 1537 5080 virgines
1577 5012 1779 5083 impiae,
1816 5023 1873 5069 ut
1911 5030 1940 5069 a
1971 5032 2099 5073 vero

512 5095 626 5152 Deo
653 5097 997 5154 fornicentur.
1031 5097 1181 5155 Sicut
1214 5114 1342 5171 ergo
1366 5100 1562 5158 bonum
1584 5113 1701 5161 erat
1725 5108 1864 5178 quod
1893 5109 2099 5165 Martha

512 5187 763 5256 faciebat,
789 5200 1043 5262 occupata
1077 5192 1218 5247 circa
1253 5192 1609 5251 ministerium
1644 5208 1972 5265 sanctorum,
2004 5202 2097 5257 sed

511 5281 704 5336 melius
733 5283 875 5352 quod
905 5283 1063 5338 Maria
1090 5299 1244 5341 soror
1273 5285 1389 5356 ejus
1418 5286 1611 5344 sedens
1637 5290 1704 5346 ad
1728 5292 1888 5362 pedes
1918 5294 2094 5349 Domi-

512 5371 590 5437 ni,
622 5382 675 5428 et
705 5374 924 5430 audiens
951 5376 1173 5432 verbum
1195 5377 1348 5447 ejus'
1378 5378 1527 5450 (Luc.
1556 5397 1612 5449 κ,
1643 5383 1827 5457 59-42)
1859 5404 1871 5440 :
1906 5387 1975 5441 ita
1998 5388 2096 5443 ho-

511 5476 641 5517 num
667 5460 923 5520 Susanna:
946 5466 998 5521 in
1033 5468 1296 5539 conjugali
1333 5470 1578 5528 castitate
1609 5472 1884 5531 laudamus
1912 5476 2093 5549 (Dan.

512 5552 668 5625 xm);
697 5553 791 5610 sed
820 5564 997 5613 tamen
1023 5559 1071 5635 ei
1097 5560 1296 5617 bonum
1323 5562 1498 5619 vidua:
1527 5565 1692 5622 Annae
1724 5568 1874 5639 (Luc.
1916 5586 1973 5639 ιι,
2006 5572 2094 5639 56,

511 5644 582 5703 37
612 5645 632 5717 )
660 5685 682 5716 ³
733 5661 796 5702 ac
852 5628 1043 5706 mum,‘
1084 5653 1251 5725 magis
1301 5654 1486 5714 Mariae
1538 5628 1753 5732 virgini;
1814 5628 2097 5734 antcéoni;
2204 5628 2578 5734 proptersolos
2599 5629 3011 5734 filios-connubia
3030 5640 3280 5709 cepulare
3300 5642 3593 5734 cupientes,
3612 5655 3838 5705 utam-

2204 5718 2372 5789 pliore
2388 5721 2726 5778 continentiae
2744 5725 2882 5783 bono
2896 5729 3075 5798 potius
3090 5739 3305 5787 utantur
3316 5733 3634 5790 admonendi
3648 5751 3766 5795 sun
3779 5749 3830 5796 t.

2277 5809 2499 5867 CAPUT
2538 5813 2605 5867 Χ.
2655 5846 2725 5855 -
2780 5820 2865 5875 ιο.
2898 5788 3148 5892 ὀιήεστίο
3199 5833 3374 5879 contra
3410 5788 3831 5891 causam;
3892 5788 3917 5857 ἒ

2208 5904 2359 5959 Nunc
2406 5907 2440 5960 ii
2481 5907 2576 5961 soli
2608 5913 2875 5982 conjugari
2916 5916 3120 5986 debent,
3150 5921 3241 5989 qui
3276 5937 3332 5976 se
3372 5938 3476 5978 non
3516 5923 3832 5985 continent.

2208 6000 2429 6070 Nuptias
2463 6023 2561 6063 non
2598 6026 2701 6066 esse
2727 6020 3003 6072 peccatum.
3038 6011 3303 6081 Nuptialis
3341 6016 3627 6076 concubitus
3652 6022 3845 6081 solus

582 5854 758 5932 1&9},
1057 5872 1073 5910 :
1097 5861 1499 5932 dissentientibus
1533 5870 1675 5922 editis
1698 5870 1802 5923 aliis
1821 5882 1872 5925 et
1895 5883 1997 5928 uss.

514 5915 855 6042 ίεέεἳξξδὲεῗ·
871 5920 1019 5975 editio
1051 5932 1158 5978 ων.
1194 5915 1325 5981 addit
1337 5915 1518 5992 ζ”ἕιὶῖη
1538 5915 1674 5987 ἐῖτῆ
1699 5915 1872 5991 ’ἇὶἱιὶᾶἷ
1893 5915 2097 6005 Matio
