4070 6334
1584 405 1603 418 ο
1618 404 1693 421 4Ἷ⁴⁴Ρ
1724 410 1781 421 ...ις

273 626 348 682 ille
378 630 457 681 est
485 624 579 697 qui
606 624 670 697 ﬁt
702 638 859 680 causa
886 620 1179 695 generandi.
1208 617 1313 677 Sed
1341 618 1467 679 novi
1496 617 1587 691 qui
1625 632 1872 674 murmu-

281 730 427 779 rent:
459 718 605 788 Quid
653 718 734 789 si,
763 717 1043 787 inquiunt,
1086 730 1275 773 omnes
1320 713 1565 770 homines
1604 712 1770 768 velint
1808 711 1877 768 ab

286 813 419 870 omni
444 810 740 868 concubitu
768 809 1076 875 continere;
1108 806 1249 864 unde
1286 807 1542 863 subsistet
1581 820 1748 876 genus
1776 803 1875 859 bu-

286 906 532 963 manum?
556 904 777 962 Utinam
803 917 990 958 omnes
1017 901 1119 957 hoc
1139 900 1360 967 vellent,
1385 899 1640 955 duntaxat
1665 898 1717 953 in
1743 897 1873 953 cha-

288 1001 435 1055 ritate
459 997 529 1053 de
558 996 724 1052 corde
764 1010 900 1067 puro
925 1002 980 1049 et
1016 993 1342 1049 conscientia
1388 990 1525 1046 bona
1555 999 1611 1046 et
1639 988 1741 1045 ﬁde
1767 1003 1874 1045 non

288 1091 396 1145 ﬁcta
428 1089 472 1161 (l
488 1087 625 1143 Tim.
660 1103 695 1154 I,
722 1084 778 1159 5)
799 1085 993 1141 :multo
1015 1084 1172 1140 citius
1186 1082 1870 1154 Deicivitascompleretur,

288 1192 337 1240 et
376 1182 771 1237 acceleraretur
818 1178 1078 1235 terminus
1114 1177 1315 1233 saeculi.
1365 1176 1503 1248 Quid
1544 1176 1687 1233 enim
1731 1174 1876 1232 aliud

289 1275 487 1331 hortari
510 1284 733 1345 apparet
757 1273 1097 1344 Apostolum,
1131 1271 1218 1327 ubi
1244 1272 1338 1340 ait,
1381 1286 1503 1326 cum
1531 1269 1655 1326 inde
1684 1269 1874 1341 loque-

287 1379 450 1436 retur,
488 1367 679 1422 Vellem
700 1382 870 1422 omnes
891 1382 997 1420 esse
1012 1365 1139 1418 sicut
1161 1381 1240 1418 me
1264 1365 1429 1435 ipsum
1446 1364 1471 1418 ?
1490 1363 1596 1419 Aut
1615 1362 1705 1418 illo
1725 1361 1872 1419 loco:

288 1460 398 1515 Hoc
426 1469 596 1514 autem
619 1459 753 1525 dico,
776 1463 958 1531 fratres
983 1472 1001 1511 :
1021 1466 1218 1527 tempus
1245 1456 1388 1510 breve
1410 1464 1516 1521 est;
1537 1454 1784 1525 reliquum
1803 1461 1877 1513 est

287 1558 337 1606 ut
357 1563 403 1605 et
433 1552 488 1605 hi
516 1550 603 1621 qui
626 1552 809 1605 habent
838 1566 1019 1605 uxores
1036 1589 1053 1617 ,
1093 1558 1329 1618 tanquam
1354 1564 1455 1601 non
1481 1546 1714 1601 habentes
1739 1545 1840 1601 sint
1853 1561 1877 1614 ;

285 1651 331 1699 et
356 1660 444 1708 aut
477 1645 626 1712 ﬂent,
665 1652 902 1715 tanquam
926 1657 1029 1696 non
1059 1642 1275 1712 ﬂentes;
1299 1649 1345 1695 et
1378 1639 1464 1710 qui
1487 1638 1729 1710 gaudent,
1758 1647 1876 1693 tan-

288 1750 433 1811 quam
459 1752 563 1790 non
591 1735 901 1808 gaudentes;
930 1743 977 1788 et
1001 1733 1088 1804 qui
1112 1740 1302 1799 emunt,
1326 1739 1563 1803 tanquam
1584 1748 1684 1786 non
1702 1746 1877 1786 emen-

289 1838 387 1885 tes:
413 1837 463 1883 et
497 1828 585 1898 qui
619 1836 833 1882 utuntur
860 1826 955 1880 hoc
979 1824 1189 1891 mundo,
1219 1833 1456 1895 tanquam
1481 1840 1581 1877 non
1620 1832 1827 1878 utantur
1855 1837 1878 1878 :

289 1922 506 1994 praeterit
532 1920 669 1975 enim
690 1920 858 1990 ﬁgura
883 1918 1034 1990 hujus
1064 1918 1260 1971 mundi.
1305 1915 1428 1972 Volo
1447 1932 1532 1970 vos
1556 1916 1663 1970 sine
1682 1914 1877 1970 sollici-

288 2011 458 2066 tudine
479 2027 607 2066 esse.
631 2009 837 2066 Deinde
866 2010 1135 2081 subjungit
1159 2027 1170 2062 :
1204 2009 1303 2076 Qui
1334 2010 1441 2064 sine
1464 2024 1621 2063 uxore
1646 2016 1716 2063 est
1735 2050 1753 2077 ,
1791 2025 1878 2063 co-

287 2105 412 2179 gitat
447 2120 513 2161 ea
544 2118 657 2176 qua:
698 2111 817 2157 sunt
856 2100 1094 2169 Domini,
1136 2102 1384 2171 quomodo
1408 2101 1606 2173 placeat
1635 2098 1873 2155 Domino.

292 2196 395 2267 Qui
420 2205 587 2253 autem
614 2193 935 2251 matrimonio
962 2194 1258 2261 coniunctus
1281 2202 1352 2247 est
1368 2234 1384 2259 ,
1414 2192 1599 2265 cogitat
1625 2208 1738 2262 quin
1760 2201 1878 2249 sunt

288 2289 488 2357 mundi,
510 2288 760 2361 quomodo
788 2290 983 2362 placeat
1014 2287 1181 2345 uxori.
1208 2284 1279 2341 Et
1306 2286 1467 2341 divisa
1490 2296 1563 2342 est
1591 2287 1770 2342 mulier
1796 2287 1878 2342 in—

289 2394 449 2455 nupta
471 2394 519 2439 et
545 2384 683 2455 virgo
702 2383 720 2415 ¹
752 2402 765 2438 :
796 2400 913 2456 qua:
934 2383 1151 2455 innupta
1177 2390 1281 2452 est,
1320 2381 1538 2439 sollicita
1568 2389 1644 2439 est
1672 2399 1731 2445 ea
1766 2397 1878 2454 qua

286 2487 405 2535 sunt
423 2476 651 2546 Domini,
680 2485 734 2531 ut
754 2479 818 2532 sit
837 2487 1012 2532 sancta
1039 2487 1084 2531 et
1110 2493 1320 2549 corpore
1346 2484 1391 2531 et
1415 2477 1630 2547 spiritu;
1652 2491 1769 2549 qum
1784 2492 1879 2533 au-

286 2578 384 2624 tem
405 2579 560 2640 nupta
598 2579 689 2633 est,
726 2569 945 2624 sollicita
978 2579 1050 2625 est
1084 2586 1197 2641 quis
1232 2577 1351 2625 sunt
1386 2570 1595 2637 mundi,
1625 2570 1877 2640 quomodo

288 2662 482 2732 placeat
508 2660 635 2715 viro.
669 2659 818 2715 Unde
844 2661 973 2715 mibi
1001 2660 1210 2717 videtur
1231 2661 1334 2715 hoc
1357 2670 1597 2731 tempore
1615 2662 1759 2717 solos
1783 2678 1876 2719 eos

286 2752 374 2823 qui
409 2766 469 2806 se
496 2767 605 2806 non
636 2752 944 2818 continent,
979 2752 1252 2823 conjugari
1284 2761 1552 2823 oportere,
1580 2754 1876 2810 secundum

288 2844 433 2899 illam
458 2843 703 2914 ejusdem
738 2844 967 2921 apostoli
1007 2844 1326 2901 sententiam
1362 2862 1375 2898 :
1411 2844 1560 2913 Quod
1596 2846 1640 2900 si
1680 2862 1733 2901 se
1775 2863 1879 2907 non

287 2936 562 3002 continent,
592 2935 821 3003 nubant;
844 2937 1020 2992 melius
1033 2945 1108 2991 est
1136 2938 1269 2991 enim
1297 2935 1481 2992 nubere
1499 2932 1651 3008 quam
1674 2939 1778 2994 uri.

354 3026 443 3083 11.
483 3026 597 3083 Nec
626 3027 756 3099 ipsis
782 3038 958 3083 tamen
989 3038 1265 3100 peccatum
1287 3037 1411 3087 sunt
1437 3031 1659 3101 nuptiae,
1682 3046 1800 3102 quae
1827 3030 1878 3088 si

287 3117 341 3175 in
360 3121 765 3191 comparatione
790 3119 1157 3178 fornicationis
1182 3122 1526 3194 eligerentur,
1558 3122 1735 3179 minus
1755 3138 1878 3195 pec-

288 3224 461 3269 eatum
488 3223 675 3271 essent
717 3229 878 3285 quam
912 3213 1221 3281 tornicatio,
1251 3214 1347 3272 sed
1389 3224 1565 3273 tamen
1600 3225 1876 3287 peccatum

285 3314 483 3361 essent.
512 3304 665 3361 Nunc
688 3316 868 3362 autem
891 3304 1017 3377 quid
1042 3305 1236 3362 dicturi
1258 3320 1445 3363 sumus
1477 3307 1736 3371 adversus
1761 3308 1876 3365 evi-

286 3393 657 3452 dentissimam
686 3412 873 3452 vocem
900 3396 1141 3469 Apostoli
1180 3397 1405 3455 dicentis
1434 3416 1447 3453 :
1480 3398 1629 3468 Quod
1664 3399 1768 3455 uult
1797 3403 1878 3474 fa-

286 3488 424 3552 ciat;
451 3504 556 3541 non
577 3496 772 3558 peccat,
794 3487 1002 3543 sinubat
1024 3505 1046 3555 ;
1070 3497 1144 3557 et,
1168 3488 1495 3561 Siacceperis
1516 3506 1743 3560 uxorem,
1774 3509 1878 3557 non

288 3578 507 3647 peccasti
529 3593 551 3641 ;
583 3585 628 3632 et
651 3578 695 3633 si
714 3580 941 3649 nupserit
969 3580 1128 3652 virgo,
1158 3596 1259 3635 non
1288 3590 1460 3651 peccat
1486 3580 1528 3654 (l
1559 3581 1678 3638 Cor.
1700 3599 1793 3653 vn,
1819 3585 1873 3653 7,

284 3665 497 3741 28-36).
528 3668 667 3725 Hinc
696 3679 842 3726 certe
862 3670 974 3744 jam
1014 3671 1260 3729 dubitare
1300 3673 1380 3730 fas
1419 3691 1527 3731 non
1556 3685 1639 3733 est
1665 3679 1878 3749 nuptias

283 3773 390 3815 non
410 3775 533 3817 esse
560 3771 859 3832 peccatum.
884 3761 1000 3818 Non
1030 3763 1207 3835 itaque
1234 3765 1447 3836 nuptias
1470 3769 1761 3824 secundum
1786 3785 1878 3827 ve-

282 3853 428 3908 niam
456 3851 709 3909 concedit
737 3854 1022 3926 Apostolus
1053 3872 1067 3913 :
1100 3870 1223 3911 nam
1251 3857 1371 3930 quis
1409 3858 1645 3932 ambigat
1683 3860 1876 3918 absun-

281 3944 505 4002 dissime
546 3945 657 4002 dici
703 3960 809 4002 non
848 3961 942 4003 eos
982 3963 1233 4020 peccasse
1272 3950 1468 4021 quibus
1493 3954 1648 4009 venia
1676 3953 1878 4013 datur?

281 4035 387 4094 Sed
415 4038 571 4094 illum
616 4039 958 4096 concubitum
1006 4042 1299 4099 secundum
1341 4046 1552 4103 veniam
1594 4049 1876 4119 concedit,

284 4128 454 4199 quiﬁt
482 4145 581 4200 per
601 4130 1061 4201 incontinentiam,
1090 4148 1197 4189 non
1217 4134 1330 4190 sola
1354 4151 1514 4193 causa
1537 4142 1876 4212 procreandi,

283 4228 338 4275 et
378 4219 670 4291 aliquando
712 4221 855 4277 nulla
885 4237 1041 4279 causa
1083 4226 1435 4295 procreandi;
1481 4244 1641 4301 quem
1680 4233 1879 4304 nuptiae

283 4326 388 4368 non
440 4312 561 4369 ﬁeri
603 4322 828 4385 cogunt,
863 4316 958 4372 sed
1004 4316 1205 4390 ignosci
1250 4318 1575 4391 impetrant:
1607 4323 1655 4379 si
1700 4333 1879 4382 tamen

282 4418 391 4460 non
414 4403 491 4459 ita
521 4404 591 4459 sit
622 4406 840 4473 nimius,
867 4416 929 4463 ut
961 4407 1216 4479 impediat
1235 4426 1353 4482 qua:
1380 4415 1614 4483 seposita
1636 4430 1757 4475 esse
1780 4417 1878 4474 de.

282 4496 412 4554 bent
435 4508 680 4569 tempora
699 4500 910 4570 orandi,
934 4516 1034 4558 nec
1059 4503 1368 4563 immutetur
1393 4507 1443 4562 in
1468 4522 1593 4565 eum
1614 4524 1768 4566 usum
1789 4511 1880 4582 qui

281 4598 366 4644 est
383 4598 575 4645 contra
605 4598 876 4659 naturam,
909 4591 973 4648 de
998 4609 1104 4666 quo
1128 4596 1417 4666 Apostolus
1445 4607 1624 4657 tacere
1653 4616 1760 4657 non
1782 4617 1879 4674 po-

283 4681 417 4749 tuit,
461 4697 585 4739 cum
625 4682 695 4740 de
720 4686 1038 4757 corruptelis
1064 4688 1243 4747 nimiis
1270 4692 1669 4749 immundorum
1689 4705 1745 4751 et
1773 4696 1876 4752 im-

282 4774 494 4843 piorum
523 4775 806 4832 hominum
836 4779 1143 4850 loqueretur
1171 4780 1358 4852 (Rom.
1391 4800 1430 4848 ι,
1460 4785 1552 4854 26,
1579 4785 1647 4841 27
1670 4786 1714 4858 ).
1740 4787 1882 4845 Con-

280 4867 496 4923 cubitus
522 4868 671 4923 enim
700 4872 1035 4928 necessarius
1059 4888 1218 4929 causa
1244 4876 1554 4946 generandi,
1582 4878 1879 4949 inculpabi-

280 4955 349 5014 lis
390 4968 448 5016 et
484 4960 635 5016 solus
676 4962 791 5033 ipse
838 4964 1089 5036 nuptialis
1117 4976 1219 5025 est.
1261 4967 1357 5024 llle
1399 4978 1576 5026 autem
1613 4972 1701 5043 qui
1739 4974 1877 5031 ultra

281 5048 437 5106 istam
469 5052 849 5111 necessitatem
879 5058 1238 5129 progreditur,
1263 5060 1376 5131 jam
1406 5077 1510 5118 non
1540 5064 1755 5133 rationi,
1780 5067 1878 5125 sed

280 5141 492 5200 libidini
519 5144 856 5218 obsequitur.
899 5148 971 5205 Et
1002 5151 1142 5207 hunc
1168 5161 1346 5210 tamen
1376 5170 1481 5211 non
1513 5157 1747 5229 exigere,
1778 5161 1877 5219 sed

278 5236 510 5294 reddere
551 5239 788 5312 conjugi,
831 5256 900 5298 ne
928 5240 1241 5301 fornicando
1272 5246 1645 5307 damnabiliter
1668 5262 1876 5323 peccet,

276 5326 345 5381 ad
364 5344 657 5398 personam
677 5333 911 5404 pertinet
930 5336 1284 5407 coniugalem.
1308 5338 1365 5395 Si
1395 5349 1572 5397 autem
1595 5343 1757 5401 ambo
1779 5346 1876 5403 tali

273 5422 736 5493 concupiscentiae
785 5425 1121 5496 subiguntur,
1164 5444 1281 5485 rem
1334 5430 1536 5489 faciunt
1575 5450 1681 5491 non
1717 5437 1878 5507 plane

272 5514 613 5584 nuptiarum.
644 5515 1024 5583 Verumtamen
1049 5520 1095 5577 si
1114 5522 1285 5595 magis
1308 5524 1362 5581 in
1387 5540 1481 5582 sua
1501 5527 1877 5600 conjunctione

333 5647 356 5677 ³
386 5649 555 5721 lectio
577 5648 684 5722 llaec
704 5655 782 5701 est
801 5651 1017 5703 omnium
1039 5654 1150 5706 fere
1169 5662 1397 5708 veterum
1418 5666 1524 5709 Mss.
1551 5660 1790 5724 explicata
1812 5667 1877 5718 ab

269 5712 552 5767 Augustulo
577 5725 626 5759 In
647 5710 773 5762 libro
788 5713 854 5765 de
874 5722 1039 5767 Sancta
1064 5720 1368 5767 Virmnitate.
1383 5734 1488 5767 can.
1512 5722 1591 5767 22-
1612 5733 1663 5767 et
1686 5729 1732 5767 in
1753 5727 1875 5767 lihrn

266 5722 626 5815 sugusunoin
646 5722 773 5786 libro
788 5722 854 5765 de
874 5722 1039 5767 Sancta
1064 5722 1368 5792 Virginitate,
1383 5734 1488 5785 cap.
1512 5722 1591 5784 22,
1612 5722 1663 5775 et
1683 5729 1733 5776 in
1752 5727 1875 5781 libro

268 5772 1021 5853 ﬁggld‘m‘tatichaQaQ;
1048 5794 1159 5853 qua:
1197 5782 1395 5853 quidem
1418 5786 1496 5834 hic
1512 5787 1562 5853 in
1579 5796 1700 5853 ante
1732 5791 1875 5842 editis

268 5831 413 5904 με
441 5835 699 5904 emendata
722 5831 1032 5904 fuerat'hunc
1066 5831 1119 5891 in
1141 5831 1378 5895 mo'dum':
1402 5831 1874 5902 siutiiiii‘ésiiiiii

267 5888 821 5976 ﬂiugtglftfifgo
850 5888 1645 5976 (ingeniiiésifjrh'iéta'io'éb'

265 5950 516 6064 ὼεεοιηηίο
471 5950 481 5957 ·
518 5950 632 6031 ...ηδ
656 5950 1867 6036 alia“;manasset;semensaugim:

320 6023 509 6073 contra
528 6026 840 6078 Jovmanum.
1354 6048 1357 6049 ⁷

1786 408 1827 419 ιαμ
1865 412 1884 418 ι.

1916 427 1968 443 τ.

1694 501 1897 559 LIBER
1935 500 2136 559 UNUS.

3468 509 3576 570 582

1990 618 2216 689 diligunt
2246 616 2388 691 quod
2418 617 2721 688 honestum,
2749 632 2908 692 quam
2924 620 3072 695 quod
3098 620 3440 685 inhonestum
3466 636 3571 699 est,

1983 711 2037 767 id
2063 721 2165 779 est,
2195 711 2336 784 quod
2361 721 2447 769 est
2465 714 2789 784 nuptiarum,
2813 730 2973 785 quam
3000 715 3054 771 id
3075 716 3216 787 quod
3241 734 3348 773 non
3376 728 3459 775 est
3476 735 3576 776 nu-

1983 804 2243 876 ptiarum,
2273 803 2376 861 hoc
2401 804 2480 861 eis
2506 813 2724 862 auctore
2752 808 3013 878 Apostolo
3040 809 3333 867 secundum
3361 812 3574 868 veniam

1981 896 2293 953 conceditur
2320 914 2334 951 :
2370 896 2523 968 cujus
2548 897 2727 953 delicti
2762 913 2872 953 non
2894 898 3095 956 habent
3125 900 3445 958 hortatrices
3472 919 3574 959 nu-

1974 990 2143 1062 ptias,
2170 990 2266 1047 sed
2291 989 2717 1063 deprecatrices,
2754 991 2801 1046 si
2830 991 2925 1046 Dei
2954 992 3375 1049 misericordiam
3407 1009 3512 1050 non
3542 1009 3573 1050 a

1983 1096 2042 1138 se
2075 1091 2339 1149 avertant,
2370 1083 2457 1139 vel
2480 1097 2590 1141 non
2619 1082 2936 1141 abstinendo
2959 1084 3277 1156 quibusdam
3303 1085 3492 1141 diebus
3515 1094 3575 1142 ut

1982 1174 2312 1231 orationibus
2331 1183 2541 1244 vacent,
2559 1184 2614 1232 et
2639 1190 2736 1246 per
2759 1175 2897 1235 hanc
2917 1176 3293 1232 abstinentiam
3320 1176 3456 1233 sicut
3478 1192 3574 1247 per

1976 1264 2180 1339 jejunia
2204 1267 2581 1325 commendent
2609 1282 2797 1338 preces
2823 1282 2970 1335 suas,
2998 1268 3084 1327 vel
3114 1267 3446 1324 immutando
3471 1283 3572 1323 na-

1983 1360 2210 1417 turalem
2237 1377 2389 1417 usum
2420 1362 2475 1416 in
2500 1377 2624 1418 eum
2647 1377 2803 1419 usum
2829 1360 2921 1432 qui
2958 1369 3043 1417 est
3080 1369 3267 1417 contra
3289 1369 3532 1418 naturam
3552 1400 3570 1430 ,

1982 1452 2123 1524 quod
2146 1451 2501 1511 damnabilius
2527 1454 2585 1508 ﬁt
2603 1452 2657 1508 in
2682 1452 2927 1526 conjuge.

2052 1545 2278 1603 CAPUT
2317 1545 2407 1602 X1.
2436 1544 2625 1607 -12.
2673 1543 2808 1601 Usus
2846 1553 3021 1600 contra
3061 1552 3298 1599 naturam
3334 1558 3570 1599 exsecra-

1983 1638 2133 1695 bilior
2152 1640 2205 1694 in
2230 1655 2407 1706 uxore,
2430 1655 2583 1708 quam
2607 1639 2661 1694 in
2686 1638 2965 1693 meretrice.
2988 1635 3332 1707 lnnuptarum
3355 1636 3573 1706 amplior

1982 1731 2225 1787 sanctitas
2254 1730 2624 1795 commendata,
2655 1746 2757 1784 non
2785 1737 2967 1803 negata
3001 1728 3245 1784 sanctitas
3274 1736 3568 1797 nuptarum.

1981 1822 2115 1881 Nam
2138 1837 2262 1879 cum
2290 1822 2378 1878 ille
2404 1821 2666 1878 naturalis
2692 1836 2845 1888 usus,
2873 1820 3088 1892 quando
3113 1820 3410 1890 prolabitur
3434 1820 3572 1875 ultra

1980 1921 2136 1986 pacta
2167 1914 2442 1984 nuptialia,
2486 1913 2539 1973 id
2580 1922 2681 1980 est,
2722 1914 2861 1969 ultra
2903 1912 3230 1985 propagandi
3273 1914 3571 1970 necessita-

1984 2015 2116 2076 tem,
2145 2008 2369 2064 venialis
2394 2007 2462 2063 sit
2500 2007 2553 2062 in
2595 2022 2781 2072 uxore,
2813 2008 2867 2065 in
2897 2005 3177 2063 meretrice
3200 2005 3520 2063 damnabilis
3547 2022 3566 2075 ;

1982 2100 2085 2156 iste
2109 2100 2199 2171 qui
2228 2108 2311 2156 est
2338 2109 2525 2156 contra
2555 2108 2821 2168 naturam,
2849 2099 3251 2157 exsecrabiliter
3280 2099 3339 2153 ﬁt
3367 2098 3421 2154 in
3450 2113 3570 2155 me-

1983 2190 2198 2257 retrice,
2250 2190 2348 2247 sed
2386 2189 2776 2247 exsecrabilius
2823 2189 2879 2245 in
2928 2205 3115 2247 uxore.
3160 2188 3390 2245 Tantum
3432 2189 3574 2247 valet

1980 2282 2250 2340 Ordinatio
2277 2282 2551 2339 Creatoris
2578 2292 2632 2339 et
2670 2282 2805 2339 ordo
2834 2291 3116 2349 creaturae,
3144 2290 3205 2339 ut
3233 2282 3288 2338 in
3315 2282 3477 2337 rebus
3504 2281 3572 2339 ad

1984 2373 2245 2432 utendum
2294 2374 2602 2441 concessis,
2646 2374 2807 2431 etiam
2860 2390 2983 2431 cum
3033 2373 3226 2430 modus
3276 2373 3569 2444 exceditur,

1978 2465 2144 2538 longe
2186 2467 2257 2527 sit
2301 2465 2653 2534 tolerabilius,
2698 2481 2859 2538 quam
2902 2468 2955 2522 in
2996 2466 3076 2523 eis
3107 2468 3123 2498 ³
3156 2481 3275 2538 qua:
3315 2479 3569 2522 concessa

1983 2576 2091 2619 non
2119 2568 2267 2631 sunt,
2296 2559 2385 2620 vel
2412 2575 2553 2619 unus
2580 2560 2668 2617 vel
2696 2575 2851 2617 rarus
2878 2574 3150 2617 excessus.
3182 2558 3253 2615 Et
3280 2558 3399 2615 ideo
3429 2559 3480 2614 in
3510 2573 3571 2616 re

1983 2670 2242 2717 concessa
2272 2654 2646 2713 immoderatio
2672 2654 2941 2728 conjugis,
2972 2669 3041 2711 ne
3067 2653 3124 2710 in
3160 2668 3275 2708 rem
3300 2668 3409 2709 non
3435 2664 3570 2708 con-

1982 2762 2195 2805 cessam
2239 2747 2405 2804 libido
2449 2756 2794 2820 prorumpat,
2836 2746 3111 2813 toleranda
3157 2753 3260 2803 est.
3310 2745 3446 2804 Hinc
3488 2750 3575 2803 est

1984 2842 2145 2899 etiam
2174 2839 2317 2911 quod
2365 2839 2523 2912 longe
2552 2840 2731 2896 minus
2773 2848 2959 2911 peccat
3003 2839 3298 2911 quamlibet
3325 2838 3575 2899 assiduus

1983 2932 2050 2995 ad
2078 2948 2319 3000 uxorem,
2364 2948 2524 3005 quam
2560 2933 2644 2990 vel
2685 2932 2993 2989 rarissimus
3031 2932 3098 2988 ad
3138 2932 3570 2989 fornicationem.

1982 3024 2115 3082 Cum
2142 3041 2272 3083 vero
2293 3025 2375 3082 vir
2400 3026 2644 3082 membro
2673 3026 2913 3082 mulieris
2939 3041 3049 3081 non
3075 3026 3145 3081 ad
3183 3027 3286 3083 hoc
3311 3039 3572 3083 concesso

1982 3118 2060 3173 uti
2087 3118 2338 3187 voluerit,
2384 3119 2591 3191 turpior
2630 3126 2714 3173 est
2752 3131 2887 3172 uxor
2927 3117 2974 3171 si
3018 3118 3072 3172 in
3112 3132 3204 3184 se,
3234 3132 3394 3188 quam
3428 3118 3475 3173 si
3516 3116 3575 3173 in

1982 3209 2085 3266 alia
2117 3209 2235 3265 ﬁeri
2265 3210 2587 3280 permiserit.
2621 3209 2794 3265 Decus
2822 3223 2951 3279 ergo
2994 3208 3271 3280 conjugale
3299 3216 3383 3265 est
3410 3207 3576 3265 casti-

1982 3311 2067 3361 tas
2112 3302 2448 3375 procreandi,
2496 3311 2554 3359 et
2598 3301 2856 3358 reddendi
2904 3301 3135 3357 carnalis
3180 3300 3349 3357 debiti
3399 3299 3570 3357 ﬁdes:

1982 3399 2088 3457 hoc
2113 3405 2196 3455 est
2221 3412 2358 3468 opus
2385 3397 2710 3467 nuptiarum,
2738 3395 2843 3453 hoc
2863 3396 2932 3453 ab
2951 3394 3107 3451 omni
3131 3394 3357 3450 crimine
3382 3392 3575 3450 defen-

1982 3491 2061 3549 dit
2084 3490 2374 3561 Apostolus
2402 3489 2664 3557 dicendo,
2694 3487 2763 3544 Et
2799 3489 2845 3544 si
2884 3488 3139 3559 acceperis
3179 3504 3389 3543 uxorem
3409 3528 3424 3554 ,
3468 3503 3574 3545 non

1982 3583 2200 3655 peccasti
2224 3600 2243 3637 :
2270 3593 2321 3638 et
2357 3583 2402 3637 si
2443 3581 2670 3654 nupserit
2711 3582 2851 3652 uirgo
2875 3620 2890 3646 ,
2920 3595 3023 3637 non
3062 3587 3272 3650 peccat;
3300 3587 3355 3635 et
3371 3619 3389 3647 ,
3421 3577 3572 3646 Quod

1980 3674 2089 3731 uult
2135 3674 2335 3747 faciat;
2381 3690 2483 3729 non
2533 3681 2725 3743 peccat,
2769 3672 2817 3727 si
2862 3670 3037 3726 nubat.
3089 3668 3351 3741 Exigendi
3388 3676 3571 3725 autem

1984 3767 2151 3827 debiti
2194 3766 2262 3824 ab
2307 3767 2569 3824 alterutro
2613 3779 2749 3824 sexu
2794 3764 3197 3825 immoderatior
3240 3764 3569 3835 progressio,

1982 3869 2203 3931 propter
2244 3858 2334 3914 illa
2362 3874 2483 3931 qua:
2524 3872 2689 3929 supra
2727 3856 2881 3926 dixit,
2912 3855 3231 3928 conjugibus
3276 3854 3573 3913 secundum

1982 3952 2194 4007 veniam
2239 3949 2572 4008 conceditur.

2055 4046 2146 4103 15.
2175 4044 2329 4114 Quod
2358 4059 2486 4116 ergo
2514 4043 2610 4112 ait,
2642 4042 2771 4112 Qua:
2794 4042 3011 4114 innupta
3038 4048 3133 4109 est,
3161 4041 3349 4113 cogitat
3375 4055 3436 4095 ea
3458 4054 3574 4111 qua

1983 4150 2100 4199 sunt
2128 4139 2357 4207 Domini,
2387 4147 2443 4194 ut
2484 4138 2552 4195 sit
2589 4146 2768 4196 sancta
2805 4146 2853 4192 et
2885 4152 3097 4206 corpore
3133 4143 3180 4191 et
3221 4134 3426 4206 spiritu,
3464 4148 3574 4190 non

1983 4234 2063 4292 sic
2086 4231 2455 4304 accipiendum
2498 4238 2602 4300 est,
2645 4238 2707 4289 ut
2745 4237 2995 4300 putemus
3032 4242 3137 4284 non
3168 4241 3289 4283 esse
3333 4235 3574 4281 sanctam

1983 4341 2212 4397 corpore
2269 4324 2618 4381 christianam
2680 4321 2965 4393 conjugem
3025 4327 3249 4376 castam.
3312 4317 3575 4374 Omnibus

1983 4420 2179 4491 quippe
2227 4416 2476 4474 ﬁdelibus
2517 4416 2718 4473 dictum
2761 4422 2880 4481 est,
2928 4412 3153 4469 Nescitis
3193 4412 3314 4483 quia
3353 4426 3575 4481 corpora

1983 4518 2148 4564 uestra
2174 4509 2420 4579 templum
2447 4508 2502 4562 in
2529 4506 2667 4562 nobis
2692 4514 2766 4563 est
2805 4504 3034 4576 Spiritus
3073 4504 3235 4561 sancti
3255 4543 3271 4571 ,
3301 4520 3449 4575 quem
3482 4504 3577 4556 ha-

1984 4599 2111 4656 betis
2132 4617 2165 4654 a
2200 4598 2313 4655 Deo
2339 4596 2391 4671 (1
2422 4596 2539 4653 Cor.
2566 4613 2647 4665 vr,
2677 4596 2791 4668 19).
2834 4596 3030 4653 Sancta
3067 4603 3195 4652 sunt
3234 4609 3363 4665 ergo
3409 4594 3574 4649 etiam

1985 4707 2212 4764 corpora
2238 4690 2664 4763 conjugatorum,
2698 4688 2859 4745 ﬁdem
2887 4687 2991 4744 sibi
3016 4695 3072 4743 et
3100 4687 3327 4743 Domino
3353 4699 3574 4742 servan-

1988 4787 2139 4844 tium.
2166 4786 2265 4843 Cui
2302 4784 2570 4841 sanctitati
2593 4781 2879 4854 cujuslibet
2917 4796 3104 4838 eorum
3125 4821 3139 4848 ,
3170 4795 3271 4836 nec
3300 4777 3574 4835 inﬁdelem

1984 4878 2266 4949 conjugem
2308 4876 2592 4943 obsistere,
2641 4875 2736 4933 sed
2780 4874 2958 4945 potius
3005 4873 3344 4931 sanctitatem
3388 4866 3576 4923 uxoris

1986 4969 2243 5041 prodesse
2282 4967 2481 5023 inﬁdeli
2510 4968 2648 5035 viro,
2689 4976 2781 5021 aut
2806 4966 3141 5021 sanctitatem
3176 4962 3275 5017 viri
3315 4958 3574 5030 prodesse

1985 5061 2185 5123 inﬁdeli
2230 5062 2416 5129 uxori,
2461 5060 2602 5120 idem
2658 5059 2935 5131 apostolus
2994 5058 3147 5113 testis
3193 5060 3311 5121 est,
3358 5050 3571 5118 dicens,

1985 5151 2351 5222 Sanctiﬁcatus
2392 5162 2465 5209 est
2503 5152 2639 5208 enim
2671 5153 2746 5207 uir
2782 5149 3007 5219 infidelis
3036 5148 3089 5202 in
3114 5160 3272 5201 umore
3296 5146 3339 5210 ',
3371 5153 3419 5200 et
3452 5160 3575 5199 san-

1983 5246 2207 5318 ctiﬁcata
2252 5254 2325 5301 est
2370 5245 2551 5301 mulier
2597 5242 2817 5314 inﬁdelis
2866 5242 2919 5295 in
2964 5244 3125 5309 fratre
3167 5234 3289 5305 (Id.
3319 5251 3424 5302 vn,
3455 5233 3571 5305 11).
3626 5244 3651 5318 ί

1983 5338 2217 5396 Proinde
2244 5337 2371 5395 illud
2399 5337 2599 5394 dictum
2633 5344 2722 5393 est
2757 5330 3052 5391 secundum
3092 5328 3408 5399 ampliorem
3444 5341 3575 5383 san-

1983 5434 2221 5491 etitatem
2267 5432 2607 5502 innuptarum
2656 5442 2816 5499 quam
2863 5431 3185 5493 nuptarum,
3230 5421 3317 5477 cui
3363 5435 3577 5479 merces

1984 5528 2146 5585 etiam
2190 5525 2414 5581 debetur
2458 5522 2687 5592 amplior
2726 5516 3023 5576 secundum
3073 5514 3214 5587 quod
3273 5513 3376 5570 isto
3426 5514 3575 5570 bono

1983 5619 2115 5677 illud
2141 5625 2225 5675 est
2267 5615 2457 5672 melius
2488 5633 2503 5671 :
2532 5613 2657 5684 quia
2685 5619 2742 5673 et
2782 5609 2887 5667 hoc
2932 5607 3110 5667 solum
3136 5606 3335 5680 cogitat
3359 5606 3402 5676 ³,
3435 5621 3573 5678 quo-

2046 5731 2063 5763 ί
2088 5736 2218 5788 Mss,
2242 5728 2293 5779 in
2315 5739 2389 5779 ea.

2043 5794 2065 5824 ³
2092 5792 2229 5848 editi,
2268 5790 2320 5841 in
2341 5798 2492 5838 ustore

2043 5794 2065 5824 ³
2158 5793 2229 5848 iti,
2268 5792 2320 5841 in
2341 5798 2492 5838 ua'ore
2526 5792 2695 5899 facti;
2730 5794 2781 5838 et
2803 5792 2951 5837 iidem
2986 5792 3125 5846 intra,
3150 5792 3201 5835 in
3220 5792 3373 5848 fratre
3411 5792 3568 5843 pacta.

1981 5792 2280 5916 \‘oxmeli,
2304 5860 2514 5911 utroque
2549 5863 2639 5916 oco
2659 5852 2845 5916 abesta
2863 5858 2969 5899 Mss.
3001 5859 3051 5899 et
3074 5859 3281 5916 :rgragco
3296 5851 3436 5894 textu
3451 5849 3568 5905 Apo-

1981 5908 2112 5971 stoli',
2126 5908 2356 5977 'soletquo
2376 5908 2619 5977 praeteriri
2631 5914 2694 5962 ab
2716 5916 2999 5977 augustino,
3021 5920 3074 5962 ut
3096 5908 3182 5962 lib.
3204 5909 3223 5958 1
3253 5908 3318 5959 dc
3339 5916 3575 5965 sermone

1982 5978 2168 6028 Domini
2194 5978 2240 6025 in
2265 5976 2447 6034 urente,
2467 5990 2573 6039 cap.
2604 5976 2679 6025 16.

2046 6040 2069 6073 ⁸
2088 6045 2220 6101 iam,
2241 6042 2414 6105 cogitat
2428 6034 2629 6099 [emittm
2658 6040 2822 6101 Abest,
2844 6035 3041 6105 festina,
3064 6034 3126 6089 ab
3149 6040 3223 6087 Es.
3249 6039 3425 6086 etma-

2600 5784 2695 5847 eli;
2730 5794 2781 5838 et
2803 5786 2951 5837 iidem
2986 5785 3125 5846 infra,
3150 5784 3201 5835 in
3220 5784 3373 5848 fratre
3411 5776 3573 5843 ﬁdeli.
3647 5784 3668 5833 ἰι
