4070 6334
472 411 591 479 885

477 535 645 598 modo
685 532 897 608 placeat
918 529 1170 589 Domino.
1213 524 1399 596 Neque
1441 519 1587 579 enim
1630 520 1829 577 femina
1869 515 2064 584 ﬁdelis,

480 645 705 688 servans
731 625 1040 699 pudicitiam
1066 619 1418 692 coniugalem,
1444 630 1551 672 non
1577 613 1776 684 cogitat
1801 608 2071 683 quomodo

479 723 688 795 placeat
732 719 995 785 Domino,
1039 714 1135 771 sed
1193 713 1373 783 utique
1429 710 1647 774 minus;
1710 706 1834 777 quia
1875 703 2073 773 cogitat

480 794 640 871 etiam
682 826 800 883 qua:
838 816 964 866 sunt
1004 804 1210 871 mundi,
1252 801 1521 874 quomodo
1544 800 1754 871 placeat
1781 798 1917 852 viro.
1958 794 2071 849 Hoc

480 906 625 961 enim
668 903 737 959 de
784 902 888 957 illis
933 900 1113 955 dicere
1135 896 1326 963 voluit,
1358 892 1501 965 quod
1531 895 1546 925 ³
1600 896 1825 963 possunt
1868 886 2069 943 habere

481 998 716 1069 quodam
761 994 922 1051 modo
952 992 1020 1049 de
1063 990 1383 1047 necessitate
1427 985 1700 1053 connubii,
1732 992 1791 1040 ut
1834 981 2073 1053 cogitent

478 1106 599 1161 quae
631 1097 753 1145 sunt
780 1086 986 1152 mundi,
1020 1082 1289 1156 quomodo
1318 1081 1567 1152 placeant
1594 1077 1721 1134 viris
1746 1075 1880 1133 suis.

552 1180 778 1241 CAPUT
817 1178 933 1234 Xll.
980 1205 1050 1220 -ο
1097 1177 1184 1232 14.
1236 1173 1444 1245 Nuptas
1498 1188 1601 1227 non
1651 1169 1924 1243 cogitantes
1973 1163 2074 1219 nisi

479 1274 734 1348 quomodo
766 1274 996 1345 placeant
1023 1268 1134 1325 Deo
1164 1284 1400 1341 perraras
1436 1282 1559 1322 esse.
1600 1262 1754 1333 Quod
1793 1269 1973 1318 utrum
2002 1256 2073 1314 de

480 1366 732 1423 omnibus
763 1364 942 1437 nuptis
971 1361 1185 1430 dixerit,
1215 1376 1284 1416 an
1312 1360 1379 1416 de
1403 1357 1597 1414 talibus
1625 1356 1810 1427 quales
1835 1354 1908 1410 ita
1933 1354 2076 1410 mul-

480 1469 550 1515 tae
576 1467 719 1526 sunt,
747 1467 807 1513 ut
834 1471 971 1528 pene
995 1469 1184 1511 omnes
1212 1452 1389 1524 putari
1416 1450 1645 1523 possint,
1673 1462 1783 1504 non
1806 1447 2075 1504 immerito

481 1549 775 1605 dubitatur.
811 1547 996 1618 Neque
1034 1546 1179 1601 enim
1207 1552 1263 1599 et
1287 1541 1421 1599 illud
1445 1541 1593 1613 quod
1617 1539 1685 1596 de
1712 1537 1951 1609 innuptis
1976 1538 2072 1606 ait,

485 1641 612 1706 Qua:
646 1641 861 1709 innupta
889 1645 994 1706 est,
1026 1637 1213 1708 cogitat
1248 1651 1308 1690 ea
1347 1649 1462 1703 qua:
1495 1641 1614 1687 sunt
1640 1629 1881 1698 Domini,
1922 1638 1979 1685 ut
2010 1629 2077 1685 sit

480 1741 657 1787 sancta
686 1745 731 1785 et
762 1746 975 1801 corpore
1020 1738 1065 1784 et
1111 1728 1314 1799 spiritu,
1344 1726 1413 1782 ad
1441 1738 1629 1782 omnes
1666 1723 1921 1793 innuptas
1948 1735 2075 1791 per-

478 1825 660 1890 tinet;
712 1839 835 1879 cum
885 1824 993 1878 sint
1046 1821 1289 1891 quaedam
1333 1818 1508 1874 vidua:
1555 1823 1802 1883 mortuae,
1851 1828 1972 1886 quae
2017 1814 2076 1869 in

482 1917 692 1974 deliciis
711 1918 903 1972 vivunt
933 1914 991 1989 (Ι
1015 1914 1152 1969 Tim.
1179 1931 1235 1981 v,
1260 1912 1339 1984 6).
1370 1912 1750 1968 Verumtamen
1776 1906 1920 1978 quod
1951 1906 2078 1961 atti-

479 2018 578 2067 net
605 2010 673 2066 ad
697 2009 986 2079 quamdam
1013 2006 1410 2063 distinctionem
1436 2012 1492 2060 et
1515 2003 1668 2075 quasi
1693 2000 2079 2073 pr0prictatem

481 2101 823 2171 innuptarum
871 2107 1032 2170 atque
1082 2084 1413 2168 nuptarum;
1460 2096 1598 2151 sicut
1644 2093 1868 2149 nimium
1920 2090 2076 2147 dete-

482 2190 675 2247 standa
700 2199 783 2245 est
802 2230 818 2257 ,
850 2204 970 2260 qua:
996 2189 1277 2244 continens
1304 2202 1336 2242 a
1359 2185 1581 2255 nuptiis,
1612 2183 1667 2239 id
1692 2191 1776 2239 est
1803 2196 1834 2237 a
1858 2196 1919 2238 re
1943 2196 2077 2238 con-

483 2295 637 2338 cessa
663 2320 680 2346 ,
726 2293 836 2335 non
882 2278 1126 2334 continet
1170 2292 1201 2331 a
1248 2275 1497 2342 delictis,
1545 2273 1632 2329 vel
1686 2272 1949 2338 luxuriae,
1990 2271 2077 2328 vel

485 2370 778 2441 superbiae,
819 2369 906 2425 vel
945 2366 1270 2424 curiositatis
1314 2374 1368 2422 et
1403 2364 1747 2441 verbositatis
1786 2381 1801 2418 :
1844 2364 1919 2419 ita
1956 2377 2079 2419 rara

485 2471 651 2533 nupta
690 2470 794 2529 est,
840 2476 961 2533 quae
1004 2460 1061 2515 in
1099 2459 1218 2530 ipso
1260 2472 1473 2530 quoque
1514 2455 1771 2527 obsequio
1810 2454 2079 2527 conjugali

483 2569 595 2611 non
631 2554 831 2625 cogitat
867 2552 970 2608 nisi
1009 2549 1278 2623 quomodo
1312 2550 1519 2622 placeat
1545 2548 1657 2603 Deo
1677 2589 1693 2617 ,
1725 2546 1971 2603 ornando
1994 2561 2076 2615 se,

485 2662 595 2703 non
622 2646 838 2702 intortis
862 2644 1124 2713 crinibus,
1149 2651 1243 2699 aut
1277 2656 1409 2699 auro
1437 2649 1493 2698 et
1520 2639 1821 2712 margaritis
1850 2648 1905 2695 et
1929 2646 2080 2695 veste

485 2742 743 2813 pretiosa,
779 2738 878 2795 sed
918 2738 1064 2809 quod
1092 2738 1249 2794 decet
1286 2736 1540 2792 mulieres
1563 2735 1934 2808 promittentes
1959 2735 2078 2807 pie-

484 2840 656 2889 tatem
705 2847 802 2903 per
842 2832 1041 2887 bonam
1084 2830 1545 2886 conversationem
1576 2827 1699 2901 (Id.
1728 2843 1795 2895 ιι,
1839 2826 2077 2898 9et10).

491 2923 641 2978 Talia
670 2923 867 2993 quippe
897 2922 1141 2993 conjugia
1179 2922 1371 2977 Petrus
1398 2934 1612 2991 quoque
1638 2919 1913 2989 apostolus
1941 2932 2080 2989 prae-

486 3013 735 3084 cipieudo
773 3013 1029 3070 describit
1058 3032 1071 3068 :
1102 3012 1384 3080 Similiter,
1414 3012 1624 3084 inquit,
1651 3009 1888 3066 mulieres
1916 3011 2077 3066 obau-

487 3106 678 3161 dientes
718 3106 916 3160 maritis
956 3106 1098 3171 suis;
1143 3114 1199 3159 ut
1242 3114 1288 3160 et
1328 3105 1371 3161 si
1411 3105 1497 3176 qui
1527 3121 1629 3159 non
1656 3104 1865 3160 credunt
1908 3103 2076 3171 verbo,

487 3214 582 3269 per
633 3199 904 3252 mulierum
956 3198 1383 3253 conversationem
1430 3199 1537 3252 sine
1588 3198 1786 3268 loquela
1839 3196 2082 3267 lucriﬁeri

486 3290 721 3359 possint,
767 3288 991 3344 videntes
1038 3290 1269 3343 timorem
1318 3297 1366 3343 et
1412 3298 1604 3345 castam
1650 3288 2081 3344 conversationem

487 3390 705 3436 vestram
736 3395 755 3435 :
782 3388 839 3434 ut
873 3381 976 3435 sint
1006 3397 1106 3435 non
1134 3396 1249 3452 qua:
1285 3396 1317 3434 a
1345 3380 1472 3449 foris
1502 3388 1749 3435 ornantur
1775 3379 2081 3449 capillorum

486 3471 964 3542 incrispationibus,
997 3479 1084 3526 aut
1122 3471 1450 3526 circumdata:
1496 3487 1643 3538 auro,
1688 3478 1776 3524 aut
1817 3480 1949 3526 veste
1988 3470 2081 3526 de-

486 3581 646 3629 cora;
685 3565 775 3618 sed
814 3564 902 3618 ille
942 3563 1263 3617 absconditus
1292 3562 1459 3617 cordis
1498 3564 1647 3617 vestri
1673 3564 1694 3594 ³
1723 3564 1875 3616 homo
1901 3563 1958 3616 in
1984 3562 2082 3616 illa

489 3656 826 3729 perpetuitate
871 3657 1025 3726 quieti
1071 3666 1120 3710 et
1165 3656 1380 3711 modesti
1430 3656 1669 3726 spiritus,
1714 3656 1803 3725 qui
1848 3664 1896 3710 et
1940 3655 2083 3727 apud

489 3750 770 3805 Dominum
809 3749 1034 3821 locuples
1063 3757 1156 3803 est.
1186 3749 1330 3803 Nam
1373 3750 1446 3803 sic
1472 3750 1705 3820 quaedam
1744 3757 1935 3804 sanctte
1970 3765 2083 3803 mu-

489 3842 638 3896 lieres
664 3857 778 3912 qua:
814 3841 868 3896 in
896 3839 1176 3895 Dominum
1213 3840 1512 3913 sperabant,
1542 3842 1790 3896 ornabant
1817 3858 1891 3909 se,
1933 3842 2079 3896 obse-

489 3942 694 4003 quentes
720 3932 839 3987 viris
872 3933 1020 3999 suis;
1063 3933 1313 4003 quomodo
1341 3931 1478 3987 Sara
1519 3932 1818 3987 obaudiebat
1841 3932 2080 4000 Abraha’,

492 4024 754 4077 dominum
778 4024 926 4077 illum
960 4039 1182 4089 vocans;
1213 4026 1358 4095 cujus
1395 4024 1544 4094 facta
1579 4025 1698 4079 estis
1728 4024 1850 4093 ﬁlia:
1873 4024 2079 4096 benefa-

492 4116 697 4180 cientes,
746 4125 793 4169 et
834 4131 936 4169 non
979 4116 1208 4170 timentes
1251 4116 1413 4169 ullum
1451 4132 1639 4171 vanum
1684 4116 1929 4171 timorem.
1970 4115 2084 4170 Viri

493 4208 650 4261 simili
691 4208 884 4261 ratione
923 4208 1195 4262 concordes
1221 4216 1267 4262 et
1292 4217 1425 4263 caste
1460 4210 1677 4265 viventes
1702 4226 1817 4263 cum
1841 4210 2083 4267 uxoribus

492 4302 703 4367 vestris,
736 4311 784 4355 et
813 4309 1053 4370 tanquam
1080 4300 1191 4355 vasi
1226 4301 1500 4369 inﬁrmiori
1538 4312 1586 4356 et
1629 4304 1852 4373 subjecto
1882 4304 2084 4359 tribuite

494 4392 756 4457 honorem,
785 4393 932 4462 quasi
959 4393 1304 4446 cobteredibus
1331 4393 1536 4463 gratiaz,
1565 4402 1611 4448 et
1644 4394 1809 4448 videte
1836 4411 1899 4449 ne
1920 4395 2083 4466 impe-

493 4485 1053 4557 diantur(a)orationes
1069 4495 1243 4541 vestra:
1270 4484 1477 4557 (IPetr.
1500 4501 1585 4553 ut,
1613 4486 1761 4558 1-7).
1786 4487 1932 4542 Itane
1956 4502 2085 4543 vero

494 4576 738 4647 conjugia
796 4576 919 4632 talia
968 4591 1078 4631 non
1128 4577 1365 4646 cogitant
1402 4591 1466 4632 ea
1516 4591 1635 4647 quae
1681 4584 1806 4631 sunt
1847 4577 2078 4644 Domini,

493 4671 766 4739 quomodo
788 4672 1033 4741 placeant
1064 4670 1331 4725 Domino?
1373 4669 1477 4725 Sed
1510 4684 1731 4741 perrara
1766 4679 1909 4727 sunt.
1953 4671 2086 4739 Quis

496 4763 691 4832 negat?
722 4772 785 4817 et
809 4763 861 4816 in
888 4763 1002 4832 ipsa
1027 4762 1245 4817 raritate
1273 4777 1410 4832 pene
1437 4776 1624 4818 omnes
1659 4763 1751 4834 qui
1778 4764 1911 4819 tales
1936 4772 2082 4833 sunt,

495 4870 603 4909 non
633 4861 692 4907 ut
718 4855 849 4909 tales
878 4862 1060 4910 essent
1089 4853 1362 4925 conjuncti
1389 4861 1534 4923 sunt,
1557 4854 1655 4910 sed
1675 4855 1787 4925 jam
1811 4856 2086 4927 conjuncti

494 4949 627 5004 tales
655 4948 775 5004 facti
805 4958 948 5003 sunt.

566 5041 795 5100 CAPUT
837 5041 975 5097 Xlll.
1002 5071 1073 5082 —-
1101 5041 1189 5097 15.
1224 5039 1447 5112 Nuptias
1474 5057 1609 5096 nunc
1637 5041 1759 5096 solis
1798 5058 1902 5097 non
1926 5043 2088 5098 conti-

497 5136 757 5199 nentibus,
791 5135 912 5189 olint
954 5150 1069 5189 vero
1112 5134 1266 5188 etiam
1307 5133 1672 5188 continentibus
1711 5134 2088 5204 amplectendas

498 5231 670 5299 fuisse.
709 5227 796 5282 Uti
841 5227 1078 5297 conjugio
1124 5225 1236 5279 sola
1281 5224 1440 5295 prolis
1483 5242 1658 5291 causa,
1698 5241 1848 5296 quam
1887 5241 2083 5280 rarum.

500 5318 603 5383 Qui
634 5318 773 5371 enim
805 5317 977 5372 nostri
1006 5315 1264 5387 temporis
1292 5316 1535 5371 homines
1556 5314 1849 5371 Christiani
1879 5317 2089 5387 nuptia-

500 5427 617 5467 rum
650 5411 861 5466 vinculo
910 5411 1065 5467 liberi
1100 5410 1346 5467 valentes
1391 5409 1460 5465 ab
1504 5409 1650 5465 omni
1696 5409 1981 5464 concubitu
2029 5425 2088 5466 se

501 5504 797 5571 continere,
839 5519 960 5560 cum
999 5505 1109 5576 jam
1156 5514 1351 5576 tempus
1392 5518 1513 5560 esse
1541 5502 1925 5574 perspicerent,
1953 5504 2090 5559 sicut

502 5595 762 5665 scriptun.
789 5604 892 5664 est,
923 5612 1025 5650 non
1064 5596 1429 5667 amplectendi,
1460 5595 1549 5651 sed
1578 5594 1859 5649 abstinendi
1886 5598 1948 5651 ab
1975 5611 2091 5650 am-

568 5709 585 5740 ί
610 5709 684 5772 sic
700 5715 807 5772 atss.
832 5707 951 5772 ιτΔὶῐί
972 5722 1110 5769 vero,
1130 5721 1256 5772 quae.

568 5771 588 5801 ³
608 5770 713 5821 Sola
739 5770 887 5819 editio
910 5776 1039 5829 l.ov.,
1065 5770 1232 5820 nostri.

569 5834 659 5900 (a)_
675 5840 773 5882 Non
795 5834 864 5900 sic
881 5832 1078 5900 Vulgata
1104 5835 1151 5881 in
1169 5834 1323 5900 sacris
1346 5833 1524 5900 Bibliis,
1552 5831 1840 5900 sed_habet,
1862 5838 2092 5900 tanquam

503 5901 555 5949 ct
582 5894 915 5950 concaedibus
938 5894 1109 5960 gratia:
1133 5895 1260 5958 vine,
1282 5901 1333 5948 ut
1364 5909 1456 5947 non
1478 5894 1818 5960 impediantur.

1513 401 1606 461 DE
1643 400 1823 461 ΒΟΝο
1841 393 2240 466 CONJUGALI,
2280 396 2342 455 S;
2378 399 2748 462 AUGUSTINI

3656 411 3771 475 384

2180 516 2331 587 plevu
2357 516 2553 590 (Eccle.
2585 535 2664 589 nt,
2695 519 2787 593 5),
2830 534 2939 579 non
2975 521 3154 595 potius
3190 522 3449 597 eligerent
3470 524 3557 582 vel
3584 524 3754 599 virgi-

2178 614 2353 671 nalem
2381 616 2467 673 vel
2493 616 2757 675 vidualem
2786 621 3172 677 continentiam
3209 636 3531 681 conservare
3549 665 3565 692 ,
3598 640 3761 697 quam

2179 706 2573 767 tribulationem
2618 712 2830 780 carnis,
2878 714 2995 769 sine
3040 729 3144 786 qua
3192 715 3437 787 conjugia
3485 731 3606 773 esse
3653 734 3765 774 non

2178 812 2403 872 possunt
2441 802 2532 877 (ut
2571 804 2676 860 alia
2716 812 2993 861 taceantur
3029 821 3062 863 a
3100 806 3295 877 quibus
3335 808 3505 877 parcit
3531 811 3768 880 Aposto-

2178 894 2321 969 lus),
2371 898 2519 954 nullo
2556 898 2668 969 jam
2714 907 2937 970 cogente
2978 898 3228 955 humana:
3271 900 3543 955 societatis
3585 900 3771 955 ofﬁcio

2177 988 2488 1045 sustinere?
2530 988 2638 1045 Sed
2677 1003 2800 1046 cum
2841 989 3152 1046 dominante
3180 990 3610 1061 concupiscentia
3653 991 3771 1045 fue-

2177 1081 2289 1137 rint
2325 1081 2579 1152 copulati,
2628 1083 2675 1138 si
2716 1096 2837 1138 eam
2878 1091 3065 1154 postea
3090 1083 3337 1152 vicerint,
3378 1084 3504 1154 quia
3544 1097 3651 1139 non
3696 1083 3772 1138 ita

2178 1171 2304 1227 licet
2345 1171 2642 1229 dissolvere
2669 1173 2995 1244 conjugium,
3041 1174 3181 1229 sicut
3227 1173 3424 1230 licebat
3466 1188 3570 1229 non
3612 1174 3771 1229 colli-

2177 1277 2328 1335 gare,
2360 1264 2496 1319 ﬁunt
2524 1264 2656 1321 tales
2692 1266 2877 1336 quales
2904 1265 3182 1336 proﬁtetur
3219 1265 3391 1322 forma
3421 1268 3768 1336 nuptiarum;

2179 1356 2254 1412 ita
2280 1363 2340 1411 ut
2367 1356 2452 1411 vel
2490 1357 2604 1426 pari
2632 1370 2898 1413 consensu
2924 1356 3218 1413 ascendant
3245 1357 3528 1414 celsiorem
3566 1357 3772 1413 sancti-

2180 1442 2307 1506 tatis
2332 1449 2575 1521 gradum,
2608 1458 2701 1505 aut
2744 1449 2791 1505 si
2819 1463 2926 1506 non
2965 1450 3124 1506 ambo
3166 1457 3294 1506 sunt
3334 1450 3489 1518 tales,
3529 1450 3632 1505 erit
3676 1449 3775 1520 qui

2181 1541 2304 1598 talis
2347 1550 2430 1597 est
2474 1556 2585 1597 non
2630 1549 2863 1609 exactor,
2909 1542 3005 1598 sed
3045 1541 3284 1598 redditor
3324 1540 3512 1608 debiti,
3545 1554 3775 1597 servans

2182 1630 2239 1687 in
2269 1632 2520 1688 omnibus
2547 1641 2752 1689 castam
2797 1633 3209 1704 religiosamque
3247 1632 3609 1689 concordiam.
3658 1632 3773 1688 lllis

2182 1737 2312 1779 vero
2336 1723 2687 1794 temporibus,
2713 1738 2835 1780 cum
2862 1723 3037 1780 adhuc
3062 1722 3391 1795 propheticis
3416 1723 3773 1779 sacramentis

2183 1814 2371 1872 salutis
2398 1824 2597 1871 nostra:
2624 1816 2941 1887 mysterium
2973 1815 3276 1882 velabatur,
3307 1816 3468 1871 etiam
3512 1815 3604 1887 qui
3646 1824 3777 1872 ante

2183 1906 2396 1976 nuptias
2425 1905 2559 1962 tales
2584 1915 2758 1973 erant,
2791 1906 2969 1963 ofﬁcio
2997 1907 3328 1978 propagandi
3365 1908 3577 1979 nuptias
3601 1920 3774 1977 copu-

2183 1998 2386 2066 labant,
2416 2013 2527 2055 non
2549 1999 2675 2055 victi
2712 1998 2951 2067 libidine,
2982 2000 3079 2057 sed
3122 2000 3269 2056 ducti
3308 2000 3504 2071 pietate
3531 2017 3547 2055 :
3577 1999 3775 2070 quibus

2183 2095 2231 2151 si
2259 2095 2404 2165 optio
2444 2095 2565 2151 talis
2599 2095 2840 2163 daretur,
2886 2095 3061 2167 qualis
3108 2094 3347 2151 revelato
3387 2094 3536 2150 Novo
3572 2093 3769 2149 Testa-

2183 2195 2367 2242 mento
2392 2186 2515 2241 data
2558 2194 2661 2254 est,
2692 2186 2907 2242 dicente
2938 2186 3187 2254 Domino,
3224 2186 3325 2253 Qui
3363 2194 3524 2257 potest
3566 2201 3773 2255 capere,

2184 2277 2354 2347 capiat
2385 2275 2596 2347 (Matth.
2630 2292 2744 2345 xix,
2773 2277 2905 2347 12);
2938 2290 3045 2333 non
3084 2291 3178 2333 eos
3217 2276 3424 2333 dubitat
3458 2276 3619 2332 etiam
3648 2290 3775 2331 cum

2183 2369 2380 2441 gaudio
2426 2378 2769 2440 suscepturos
2796 2370 3018 2442 jfuisse,
3068 2371 3160 2441 qui
3206 2369 3486 2442 diligenter
3531 2370 3775 2425 intentus

2185 2460 2316 2531 legit
2358 2461 2627 2531 quomodo
2653 2462 2968 2533 conjugibus
3010 2461 3316 2530 utebantur,
3348 2477 3470 2517 cum
3508 2469 3563 2517 et
3593 2461 3779 2530 plures

2184 2551 2386 2609 habere
2414 2553 2507 2608 uni
2530 2554 2646 2609 viro
2675 2554 2888 2619 licebat,
2921 2568 3055 2624 quas
3082 2554 3281 2609 castius
3306 2553 3537 2609 habebat
3565 2555 3581 2585 ¹
3609 2567 3776 2624 quam

2184 2659 2328 2700 nunc
2372 2659 2533 2700 unam
2576 2644 2801 2716 quilibet
2842 2646 3092 2713 istorum,
3137 2646 3333 2716 quibus
3372 2645 3617 2702 videmus
3643 2644 3782 2716 quid

2184 2734 2482 2792 secundum
2512 2736 2723 2793 veniam
2749 2736 3012 2793 concedat
3035 2737 3324 2809 Apostolus
3351 2736 3395 2811 (Ι
3419 2736 3540 2793 Cor.
3573 2753 3663 2805 vn,
3693 2737 3780 2809 6).

2185 2826 2467 2883 Habebam
2489 2827 2635 2883 enim
2660 2841 2754 2883 eas
2780 2829 2834 2883 in
2859 2842 3025 2899 opere
3045 2824 3358 2900 generandi,
3376 2842 3482 2883 non
3508 2827 3561 2883 in
3583 2827 3785 2883 morbo

2184 2919 2440 2977 desiderii
2469 2921 2607 2977 sicut
2649 2928 2835 2992 gentes
2879 2936 2998 2992 quae
3035 2920 3282 2992 ignorant
3309 2920 3475 2976 Deum
3508 2917 3567 2993 (ι
3591 2918 3783 2975 Thess.
3822 2945 3835 2954 ~

2184 3030 2276 3084 tv,
2302 3015 2388 3086 5).
2420 3014 2572 3083 Quod
2605 3023 2714 3070 tam
2743 3030 2994 3086 magnum
3025 3023 3140 3081 est,
3172 3023 3232 3070 ut
3259 3015 3409 3070 multi
3440 3013 3599 3068 hodie
3638 3012 3785 3069 faci-

2187 3104 2292 3161 lius
2317 3119 2377 3162 se
2404 3114 2517 3161 tota
2548 3106 2656 3161 vita
2681 3107 2750 3163 ab
2778 3106 2924 3163 omni
2951 3106 3238 3163 concubitu
3265 3105 3581 3171 abstineant,
3612 3119 3787 3175 quam

2186 3197 2406 3253 modum
2451 3204 2669 3254 teneant
2713 3212 2823 3254 non
2866 3198 3115 3264 coeundi,
3160 3197 3264 3253 nisi
3306 3196 3468 3268 prolis
3512 3209 3699 3262 causa,
3732 3196 3788 3253 si

2188 3290 2531 3345 matrimonio
2556 3290 2893 3361 copulentur.
2922 3290 3131 3360 Nempe
3158 3290 3356 3346 multos
3384 3288 3643 3344 habemus
3670 3287 3789 3344 fra-

2188 3388 2299 3436 tres
2343 3390 2399 3437 et
2438 3382 2615 3437 socios
2644 3382 2882 3439 caelestis
2931 3381 3257 3438 haereditatis
3300 3382 3577 3450 utriusque
3617 3393 3788 3435 sexus

2188 3470 2546 3539 continentes,
2578 3472 2692 3528 sive
2717 3480 2975 3543 expertos
3000 3473 3212 3543 nuptias
3231 3514 3246 3540 ,
3277 3471 3389 3526 sive
3416 3471 3485 3526 ab
3508 3470 3654 3525 omni
3685 3470 3788 3526 tali

2188 3566 2571 3623 commixtione
2602 3568 2877 3639 integros;
2929 3582 3123 3638 nempe
3164 3566 3577 3623 innumerabiles
3606 3572 3738 3622 sunt
3767 3583 3784 3621 :

2188 3672 2351 3728 quem
2394 3657 2610 3713 tandem
2653 3658 2958 3715 audivimus
2998 3660 3139 3715 inter
3176 3659 3459 3715 familiaria
3488 3658 3787 3729 colloquia,

2191 3749 2307 3804 sive
2353 3764 2541 3805 eorum
2591 3751 2681 3821 qui
2727 3752 3002 3824 conjugati
3044 3760 3189 3821 sunt,
3241 3754 3355 3808 sive
3401 3752 3493 3824 qui
3538 3750 3787 3820 fuerunt,

2189 3841 2516 3899 indicantem
2567 3843 2723 3899 nobis
2774 3860 3044 3915 nunquam
3093 3860 3153 3901 se
3199 3844 3413 3915 conjugi
3460 3859 3579 3900 esse
3624 3858 3789 3901 com-

2190 3937 2439 4006 mixtum,
2467 3937 2570 3994 nisi
2600 3939 2867 4010 sperando
2894 3939 3254 4011 conceptum?
3282 3938 3435 4007 Quod
3468 3953 3596 4009 ergo
3636 3954 3791 4009 prte-

2191 4030 2397 4101 cipiunt
2465 4031 2764 4103 conjugatis
2809 4032 3086 4103 Apostoli,
3142 4033 3244 4087 hoc
3293 4040 3377 4087 est
3427 4030 3737 4102 nuptiarum
3771 4047 3789 4084 :

2192 4121 2337 4192 quod
2365 4130 2546 4178 autem
2576 4123 2859 4178 venialiter
2898 4122 3235 4189 concedunt,
3266 4131 3359 4178 aut
3386 4120 3529 4195 quod
3558 4121 3796 4193 impedit

2192 4213 2483 4277 orationes,
2516 4227 2623 4268 non
2650 4220 2848 4283 cogunt
2876 4214 3096 4285 nuptiae,
3128 4213 3222 4269 sed
3262 4213 3459 4269 ferunt.

2263 4303 2493 4360 CAPUT
2534 4303 2674 4360 XIV.
2703 4334 2775 4345 —
2816 4305 2906 4361 16.
2943 4304 3032 4359 Uti
3072 4304 3352 4360 concubina
3396 4312 3601 4375 propter
3645 4303 3794 4371 ﬁlios

2194 4398 2365 4469 majus
2393 4405 2671 4469 peccatum,
2703 4414 2855 4468 quam
2896 4413 3056 4453 uxore
3098 4397 3174 4450 uti
3216 4404 3423 4468 propter
3460 4394 3796 4450 incontinen-

2193 4491 2335 4544 tiam.
2368 4487 2554 4559 Itaque
2581 4490 2626 4545 si
2655 4489 2812 4556 forte,
2842 4489 2983 4559 quod
3014 4497 3192 4544 utrum
3221 4487 3335 4542 ﬁeri
3364 4487 3535 4558 possit
3570 4486 3794 4556 ignoro,

2194 4582 2471 4652 magisque
2517 4582 2631 4637 ﬁeri
2677 4596 2787 4636 non
2832 4595 2990 4652 posse
3032 4580 3321 4647 existimo;
3372 4578 3469 4636 sed
3514 4588 3694 4635 tamen
3742 4582 3797 4637 si

2194 4673 2335 4731 forte
2376 4674 2445 4731 ad
2487 4683 2700 4745 tempus
2747 4673 2982 4730 adhibita
3026 4673 3323 4730 concubina
3357 4672 3496 4729 ﬁlios
3535 4672 3678 4728 solos
3719 4688 3799 4729 ex

2196 4766 2385 4822 eadem
2427 4766 2810 4822 commixtione
2850 4765 3157 4836 quaesiverit
3192 4784 3206 4820 :
3245 4780 3345 4821 nec
3389 4766 3469 4821 sic
3512 4766 3611 4820 ista
3653 4779 3802 4820 con-

2192 4858 2402 4929 junctio
2426 4860 2511 4914 vel
2549 4872 2733 4914 earum
2773 4857 2972 4926 nuptiis
3004 4856 3361 4927 praeponenda
3389 4864 3500 4924 est,
3529 4871 3649 4926 qua:
3687 4872 3799 4912 ve-

2197 4951 2339 5006 niale
2402 4949 2532 5005 illud
2597 4958 2907 5019 operantur.
2967 4948 3102 5016 Quid
3150 4951 3294 5005 enim
3339 4950 3409 5005 sit
3456 4948 3798 5019 nuptiarum,

2195 5042 2643 5099 considerandum
2686 5048 2799 5107 est,
2828 5055 2938 5095 non
2978 5040 3104 5111 quid
3144 5042 3215 5096 sit
3256 5041 3573 5097 nubentium
3601 5047 3657 5096 et
3684 5040 3807 5096 im-

2130 5184 2145 5206 ,
2196 5135 2524 5192 moderatius
2572 5133 2770 5203 nuptiis
2816 5133 3099 5188 utentium.
3148 5133 3332 5203 Neque
3372 5134 3514 5188 enim
3555 5133 3599 5187 si
3642 5134 3805 5202 agris

2196 5228 2379 5299 inique
2408 5242 2471 5282 ac
2498 5241 2779 5297 perperam
2819 5226 3019 5282 invasis
3046 5226 3119 5281 ita
3158 5226 3382 5297 quisque
3407 5235 3604 5293 utatur,
3638 5236 3696 5279 ut
3726 5242 3808 5283 ex

2198 5333 2384 5375 eorum
2412 5318 2670 5373 fructibus
2696 5317 2871 5389 largas
2896 5318 3269 5390 eleemosynas
3299 5316 3477 5385 faciat,
3505 5317 3626 5373 ideo
3651 5320 3809 5387 rapi-

2200 5426 2322 5467 nam
2351 5410 2603 5481 justiticat
2634 5428 2647 5464 :
2678 5425 2854 5481 neque
2889 5412 2933 5467 si
2969 5412 3109 5467 alius
3138 5411 3248 5466 ruri
3286 5420 3509 5481 paterno
3538 5411 3617 5466 vel
3646 5411 3807 5482 jusu:

2199 5504 2422 5575 quaesito
2469 5517 2660 5559 avarus
2712 5504 3003 5570 incumbat,
3051 5503 3173 5559 ideo
3218 5503 3482 5573 culpanda
3527 5511 3609 5559 est
3653 5503 3809 5572 juris

2199 5597 2368 5653 civilis
2418 5596 2621 5667 regula,
2675 5611 2776 5666 qua
2822 5610 3101 5666 possessor
3149 5595 3419 5667 legitimus
3468 5596 3636 5649 factus
3683 5606 3806 5652 est.

2203 5689 2313 5746 Nec
2355 5689 2648 5762 tyrannicae
2692 5687 2940 5744 factionis
2978 5689 3301 5758 perversitas
3346 5686 3621 5742 laudabilis
3661 5686 3803 5757 erit,

2200 5784 2247 5841 si
2288 5782 2430 5852 regia
2480 5779 2763 5836 clementia
2812 5788 3074 5850 tyrannus
3122 5779 3367 5836 subditos
3413 5784 3640 5844 tractet;
3685 5792 3808 5836 nec

2269 5896 2285 5929 ¹
2315 5900 2443 5958 bov.,
2469 5891 2717 5946 habebant.
2735 5897 2811 5942 Er.
2837 5898 2890 5945 et
2912 5899 3038 5959 Mss,
3064 5890 3278 5945 habebat.
