4070 6334
290 416 397 485 385
987 367 1033 375 ’·
1365 367 1478 417 ἐέῖ

295 536 670 611 vituperabilis
697 532 833 595 ordo
855 533 1018 609 regiae
1043 531 1345 608 potestatis,
1375 528 1423 590 si
1444 544 1539 590 rex
1563 529 1879 588 crudelitate

296 630 571 704 tyrannica
599 630 807 687 saeviat.
835 627 993 684 Aliud
1022 636 1105 683 est
1131 640 1362 698 namque
1391 623 1587 695 injusta
1612 629 1878 694 potestate

294 725 430 796 juste
471 722 618 778 velle
659 722 761 789 uti,
810 728 865 779 et
901 719 1045 777 aliud
1085 727 1168 776 est
1201 718 1347 789 justa
1386 722 1651 788 potestate
1685 714 1883 785 injuste

297 819 385 873 uti.
416 815 494 871 lta
527 829 630 871 nec
670 812 984 870 concubinae
1017 810 1084 867 ad
1112 818 1322 881 tempus
1346 806 1619 872 adhibitae,
1660 804 1706 861 si
1736 804 1883 860 ﬁlio-

298 926 406 963 rum
448 922 614 962 causa
655 906 1033 969 concumbant,
1069 903 1273 974 justum
1313 900 1513 956 faciunt
1553 897 1881 954 concubina-

299 1011 402 1055 tum
430 1014 620 1067 suum;
651 1014 752 1055 nec
779 998 1096 1070 conjugatae,
1123 995 1170 1050 si
1197 1008 1319 1051 cum
1348 992 1557 1050 maritis
1581 990 1879 1058 lasciviant,

298 1091 514 1160 nuptiali
544 1089 721 1145 ordini
747 1089 952 1145 crimen
982 1087 1283 1158 imponunt.

364 1182 449 1237 l7.
487 1181 654 1237 Posse
698 1194 828 1236 sane
870 1179 983 1235 ﬁeri
1018 1178 1233 1249 nuptias
1270 1193 1337 1234 ex
1375 1176 1519 1234 male
1556 1174 1879 1248 conjunctis,

297 1276 521 1330 honesto
549 1284 736 1344 postea
765 1272 962 1344 placito
988 1278 1373 1340 consequente,
1404 1268 1746 1325 manifestum
1773 1275 1877 1322 est.

360 1364 591 1421 CAPUT
628 1364 749 1420 XV.
792 1393 865 1405 —
899 1362 1219 1419 Connubium
1255 1378 1357 1417 non
1392 1377 1539 1434 posse
1576 1360 1781 1417 dissolui
1817 1358 1879 1414 ab

297 1457 628 1512 sterilitatem.
662 1457 739 1511 An
778 1454 927 1510 liceat
965 1456 1143 1511 uxoris
1169 1453 1427 1509 voluntate
1454 1453 1612 1509 aliam
1641 1451 1882 1508 adhibere

294 1558 347 1603 ut
368 1564 662 1603 communes
686 1548 785 1618 ﬁlii
806 1557 1106 1615 nascantur,
1136 1562 1239 1602 non
1263 1546 1417 1601 audet
1441 1546 1672 1616 definire.
1698 1543 1880 1600 Semel

293 1650 465 1697 autem
496 1642 688 1697 initum
727 1640 1053 1697 connubium
1088 1641 1145 1696 in
1177 1638 1391 1697 civitate
1416 1638 1512 1695 Dei
1550 1638 1744 1705 nostri,
1784 1636 1880 1694 ubi

293 1733 448 1789 etiam
492 1748 561 1789 ex
603 1733 776 1804 prima
810 1732 1037 1789 duorum
1077 1730 1354 1787 hominum
1389 1728 1582 1800 copula
1610 1727 1878 1800 quoddam

292 1831 686 1879 sacramentum
722 1823 922 1895 nuptiae
955 1829 1176 1894 gerunt,
1210 1822 1358 1877 nullo
1386 1820 1546 1877 modo
1570 1827 1750 1891 potest
1772 1819 1879 1875 nisi

292 1916 516 1986 alicujus
540 1930 730 1972 eorum
754 1922 931 1972 morte
958 1914 1198 1971 dissolvi.
1229 1914 1407 1970 Manet
1432 1913 1574 1970 enim
1604 1911 1877 1968 vinculum

291 2007 619 2077 nuptiarum,
648 2005 859 2063 etiamsi
903 2005 1102 2077 proles,
1137 2005 1289 2076 cujus
1333 2019 1493 2060 causa
1532 2003 1723 2059 initum
1768 2010 1874 2071 est,

290 2097 571 2153 manifesta
614 2098 894 2154 sterilitate
935 2112 1044 2152 non
1091 2097 1448 2167 subsequatur
1490 2112 1506 2151 :
1548 2095 1623 2151 ita
1665 2101 1727 2150 ut
1763 2093 1876 2165 jam

288 2190 576 2247 scientibus
610 2190 926 2262 conjugibus
954 2206 1061 2247 non
1102 2204 1162 2245 se
1202 2188 1335 2245 ﬁlios
1375 2187 1651 2244 habituros
1674 2229 1690 2255 ,
1719 2200 1878 2256 sepa-

289 2296 414 2338 rare
453 2297 517 2339 se
561 2290 737 2338 tamen
779 2281 868 2338 vel
916 2282 1030 2353 ipsa
1073 2295 1236 2337 causa
1283 2280 1511 2336 ﬁliorum
1558 2287 1717 2350 atque
1757 2278 1877 2335 aliis

289 2376 538 2447 copulare
563 2391 673 2432 non
704 2375 880 2432 liceat.
908 2374 1060 2445 Quod
1081 2375 1130 2431 si
1158 2372 1401 2442 fecerint,
1428 2388 1551 2429 cum
1576 2372 1656 2429 eis
1682 2371 1876 2444 quibus

289 2482 346 2523 se
386 2468 775 2539 capulaverint,
806 2466 1126 2524 adulterium
1150 2465 1510 2532 committunt,
1553 2463 1656 2534 ipsi
1695 2470 1875 2519 autem

288 2559 542 2631 conjuges
585 2567 823 2615 manent.
878 2558 1044 2615 Plane
1087 2557 1268 2613 uxoris
1297 2556 1571 2612 voluntate
1618 2553 1877 2611 adhibere

287 2649 465 2717 aliam,
509 2650 653 2707 unde
699 2664 1013 2707 communes
1056 2648 1151 2705 lilii
1196 2655 1486 2704 nascantur
1524 2646 1684 2703 unius
1726 2661 1876 2703 com-

286 2742 546 2799 mixtione
563 2758 630 2799 ac
654 2743 881 2813 semine,
901 2741 1126 2799 alterius
1153 2749 1330 2798 autem
1350 2739 1474 2812 jure
1500 2754 1564 2797 ac
1586 2746 1873 2811 potestate,

287 2835 423 2907 apud
464 2836 720 2908 antiquos
761 2844 941 2906 patres
986 2834 1068 2891 fas
1111 2842 1267 2891 erat:
1297 2841 1476 2890 utrum
1518 2841 1574 2889 et
1614 2847 1758 2889 nunc
1793 2831 1875 2890 fas

285 2928 372 2996 sit,
400 2943 513 2986 non
549 2938 756 2986 temere
779 2929 1028 2986 dixerim.
1072 2927 1189 2984 Non
1216 2935 1302 2984 est
1341 2927 1484 2984 enim
1515 2941 1656 2984 nunc
1683 2941 1877 2998 propa-

286 3020 443 3091 gandi
486 3020 805 3089 necessitas,
834 3035 955 3092 quae
982 3027 1110 3077 tunc
1150 3018 1271 3088 fuit,
1300 3017 1514 3090 quando
1542 3026 1597 3075 et
1621 3019 1876 3089 parienti-

287 3111 385 3169 bus
420 3112 742 3184 eonjugibus
768 3112 901 3169 alias
941 3119 1160 3186 propter
1198 3111 1554 3182 copiosiorem
1594 3110 1876 3183 posterita-

287 3212 393 3260 tem
417 3204 782 3277 superducere
814 3204 1027 3272 licebat,
1054 3204 1198 3276 quod
1232 3219 1374 3260 nunc
1410 3211 1556 3260 certe
1582 3218 1688 3259 non
1725 3203 1870 3260 licet.

286 3293 417 3351 Nam
460 3303 673 3351 tantum
714 3296 872 3353 all’ert
909 3295 1321 3368 ‘opportunitatis
1369 3294 1436 3350 ad
1482 3294 1681 3366 aliquid
1728 3294 1875 3366 juste

287 3390 551 3463 agendum
578 3404 676 3448 seu
699 3405 808 3448 non
834 3393 1099 3463 agendum
1124 3397 1428 3461 temporum
1453 3396 1662 3445 secreta
1686 3387 1876 3446 distin-

287 3482 409 3550 ctio,
441 3490 502 3539 ut
543 3497 687 3539 nunc
726 3481 917 3539 melius
945 3481 1126 3551 faciat,
1157 3481 1250 3552 qui
1291 3495 1392 3537 nec
1433 3495 1597 3536 unam
1636 3479 1872 3549 duxerit,

288 3574 385 3631 nisi
409 3589 471 3631 se
489 3574 771 3631 conﬁnem
795 3588 901 3631 non
922 3574 1109 3646 possit.
1134 3572 1287 3629 Tunc
1308 3580 1486 3629 autem
1512 3572 1672 3628 etiam
1693 3572 1874 3643 plures

289 3666 676 3739 inculpabiliter
700 3666 984 3735 ducebant,
1010 3675 1068 3723 et
1092 3666 1183 3739 qui
1208 3681 1268 3723 se
1309 3665 1480 3721 multo
1504 3664 1711 3722 facilius
1739 3680 1873 3722 con-

290 3759 456 3816 ﬁcere
482 3766 726 3831 possent,
753 3759 858 3816 nisi
887 3758 1029 3816 aliud
1066 3758 1239 3829 pietas
1282 3758 1375 3814 illo
1418 3767 1660 3828 tempore
1685 3764 1872 3828 postu—

288 3848 437 3906 laret.
483 3849 636 3906 Sicut
675 3850 821 3906 enim
865 3849 1081 3922 sapiens
1116 3856 1173 3906 et
1205 3849 1381 3920 justus
1404 3892 1418 3918 ,
1454 3849 1548 3920 qui
1584 3848 1697 3919 jam
1738 3862 1873 3904 con-

289 3944 509 4014 cupiscit
546 3943 768 4000 dissolvi
805 3952 861 4000 et
895 3957 1017 4000 esse
1053 3957 1177 3999 cum
1198 3939 1432 4010 Christo,
1472 3949 1529 3998 et
1564 3940 1668 3998 hoc
1702 3941 1873 4012 magis

289 4036 485 4105 optimo
527 4035 826 4094 delectatur
860 4034 1132 4107 (Philipp.
1178 4051 1231 4102 ι,
1271 4034 1343 4090 23
1367 4034 1418 4106 ),
1471 4033 1584 4104 jam
1629 4048 1738 4089 non
1784 4032 1873 4089 hic

287 4127 493 4183 vivendi
517 4127 828 4199 cupiditate,
868 4127 965 4183 sed
1003 4126 1317 4183 consulendi
1356 4125 1533 4182 ofﬁcio
1571 4127 1735 4182 sumit
1769 4127 1871 4182 ali-

288 4228 546 4287 mentum,
574 4229 635 4276 ut
667 4228 884 4278 maneat
906 4220 963 4276 in
999 4236 1183 4290 carne,
1222 4220 1365 4291 quod
1403 4220 1767 4278 necessarium
1790 4226 1874 4277 est

288 4321 503 4384 propter
543 4313 678 4370 alios
724 4330 739 4368 :
779 4312 857 4368 sic
896 4313 1111 4369 misceri
1158 4311 1375 4369 feminis
1408 4312 1529 4383 jure
1567 4313 1872 4383 nuptiarum

286 4406 581 4464 ofﬁciosum
611 4406 711 4461 fuit
738 4416 864 4463 tunc
892 4407 1091 4463 sanctis
1119 4405 1269 4475 viris,
1298 4421 1406 4462 non
1432 4405 1797 4462 libidinosum.
1842 4450 1845 4453 .

353 4497 582 4553 CAPUT
618 4496 835 4552 XVl.—
858 4496 943 4553 l8.
985 4497 1055 4551 In
1109 4495 1372 4552 concubitu
1419 4512 1480 4550 ac
1530 4497 1585 4551 in
1632 4496 1728 4551 cibi
1777 4513 1875 4552 usu

487 4590 624 4644 ratio
634 4590 894 4645 uirtutiset
910 4589 1036 4644 vitii.
1054 4588 1207 4658 Quod
1224 4588 1370 4645 enim
1399 4596 1483 4645 est
1512 4588 1662 4645 cibus
1687 4588 1754 4644 ad
1779 4603 1870 4645 sa-

286 4683 444 4741 lutem
471 4683 710 4740 hominis
728 4725 745 4753 ,
775 4682 880 4739 hoc
907 4691 991 4739 est
1017 4682 1331 4739 concubitus
1358 4680 1428 4737 ad
1444 4682 1677 4738 salutem
1705 4696 1873 4753 gene-

284 4774 399 4831 ris:
428 4784 485 4831 et
512 4784 801 4847 utrumque
842 4789 950 4831 non
976 4774 1204 4832 estsine
1239 4773 1597 4831 delectatione
1632 4775 1871 4844 carnali;

284 4885 399 4941 qua:
420 4878 605 4926 tamen
632 4868 938 4926 modiﬁcata
957 4910 974 4937 ,
1020 4875 1075 4925 et
1104 4866 1457 4939 temperantia
1484 4866 1791 4924 refrenante
1815 4867 1874 4925 in

287 4975 437 5017 usum
466 4960 770 5017 naturalem
796 4959 1033 5029 redacta,
1071 4959 1240 5017 libido
1264 4973 1386 5017 esse
1424 4975 1534 5016 non
1562 4967 1739 5031 potest
1768 4961 1871 5033 (a).

287 5052 437 5121 Quod
477 5063 565 5111 est
604 5063 789 5110 autem
829 5053 886 5109 in
930 5051 1278 5110 sustentanda
1304 5052 1415 5109 vita
1451 5052 1671 5109 illicitas
1695 5052 1870 5123 cibus,

288 5143 386 5199 hoc
410 5152 495 5200 est
518 5144 574 5199 in
599 5142 886 5215 querenda
912 5143 1064 5215 prole
1086 5141 1402 5199 fornicarius
1426 5141 1514 5199 vel
1541 5142 1873 5201 adulterinus

289 5236 619 5293 concubitus.
648 5236 717 5293 Et
741 5234 884 5308 quod
902 5244 987 5292 est
1011 5236 1068 5292 in
1090 5235 1301 5292 luxuria
1329 5236 1533 5292 ventris
1561 5242 1619 5293 et
1644 5236 1873 5308 gutturis

289 5327 499 5385 illicitas
525 5328 699 5397 cibus,
723 5327 829 5384 hoc
850 5336 933 5385 est
952 5329 1006 5384 in
1023 5327 1246 5385 libidine
1265 5328 1467 5385 nullam
1492 5330 1699 5400 prolem
1727 5344 1878 5400 qua:-

292 5428 436 5476 rente
477 5421 699 5477 illicitus
735 5420 1071 5477 concubitus.
1112 5420 1181 5476 Et
1215 5420 1360 5491 quod
1385 5430 1469 5476 est
1495 5420 1549 5476 in
1575 5421 1696 5478 cibo
1725 5420 1874 5478 licito

293 5514 563 5569 nonnullis
595 5513 1001 5570 immoderatior
1024 5514 1316 5585 appetitus,
1348 5514 1452 5571 hoc
1485 5524 1568 5572 est
1596 5516 1650 5572 in
1681 5516 1870 5588 conju-

293 5604 441 5674 gibus
466 5606 692 5663 veniatis
733 5607 824 5663 ille
868 5607 1201 5663 concubitus.
1245 5606 1395 5664 Sicut
1427 5623 1556 5679 ergo
1598 5610 1766 5666 satius
1790 5618 1875 5668 est

296 5697 459 5753 emori
475 5696 641 5766 fame,
668 5712 829 5769 quam
854 5696 1164 5769 idolothytis
1187 5698 1332 5757 vesci
1359 5697 1469 5773 (b);
1497 5698 1570 5755 ita
1598 5700 1765 5757 satius
1790 5709 1876 5759 est

353 5831 428 5964 lg;
455 5833 1250 5964 ἓὲἓῖανιίωῗοῗὶἓφῗέεὲωθω
1269 5897 1336 5953 de
1368 5898 1556 5955 viatore
1588 5898 1871 5971 christiano,

1728 411 1932 472 LIBER
1973 408 2174 472 UNUS.

3475 423 3583 490 586

1993 526 2206 599 defungi
2248 526 2364 584 sine
2402 527 2604 598 liberis,
2633 543 2790 602 quam
2825 544 2892 589 ex
2933 529 3120 592 illicito
3164 537 3309 594 coitu
3351 541 3575 612 stirpem

1990 635 2249 692 quaerere.
2293 621 2675 695 Undecumque
2709 634 2887 683 autem
2914 637 3201 685 nascantur
3228 630 3492 695 homines,
3531 636 3579 690 si

1988 724 2271 783 parentum
2297 715 2420 771 vitia
2451 732 2557 772 non
2583 726 2856 775 sectentur
2875 760 2893 789 ,
2924 729 2981 777 et
3006 722 3174 778 Deum
3204 732 3348 779 recte
3378 710 3577 791 colant,

1988 806 2199 863 honesti
2228 817 2281 864 et
2304 809 2433 865 salvi
2455 818 2631 867 erunt.
2662 811 2855 869 Semen
2880 814 3025 870 enim
3052 815 3286 871 hominis
3314 832 3378 872 ex
3406 820 3579 888 quali-

1988 913 2217 970 cumque
2245 899 2481 969 homine,
2514 902 2610 957 Dei
2636 912 2881 960 creatura
2906 913 3011 973 est,
3037 914 3092 962 et
3121 921 3187 963 eo
3212 907 3353 963 male
3383 908 3553 962 utenti

1986 989 2088 1047 bus
2111 992 2253 1047 male
2281 992 2404 1061 erit,
2433 1007 2542 1049 non
2560 993 2735 1064 ipsum
2762 995 3048 1067 aliquando
3082 997 3282 1053 malum
3310 998 3434 1053 erit.
3465 997 3581 1054 Sic-

1987 1090 2049 1137 ut
2080 1091 2260 1139 autem
2305 1082 2400 1139 ﬁlii
2433 1085 2563 1141 boni
2602 1085 2988 1153 adulterorum,
3033 1090 3175 1145 nulla
3222 1088 3465 1145 defensio
3490 1098 3576 1145 est

1988 1174 2405 1244 adulteriorum;
2434 1176 2511 1233 sic
2533 1178 2661 1233 mali
2688 1180 3115 1252 conjugatorum,
3140 1181 3344 1238 nullum
3374 1182 3580 1238 crimen

1988 1275 2074 1325 est
2114 1268 2438 1340 nuptiarum.
2472 1271 2706 1327 Proinde
2747 1271 2886 1329 sicut
2919 1281 3101 1344 patres
3138 1273 3396 1345 temporis
3443 1274 3579 1330 Novi

1989 1360 2320 1417 Testamenti
2346 1377 2413 1419 ex
2449 1363 2629 1420 ofﬁcio
2653 1364 2965 1421 consulendi
2995 1367 3247 1423 alimenta
3275 1375 3575 1437 sumentes,

1987 1452 2233 1523 quamvis
2260 1468 2324 1510 ea
2351 1468 2474 1509 cum
2515 1455 2871 1513 delectatione
2897 1457 3130 1514 naturali
3155 1458 3332 1514 carnis
3357 1458 3574 1529 accipe-

1986 1550 2151 1613 rent,
2178 1544 2326 1601 nullo
2355 1544 2517 1602 modo
2544 1553 2724 1603 tamen
2766 1548 3213 1619 comparabantur
3235 1548 3578 1606 delectationi

1986 1649 2174 1691 eorum
2221 1635 2312 1707 qui
2358 1636 2699 1694 immolatitio
2743 1640 3097 1697 vescebantur
3122 1638 3169 1711 (l
3188 1640 3307 1696 Cor.
3346 1655 3460 1706 vm,
3493 1637 3575 1712 7),

1986 1735 2077 1783 aut
2104 1741 2290 1783 eorum
2319 1729 2410 1799 qui
2454 1730 2696 1801 quamvis
2732 1731 2906 1788 licitas
2946 1746 3120 1802 escas,
3152 1740 3334 1790 tamen
3358 1733 3573 1789 .immo-

1986 1818 2225 1876 deratius
2248 1821 2624 1891 assumebant;
2648 1823 2725 1879 sic
2750 1831 2929 1895 patres
2955 1823 3210 1895 temporis
3238 1825 3446 1881 Veteris
3472 1824 3578 1881 Te-

1984 1913 2236 1968 stamenti
2261 1953 2276 1979 ,
2306 1914 2623 1971 consulendi
2652 1915 2834 1973 ofﬁcio
2862 1917 3309 1984 concumbcbant,
3343 1932 3574 1988 quorum

1985 2002 2274 2065 delectatio
2308 2003 2399 2058 illa
2428 2005 2685 2063 naturalis
2710 2021 3042 2079 nequaquam
3067 2022 3236 2078 usque
3260 2006 3329 2063 ad
3355 2008 3575 2063 irratio-

1983 2096 2161 2153 nalem
2184 2104 2275 2151 aut
2291 2096 2552 2154 nefariam
2569 2099 2841 2155 libidinem
2859 2100 3114 2167 relaxata,
3139 2115 3239 2156 nec
3257 2099 3576 2172 turpitudini

1982 2196 2292 2259 stuprorum
2336 2203 2437 2245 nec
2479 2190 2882 2261 conjugatorum
2923 2192 3349 2263 intemperantiae
3389 2191 3577 2248 confe-

1939 2293 1943 2298 ’
1982 2281 2150 2337 renda
2172 2288 2274 2337 est.
2304 2280 2504 2337 Eadem
2531 2282 2728 2353 quippe
2752 2297 2890 2339 vena
2923 2282 3217 2350 cbaritatis,
3245 2296 3388 2339 nunc
3412 2282 3576 2353 spiri-

1982 2374 2222 2443 tualiter,
2251 2381 2380 2430 tunc
2404 2374 2690 2430 carnaliter
2729 2382 2950 2446 propter
2982 2375 3128 2430 illam
3156 2382 3384 2431 matrem
3411 2373 3575 2431 Jeru-

1982 2470 2150 2526 salem
2209 2471 2538 2543 propagandi
2587 2478 2741 2527 crant
2790 2470 2886 2526 ﬁlii
2940 2488 2955 2525 :
2997 2469 3093 2527 sed
3144 2470 3358 2527 diversa
3408 2485 3575 2543 opera

1980 2568 2196 2633 patrum
2243 2576 2351 2617 non
2402 2561 2630 2618 faciebat
2670 2560 2775 2616 nisi
2811 2561 3092 2617 diversitas
3123 2570 3445 2633 temporum.
3484 2562 3578 2620 Sic

1982 2661 2163 2708 autem
2188 2667 2412 2709 necesse
2440 2663 2556 2709 erat
2592 2660 2652 2708 ut
2691 2652 2978 2708 carnaliter
3005 2652 3232 2721 coirent,
3259 2652 3420 2707 etiam
3463 2667 3575 2710 non

1985 2744 2230 2800 carnales
2269 2743 2585 2815 Prophetas;
2614 2744 2752 2801 sicut
2779 2758 3005 2801 necesse
3046 2752 3163 2800 erat
3201 2751 3261 2799 ut
3287 2742 3576 2799 carnaliter

1982 2844 2355 2903 vescerentur,
2386 2836 2547 2892 etiam
2576 2850 2682 2892 non
2711 2837 2955 2892 carnales
2979 2835 3244 2907 Apostoli.

2051 2926 2278 2984 CAPUT
2295 2927 2895 2985 XVll.—l9.Nubentes
2911 2929 3063 2999 hujus
3080 2928 3319 2999 temporis
3334 2944 3436 2983 non
3453 2944 3575 2985 con-

1982 3020 2180 3091 ferendi
2209 3020 2508 3077 nubentibus
2533 3022 2719 3077 sanctis
2747 3021 2899 3092 primi
2921 3020 3180 3091 temporis.
3204 3019 3307 3075 Uni
3326 3021 3431 3075 viro
3458 3020 3577 3092 plu»-

1978 3130 2062 3171 res
2087 3128 2267 3170 uxores
2296 3114 2477 3169 habere
2503 3114 2780 3187 aliquando
2810 3114 2973 3182 licuit,
3004 3130 3261 3185 nunquam
3293 3115 3383 3169 uni
3420 3115 3573 3184 femi-

1980 3220 2063 3261 nte
2085 3205 2256 3276 plures
2281 3206 2437 3260 uiros.
2466 3205 2740 3275 Quotquot
2768 3219 2896 3276 ergo
2921 3220 3063 3261 nunc
3100 3214 3226 3261 sunt
3273 3204 3466 3275 quibus
3490 3205 3573 3261 di-

1980 3296 2141 3364 citur,
2160 3294 2223 3352 Si
2238 3311 2292 3351 se
2310 3312 2411 3351 non
2426 3296 2700 3365 continent,
2724 3294 2913 3351 nubant
2938 3295 3045 3368 (Id.
3062 3313 3158 3366 vn,
3178 3297 3237 3370 9)
3259 3314 3273 3365 ;
3296 3312 3402 3353 non
3424 3311 3574 3354 com-

1980 3386 2232 3457 parandae
2261 3395 2385 3444 sunt
2430 3394 2559 3443 tunc
2601 3388 2762 3445 etiam
2810 3388 3133 3445 nubentibus
3172 3390 3390 3445 sanctis.
3436 3390 3572 3462 Ipsae

1981 3480 2198 3551 quidem
2229 3480 2430 3551 nuptiae
2464 3481 2520 3536 in
2559 3482 2810 3537 omnibus
2845 3481 3092 3553 gentibus
3132 3482 3321 3538 eadem
3349 3492 3475 3538 sunt
3502 3483 3572 3538 ﬁ-

1979 3572 2173 3629 liorum
2203 3572 2657 3644 procreandorum
2696 3587 2889 3641 causa,
2917 3574 3008 3644 qui
3036 3573 3355 3645 qualeslibet
3382 3582 3571 3646 postea

1979 3664 2214 3733 fuerint,
2248 3664 2317 3722 ad
2345 3664 2652 3722 boetamen
2678 3665 2935 3721 institutae
2960 3673 3085 3721 sunt
3111 3666 3346 3738 nuptiae,
3381 3673 3441 3721 ut
3476 3680 3570 3722 or-

1979 3758 2160 3815 dinate
2186 3757 2518 3831 honesteque
2543 3769 2849 3818 nascantur.
2874 3758 2980 3816 Sed
3001 3759 3245 3816 homines
3264 3760 3355 3831 qui
3379 3774 3439 3816 se
3460 3774 3570 3817 non

1979 3852 2274 3917 continent,
2305 3858 2558 3921 tanquam
2574 3851 2872 3908 ascendunt
2896 3852 2948 3906 in
2974 3852 3185 3922 nuptias
3212 3851 3377 3921 gradu
3402 3851 3570 3909 hone-

1980 3942 2134 3999 statis
2164 3960 2178 3997 :
2205 3942 2296 4014 qui
2332 3952 2512 3998 autem
2540 3957 2599 3998 se
2639 3945 2755 3998 sine
2798 3942 2961 3999 dubio
3003 3944 3358 4013 continerent,
3389 3943 3435 3999 si
3465 3943 3573 4000 hoc

1979 4033 2123 4090 illius
2148 4034 2406 4105 temporis
2442 4034 2580 4090 ratio
2608 4034 2971 4105 permisisset,
3012 4034 3245 4106 quodam
3289 4034 3449 4091 modo
3473 4035 3571 4091 de-

1980 4124 2306 4181 scenderunt
2345 4124 2400 4179 in
2449 4124 2663 4195 nuptias
2709 4124 2877 4196 gradu
2926 4124 3157 4196 pietatis.
3204 4125 3283 4182 Ac
3325 4140 3425 4197 per
3464 4125 3571 4183 hoc

1979 4216 2222 4288 quamvis
2247 4224 2596 4287 utrorumque
2620 4217 2819 4287 nuptiae
2842 4217 2893 4271 in
2920 4225 3174 4287 quantum
3198 4217 3395 4287 nuptiae
3420 4224 3567 4285 sunt,

1980 4310 2103 4380 quia
2131 4308 2452 4379 procreandi
2480 4322 2642 4364 causa
2673 4316 2827 4375 sunt,
2858 4309 3134 4378 aequaliter
3162 4309 3316 4364 bona:
3356 4309 3483 4375 sint,
3511 4308 3569 4365 hi

1980 4410 2159 4458 tamen
2200 4402 2448 4457 homines
2487 4402 2753 4473 conjugati
2786 4402 2891 4457 illis
2928 4402 3234 4459 hominibus
3270 4403 3570 4475 conjugatis

1980 4509 2090 4551 non
2116 4502 2241 4551 sunt
2259 4494 2625 4565 comparandi.
2654 4494 2862 4550 Habent
2884 4495 3026 4551 enim
3047 4496 3134 4550 isti
3154 4496 3295 4567 quod
3317 4496 3423 4552 illis
3450 4511 3571 4567 pro-

1980 4594 2103 4658 pter
2146 4585 2485 4641 honestatem
2542 4586 2847 4657 nuptiarum
2873 4628 2889 4655 ,
2939 4588 3182 4657 quamvis
3233 4587 3300 4643 ad
3354 4588 3569 4659 nuptias

1980 4693 2088 4734 non
2109 4676 2392 4748 pertineat,
2420 4676 2715 4733 secundum
2738 4678 2949 4734 veniam
2977 4678 3339 4745 concedatur;
3378 4679 3432 4735 id
3460 4686 3566 4747 est,

1980 4783 2322 4840 progressum
2368 4768 2517 4824 illum
2553 4770 2643 4841 qui
2689 4768 2900 4826 excedit
2940 4770 3231 4841 generandi
3273 4770 3569 4826 necessita-

1981 4868 2089 4917 tem
2113 4862 2154 4928 ί,
2186 4860 2328 4931 quod
2357 4860 2433 4916 illi
2460 4876 2567 4917 non
2593 4861 2878 4918 habebant.
2907 4861 3017 4918 Sed
3042 4877 3218 4933 neque
3260 4862 3316 4917 hi
3339 4903 3354 4929 ,
3392 4863 3438 4916 si
3476 4861 3569 4933 qui

1979 4953 2120 5012 forte
2137 4968 2280 5011 nunc
2302 4954 2663 5023 inveniuntur,
2693 4956 2786 5027 qui
2811 4971 2918 5013 non
2942 4965 3187 5027 quaerunt
3215 4956 3268 5011 in
3299 4955 3571 5012 connubio

1980 5063 2083 5107 nec
2097 5057 2375 5121 appetunt,
2394 5050 2496 5107 nisi
2512 5059 2731 5121 propter
2745 5050 2888 5122 quod
2910 5050 3165 5107 institutae
3195 5057 3318 5104 sunt
3343 5050 3568 5121 nuptiae,

1981 5142 2247 5213 coaequari
2271 5151 2494 5214 possunt
2531 5142 2642 5200 illis
2668 5143 2993 5202 hominibus.
3026 5140 3083 5198 In
3123 5126 3239 5196 istis
3264 5140 3405 5195 enim
3443 5156 3566 5201 car—

1980 5258 2110 5307 victo
2131 5254 2269 5319 famis
2278 5258 2650 5319 necessitate,si
2664 5257 2784 5307 nihil
2806 5259 2994 5319 uspiam
3010 5254 3273 5319 invenerit,
3293 5255 3385 5305 nisi
3403 5257 3569 5308 cibum

1980 5319 2032 5368 in
2054 5317 2200 5368 idolio
2234 5320 2443 5378 positum
2459 5354 2475 5378 ,
2497 5316 2591 5368 ubi
2607 5318 2769 5369 nullus
2790 5316 2913 5368 alius
2936 5324 3013 5378 est
3032 5316 3278 5366 hominum
3295 5352 3310 5376 ,
3332 5326 3495 5368 utrum
3521 5322 3570 5371 ei

1981 5381 2132 5443 satius
2154 5380 2218 5429 sit
2236 5377 2365 5429 fame
2389 5377 2557 5442 emori,
2584 5394 2724 5443 quam
2750 5379 2865 5443 illud
2884 5381 2933 5427 in
2950 5377 3231 5443 alimentum
3253 5392 3469 5443 sumere,
3486 5396 3569 5431 re-

1981 5442 2189 5505 spondet
2212 5444 2503 5505 Augustinus
2519 5440 2569 5505 in
2594 5440 2796 5505 cpistola
2817 5453 2946 5490 nunc
2964 5440 3134 5489 ordine
3153 5440 3232 5501 47,
3256 5455 3306 5490 n.
3330 5441 3363 5490 6
3387 5457 3399 5492 :
3436 5440 3463 5489 α’
3477 5450 3568 5495 Aut

1988 5503 2020 5550 «“
2034 5511 2223 5554 certum
2255 5503 2334 5555 e'st
2366 5516 2481 5555 esse
2512 5503 2825 5565 idolOthytum
2838 5536 2854 5562 ,
2878 5508 2961 5553 aut
2979 5509 3170 5553 certum
3194 5510 3271 5566 est
3301 5517 3397 5553 non
3430 5518 3563 5566 esse,

1988 5583 2013 5614 ι
2034 5572 2119 5615 aut
2140 5567 2423 5629 ignoratur:
2449 5567 2491 5615 si
2514 5577 2635 5629 ergo
2655 5564 2854 5629 certum
2866 5572 2945 5615 est
2968 5577 3099 5627 esse,
3115 5564 3291 5629 melius
3311 5564 3571 5629 christiana

1988 5644 2013 5677 α
2036 5626 2217 5677 virtute
2239 5628 2510 5691 reSpujtur;
2535 5626 2755 5691 siautem
2777 5626 2858 5677 vel
2882 5640 2980 5691 non
3013 5640 3125 5679 esse
3142 5628 3308 5689 scitur,
3331 5627 3412 5679 vel
3433 5631 3571 5691 igno-

1990 5706 2014 5735 ι
2035 5696 2186 5750 ratur,
2201 5691 2313 5762 sine
2324 5687 2428 5738 ullo
2446 5688 2754 5738 conscientiae
2774 5687 3002 5754 scrupulo
3023 5692 3074 5740 in
3103 5703 3245 5741 usum
3262 5687 3573 5744 necessilatis

1990 5769 2015 5801 st
2034 5759 2311 5801 assumitur.
2330 5764 2354 5796 υ

2046 5835 2065 5866 ι
2092 5840 2222 5894 Lov.,
2244 5831 2511 5896 generandi
2536 5846 2733 5889 causam
2751 5834 3187 5893 velnecessitatem.
3210 5830 3356 5890 Amr.
3382 5838 3436 5885 et
3458 5840 3567 5885 Mss.

1983 5909 2083 5951 non
2104 5896 2304 5961 habent,
2332 5908 2531 5951 causam
2549 5896 2639 5950 vel.
2888 5972 2896 5984 .
3566 5902 3582 5929 λ
