4070 6334
415 350 520 415 887

416 468 541 529 nale
579 472 663 526 est
698 464 874 538 ipsum
915 458 1241 519 desiderium
1279 453 1549 523 ﬁliorum;
1588 456 1641 511 in
1682 454 1786 510 illis
1824 461 2003 510 autem

418 558 696 633 spirituale
724 566 861 625 erat,
898 553 1024 626 quia
1050 559 1391 609 sacramento
1420 552 1561 605 illius
1590 548 1850 619 temporis
1877 561 2012 601 con-

418 654 664 728 gruebat.
710 650 860 706 Nunc
902 649 1099 721 quippe
1140 645 1319 701 nullus
1361 644 1554 714 pietate
1582 640 1846 713 perfectus
1877 638 2014 693 ﬁlios

386 747 624 803 'ltabere
671 743 777 801 nisi
821 736 1171 813 spiritualiter
1218 736 1454 809 QUIBI‘II:
1504 745 1630 791 tunc
1674 748 1804 790 vero
1847 731 2011 804 ipsius

338 826 383 935 ζ
422 837 635 910 pietatis
665 844 779 892 erat
800 831 1060 906 operatio,
1090 829 1252 886 etiam
1274 828 1563 885 carnaliter
1591 826 1727 882 filios
1751 838 2023 898 propaga-_

364 919 379 962 ἶ
422 946 520 997 re;
567 928 692 1001 quia
740 927 883 982 illius
923 924 1110 996 pepuli
1158 922 1437 994 generatio
1486 920 1672 976 tnmtia
1714 919 2015 974 futurorum

421 1033 556 1089 erat,
588 1030 645 1079 et
671 1019 739 1076 ad
766 1019 1218 1091 dispensationem
1252 1012 1620 1086 propheticam
1653 1008 1975 1083 pertinebat.

494 1116 583 1171 20.
626 1113 854 1184 Ideoque
906 1126 1015 1166 non
1061 1110 1198 1166 sicut
1241 1108 1331 1163 uni
1377 1106 1493 1162 viro
1522 1103 1891 1174 ctiamplures
1918 1101 2015 1156 ba-

425 1210 555 1266 bere
602 1209 794 1263 licebat
845 1187 1065 1269 uxores,
1115 1203 1187 1258 ita
1232 1203 1322 1257 uni
1368 1199 1580 1255 feminae
1628 1196 1809 1269 plures
1850 1195 2015 1263 viros,

427 1316 527 1355 nec
554 1297 718 1369 prolis
762 1296 930 1369 ipsius
974 1309 1165 1361 causa,
1206 1292 1253 1349 si
1290 1292 1427 1348 forte
1458 1291 1545 1345 illa
1583 1303 1773 1360 parere
1816 1295 2017 1359 posset,

427 1391 518 1446 ille
560 1405 821 1461 generare
862 1404 970 1443 non
1013 1397 1212 1457 posset.
1256 1383 1474 1440 Occulta
1500 1382 1641 1438 enim
1670 1380 1788 1452 lege
1816 1388 2020 1435 natura:

431 1492 614 1540 amant
660 1481 1085 1553 singularitatem
1132 1494 1249 1551 qua:
1294 1478 1662 1549 principantur
1711 1491 1724 1529 :
1780 1472 2020 1543 subjecta

431 1592 560 1632 vero
587 1591 695 1631 non
721 1576 894 1630 solum
918 1573 1124 1644 singula
1151 1573 1392 1644 singulis,
1415 1571 1509 1626 sed
1533 1570 1578 1625 si
1605 1569 1741 1624 ratio
1767 1567 2021 1623 naturalis

430 1669 518 1725 vel
547 1668 761 1724 socialis
786 1667 1038 1733 admittit,
1066 1668 1223 1721 etiam
1252 1666 1404 1736 plura
1430 1664 1519 1720 uni
1549 1678 1657 1719 non
1684 1662 1798 1719 sine
1826 1660 2022 1718 decore

431 1760 748 1817 subduntur.
777 1759 962 1829 Neque
1005 1760 1146 1814 enim
1175 1758 1252 1813 sic
1278 1756 1437 1813 habet
1463 1770 1599 1812 unus
1626 1768 1813 1810 servus
1839 1752 2021 1823 plures

431 1853 713 1921 dominos,
747 1852 1015 1923 quomodo
1046 1851 1225 1922 plures
1251 1850 1392 1905 servi
1421 1863 1582 1903 unum
1615 1845 1913 1901 dominum.
1945 1844 2021 1899 Ita

432 1946 642 2001 duobus
685 1960 779 2001 seu
827 1944 1069 2015 pluribus
1114 1942 1321 1998 maritis
1367 1940 1506 1995 vivis
1552 1939 1753 1995 nullam
1794 1936 2023 2007 legimus

434 2036 665 2093 servisse
694 2046 1035 2100 sanctarum;
1066 2034 1250 2105 plures
1291 2041 1467 2088 autem
1509 2031 1735 2088 feminas
1778 2030 1869 2085 uni
1906 2027 2023 2083 viro

432 2127 663 2200 legimus
697 2127 932 2200 (a),cum
960 2126 1131 2198 gentis
1157 2125 1297 2181 illius
1318 2124 1545 2181 societas
1570 2122 1867 2192 sinebat,et
1890 2130 2026 2176 tem-

432 2221 729 2294 porisratio
747 2221 1009 2277 suadebat
1037 2238 1052 2276 :
1081 2235 1258 2290 neque
1286 2219 1426 2273 enim
1447 2228 1632 2272 contra
1660 2227 1900 2270 naturam
1926 2229 2025 2268 nu—

433 2314 665 2383 ptiarum
706 2322 807 2369 est.
848 2313 1035 2367 Plures
1073 2312 1216 2367 enim
1260 2310 1470 2365 femina:
1500 2309 1567 2364 ab
1596 2322 1702 2362 uno
1731 2307 1845 2361 viro
1873 2304 2023 2361 fetari

431 2414 688 2477 possunt;
721 2420 822 2460 una
850 2419 978 2459 vero
1021 2420 1050 2457 a
1098 2402 1341 2474 pluribus
1385 2418 1490 2457 non
1541 2409 1716 2471 potest
1762 2399 1901 2470 (hmo
1942 2406 2025 2454 est

432 2499 817 2570 principiorum
844 2499 923 2553 vis
942 2493 983 2572 ¹)
1008 2514 1023 2552 :
1047 2495 1185 2552 sicut
1208 2496 1389 2550 multm
1410 2496 1602 2549 animae
1627 2494 1719 2550 uni
1744 2494 1852 2548 Deo
1877 2501 2024 2549 recte

432 2595 751 2650 subduntur.
792 2592 1024 2663 Ideoque
1063 2605 1170 2646 non
1214 2598 1296 2646 est
1339 2604 1499 2646 verus
1545 2588 1687 2644 Deus
1727 2587 2022 2642 animarum

431 2685 536 2740 nisi
568 2700 701 2740 unus
724 2726 738 2751 ,
768 2699 874 2738 una
901 2697 1030 2738 vero
1056 2684 1231 2736 anima
1277 2697 1371 2751 per
1412 2679 1611 2735 multos
1635 2680 1656 2710 ²
1698 2678 1862 2735 falsos
1894 2676 2023 2735 deos

430 2774 684 2834 fornicari
710 2784 904 2845 potest,
935 2789 1039 2829 non
1072 2771 1366 2827 fecundari.

504 2867 730 2924 CAPUT
783 2866 969 2921 XVIII.
1016 2896 1087 2907 ——
1138 2864 1229 2920 21.
1286 2863 1673 2920 Sacramentttm
1727 2859 2023 2932 nuptiarum

433 2980 565 3018 nunc
595 2961 661 3015 ad
704 2977 857 3014 unum
893 2960 1058 3014 uirum
1094 2967 1139 3013 et
1178 2958 1244 3011 ad
1285 2973 1439 3010 unam
1484 2970 1695 3010 uxorem
1733 2952 2019 3007 redactum.

431 3054 743 3125 Episc0pttm
795 3052 893 3106 nisi
948 3052 1096 3105 unius
1159 3049 1334 3103 uxoris
1388 3048 1555 3101 virum
1618 3044 1865 3101 ordinare
1919 3059 2023 3096 non

433 3149 568 3225 licet.
617 3147 721 3202 Sed
774 3146 1028 3217 quoniam
1085 3158 1153 3200 ex
1199 3141 1382 3199 multis
1438 3139 1630 3195 animis
1683 3154 1787 3194 una
1836 3136 2022 3193 civitas

431 3239 610 3297 futura
659 3248 741 3295 est
793 3237 1097 3294 habentium
1128 3236 1361 3290 animam
1405 3248 1567 3290 unam
1617 3239 1672 3288 et
1714 3246 1808 3286 cor
1854 3244 2022 3285 unum

431 3332 489 3388 in
528 3332 695 3386 Deum
736 3328 887 3403 (Act.
937 3344 1011 3395 tv,
1057 3326 1200 3397 52);
1242 3342 1361 3397 quae
1399 3324 1618 3381 unitatis
1662 3332 1859 3379 nostra:
1896 3337 2021 3392 per-

433 3425 594 3484 fectio
645 3433 764 3496 post
811 3424 949 3479 hanc
994 3421 1478 3492 peregrinationem
1525 3417 1703 3473 futura
1756 3425 1881 3483 est,
1931 3414 2023 3470 ubi

435 3519 671 3575 omnium
703 3516 1052 3589 cogitationes
1082 3530 1181 3569 nec
1208 3514 1447 3569 latebunt
1476 3512 1726 3576 invicem,
1755 3524 1854 3565 nec
1883 3509 2024 3563 inter

435 3626 495 3670 se
535 3613 590 3667 in
628 3611 804 3681 aliquo
849 3607 1256 3680 repugnabunt:
1297 3612 1579 3676 propterea
1620 3602 2021 3657 Sacramentum

435 3705 746 3776 nuptiarum
789 3700 1048 3772 temporis
1098 3698 1268 3754 nostri
1312 3697 1388 3752 sic
1432 3695 1499 3750 ad
1544 3710 1709 3750 unum
1750 3694 1924 3748 virum
1972 3701 2027 3749 et

435 3813 599 3855 unam
626 3811 850 3852 uxorem
877 3794 1153 3850 redactum
1185 3800 1289 3857 est,
1318 3799 1375 3844 ut
1407 3788 1663 3844 Ecclesim
1685 3786 2025 3857 dispensato-

436 3906 550 3947 rem
594 3904 700 3943 non
745 3888 907 3943 liceat
949 3884 1229 3959 ordinare,
1277 3882 1379 3937 nisi
1422 3881 1578 3935 unius
1623 3879 1803 3935 uxoris
1853 3879 2025 3935 virum

440 3982 485 4056 (Ι
531 3980 663 4036 Tim.
709 3997 786 4045 ut,
818 3978 856 4033 2
878 4020 894 4047 ,
925 3986 974 4032 et
1004 3975 1107 4030 Tit.
1137 3992 1176 4042 1,
1219 3974 1295 4047 6).
1330 3972 1483 4043 Quod
1515 3972 1719 4027 acutius
1749 3972 2029 4028 intellexe-

436 4081 583 4137 runt,
615 4072 704 4143 qui
750 4086 848 4126 nec
894 4084 1017 4125 eum
1058 4068 1147 4138 qui
1195 4066 1607 4122 catecltumenus
1656 4064 1740 4120 vel
1791 4079 2026 4135 paganus

438 4163 685 4220 habuerit
712 4162 955 4225 alteram,
991 4157 1344 4213 ordinandum
1391 4170 1509 4212 esse
1556 4164 1880 4211 censuerunt
1922 4154 2023 4227 (b).

440 4256 519 4311 De
544 4256 888 4310 Sacramento
913 4251 1055 4306 enim
1086 4250 1280 4321 agitur,
1318 4262 1422 4303 non
1450 4246 1516 4303 de
1541 4255 1783 4318 peccato.
1810 4245 1943 4301 Nam
1972 4244 2027 4300 in

439 4348 713 4420 Baptismo
742 4354 958 4419 peccata
987 4345 1166 4401 omnia
1192 4342 1552 4398 dimittuntur.
1594 4340 1700 4396 Sed
1742 4340 1830 4411 qui
1871 4338 2025 4405 dixit,

441 4441 505 4499 Si
533 4442 781 4514 acceperis
808 4458 1036 4507 uxorem,
1066 4456 1165 4494 non
1193 4438 1442 4510 peccasti;
1474 4445 1518 4491 et
1543 4437 1587 4491 si
1617 4437 1840 4506 nupserit
1865 4436 2025 4506 virgo,

440 4550 543 4589 non
573 4543 777 4603 peccat;
804 4540 878 4599 et,
912 4531 1058 4597 Quod
1087 4529 1190 4585 vult
1217 4530 1394 4602 faciat,
1422 4545 1522 4583 non
1553 4535 1742 4598 peccat,
1794 4528 1837 4582 si
1877 4527 2030 4582 nubat

442 4624 481 4695 (l
497 4623 932 4695 Cor.vn,28,36)
954 4641 967 4677 :
988 4623 1115 4677 satis
1140 4621 1433 4678 declaravit
1450 4620 1658 4690 nuptias
1679 4620 1880 4674 nullum
1910 4634 2030 4674 esse

440 4726 736 4788 peccatum.
752 4717 973 4787 Propter
990 4715 1319 4772 Sacramenti
1333 4724 1509 4769 autem
1524 4715 1878 4780 sanctitatem,
1894 4711 2031 4766 sicut

440 4809 636 4865 femina
662 4809 870 4864 etiamsi
900 4808 1279 4865 catechumena
1301 4806 1457 4863 fuerit
1475 4806 1687 4871 vitiata,
1720 4819 1829 4860 non
1854 4812 2031 4875 potest

440 4914 562 4975 post
592 4904 919 4976 Baptismum
948 4902 1086 4958 inter
1111 4902 1207 4956 Dei
1229 4900 1460 4971 virgines
1482 4899 1784 4955 consecrari
1803 4914 1819 4965 ;
1837 4898 1908 4953 ita
1922 4913 2045 4954 nona

443 4997 671 5054 absurde
698 4997 869 5051 visum
897 5003 979 5050 est
1006 5009 1129 5050 eum
1158 4992 1247 5064 qui
1292 4995 1527 5049 excessit
1567 5004 1794 5046 uxorum
1837 5004 2028 5047 nume-

444 5104 561 5144 rum
597 5089 917 5161 singularem
934 5128 950 5154 ,
978 5101 1087 5142 non
1116 5092 1390 5157 peccatum
1416 5082 1634 5155 aliquod
1663 5082 2027 5154 commisisse,

505 5329 523 5361 ί
542 5329 626 5379 llic
648 5327 765 5393 editi
782 5326 983 5393 addunt,
1014 5330 1067 5393 ut
1086 5323 1253 5391 plures
1282 5323 1479 5389 fenum
1509 5322 1601 5378 uni
1631 5324 1735 5380 viro
1754 5324 1850 5381 sint
1872 5339 1892 5380 .'
1918 5332 2035 5393 qua

441 5393 595 5443 verba
618 5392 794 5440 absunt
815 5391 878 5439 ab
900 5390 1124 5440 omnibus
1142 5394 1254 5439 Mss.

508 5456 528 5485 ⁸
554 5461 685 5513 l.ov.,
708 5456 810 5516 post
833 5451 1020 5502 multos.
1045 5457 1121 5501 Er.
1147 5458 1199 5502 et
1217 5456 1351 5511 Mss,
1371 5461 1459 5515 per
1480 5447 1673 5504 Multos.

505 5538 557 5597 (α
611 5532 835 5592 Subaudi,
858 5533 1075 5584 servisse.

508 5538 579 5659 (bi
606 5602 703 5646 Hoc
736 5593 984 5659 intellexit
1013 5597 1157 5647 modo
1178 5597 1453 5648 ambroa'us
1485 5598 1535 5646 in
1566 5596 1799 5659 epistad
1830 5595 1999 5659 vemel

508 5602 579 5661 (ιτ)
606 5602 703 5646 Hoc
736 5602 984 5645 intellexit
1013 5602 1157 5647 modo
1178 5602 1453 5648 ambroa'us
1485 5602 1535 5646 in
1566 5602 1799 5660 epistad
1830 5602 2028 5647 Vercel-

443 5659 637 5711 leusem
658 5655 932 5721 Ecclesiam,
958 5665 1132 5721 estque
1154 5658 1268 5709 olim
1287 5661 1365 5710 hic
1385 5673 1564 5711 sensus
1580 5667 1782 5721 recepto
1803 5658 2029 5709 Ecclesias

443 5735 583 5772 more
606 5720 848 5785 probatus.
884 5720 1098 5770 Attamen
1137 5723 1451 5785 Hieronymus
1489 5725 1631 5785 epist.
1656 5720 1713 5770 ad
1742 5730 2021 5785 ,meanum,

442 5781 621 5853 acriter
643 5781 866 5853 duroque
890 5785 991 5853 egit
1012 5792 1184 5853 eontra.
1199 5781 1329 5853 hunc
1357 5781 1637 5853 sensutitlg
1661 5784 1753 5833 sibi
1783 5785 2026 5849 objectum

452 5845 678 5913 altuﬁino
699 5844 904 5897 testatur
926 5844 978 5895 in
1009 5844 1105 5896 fine
1140 5845 1247 5897 libri
1276 5848 1295 5896 l
1324 5855 1490 5899 contra
1514 5846 1761 5899 ltuiiinmn.

1443 331 1532 397 DE
1570 336 1747 396 ΒΟΝο
1781 328 2184 406 CONJUGALI,
2204 335 2264 395 ε.
2301 330 2673 394 AUGUSTINI

3596 335 3706 405 388

2123 452 2219 509 sed
2248 467 2490 509 normam
2518 452 2801 525 quamdam
2828 453 3162 514 Sacramenti
3189 456 3479 528 amisisse;
3496 475 3607 519 non
3635 464 3707 520 ad

2121 545 2246 601 vitae
2269 546 2423 602 bona:
2448 546 2720 614 meritum,
2743 545 2837 603 sed
2859 546 2925 603 ad
2956 547 3306 606 ordinationis
3325 552 3708 614 ecclesiastica:

2122 637 2451 710 signaculum
2465 639 2839 696 necessariam.
2857 640 2934 696 Ac
2949 656 3043 712 per
3052 640 3155 698 hoc
3167 643 3300 700 sicut
3314 644 3495 716 plures
3513 664 3713 707 uxores

2122 733 2461 803 antiquorum
2483 742 2692 804 patrum
2718 734 3147 805 significaverunt
3166 732 3371 793 futuras
3398 749 3613 798 nostras
3642 757 3712 799 ex

2124 825 2371 883 omnibus
2393 827 2637 899 gentibus
2657 827 2926 885 Ecclesias
2951 830 3041 885 uni
3061 829 3176 887 viro
3202 830 3439 889 subditas
3459 834 3676 891 Christo
3698 856 3711 891 :

2123 918 2198 976 ita
2222 929 2404 976 noster
2424 920 2646 978 antistes
2666 921 2822 979 unius
2844 923 3025 980 uxoris
3049 923 3130 980 vir
3158 924 3423 996 significat
3449 942 3514 984 ex
3540 930 3717 984 omni-
3780 994 3781 997 η

2124 1010 2227 1067 bus
2272 1010 2519 1083 gentibus
2566 1013 2824 1071 unitatem
2859 1015 2950 1071 uni
2985 1017 3100 1071 viro
3145 1017 3411 1074 subditam
3461 1017 3710 1087 Christo;
3780 1060 3783 1061 ν

2124 1118 2246 1174 qua:
2276 1112 2403 1161 tunc
2442 1105 2748 1177 perﬁcietur
2770 1148 2784 1174 ,
2812 1120 2935 1163 cum
2975 1107 3292 1164 revelaverit
3318 1110 3528 1166 occulta
3559 1120 3713 1167 tene-
3774 1120 3789 1157 I-

2127 1193 2385 1262 brarunt,
2431 1206 2486 1253 et
2532 1198 2950 1254 manifestaverit
2990 1200 3342 1272 cogitationes
3393 1203 3600 1271 cordis,
3651 1214 3714 1259 ut

2129 1298 2254 1348 tunc
2297 1291 2412 1347 laus
2461 1292 2530 1347 sit
2582 1293 2866 1365 unicuique
2891 1309 2922 1349 a
2970 1294 3081 1350 Deo
3138 1295 3181 1369 (ἰ
3208 1294 3325 1351 Cor.
3355 1314 3427 1363 iV,
3459 1298 3537 1370 5).
3562 1298 3719 1356 Nunc

2127 1390 2306 1438 autem
2349 1391 2472 1438 sunt
2514 1383 2830 1454 manifestas,
2872 1395 2996 1441 sunt
3025 1386 3253 1444 latentes
3282 1388 3645 1447 dissensiones
3669 1391 3711 1458 ¹,

2128 1475 2288 1531 etiam
2318 1476 2463 1531 salva
2493 1475 2771 1545 charitate,
2815 1478 2957 1535 inter
2998 1494 3092 1536 eos
3121 1480 3209 1551 qui
3238 1497 3403 1536 unum
3440 1492 3495 1538 et
3523 1484 3577 1537 in
3607 1499 3718 1539 uno

2127 1566 2291 1623 futuri
2318 1578 2443 1623 sunt
2471 1587 2485 1625 :
2515 1585 2635 1641 quae
2664 1580 2789 1626 tunc
2816 1570 3001 1642 utique
3024 1572 3183 1633 nulla:
3207 1580 3384 1629 erunt.
3410 1572 3557 1631 Sicut
3585 1590 3719 1646 ergo

2126 1658 2533 1717 Sacramentum
2575 1662 2856 1733 pluralium
2902 1664 3206 1734 nuptiarum
3255 1665 3396 1721 illius
3457 1669 3719 1737 temporis

2129 1754 2443 1825 signiﬁcavit
2476 1754 2704 1811 futuram
2753 1757 3149 1813 multitudinem
3180 1759 3290 1815 Deo
3317 1760 3612 1831 subjectam
3662 1762 3718 1818 in

2128 1845 2357 1900 terrenis
2385 1847 2630 1902 omnibus
2654 1848 2935 1918 gentibus;
2967 1849 3044 1904 sic
3074 1848 3476 1906 Sacramentum
3508 1854 3720 1922 nuptia-

2128 1952 2245 1993 rum
2275 1937 2599 2009 singularum
2643 1941 2812 1996 nostri
2860 1942 3117 2013 temporis
3161 1944 3427 2014 signiﬁcat
3454 1946 3718 2002 unitatem

2128 2032 2367 2087 omnium
2392 2041 2634 2087 nostrum
2664 2034 2956 2103 subjectam
2988 2035 3098 2091 Deo
3125 2034 3357 2092 futuram
3383 2036 3437 2093 in
3464 2053 3569 2093 una
3598 2053 3716 2095 cce-

2129 2122 2251 2179 lesti
2276 2125 2508 2182 civitate.
2541 2126 2725 2197 Itaque
2755 2127 2892 2181 sicut
2917 2126 3129 2183 duobus
3156 2129 3461 2198 pluribusve
3490 2132 3714 2199 servire,

2128 2214 2208 2271 sic
2248 2230 2279 2271 a
2323 2218 2439 2271 viro
2485 2217 2605 2273 vivo
2634 2218 2690 2271 in
2718 2218 2940 2275 alterius
2971 2220 3197 2276 transire
3222 2221 3544 2277 connubium
3570 2265 3585 2289 ,
3616 2239 3718 2279 nec

2129 2316 2257 2364 tunc
2282 2309 2447 2376 licuit,
2478 2325 2578 2367 nec
2606 2328 2745 2367 nunc
2769 2312 2915 2378 licet,
2947 2328 3047 2368 nec
3075 2329 3309 2385 unquam
3341 2315 3538 2370 licebit.
3570 2317 3716 2386 Apo-

2130 2410 2329 2458 statare
2352 2404 2548 2475 quippe
2573 2404 2639 2460 ab
2669 2420 2774 2459 uno
2805 2406 2936 2473 Deo,
2968 2414 3022 2461 et
3050 2407 3127 2462 ire
3152 2407 3205 2461 in
3250 2407 3472 2463 alterius
3505 2407 3715 2464 adulle-

2132 2492 2302 2549 rinam
2343 2496 2802 2565 superstitionem,
2831 2511 3046 2567 semper
3069 2507 3153 2553 est
3178 2498 3396 2554 malum.
3422 2488 3532 2554 Nec
3555 2514 3717 2555 causa

2128 2600 2257 2658 ergo
2280 2588 2665 2657 numerosioris
2704 2591 2867 2661 prolis
2892 2590 3135 2647 fecerunt
3158 2592 3329 2648 sancti
3357 2592 3546 2658 nostri,
3574 2593 3719 2664 quod

2127 2678 2259 2737 Cato
2288 2681 2482 2737 dicitur
2525 2681 2719 2738 fecisse
2746 2682 3019 2738 Romanus
3047 2682 3155 2758 (a),
3188 2694 3245 2739 ut
3288 2684 3519 2740 traderet
3563 2685 3719 2739 vivus

2129 2791 2352 2832 uxorem
2383 2777 2544 2832 etiam
2570 2776 2791 2832 alterius
2820 2777 3036 2833 domum
3082 2777 3205 2832 ﬁliis
3252 2779 3607 2848 impleturum.
3652 2778 3720 2835 In

2129 2876 2436 2923 nostrarum
2464 2868 2658 2939 quippe
2700 2868 2900 2939 nuptiis
2927 2869 3046 2939 plus
3075 2868 3218 2925 valet
3240 2871 3493 2925 sanctitas
3520 2869 3725 2925 Sacra-

2128 2963 2319 3031 menti,
2340 2978 2498 3034 quam
2526 2961 2825 3020 fecunditas
2852 2964 3015 3019 uteri.

2198 3054 2290 3110 22.
2330 3054 2387 3111 Si
2411 3071 2540 3128 ergo
2568 3064 2623 3112 et
2648 3055 2725 3112 illi
2746 3057 2837 3126 qui
2860 3066 3079 3128 propter
3096 3056 3265 3113 solam
3287 3058 3723 3130 generationem,

2128 3156 2348 3219 propter
2378 3164 2537 3220 quam
2572 3156 2696 3205 sunt
2738 3148 2995 3205 institutae
3033 3150 3232 3220 nuptiae
3255 3190 3271 3215 ,
3296 3149 3723 3220 conjunguntur,

2128 3256 2235 3298 non
2268 3254 2644 3314 comparantur
2688 3245 2947 3315 patribus,
2979 3245 3149 3299 multo
3193 3245 3348 3301 aliter
3394 3245 3539 3315 ipsos
3572 3244 3721 3301 ﬁlios

2127 3349 2287 3406 quam
2316 3335 2403 3402 isti
2431 3336 2826 3407 quaerentibus;
2856 3336 3285 3410 quandoquidem
3313 3338 3477 3394 ﬁlium
3520 3338 3720 3395 immo-

2129 3427 2243 3483 lare
2262 3428 2444 3499 jussus
2472 3429 2763 3497 Abraham,
2792 3430 3086 3501 intrepidus
3112 3445 3175 3486 ac
3194 3430 3440 3497 devotus,
3467 3446 3623 3501 quem
3642 3430 3722 3488 de

2129 3527 2278 3576 tanta
2304 3521 2680 3593 deSperatione
2715 3531 3026 3595 susceperat
3047 3564 3062 3590 ,
3093 3524 3252 3579 unico
3292 3539 3402 3580 non
3441 3526 3719 3595 pepercit,

2129 3614 2233 3670 nisi
2257 3629 2321 3669 eo
2347 3615 2663 3685 prohibente
2704 3630 2923 3671 manum
2972 3616 3299 3688 deponeret,
3347 3631 3454 3688 quo
3492 3616 3727 3688 iubente

2130 3706 2400 3763 levaverat
2420 3705 2574 3779 (Gen.
2602 3723 2733 3776 χιιι,
2766 3706 2881 3780 12).

2203 3799 2429 3858 CAPUT
2455 3799 2599 3855 XIX.
2628 3831 2699 3841 —
2736 3802 2817 3855 An
2842 3800 3023 3856 saltem
3051 3801 3354 3856 continentes
3390 3800 3551 3856 nostri
3579 3815 3724 3856 com-

2131 3891 2349 3963 parandi
2373 3893 2473 3947 sint
2499 3892 2715 3963 antiquis
2739 3892 2927 3948 sanctis
2964 3893 3268 3963 coniugatis.
3309 3891 3496 3947 Restat
3533 3900 3591 3946 ut
3636 3890 3726 3946 vi—

2132 3983 2357 4040 deamus
2394 3994 2572 4040 utrum
2602 3984 2792 4040 saltem
2836 3983 3171 4041 continentes
3210 3984 3378 4039 nostri
3419 3982 3725 4054 conjugatis

2132 4076 2241 4133 illis
2284 4077 2523 4147 patribus
2570 4076 2917 4146 comparandi
2958 4077 3100 4143 sint;
3146 4076 3247 4131 nisi
3290 4074 3428 4131 forte
3467 4075 3576 4145 jam
3628 4074 3722 4130 isti

2132 4169 2454 4241 praeferendi
2472 4180 2598 4226 sunt
2617 4171 2716 4237 eis,
2740 4171 2932 4241 quibus
2956 4169 3193 4226 nondum
3218 4184 3352 4242 quos
3376 4168 3725 4225 conferamus

2134 4262 2453 4319 invenimus.
2484 4262 2652 4332 Majus
2681 4262 2825 4318 enim
2855 4262 3053 4319 bonum
3096 4270 3211 4319 erat
3258 4262 3311 4315 in
3357 4261 3568 4316 illorum
3619 4275 3726 4314 nu—

2133 4358 2278 4429 ptiis,
2302 4372 2461 4428 quam
2487 4366 2567 4413 est
2595 4358 2793 4413 bonum
2819 4358 3093 4427 proprium
3118 4357 3441 4426 nuptiarum,
3469 4354 3555 4410 cui
3587 4367 3722 4424 pro-

2134 4452 2220 4507 cul
2245 4451 2406 4507 dubio
2431 4452 2628 4507 bonum
2660 4450 3002 4507 continentiae
3028 4448 3415 4521 praeferendum
3452 4457 3561 4514 est;
3594 4447 3723 4516 quia

2135 4558 2244 4601 non
2271 4544 2361 4599 tali
2388 4542 2567 4600 ofﬁcio
2608 4544 2920 4613 quaerebant
2958 4543 3034 4597 illi
3065 4542 3202 4598 ﬁlios
3232 4556 3296 4596 ex
3327 4540 3541 4611 nuptiis,
3572 4538 3723 4609 quali

2134 4637 2398 4693 ducuntur
2422 4636 2534 4704 isti,
2564 4651 2632 4692 ex
2660 4636 2891 4706 quodam
2916 4650 3077 4691 sensu
3098 4642 3299 4690 naturae
3325 4631 3567 4689 mortalis
3595 4644 3724 4685 suc-

2135 4728 2431 4789 cessionem
2482 4727 2780 4784 decessioni
2827 4724 3149 4796 requirentis
3175 4734 3217 4777 ί.
3272 4722 3427 4792 Quod
3476 4719 3725 4792 quisquis

2134 4819 2335 4876 bonum
2362 4827 2540 4892 negat,
2569 4820 2778 4891 ignorat
2803 4819 2973 4874 Deum
2998 4816 3236 4873 omnium
3262 4815 3522 4871 bonorum
3548 4827 3579 4866 a
3605 4826 3723 4867 caa-

2134 4913 2355 4970 lestibus
2382 4929 2550 4985 usque
2574 4913 2639 4968 ad
2673 4923 2882 4969 terrena
2901 4953 2915 4979 ,
2943 4910 3012 4965 ab
3041 4907 3428 4964 immortalibus
3454 4919 3621 4976 usque
3648 4903 3724 4958 ad

2134 5006 2381 5063 mortalia
2406 5014 2725 5062 creatorem.
2751 5003 2866 5059 Hoc
2895 5011 3072 5058 autem
3098 5014 3261 5057 sensu
3294 4996 3584 5070 generandi
3616 5009 3727 5051 nec

2134 5100 2320 5157 bestiae
2354 5100 2569 5169 penitus
2590 5104 2890 5164 carent,.et
2919 5095 3149 5150 maxime
3186 5093 3358 5160 alites,
3395 5103 3621 5163 quarum
3659 5086 3723 5143 in

2135 5201 2385 5265 promptu
2408 5200 2489 5247 est
2507 5204 2635 5246 cura
2655 5187 2980 5253 nidificandi,
3004 5195 3063 5243 et
3081 5184 3326 5258 quaedam
3347 5180 3723 5253 coniugiorum

2133 5282 2519 5341 similitudoad
2547 5282 2705 5338 simul
2734 5280 3121 5353 procreandum
3163 5286 3323 5348 atque
3349 5272 3717 5332 nutriendum.

2132 5380 2238 5439 Sed
2264 5379 2340 5434 illi
2365 5377 2609 5434 homines
2635 5375 2795 5434 istum
2824 5382 3028 5431 neutra)
3051 5371 3295 5428 mortalis
3315 5368 3581 5433 allectum,
3615 5379 3719 5420 cu-
3778 5360 3781 5361 ⁷

2128 5473 2220 5544 jus
2243 5472 2297 5527 in
2338 5485 2437 5528 suo
2476 5484 2675 5541 genere
2700 5468 2921 5525 castitas
2946 5464 3236 5523 accedente
3261 5462 3357 5520 Dei
3382 5460 3547 5526 cultu,
3575 5457 3723 5513 sicut

2197 5657 2212 5689 ι
2232 5656 2305 5726 sic
2326 5662 2430 5707 Mss.
2448 5660 2505 5706 At
2525 5653 2644 5705 editi
2667 5665 2682 5704 :
2704 5650 3264 5715 Nuncautemmanifeste
3284 5653 3392 5702 sum
3408 5646 3723 5703 tumescit:-

2131 5730 2388 5774 δεηθιοηεδ.

2193 5784 2213 5814 ²
2241 5780 2426 5843 Aliquot
2457 5779 2783 5843 manuscripti,
2799 5778 3120 5843 requirentes.

2194 5844 2266 5911 (α)
2298 5838 2412 5895 Cato
2431 5844 2591 5906 amtor,
2617 5838 2745 5910 apud
2767 5838 3003 5899 Plutarch.
