4070 6334
234 406 349 466 δεθι

240 521 430 594 quidam
462 519 879 585 intellexerunt,
906 516 962 574 in
983 512 1267 575 tricenario
1284 514 1462 597 fructu
1486 517 1701 588 ponitur
1723 516 1820 591 (a),

240 617 375 687 longe
399 615 678 671 sanctiore
703 624 883 670 mente
913 614 1260 685 superabant,
1281 613 1371 685 qui
1396 610 1463 667 de
1489 611 1600 667 suis
1621 612 1823 682 nuptiis

241 708 356 762 ﬁlios
385 715 615 778 propter
639 704 913 763 Christum
936 705 1267 777 quaerebant,
1296 704 1364 760 ad
1396 719 1565 776 genus
1593 705 1709 775 ejus
1734 720 1822 760 se-

239 798 455 855 cundum
483 814 709 854 carnem
731 798 1162 869 distinguendum
1186 798 1252 853 ab
1274 798 1522 853 omnibus
1545 797 1819 868 gentibus:

238 892 361 945 sicut
388 890 501 944 Deo
530 889 824 960 disponere
853 890 1072 961 placuit,
1121 899 1179 945 ut
1224 891 1324 945 hoc
1366 905 1477 961 prae
1521 889 1730 945 caatcris
1754 889 1821 944 ad

237 997 345 1039 eum
385 981 819 1053 praphetandum
850 983 1069 1047 valeret,
1103 982 1244 1053 quod
1276 983 1731 1054 praenuntiabatur
1754 998 1821 1039 ex

235 1089 329 1144 quo
354 1074 518 1129 etiam
549 1089 748 1145 genere
774 1083 828 1131 et
853 1090 916 1129 cx
946 1090 1049 1146 qua
1078 1086 1236 1145 gente
1262 1084 1405 1131 esset
1430 1076 1482 1129 in
1509 1090 1669 1131 carne
1694 1092 1822 1130 ven-

234 1176 391 1222 turus.
428 1166 595 1221 Valde
635 1182 765 1237 ergo
792 1177 1096 1222 nostrorum
1136 1168 1374 1224 ﬁdelium
1414 1168 1576 1224 castis
1622 1170 1821 1240 nuptiis

234 1261 453 1331 amplius
485 1260 684 1315 bonum
713 1270 847 1328 erat,
875 1261 1014 1333 quod
1046 1272 1195 1333 pater
1224 1263 1490 1318 Abraham
1533 1264 1583 1318 in
1611 1278 1708 1320 suo
1738 1264 1817 1320 fe-
1850 1320 1855 1325 ,

231 1369 373 1413 more
399 1363 647 1423 noverat,
675 1357 759 1411 cui
786 1372 999 1411 manum
1030 1356 1258 1413 subdere
1286 1356 1538 1414 famulum
1561 1359 1739 1430 jussit,
1764 1368 1821 1415 ut

230 1444 292 1500 de
311 1460 484 1501 uxore
502 1460 623 1516 qua:
643 1462 669 1501 ο
699 1447 808 1502 ﬁlio
833 1456 975 1503 esset
994 1448 1235 1504 ducenda
1253 1452 1459 1519 juraret
1488 1448 1641 1522 (Gen.
1668 1466 1815 1519 xxxv,

230 1536 365 1607 2-4).
396 1538 611 1593 Ponens
650 1538 795 1594 enim
841 1555 1055 1595 manum
1092 1540 1192 1596 sub
1241 1540 1443 1596 femore
1473 1540 1737 1612 hominis,
1765 1552 1819 1598 et

228 1630 405 1702 iurans
438 1647 534 1701 per
565 1632 732 1687 Deum
782 1633 901 1689 cceli
928 1674 942 1699 ,
978 1633 1103 1703 quid
1137 1632 1279 1689 aliud
1311 1635 1666 1704 significabat,
1715 1635 1817 1690 nisi

229 1724 281 1779 in
310 1739 369 1779 ea
399 1739 598 1793 carne,
624 1742 743 1795 qua:
779 1742 842 1781 ex
887 1726 979 1782 illo
1024 1725 1226 1781 femore
1273 1727 1529 1798 originem
1576 1728 1816 1795 duceret,

226 1815 386 1871 Deum
410 1817 536 1873 caeli
567 1832 687 1872 esse
714 1819 1034 1873 venturum?
1066 1818 1269 1873 Bonum
1291 1834 1419 1891 ergo
1441 1827 1565 1876 sunt,
1595 1820 1812 1890 nuptiae,

229 1908 277 1965 in
304 1911 500 1980 quibus
530 1918 680 1966 tanto
724 1911 975 1968 meliores
1017 1920 1143 1969 sunt
1182 1913 1469 1985 conjugati,
1501 1924 1700 1984 quanto
1729 1929 1819 1972 ca-

227 2003 414 2058 stiores
457 2019 523 2059 ac
564 2003 836 2061 ﬁdeliores
885 2006 1052 2062 Deum
1088 2007 1314 2076 timent,
1348 2008 1579 2064 maxime
1604 2008 1649 2064 si
1667 2009 1818 2072 filios

226 2111 353 2166 quos
395 2098 684 2153 carnaliter
722 2098 1066 2171 desiderant,
1116 2101 1278 2159 etiam
1323 2102 1671 2173 spiritualiter
1712 2120 1814 2161 nu-

226 2190 402 2245 triant.

292 2280 374 2337 CA
388 2281 520 2338 PUT
537 2282 825 2339 XX.—25.
841 2283 924 2340 Ex
944 2285 1049 2360 lege
1073 2287 1186 2357 puri
1190 2287 1440 2357 ﬁcationis
1455 2297 1567 2360 post
1582 2290 1815 2345 concubi-

228 2381 344 2439 tum,
367 2391 468 2429 non
483 2377 672 2430 ostendi
690 2376 835 2431 illum
850 2394 953 2433 esse
967 2388 1249 2450 peccatum.
1267 2380 1345 2434 An
1362 2382 1668 2438 continentes
1684 2399 1818 2437 nunc

227 2466 380 2537 aliqui
427 2468 646 2538 conferri
702 2470 894 2540 possint
945 2471 1163 2541 antiquis
1206 2470 1449 2527 Patribus
1500 2475 1811 2547 conjugatis.

226 2557 332 2617 Nec
382 2560 521 2631 quod
571 2562 839 2631 puriﬁcari
884 2562 995 2618 Lex
1037 2563 1306 2621 hominem
1355 2575 1409 2622 et
1454 2575 1577 2637 post
1625 2568 1817 2639 conju-

230 2652 393 2723 galem
437 2655 780 2710 concubitum
820 2655 1009 2725 jubet,
1060 2665 1335 2726 peccatum
1375 2673 1494 2715 esse
1535 2660 1813 2729 declarat;

231 2744 273 2800 si
298 2760 403 2799 non
434 2755 517 2801 est
547 2745 637 2801 ille
666 2747 758 2817 qui
788 2748 1081 2804 secundum
1109 2751 1320 2806 veniam
1347 2752 1694 2821 conceditur,
1725 2755 1817 2826 qui

232 2836 385 2892 etiam
413 2836 613 2892 nimius
643 2838 864 2908 impedit
896 2841 1185 2898 orationes.
1217 2842 1325 2899 Sed
1349 2843 1487 2900 sicut
1513 2845 1679 2902 multa
1706 2844 1817 2903 Lex

231 2931 374 2999 ponit
405 2931 457 2985 in
508 2934 860 2987 sacramentis
886 2943 940 2989 et
970 2933 1174 2991 umbris
1213 2936 1541 3004 futurorum;
1572 2938 1819 3009 quaedam

232 3020 283 3075 in
307 3022 515 3077 semine
559 3024 710 3093 quasi
741 3025 1033 3081 materialis
1076 3026 1376 3085 informitas
1397 3071 1412 3097 ,
1445 3045 1564 3101 qua:
1592 3029 1819 3086 formata

231 3124 417 3183 corpus
438 3113 678 3170 hominis
705 3116 977 3172 redditura
1000 3127 1083 3174 est
1104 3160 1121 3187 ,
1159 3119 1212 3175 in
1238 3121 1623 3193 significatione
1649 3123 1820 3194 posita

231 3216 310 3261 est
353 3208 477 3263 vita:
526 3207 771 3265 informis
820 3220 873 3266 et
918 3211 1200 3269 inerudita:
1228 3231 1241 3269 :
1270 3230 1300 3271 a
1349 3231 1452 3287 qua
1495 3216 1822 3274 informitate

232 3299 476 3369 quoniam
507 3310 720 3371 oportet
747 3302 1015 3359 hominem
1045 3304 1303 3362 doctrinae
1329 3305 1503 3363 forma
1548 3318 1602 3365 et
1642 3308 1821 3365 erudi-

233 3391 373 3447 tione
406 3394 673 3460 mundari,
706 3395 757 3449 in
790 3394 947 3465 hujus
993 3398 1071 3452 rei
1120 3400 1337 3468 signum
1382 3400 1471 3455 illa
1521 3401 1819 3471 puriﬁcatio

232 3495 493 3556 praecepta
534 3495 617 3541 est
659 3494 781 3558 post
820 3488 1041 3544 seminis
1070 3491 1435 3547 emissionem.
1463 3491 1647 3564 Neque
1676 3492 1820 3550 énim

232 3584 283 3631 et
310 3577 362 3631 in
390 3578 598 3632 somnis
622 3589 840 3649 peccato
864 3580 920 3634 fit
947 3582 1001 3648 1;
1039 3592 1088 3637 et
1119 3592 1298 3638 tamen
1324 3584 1483 3639 etiam
1514 3585 1585 3640 ibi
1614 3600 1820 3656 praece-

232 3678 316 3738 pta
340 3678 422 3725 est
449 3670 771 3741 puriﬁcatio.
805 3673 910 3727 Aut
935 3673 979 3729 si
1018 3682 1073 3729 et
1098 3674 1198 3730 hoc
1222 3684 1498 3747 peccatum
1537 3678 1821 3749 quisquam

232 3771 397 3830 putat,
423 3777 532 3816 non
551 3763 821 3818 arbitrans
840 3764 1084 3821 accidere
1110 3767 1211 3821 nisi
1237 3782 1301 3822 ex
1320 3768 1497 3838 aliquo
1519 3767 1822 3838 hujusmodi

232 3851 520 3921 desiderio,
554 3854 696 3925 quod
728 3858 914 3927 procul
941 3858 1102 3913 dubio
1123 3860 1311 3916 falsum
1339 3870 1456 3926 est;
1486 3862 1743 3932 numquid
1768 3870 1825 3918 et

230 3946 379 4001 solita
412 3957 689 4004 menstrua
710 3951 730 3980 ³
776 3959 992 4020 peccata
1037 3960 1161 4006 sunt
1186 3951 1542 4008 feminarum?
1571 3970 1600 4008 a
1631 3954 1822 4026 quibus

232 4044 409 4094 tamen
457 4056 552 4095 eas
596 4041 784 4096 eadem
832 4042 989 4114 Legis
1035 4052 1273 4100 vetustas
1320 4048 1575 4117 praecepit
1621 4048 1825 4117 expiari

232 4127 416 4199 (Lavit.
447 4132 580 4203 xv);
614 4148 721 4189 non
766 4134 868 4188 nisi
914 4144 1132 4206 propter
1176 4137 1346 4207 ipsam
1376 4139 1710 4195 materialem
1742 4140 1824 4195 in-

230 4218 553 4277 formitatern
584 4265 599 4291 ,
641 4239 760 4295 quae
797 4223 939 4280 facto
960 4237 1224 4299 conceptu
1242 4237 1491 4300 tanquam
1518 4230 1570 4285 in
1592 4231 1826 4287 aedifica-

232 4310 431 4368 tionem
458 4316 707 4384 corporis
736 4315 950 4372 additur
983 4337 995 4373 :
1040 4334 1101 4374 ac
1130 4335 1223 4390 per
1248 4319 1349 4375 hoc
1377 4338 1496 4375 cum
1528 4321 1825 4380 informiter

235 4404 368 4470 ﬂuit,
400 4407 694 4476 signiﬁcari
724 4423 822 4478 per
850 4408 995 4464 illam
1019 4411 1103 4465 lex
1126 4411 1293 4466 voluit
1330 4412 1562 4468 animum
1601 4414 1716 4470 sine
1744 4415 1825 4471 di-

232 4497 469 4566 sciplima
524 4497 693 4553 forma
740 4499 1051 4556 indecenter
1092 4501 1310 4557 ﬁuidttm
1357 4518 1419 4557 ac
1467 4504 1822 4574 dissolutum;

233 4600 388 4658 quem
435 4588 657 4643 formari
689 4600 941 4660 oportere
970 4592 1249 4663 signiﬁcat,
1279 4610 1399 4649 cum
1433 4595 1591 4651 talem
1622 4596 1823 4652 fluxum

232 4682 474 4751 corporis
497 4680 655 4751 jubet
693 4683 983 4752 puriﬁeari.
1016 4684 1291 4741 Postremo
1319 4687 1574 4757 numquid
1610 4698 1665 4745 et
1690 4689 1827 4744 mori

232 4782 511 4841 peccatum
541 4782 642 4839 est,
668 4781 761 4829 aut
780 4785 1046 4831 mortuum
1070 4778 1300 4847 sepelire
1320 4794 1423 4831 non
1449 4779 1608 4833 etiam
1628 4779 1837 4835 bonum.

233 4876 364 4933 Opus
390 4864 745 4920 humanitatis
771 4866 887 4921 est?
916 4876 970 4922 et
997 4879 1170 4924 tamen
1200 4869 1498 4939 purificatio
1518 4871 1678 4925 etiam
1703 4871 1828 4930 inde

233 4957 483 5014 mandata
513 4968 599 5015 est
625 4958 815 5034 (Nam.
838 4978 949 5030 xix,
977 4963 1066 5035 Η)
1090 4980 1104 5031 ;
1130 4965 1252 5034 quia
1275 4975 1327 5020 et
1349 4972 1615 5021 mortuum
1636 4982 1828 5037 corpus

232 5049 335 5103 vita
358 5051 670 5119 deserente,
700 5065 973 5124 peccatum
993 5071 1098 5111 non
1124 5064 1223 5125 est,
1250 5055 1343 5112 sed
1365 5068 1641 5128 peccatum
1667 5060 1831 5131 signi-

234 5140 357 5198 ﬁcat
375 5145 576 5200 animae
604 5144 831 5203 desertae
857 5163 887 5202 a
909 5149 1133 5219 justitia.

300 5237 394 5294 25.
438 5238 672 5310 Bonum,
704 5242 943 5313 inquam,
968 5255 1093 5300 sunt
1121 5245 1339 5317 nuptiae,
1364 5254 1418 5302 et
1437 5255 1620 5304 contra
1642 5262 1831 5306 omnes

236 5331 532 5392 calumnias
576 5347 801 5409 possunt
830 5354 958 5397 sana
986 5341 1193 5399 ratione
1233 5343 1468 5399 defendi.
1510 5343 1719 5416 Nuptiis
1750 5352 1833 5399 ta-

237 5440 361 5487 men
388 5439 701 5488 sanctorum
729 5441 961 5502 patrum,
990 5448 1096 5493 non
1122 5450 1255 5507 quas
1284 5437 1517 5507 nuptias,
1549 5437 1645 5494 sed
1672 5453 1832 5510 quam

303 5630 323 5705 ξ
345 5632 423 5705 sic
445 5633 788 5705 potioresnss.
811 5634 1032 5705 Atediti,
1051 5640 1301 5705 peccatum
1321 5631 1396 5699 ﬁt.

301 5693 324 5724 ³
346 5699 487 5767 Mss,
503 5701 552 5745 et
572 5693 712 5745 solita
740 5693 1139 5767 mensiumn;sive
1173 5702 1296 5749 utin
1321 5693 1663 5767 "vetustissimis
1691 5700 1837 5751 scribi

242 5758 512 5829 emigravit,
539 5760 952 5829 tunc
973 5758 1096 5829 forte
1116 5760 1292 5811 factum
1314 5768 1368 5813 ut
1394 5763 1442 5812 in
1468 5761 1687 5813 editione
1727 5768 1839 5816 Era-

241 5819 331 5871 lmi
356 5817 705 5882 legeretur,.et
728 5819 868 5871 solita
890 5828 1204 5873 menstruum.

309 5882 385 5953 (α)
424 5881 1034 5953 tumeat/egimus,
1058 5897 1165 5953 cap.
1196 5885 1279 5938 ss.

1655 367 1862 476 Linea
1896 366 2108 457 unus;

3415 394 3521 460 390

1934 512 2316 571 continentiam
2342 524 2648 584 comparem
2673 524 2856 584 quaero
2880 531 2895 568 :
2920 510 3030 569 imo
3056 528 3163 570 non
3187 514 3398 587 nuptias
3419 531 3522 571 nu-

1930 609 2089 679 ptiis;
2123 621 2246 662 nam
2274 622 2369 677 par
2396 607 2449 661 in
2478 605 2724 661 omnibus
2748 620 2944 661 munus
2968 615 3051 662 est
3087 606 3300 662 mortali
3340 608 3517 663 homi-

1929 718 2058 757 num
2088 711 2291 756 natura:
2314 700 2530 768 datum;
2561 699 2653 756 sed
2681 698 2925 757 homines
2944 701 3035 773 qui
3055 702 3251 772 nuptiis
3271 711 3513 771 utuntur,

1928 794 2046 848 aliis
2076 791 2382 847 hominibus
2408 792 2497 863 qui
2529 792 2684 865 longe
2712 793 2866 849 aliter
2894 792 3093 864 nuptiis
3121 793 3202 849 usi
3232 802 3354 849 sunt
3383 809 3518 864 quos

1928 883 2201 941 conferam
2225 885 2477 956 quoniam
2504 900 2608 940 non
2639 885 2874 955 invenio,
2899 885 3115 957 quinam
3137 886 3473 942 continentes
3496 885 3515 917 ί

1928 976 2035 1033 illis
2060 977 2358 1048 conjugatis
2387 976 2698 1033 conferendi
2729 978 2837 1033 sint
2865 977 3245 1048 requirendum
3268 986 3371 1034 est.
3404 976 3517 1033 Nisi

1926 1070 2065 1129 forte
2090 1071 2361 1127 Abraham
2389 1071 2669 1127 continere
2695 1087 2753 1127 se
2782 1087 2886 1127 non
2909 1080 3088 1143 posset
3111 1086 3141 1127 a
3167 1072 3364 1142 nuptiis
3390 1085 3514 1140 pro-

1926 1172 2043 1235 pter
2089 1177 2313 1233 regnum
2358 1163 2615 1218 cmlorum
2642 1203 2660 1230 ,
2715 1162 2804 1235 qui
2847 1163 3060 1219 unicum
3108 1163 3272 1234 prolis
3302 1163 3512 1233 pignus,

1924 1263 2145 1326 propter
2169 1253 2312 1325 quod
2356 1254 2555 1326 nuptiae
2596 1253 2773 1310 chara:
2811 1265 2955 1323 sunt,
3003 1256 3173 1328 potuit
3216 1252 3514 1326 intrepidus

1923 1347 2205 1404 immolare
2234 1356 2451 1418 propter
2476 1363 2700 1419 regnum
2725 1348 3003 1404 cmlorum.

1972 1439 2197 1497 CAPUT
2216 1439 2524 1497 XXI.—‘25.
2544 1440 2916 1512 Distinguenda
2938 1441 3243 1496 continentia
3260 1447 3313 1494 ut
3330 1448 3377 1494 et
3398 1438 3515 1494 alia:

1922 1530 2147 1597 virtutes,
2164 1532 2217 1586 in
2233 1533 2403 1587 habitu
2419 1542 2465 1588 et
2492 1533 2545 1587 in
2570 1550 2739 1603 opere.
2768 1532 3011 1588 Virtutem
3024 1535 3076 1587 in
3090 1534 3261 1587 habitu
3276 1549 3383 1588 esse
3396 1549 3516 1602 pos-

1922 1640 1976 1681 se
1994 1624 2188 1679 etiamsi
2206 1642 2302 1678 non
2320 1624 2381 1679 sit
2398 1625 2450 1678 in
2471 1641 2639 1696 opere,
2660 1626 2864 1680 docetur
2883 1625 3112 1697 exemplo
3141 1624 3349 1679 Christi.
3374 1622 3516 1679 Con-

1924 1717 2147 1773 tinentia
2160 1717 2376 1788 quippe,
2393 1732 2499 1772 non
2517 1718 2778 1788 corporis,
2798 1717 2893 1775 sed
2915 1718 3077 1773 animi
3094 1718 3259 1773 virtus
3271 1725 3372 1773 est.
3388 1714 3514 1772 Vir-

1924 1817 2062 1865 tutes
2085 1810 2443 1866 autemanimi
2483 1809 2766 1882 aliquando
2800 1811 2852 1865 in
2888 1825 3052 1882 opere
3085 1809 3511 1875 manifestantur,

1922 1901 2208 1973 aliquando
2232 1902 2284 1957 in
2308 1901 2488 1957 habitu
2507 1902 2692 1967 latent,
2708 1902 2843 1956 sicut
2859 1900 3099 1971 martyrii
3116 1900 3281 1954 virtus
3297 1897 3516 1954 emicuit

1923 1996 2273 2067 apparuitque
2300 1995 2580 2050 tolerando
2608 1995 2913 2067 passiones:
2929 1993 3021 2050 sed
3040 2009 3196 2065 quam
3218 1992 3368 2048 multi
3392 1998 3517 2047 sunt

1921 2090 1978 2145 in
2006 2090 2192 2145 eadem
2222 2090 2414 2145 virtute
2445 2089 2632 2157 animi,
2652 2089 2842 2160 quibus
2871 2088 3092 2143 tentatio
3120 2086 3294 2154 deest,
3312 2102 3414 2157 qua
3461 2083 3515 2140 id

1922 2182 2065 2254 quod
2092 2183 2237 2238 intus
2260 2184 2417 2237 estin
2446 2191 2734 2251 conspectu
2762 2180 2855 2235 Dei
2874 2222 2892 2250 ,
2922 2180 3083 2236 etiam
3128 2178 3181 2234 in
3235 2177 3513 2234 hominum

1920 2274 2207 2346 procedat,
2236 2289 2337 2330 nec
2360 2284 2484 2329 tunc
2503 2288 2625 2330 esse
2651 2272 2888 2342 incipiat,
2912 2271 3006 2327 sed
3037 2280 3159 2326 tunc
3180 2269 3516 2325 innotescat?

1922 2366 2040 2424 Jam
2070 2367 2214 2423 enim
2245 2374 2365 2422 erat
2391 2366 2444 2421 in
2470 2364 2572 2421 Job
2598 2366 2872 2435 patientia,
2917 2379 3075 2435 quam
3104 2371 3326 2419 noverat
3351 2364 3514 2431 Deus,

1922 2468 1978 2517 et
2001 2459 2091 2515 cui
2116 2458 2482 2514 testimonium
2525 2456 2879 2528 perhibebat;
2908 2455 3003 2512 sed
3032 2455 3337 2511 hominibus
3363 2455 3518 2510 inno-

1921 2552 2027 2609 tuit
2050 2551 2356 2608 tentationis
2390 2549 2669 2613 examine;
2698 2557 2752 2605 et
2777 2548 2919 2620 quod
2946 2548 3143 2604 latebat
3168 2548 3512 2613 intrinsecus,

1921 2659 2020 2716 per
2043 2660 2106 2700 ea
2133 2659 2251 2715 quae
2274 2644 2566 2699 forinsecus
2589 2642 2730 2696 illata
2756 2649 2899 2708 sunt,
2926 2655 3032 2697 non
3059 2648 3261 2706 natum,
3285 2638 3381 2695 sed
3401 2654 3514 2694 ma-

1922 2735 2231 2793 nifestatum
2247 2744 2329 2791 est
2350 2733 2472 2807 (Job
2512 2732 2820 2807 t).1labebat
2833 2733 3011 2803 utique
3026 2740 3081 2788 ct
3094 2730 3404 2787 Timotheus
3416 2730 3520 2786 vir-

1923 2837 2096 2887 tutem
2126 2827 2435 2886 continendi
2463 2844 2496 2884 a
2527 2829 2670 2895 vino,
2693 2842 2850 2899 quam
2868 2842 2974 2883 non
2991 2827 3040 2883 ei
3057 2826 3275 2882 abstulit
3294 2824 3513 2892 Paulus,

1922 2920 2193 2978 monendo
2217 2928 2276 2975 ut
2295 2918 2423 2975 vino
2444 2917 2657 2975 modico
2681 2926 2921 2974 uteretur
2942 2926 3157 2988 propter
3179 2916 3516 2973 stomachum

1924 3021 1976 3072 et
1994 3016 2301 3085 frequentes
2321 3026 2444 3067 suas
2462 3010 2798 3067 inﬁrmitates
2822 3010 2863 3083 (l
2888 3008 3026 3065 Tim.
3044 3026 3100 3079 v,
3130 3009 3222 3079 25)
3244 3027 3259 3077 ;
3282 3009 3516 3079 alioquin
3541 2998 3545 3002 ”

1924 3105 2228 3177 perniciose
2255 3103 2501 3169 docebat,
2526 3111 2584 3157 ut
2604 3111 2821 3173 propter
2845 3102 3069 3156 salutem
3094 3101 3336 3171 corporis
3362 3100 3517 3156 fieret

1923 3195 1980 3252 in
2006 3196 2185 3250 animo
2228 3194 2483 3249 damnum
2515 3192 2765 3247 virtutis:
2793 3191 2888 3248 sed
2931 3191 3052 3262 quia
3078 3198 3286 3260 poterat
3311 3205 3370 3246 ea
3408 3189 3517 3244 vir-

1924 3293 2038 3343 tute
2066 3286 2214 3341 salva
2258 3284 2374 3339 ﬁeri
2403 3282 2546 3354 quod
2571 3282 2823 3340 monebat
2843 3322 2860 3350 ,
2903 3282 2975 3337 ita
3006 3280 3244 3337 relaxata
3275 3292 3357 3338 est
3396 3295 3517 3338 cor-

1924 3378 2043 3450 pari
2071 3376 2269 3432 utilitas
2294 3375 2550 3444 bibendi,
2594 3384 2652 3432 ut
2695 3384 2936 3431 maneret
2984 3376 3038 3430 in
3084 3376 3261 3431 animo
3303 3375 3517 3432 habitus

1924 3468 2257 3528 continendi.
2302 3468 2420 3540 Ipse
2465 3476 2551 3524 est
2593 3468 2736 3524 enim
2782 3467 3011 3535 habitus,
3038 3482 3144 3538 quo
3173 3468 3370 3538 aliquid
3398 3468 3515 3538 agi-

1925 3573 2035 3632 tur,
2056 3579 2181 3620 cum
2200 3577 2335 3634 opus
2360 3569 2471 3633 est;
2495 3576 2617 3617 cum
2646 3570 2823 3617 autem
2854 3576 2959 3616 non
2986 3561 3176 3632 agitur,
3209 3570 3383 3632 potest
3408 3562 3513 3633 agi,

1925 3657 2023 3715 sed
2052 3670 2160 3712 non
2192 3670 2327 3726 opus
2368 3663 2470 3710 est.
2499 3654 2648 3709 iiunc
2689 3653 2927 3709 habitum
2964 3654 3104 3709 circa
3131 3653 3516 3712 continentiam

1922 3764 2045 3821 quae
2063 3748 2457 3804 ﬁtaconcubitu
2484 3762 2590 3803 non
2620 3747 2820 3803 habent
2842 3748 2917 3802 illi
2933 3748 3124 3818 quibus
3147 3748 3359 3816 dicitur,
3376 3750 3437 3805 Si
3463 3766 3517 3805 se

1924 3859 2031 3898 non
2051 3839 2539 3909 continent,nubant
2571 3840 2616 3911 (Ι
2638 3838 2757 3896 Cor.
2776 3856 2864 3907 vn,
2891 3837 2967 3913 9).
2987 3839 3141 3896 Hune
3167 3856 3291 3896 vero
3314 3842 3515 3897 habent

1926 3933 2119 4005 quibus
2144 3932 2338 3988 dicitur
2364 3974 2381 4001 ,
2411 3930 2511 3997 Qui
2551 3939 2709 3999 potest
2735 3947 2933 4001 capere,
2964 3934 3131 4003 capiat
3158 3931 3369 4005 (Matth.
3400 3947 3517 4000 nx,

1927 4024 2040 4096 1‘2).
2064 4026 2152 4081 Sic
2175 4025 2258 4080 usi
2279 4030 2407 4080 sunt
2426 4023 2652 4095 perfecti
2672 4022 3007 4080 animibonis
3030 4026 3255 4081 terrenis
3283 4025 3349 4081 ad
3373 4026 3518 4082 aliud

1926 4116 2247 4173 necessariis
2292 4129 2387 4186 per
2429 4114 2573 4171 hunc
2610 4114 2848 4171 habitum
2896 4118 3273 4188 continentize,
3306 4133 3410 4189 quo
3440 4120 3519 4176 eis

1927 4224 2036 4265 non
2066 4208 2449 4280 obligarentur,
2477 4218 2531 4264 et
2556 4224 2661 4280 quo
2686 4217 2908 4280 possent
2949 4211 3030 4266 eis
3076 4198 3236 4267 etiam
3283 4228 3389 4266 non
3418 4213 3514 4281 uti,

1926 4304 1976 4360 si
2008 4318 2115 4359 non
2142 4317 2276 4373 opus
2300 4310 2464 4357 esset.
2494 4301 2603 4358 Nec
2631 4304 2911 4375 quisquam
2940 4304 3018 4359 eis
3045 4305 3179 4361 bene
3206 4306 3390 4375 utitur,
3417 4306 3520 4363 nisi

1928 4396 2021 4467 qui
2048 4402 2101 4451 et
2124 4410 2231 4450 non
2260 4396 2337 4450 uti
2368 4403 2562 4465 potest.
2595 4395 2741 4450 Multi
2773 4396 2989 4466 quidem
3019 4397 3225 4455 facilius
3252 4416 3313 4456 se
3350 4400 3521 4456 absti-

1930 4498 2060 4545 nent
2116 4497 2171 4543 ut
2222 4504 2329 4543 non
2394 4497 2649 4553 utantur,
2701 4504 2861 4559 quam
2911 4498 3213 4561 temperent
3266 4503 3323 4548 ut
3380 4494 3518 4553 bene
3614 4556 3615 4559 η

1931 4589 2146 4637 utantur
2181 4598 2195 4634 :
2227 4595 2385 4635 nemo
2412 4588 2586 4635 tamen
2629 4580 2708 4635 eis
2748 4589 2925 4653 potest
2964 4585 3236 4655 sapienter
3280 4588 3389 4653 uti,
3419 4589 3521 4645 nisi

1931 4672 2022 4743 qui
2078 4678 2248 4741 potest
2289 4681 2343 4725 et
2384 4671 2724 4727 continenter
2774 4688 2881 4728 non
2934 4674 3031 4729 uti.
3079 4675 3162 4732 Ex
3204 4677 3307 4733 hoc
3334 4678 3520 4736 habitu

1932 4772 1987 4817 et
2019 4761 2214 4817 Paulus
2249 4760 2479 4827 dicebat,
2508 4761 2628 4817 Scio
2672 4774 2719 4816 et
2762 4763 3020 4821 abundare
3049 4774 3094 4821 et
3118 4770 3385 4839 penuriam
3409 4772 3521 4840 pati

1933 4852 2195 4926 (Philipp.
2220 4868 2290 4921 tv,
2324 4852 2432 4925 12).
2460 4853 2743 4910 Penuriam
2767 4856 2964 4927 quippe
2985 4859 3115 4928 pati,
3137 4876 3520 4930 quorumcum-

1933 4961 2040 5021 que
2068 4946 2345 5002 hominum
2373 4954 2492 5013 est;
2520 4946 2615 5003 sed
2639 4947 2777 5004 scire
2804 4950 3078 5020 penuriam
3122 4953 3251 5022 pati,
3296 4968 3521 5024 magno-

1934 5057 2055 5098 rum
2081 5049 2182 5095 est.
2211 5039 2299 5095 Sic
2326 5049 2380 5096 et
2419 5039 2693 5097 abundare
2724 5041 2843 5114 quis
2869 5058 2975 5098 non
3004 5045 3220 5114 potest?
3248 5045 3385 5100 scire
3423 5061 3521 5103 au-

1936 5142 2048 5191 tem
2069 5142 2123 5188 et
2148 5131 2444 5201 abundare,
2471 5148 2579 5189 non
2599 5132 2704 5189 nisi
2724 5146 2910 5189 eorum
2935 5142 3019 5190 est
3044 5149 3178 5206 quos
3202 5134 3523 5194 abundantia

1936 5238 2046 5283 non
2072 5224 2384 5294 corrumpit.

2008 5318 2100 5373 26.
2142 5317 2339 5374 Verum
2384 5324 2447 5373 ut
2492 5317 2730 5390 apertius
2772 5316 3099 5389 intelligatur
3141 5319 3414 5390 quomodo
3457 5323 3530 5380 sit

1938 5410 2109 5467 virtus
2138 5410 2193 5465 in
2224 5409 2429 5479 habitu,
2463 5410 2673 5466 etiamsi
2701 5424 2810 5466 non
2840 5411 2909 5464 sit
2946 5408 3002 5465 in
3028 5424 3211 5481 opere,
3241 5412 3431 5485 loquor
3459 5414 3529 5473 de

1939 5504 2187 5575 exemplo
2226 5503 2295 5559 de
2340 5518 2447 5575 quo
2492 5503 2668 5558 nullus
2696 5501 2907 5559 dubitat
2942 5503 3331 5562 catholicorum
3369 5506 3530 5564 Chri-

1942 5597 2267 5654 stianorum.
2288 5597 2542 5654 Dominus
2564 5596 2706 5651 enim
2726 5604 2908 5665 noster
2919 5595 3076 5654 Jesus
3096 5596 3361 5669 Christus,
3386 5602 3531 5673 quod

1943 5691 2000 5749 in
2024 5694 2248 5748 veritate
2274 5692 2452 5747 carnis
2478 5691 2727 5747 esurierit
2766 5706 2830 5746 ac
2873 5692 3086 5763 sitierit,
3130 5695 3508 5751 manducavcri

1945 5792 2001 5843 et
2026 5785 2240 5851 biberit,
2264 5783 2439 5839 nullus
2476 5783 2696 5855 ambigit
2722 5799 2905 5841 eorum
2935 5787 3027 5857 qui
3053 5800 3120 5844 ex
3143 5788 3260 5860 ejus
3287 5784 3505 5861 Evange

2014 5901 2127 5951 lsic
2146 5905 2254 5951 les.
2278 5906 2335 5952 At
2354 5900 2489 5967 editi,
2510 5901 2743 5969 quorme
2765 5899 3074 5958 continentes.
