4070 6334
456 434 560 500 391

456 555 535 611 lio
563 550 747 609 ﬁdeles
769 556 912 609 sunt.
939 545 1079 611 Num
1106 541 1267 623 igitur
1292 562 1401 605 non
1426 558 1541 607 erat
1569 551 1622 606 in
1649 551 1742 607 illo
1768 551 2049 607 continen-

466 648 555 704 tia:
580 648 751 702 virtus
778 660 808 700 a
838 644 958 701 cibo
986 652 1041 700 et
1066 651 1196 714 potu
1214 685 1229 710 ,
1258 652 1458 716 quanta
1485 651 1602 699 erat
1630 644 1684 699 in
1715 642 1921 701 Joanne
1953 643 2055 699 Ba-

458 739 655 811 ptista?
693 734 839 793 Venit
877 737 1010 793 enim
1036 735 1263 792 Joannes
1306 753 1410 791 non
1438 736 1755 792 manducans
1788 752 1948 808 neque
1976 736 2053 791 bi-

461 832 579 887 bens
596 848 615 897 ;
644 840 690 884 et
715 830 948 885 dixerunt
966 871 980 897 ,
1009 828 1328 884 Haemonium
1358 828 1505 883 habet
1534 845 1552 884 :
1579 830 1711 883 venit
1762 828 1806 883 F
1808 830 1926 884 ilius
1957 830 2056 883 Ito-

460 924 611 978 minis
637 931 684 978 et
710 923 1020 977 manducans
1043 929 1090 975 et
1118 922 1323 987 bibens;
1353 929 1399 976 et
1427 921 1686 990 dixerunt,
1728 919 1862 976 Ecce
1896 936 2056 976 vorax

466 1025 513 1070 et
540 1023 742 1086 potator
773 1014 876 1069 vini
900 1015 917 1045 ¹
939 1056 955 1081 ,
987 1014 1179 1069 amicus
1207 1011 1593 1082 publicanorum
1636 1024 1684 1069 et
1712 1021 2052 1083 peccatorum.

462 1104 727 1175 Numquid
743 1119 849 1160 non
873 1104 995 1160 talia
1016 1104 1266 1159 dicuntur
1290 1104 1345 1159 in
1374 1103 1698 1160 domesticos
1718 1104 1853 1175 ejus,
1878 1114 2058 1176 patres

464 1207 698 1267 nostros,
731 1213 799 1253 ex
824 1196 929 1252 alio
967 1211 1167 1269 genere
1194 1197 1393 1253 utendi'
1426 1197 1656 1253 terrenis
1683 1208 1943 1269 quantum
1987 1196 2056 1252 ad

462 1289 805 1347 concubitum
831 1289 1101 1361 pertinet:
1127 1290 1268 1347 Ecce
1294 1289 1539 1346 homines
1568 1288 1839 1346 libidinosi
1869 1297 1923 1345 et
1948 1290 2054 1345 im-

463 1380 678 1447 mundi,
709 1388 981 1437 amatores
1024 1380 1345 1437 feminarum
1374 1388 1431 1438 et
1453 1380 1833 1437 lasciviarum?
1876 1381 1947 1436 Et
1973 1390 2058 1437 ta-

402 1474 409 1483 ’
463 1488 592 1530 men
616 1473 755 1529 sicut
781 1473 839 1529 in
862 1473 956 1530 illo
991 1473 1124 1530 illud
1153 1470 1263 1530 nun
1292 1482 1408 1531 erat
1441 1488 1666 1540 verum;
1696 1474 1940 1545 quamvis
1966 1487 2063 1530 νε-

465 1581 589 1623 rum
638 1575 823 1637 esset,
878 1567 1022 1640 quod
1070 1582 1182 1623 non
1234 1567 1374 1623 sicut
1415 1566 1649 1625 Joannes
1695 1568 1987 1625 abstineret
2027 1582 2061 1623 a

466 1657 842 1715 manducando
872 1666 927 1714 et
953 1657 1224 1725 bibendo;
1268 1658 1386 1729 ipse
1428 1659 1572 1714 enim
1608 1657 1945 1727 apertissime
1968 1672 2063 1714 ve-

468 1749 787 1822 rissimequc
825 1751 921 1817 ait,
957 1749 1106 1806 Venit
1142 1748 1371 1806 Joannes
1400 1767 1503 1805 non
1540 1750 1873 1820 manducans,
1902 1767 2063 1822 neque

470 1843 675 1907 bibens;
706 1842 839 1897 venit
868 1840 1039 1897 Filius
1074 1841 1291 1896 hominis
1315 1842 1630 1897 manducans
1658 1850 1704 1895 et
1732 1841 1902 1897 bibens
1929 1858 1948 1897 :
1983 1842 2063 1898 sic

467 1947 570 1989 nec
598 1932 702 1988 hoc
738 1932 792 1987 in
819 1932 925 1988 illis
948 1932 1194 2003 patribus
1223 1947 1409 1988 verum
1446 1941 1560 1999 est;
1589 1932 1831 2003 quamvis
1853 1932 2064 1990 venerit

470 2023 634 2080 modo
662 2024 951 2093 Apostolus
971 2022 1171 2080 Christi
1194 2037 1301 2078 non
1321 2022 1635 2095 conjugatus
1654 2038 1754 2080 nec
1775 2037 2060 2096 generans,

470 2131 630 2188 quem
655 2116 833 2173 dicant
859 2117 1082 2189 Pagani,
1109 2116 1291 2188 Magus
1318 2124 1470 2183 erat;
1497 2118 1705 2173 venerit
1731 2125 1909 2173 autem
1936 2126 2065 2176 tunc

469 2206 739 2277 Propheta
766 2206 968 2263 Christi
995 2207 1207 2278 nuptias
1251 2206 1454 2263 faciens
1488 2214 1543 2262 et
1581 2206 1719 2262 ﬁlios
1748 2223 2061 2278 procreans,

469 2313 631 2369 quem
656 2297 837 2353 dicant
860 2298 1157 2367 Manichzei,
1180 2297 1497 2355 Mulierosus
1517 2305 1636 2354 erat
1660 2315 1674 2352 :
1702 2295 1770 2351 Et
1778 2299 2072 2369 justi/icata’

472 2400 566 2459 est,
602 2391 796 2461 inquit,
825 2391 1073 2463 sapientia
1098 2408 1131 2447 a
1157 2392 1278 2462 ﬁliis
1316 2392 1423 2448 suis
1452 2390 1665 2465 (Matth.
1697 2407 1750 2446 χι
1770 2434 1786 2460 ,
1814 2393 1882 2449 18
1902 2392 2062 2469 ,,19).

472 2479 626 2549 Quod
658 2480 917 2537 Dominus
956 2482 1031 2539 ibi
1058 2482 1322 2553 subjecit,
1349 2497 1470 2538 cum
1499 2481 1569 2538 de
1592 2482 1801 2539 Joanne
1825 2497 1888 2539 ac
1911 2485 1979 2540 de
2004 2499 2065 2543 se

469 2574 560 2631 illa
587 2575 810 2648 dixisset
838 2593 853 2631 :
884 2575 1176 2647 Justiﬁcata
1201 2582 1306 2643 est,
1345 2575 1552 2646 inquit,
1581 2577 1832 2648 sapientia
1867 2592 1900 2631 a
1941 2577 2066 2647 ﬁliis

468 2667 595 2722 suis.
623 2646 727 2738 Qui
751 2667 935 2725 vident
955 2669 1304 2725 continentia:
1328 2668 1583 2724 virtutem
1607 2668 1664 2724 in
1694 2668 1877 2724 habitu
1897 2668 2066 2725 animi

469 2774 685 2832 semper
707 2775 828 2817 esse
852 2762 1068 2830 debere,
1116 2762 1173 2818 in
1210 2775 1375 2832 opere
1409 2768 1589 2817 autem
1635 2775 1735 2831 pro
1777 2776 1955 2818 rerum
2000 2775 2066 2818 ac

470 2860 779 2923 temporum
833 2853 1232 2924 opportunitate
1273 2852 1605 2909 manifestari
1650 2869 1665 2906 :
1711 2853 1848 2909 sicut
1894 2853 2065 2909 virtus

470 2947 741 3018 patientiae
789 2956 1096 3004 sanctorum
1144 2956 1443 3019 martyrum
1487 2947 1542 3001 in
1586 2960 1751 3017 opere
1794 2947 2061 3019 apparuit,

469 3045 789 3095 cteterorum
819 3048 949 3095 vero
977 3052 1129 3109 aeque
1156 3046 1464 3094 sanctorum
1487 3037 1542 3093 in
1562 3035 1749 3093 habitu
1775 3037 1892 3095 fuit.
1917 3038 2064 3107 Quo-

468 3130 612 3187 circa
638 3130 777 3187 sicut
796 3144 904 3187 non
933 3138 1018 3187 est
1045 3129 1216 3200 impar
1239 3130 1490 3185 meritum
1521 3129 1793 3201 patientia:
1822 3131 1875 3185 in
1901 3129 2065 3187 Petro

467 3220 561 3293 qui
598 3236 789 3292 passus
815 3228 932 3290 est,
962 3228 1021 3277 et
1044 3221 1101 3277 in
1127 3219 1334 3277 Joanne
1359 3220 1449 3292 qui
1478 3235 1669 3291 passus
1696 3236 1804 3277 non
1825 3230 1909 3277 est
1938 3239 1952 3276 :
1982 3220 2065 3278 sic

469 3328 581 3371 non
609 3323 691 3371 est
718 3314 889 3385 impar
932 3314 1184 3371 meritum
1226 3312 1572 3369 continentiae
1614 3313 1669 3369 in
1715 3313 1921 3371 Joanne
1971 3314 2064 3386 qui

468 3406 643 3464 nullas
666 3415 917 3478 expertus
956 3415 1039 3463 est
1083 3406 1298 3478 nuptias
1323 3405 1428 3478 (a),
1455 3413 1512 3462 et
1553 3405 1608 3462 in
1654 3405 1925 3463 Abraham
1970 3407 2063 3478 qui

470 3499 610 3557 ﬁlios
635 3501 929 3573 generavit.
953 3500 1022 3557 Et
1042 3500 1186 3557 illius
1207 3500 1351 3556 enim
1376 3498 1686 3568 caelibatus,
1707 3509 1762 3556 et
1780 3500 1921 3557 illius
1940 3514 2064 3556 con-

468 3591 692 3647 nubium
737 3607 836 3663 pro
863 3600 1168 3663 temporum
1211 3590 1587 3647 distributione
1628 3590 1841 3647 Christo
1866 3591 2063 3647 milita-

467 3693 596 3740 runt
620 3703 633 3739 :
656 3685 750 3740 sed
773 3684 1154 3740 continentiam
1177 3682 1412 3739 Joannes
1428 3690 1485 3740 et
1503 3682 1558 3739 in
1579 3696 1762 3753 opere,
1791 3681 2063 3741 Abraham

468 3792 598 3833 vero
622 3778 676 3832 in
699 3777 814 3832 solo
838 3776 1025 3831 habitu
1054 3775 1305 3831 habebat.

539 3866 766 3925 CAPUT
804 3866 1047 3923 XXll.—
1059 3866 1151 3921 27.
1184 3867 1506 3923 Continentia
1523 3868 1578 3921 in
1599 3866 1820 3938 antiquis
1844 3866 2020 3921 habitu
2040 3905 2060 3936 ,

468 3974 603 4014 nunc
632 3965 797 4013 autem
818 3975 967 4030 apere
1004 3958 1237 4014 tenenda.
1268 3957 1721 4013 Jovinianistarum
1750 3959 2060 4029 percontatio

470 4048 779 4121 exploditur.
811 4048 908 4105 illo
945 4048 1125 4119 itaque
1154 4057 1396 4120 tempore
1420 4064 1543 4104 cum
1569 4056 1625 4104 et
1665 4049 1773 4116 lex,
1800 4049 1915 4106 dies
1953 4049 2060 4105 Pa-

472 4141 824 4197 triarcharum
864 4141 1230 4212 subsequens,
1273 4140 1615 4197 maledictum
1656 4140 1806 4209 dixit,
1834 4144 1927 4214 qui
1950 4158 2060 4201 non

469 4235 729 4291 excitaret
769 4250 952 4292 semen
996 4235 1051 4291 in
1093 4235 1258 4293 lsrael
1287 4234 1462 4308 (Deut.
1492 4251 1605 4292 xxv
1632 4277 1645 4300 ,
1676 4236 1856 4309 5-10),
1888 4247 1942 4294 et
1969 4239 2060 4309 qui

469 4334 679 4397 poterat
717 4342 822 4383 non
862 4328 1182 4398 promebat,
1211 4326 1307 4383 sed
1335 4334 1519 4384 tamen
1555 4327 1801 4385 habebat.
1840 4330 1925 4385 Ex
1951 4345 2061 4402 quo

469 4428 648 4476 autem
689 4422 833 4476 venit
863 4421 1140 4491 plenitudo
1167 4422 1425 4491 temporis
1453 4419 1648 4493 (Gatat.
1677 4438 1751 4492 ιν,
1780 4424 1857 4494 4),
1885 4432 1946 4480 ut
1969 4425 2056 4481 di-

467 4519 699 4579 ceretur,
731 4511 830 4578 Qui
855 4522 1016 4583 potest
1038 4529 1241 4584 capere,
1269 4513 1475 4583 capiat;
1503 4528 1568 4568 ex
1605 4512 1698 4570 illo
1739 4530 1911 4587 usque
1958 4516 2058 4573 ad-

469 4601 593 4669 huc,
622 4610 675 4657 et
702 4602 953 4673 deinceps
976 4619 1147 4676 usque
1167 4605 1222 4659 in
1255 4604 1435 4670 ﬁnem,
1467 4604 1558 4676 qui
1590 4605 1751 4663 habet
1771 4614 2054 4677 operatur;

468 4694 559 4764 qui
587 4694 794 4764 operari
823 4694 1077 4761 noluerit,
1111 4710 1221 4749 non
1270 4711 1330 4751 se
1373 4695 1572 4751 habere
1617 4698 1925 4753 mentiatur.
1978 4699 2057 4755 Ac

465 4799 564 4855 per
588 4783 692 4841 hoc
720 4783 786 4840 ab
833 4784 913 4840 eis
952 4784 1044 4854 qui
1088 4793 1435 4855 corrumpunt
1462 4786 1629 4841 bonos
1673 4802 1855 4845 mores
1883 4787 2059 4845 collo-

466 4878 606 4950 quiis
632 4878 785 4934 malis
826 4876 887 4950 (Ι
914 4877 1033 4932 Cor.
1064 4892 1166 4942 xv,
1198 4876 1306 4948 '55)
1336 4918 1351 4943 ,
1394 4878 1536 4933 inani
1576 4888 1629 4935 et
1655 4895 1789 4937 vana
1819 4882 2057 4939 versutia

465 4971 662 5028 dicitur
705 4969 906 5027 homini
951 4966 1245 5026 christiano
1274 4969 1568 5025 continenti
1614 4978 1670 5027 et
1708 4971 1922 5044 nuptias
1961 4987 2057 5030 re-

530 5190 546 5221 ι
568 5187 933 5259 Antiqpissinys
954 5183 1441 5259 Sorbeiensisgodex
1463 5196 1575 5259 cum
1602 5186 1854 5259 pigotiano
1876 5196 1981 5259 tus,
2003 5191 2056 5241 et

464 5248 669 5318 vinaria.
692 5245 842 5318 'Editio
859 5256 939 5318 _Er.
956 5262 1074 5318 cum
1088 5245 1333 5318 nonnullis
1354 5254 1481 5318 Mss,
1499 5252 1546 5298 et
1569 5245 1782 5318 vinarias
1804 5263 1821 5300 :
1844 5250 1904 5300 ad
1920 5245 2052 5318 mar-

499 5313 632 5383 inem
653 5324 774 5361 vero
794 5312 961 5373 habet,
999 5329 1024 5359 ι
1054 5311 1201 5372 Alias,
1239 5310 1519 5373 uinaurt'us;
1555 5326 1579 5357 ι
1622 5310 1750 5362 forte
1800 5326 1908 5376 pro,
1944 5311 2051 5367 uin.

534 5386 667 5423 unus
674 5411 683 5421 .

527 5434 599 5497 (a)
632 5435 1235 5508 sequiutrnnieronymum,
1252 5436 1335 5499 qui
1364 5436 1415 5508 in
1440 5432 1566 5508 libro
1588 5435 1825 5508 adversus
1845 5438 2053 5489 Jovinia-

461 5510 578 5568 nnm
602 5496 761 5568 primo
774 5498 945 5568 scribit
964 5496 1197 5548 Joannem
1224 5496 1475 5568 perpetuo
1491 5499 1734 5568 virginem
1752 5496 1933 5568 fuisse,
1958 5513 2054 5568 nec

462 5558 602 5608 aliam
623 5559 874 5624 exstitisse
885 5571 1081 5624 causam
1098 5574 1185 5624 cur
1202 5558 1450 5624 a‘Doinino
1475 5558 1668 5610 caeteris
1690 5558 1925 5621 Apostolis
1944 5561 2053 5624 plus

461 5627 647 5669 amatus
665 5621 744 5669 sit.
771 5621 1018 5686 virginem
1036 5622 1166 5670 enim
1187 5623 1249 5686 ab
1272 5635 1333 5671 eo
1348 5628 1598 5684 repertum
1621 5634 1676 5671 ac
1690 5634 1822 5686 pene
1846 5621 2053 5686 puerum

461 5677 1071 5747 Hieronymuscontentm,
1098 5685 1368 5747 probatque
1384 5677 1535 5747 {quia
1552 5719 1566 5745 ,
1584 5677 1771 5747 inquit,
1803 5702 1825 5731 α
1846 5677 2051 5737 manife-

467 5763 491 5792 ι
515 5746 726 5813 stiss'une
755 5745 941 5813 docent
972 5745 1316 5813 ecclesiastica:
1362 5745 1572 5796 historice
1589 5783 1604 5807 ,
1622 5745 1754 5810 quod
1796 5761 1955 5813 usque
1990 5749 2053 5800 ad

466 5824 491 5855 ι
512 5807 699 5870 ’Πειῇιιιί
720 5808 901 5857 vixerit
928 5808 1212 5871 imperium,
1226 5808 1273 5856 id
1295 5816 1372 5856 est
1389 5844 1402 5864 ,
1422 5816 1531 5870 post
1553 5807 1828 5871 passionem
1867 5807 2052 5863 Domini

465 5887 489 5918 ι
513 5868 824 5933 sexagesimo
844 5868 1162 5938 octavoanno
1184 5868 1455 5938 dormierit.
1472 5886 1494 5919 ι
1525 5868 1695 5923 Confer
1726 5875 1978 5938 Augustini
1999 5876 2051 5927 in

458 5929 694 5990 Joannem
715 5939 987 5985 Tractatum
1012 5929 1118 5993 124,
1142 5943 1193 5979 n.
1218 5931 1267 5981 7.

1465 426 1554 491 DE
1592 431 1772 492 BONO
1808 417 2205 503 CONJUGALI,
2248 431 2308 492 S.
2349 432 2723 500 AUGUSTINI

3640 437 3756 504 392

2166 555 2374 611 cusanti
2392 596 2409 625 ,
2450 556 2530 613 Tu
2555 572 2683 630 ergo
2707 556 2899 615 melior
2923 571 3083 630 quam
3111 558 3420 617 Abraham?
3461 560 3616 630 Quod
3661 564 3759 641 ille

2163 659 2284 702 cum
2310 648 2575 719 audierit,
2605 667 2710 707 non
2740 653 3119 723 perturbetur;
3152 670 3253 711 nec
3288 655 3484 712 audeat
3527 657 3709 716 dicere
3736 702 3756 729 ,

2154 736 2371 808 Melior,
2398 756 2498 798 nec
2523 758 2552 798 a
2584 744 2859 815 proposito
2884 744 3162 803 delabatur
3208 765 3222 802 :
3269 748 3400 804 illud
3447 755 3590 806 enim
3644 769 3753 808 non

2152 846 2291 891 vere
2316 833 2465 903 dicit,
2497 835 2600 891 hoc
2628 851 2733 892 non
2764 845 2909 893 recte
2938 836 3086 892 facit.
3129 837 3238 893 Sed
3282 840 3425 895 dicat
3448 882 3462 907 ,
3494 839 3608 912 Ego
3639 845 3759 913 qui-

2158 919 2285 982 dam
2317 942 2425 981 non
2449 942 2567 982 sum
2594 926 2789 985 melior
2814 944 2971 1001 quam
2998 929 3294 996 Abraham,
3324 932 3419 987 sed
3444 934 3638 988 melior
3665 943 3751 989 est

2163 1019 2380 1075 castitas
2406 1020 2652 1076 caelibum
2688 1036 2847 1092 quam
2888 1025 3107 1079 castitas
3146 1025 3450 1096 nuptiarum
3482 1045 3495 1083 :
3526 1044 3757 1098 quarum

2165 1108 2433 1167 Abraham
2477 1126 2639 1168 unam
2681 1113 2909 1170 habebat
2952 1115 3007 1171 in
3036 1132 3170 1185 usu,
3220 1118 3402 1175 ambas
3444 1118 3499 1175 in
3546 1120 3758 1178 habitu.

2163 1204 2323 1263 Caste
2361 1207 2557 1278 quippe
2594 1211 2945 1280 conjugaliter
2968 1212 3099 1268 vixit
3146 1229 3163 1268 :
3202 1228 3323 1271 esse
3359 1224 3535 1272 autem
3575 1230 3761 1275 castus

2164 1300 2282 1357 sine
2306 1302 2554 1374 conjugio
2576 1303 2764 1374 potuit,
2793 1305 2887 1361 sed
2914 1314 3042 1361 tunc
3068 1322 3177 1363 non
3205 1310 3459 1379 oportuit.
3486 1311 3601 1383 Ego
3626 1328 3761 1370 vero

2164 1391 2372 1451 facilius
2397 1409 2507 1452 non
2535 1404 2657 1453 utor
2684 1399 2882 1468 nuptiis
2922 1399 3115 1471 quibus
3163 1410 3250 1458 est
3288 1418 3416 1458 usus
3458 1404 3760 1474 Abraham,

2164 1500 2324 1557 quam
2361 1486 2439 1542 sic
2467 1495 2588 1543 utar
2615 1489 2814 1559 nuptiis
2837 1492 3291 1562 quemadmodum
3320 1503 3405 1550 est
3430 1510 3560 1552 usus
3588 1497 3765 1553 Abra-

2165 1576 2291 1635 ham
2322 1596 2335 1635 :
2365 1589 2420 1636 et
2444 1581 2566 1638 ideo
2594 1583 2785 1639 melior
2812 1600 2933 1640 sum
2964 1586 3071 1642 illis
3095 1587 3189 1658 qui
3216 1603 3311 1659 per
3338 1591 3501 1646 animi
3527 1591 3765 1648 inconti-

2164 1673 2407 1729 nentiam
2448 1690 2557 1730 non
2586 1687 2812 1746 possunt
2838 1679 2981 1749 quod
3010 1695 3131 1751 ego,
3163 1696 3269 1737 non
3296 1683 3400 1739 illis
3426 1685 3518 1756 qui
3543 1696 3768 1756 propter

2166 1764 2425 1835 temporis
2464 1764 2820 1824 differentiam
2865 1785 2974 1826 non
3003 1772 3245 1829 fecerunt
3282 1775 3426 1845 quod
3456 1791 3575 1848 ego.
3604 1778 3765 1847 Quod

2167 1856 2310 1913 enim
2339 1871 2439 1929 ego
2465 1875 2607 1916 nunc
2631 1875 2752 1932 ago,
2776 1863 2973 1919 melius
2993 1864 3069 1919 illi
3095 1865 3353 1936 egissent,
3376 1869 3422 1923 si
3443 1878 3569 1926 tunc
3596 1886 3766 1941 agen-

2167 1946 2295 2003 dum
2324 1958 2511 2006 esset:
2559 1951 2704 2022 quod
2743 1961 2924 2010 autem
2978 1955 3055 2011 illi
3098 1967 3358 2027 egerunt,
3394 1959 3471 2015 sic
3508 1976 3605 2031 ego
3650 1978 3767 2020 non

2166 2051 2403 2110 agerem,
2434 2049 2490 2096 et
2531 2042 2577 2097 si
2616 2058 2759 2099 nunc
2784 2045 3049 2115 agendum
3094 2056 3257 2104 esset.
3289 2049 3396 2104 Aut
3423 2051 3468 2107 si
3511 2053 3669 2108 talem
3701 2068 3767 2110 se

2167 2128 2270 2185 iste
2320 2132 2484 2187 sentit
2527 2140 2583 2188 et
2631 2135 2812 2203 novit,
2841 2144 2901 2191 ut
2926 2137 3073 2192 salva
3104 2146 3157 2194 et
3185 2150 3533 2210 permanente
3576 2144 3630 2198 in
3660 2143 3764 2200 ha-

2166 2219 2282 2276 bitu
2306 2222 2472 2277 animi
2499 2223 2583 2278 sui
2607 2224 2804 2282 virtute
2828 2228 3192 2299 continentiae,
3217 2233 3262 2287 si
3280 2231 3347 2287 ad
3370 2247 3523 2289 usum
3550 2237 3768 2306 nuptia-

2168 2329 2289 2369 rum
2327 2330 2395 2371 ex
2440 2316 2618 2389 aliquo
2660 2319 2935 2390 religionis
2965 2322 3144 2379 ollicio
3187 2325 3587 2395 descendisset,
3636 2331 3768 2389 talis

2168 2408 2393 2464 maritus
2434 2418 2489 2465 et
2531 2411 2653 2467 talis
2696 2420 2849 2482 pater
2876 2425 3053 2485 esset,
3093 2418 3266 2488 qualis
3311 2419 3411 2476 fuit
3448 2422 3763 2488 Abraham;

2168 2498 2364 2555 audeat
2390 2501 2549 2571 plane
2576 2505 2904 2575 respondere
2951 2508 3031 2563 illi
3075 2511 3315 2581 captioso
3360 2514 3762 2586 interrogatori,

2168 2597 2223 2645 et
2242 2589 2440 2659 dicere,
2458 2591 2574 2649 Non
2601 2608 2720 2650 sum
2749 2596 2963 2667 quidem
2990 2600 3183 2656 melior
3200 2618 3359 2673 quam
3381 2604 3671 2673 Abraham,
3704 2608 3764 2664 in

2168 2681 2274 2739 hoc
2302 2683 2561 2748 duntaxat
2586 2701 2783 2757 genere
2806 2691 3151 2747 continentia:
3176 2734 3190 2760 ,
3220 2710 3324 2765 qua
3354 2695 3443 2752 ille
3468 2712 3573 2753 non
3600 2713 3763 2755 care«

2168 2770 2278 2839 bat,
2307 2774 2409 2830 etsi
2436 2790 2545 2832 non
2579 2779 2903 2849 apparebat;
2954 2781 3049 2837 sed
3094 2798 3215 2839 sum
3261 2786 3417 2852 talis,
3468 2804 3574 2844 non
3613 2789 3763 2845 aliud

2169 2859 2374 2920 habens
2397 2907 2412 2933 ,
2441 2866 2536 2922 sed
2563 2868 2707 2925 aliud
2733 2885 2917 2941 agens.
2949 2872 3101 2929 Dicat
3129 2875 3285 2945 plane
3308 2876 3407 2933 ista
3438 2895 3452 2933 :
3485 2880 3604 2949 quia
3630 2889 3682 2935 ct
3711 2882 3765 2937 si

2168 2954 2397 3011 voluerit
2421 2958 2671 3028 gloriari,
2698 2975 2803 3016 non
2839 2962 2943 3019 erit
2985 2963 3277 3036 insipiens;
3306 2970 3581 3026 veritatem
3612 2974 3765 3029 enim

2169 3046 2317 3104 dicit.
2344 3047 2400 3105 Si
2420 3058 2600 3107 autem
2620 3053 2813 3122 parcit,
2842 3069 2912 3111 ne
2935 3057 3055 3126 quis
3080 3073 3203 3113 eum
3230 3060 3497 3116 existimet
3522 3079 3683 3133 super
3705 3064 3767 3124 id

2167 3138 2312 3209 quod
2352 3153 2475 3195 eum
2511 3141 2676 3211 videt,
2704 3152 2795 3200 aut
2820 3146 2968 3201 audit
2992 3148 3190 3220 aliquid
3214 3165 3278 3206 ex
3303 3151 3392 3206 illo
3426 3151 3494 3223 (ll
3514 3152 3632 3209 Cor.
3654 3172 3758 3224 xu,

2168 3230 2224 3303 6)
2246 3248 2261 3299 ;
2289 3233 2493 3290 auferat
2510 3249 2542 3291 a
2564 3250 2793 3307 persona
2811 3254 2907 3295 sua
2924 3242 3123 3297 nodum
3138 3245 3469 3315 qumstionis,
3486 3255 3543 3302 et
3564 3263 3670 3304 non
3688 3249 3766 3307 de

2168 3324 2386 3383 homine
2404 3368 2419 3395 ,
2453 3327 2549 3385 sed
2574 3328 2642 3386 de
2662 3346 2723 3387 re
2743 3331 2857 3402 ipsa
2881 3334 3224 3405 respondeat,
3253 3345 3306 3393 et
3330 3337 3490 3407 dicat,
3519 3340 3610 3410 qui
3638 3348 3762 3396 tan-

2168 3426 2279 3474 tum
2301 3428 2496 3500 potest,
2516 3421 2640 3479 talis
2656 3432 2739 3479 est
2758 3424 2931 3495 qualis
2951 3425 3049 3482 fuit
3069 3428 3359 3485 Abraham.
3376 3430 3559 3487 Potest
3577 3443 3761 3489 autem

2165 3512 2285 3569 ﬁeri
2323 3524 2381 3570 ut
2408 3517 2587 3574 minor
2621 3517 2692 3573 sit
2734 3519 3076 3597 continentia:
3104 3522 3273 3579 virtus
3317 3525 3370 3580 in
3420 3526 3599 3582 animo
3641 3527 3764 3598 ejus

2165 3607 2257 3679 qui
2274 3623 2381 3663 non
2407 3609 2575 3665 utitur
2592 3612 2812 3682 nuptiis;
2838 3612 3035 3682 quibus
3063 3623 3145 3670 est
3173 3630 3303 3672 usus
3330 3617 3596 3673 Abraham
3622 3636 3636 3672 :
3660 3618 3761 3676 sed

2165 3705 2345 3755 tamen
2373 3701 2544 3771 major
2571 3712 2653 3759 est
2672 3704 2713 3770 ί,
2744 3719 2902 3774 quam
2927 3706 2981 3761 in
3006 3707 3185 3764 animo
3212 3708 3327 3779 ejus
3352 3711 3443 3780 qui
3472 3720 3759 3782 propterea

2165 3791 2337 3847 tenuit
2382 3792 2614 3864 conjugii
2656 3796 2978 3865 castitatem,
3005 3798 3129 3869 quia
3160 3815 3265 3855 non
3314 3801 3487 3871 potuit
3522 3802 3758 3873 amplio-

2164 3898 2300 3939 rem.
2327 3884 2417 3940 Sic
2442 3893 2497 3939 et
2521 3884 2719 3942 femina
2746 3888 2985 3959 innupta,
3008 3906 3128 3961 qua:
3153 3892 3351 3963 cogitat
3386 3908 3449 3948 ea
3482 3910 3601 3965 qure
3630 3904 3763 3951 sunt

2163 3976 2397 4046 Domini,
2437 3987 2497 4035 ut
2520 3980 2589 4035 sit
2615 3992 2798 4037 saneta
2820 3990 2874 4037 et
2892 3998 3118 4054 corpore
3142 3994 3196 4041 et
3221 3986 3407 4057 spiritu
3434 3987 3477 4059 (Ι
3506 3987 3625 4044 Cor.
3655 4006 3756 4059 vn,

2164 4068 2258 4140 '54)
2280 4112 2294 4137 ,
2325 4085 2449 4126 cum
2488 4071 2719 4128 audierit
2758 4073 3119 4145 impudentem
3149 4078 3294 4133 illum
3323 4088 3759 4149 percontatorem

2164 4162 2427 4221 dicentem
2452 4207 2468 4232 ,
2495 4166 2577 4222 Tu
2606 4182 2735 4239 ergo
2772 4169 2962 4223 melior
2989 4184 3149 4240 quam
3192 4172 3360 4228 Sara?
3402 4175 3754 4244 respondeat,

2164 4254 2277 4326 Ego
2305 4257 2495 4315 melior
2523 4272 2662 4326 sum,
2696 4258 2792 4315 sed
2823 4260 2887 4315 iis
2916 4276 3036 4332 quae
3063 4264 3259 4319 virtute
3287 4263 3443 4335 hujus
3469 4267 3752 4323 continen-

2163 4352 2251 4407 tiae
2276 4360 2480 4421 carent,
2511 4352 2652 4423 quod
2683 4353 2752 4410 de
2790 4354 2922 4411 Sara
2965 4370 3071 4411 non
3115 4357 3275 4413 credo
3304 4377 3318 4412 :
3348 4357 3473 4415 fecit
3497 4375 3629 4432 ergo
3655 4361 3751 4418 illa

2161 4458 2283 4500 cum
2312 4445 2411 4500 ista
2438 4445 2633 4502 virtute
2653 4447 2796 4518 quod
2836 4448 2914 4503 illi
2954 4451 3182 4520 tempori
3208 4453 3556 4522 congruebat,
3578 4468 3609 4507 a
3641 4470 3756 4525 quo

2162 4549 2262 4606 ego
2287 4551 2405 4591 sum
2436 4537 2711 4605 immunis,
2741 4548 2801 4593 ut
2830 4539 2883 4594 in
2913 4556 3035 4596 meo
3060 4541 3220 4597 etiam
3246 4557 3471 4615 corpore
3496 4555 3758 4616 appareat

2161 4628 2301 4698 quod
2334 4629 2424 4683 illa
2455 4629 2508 4683 in
2534 4630 2715 4686 animo
2735 4634 3103 4689 conservabat.

2232 4718 2458 4775 CAPUT
2474 4720 2827 4780 XXlll.—28.
2847 4723 3169 4781 Continentia
3189 4729 3365 4783 melior
3379 4730 3611 4786 castitate
3626 4749 3756 4789 con-

2151 4810 2322 4881 jugali
2344 4826 2362 4863 :
2382 4811 2469 4865 sed
2514 4824 2722 4883 possunt
2758 4816 3016 4887 conjugati
3044 4834 3150 4873 esse
3177 4819 3544 4877 continentibus
3570 4822 3754 4879 melio-

2158 4917 2258 4955 res.
2297 4900 2606 4957 Obedientia:
2641 4904 2825 4958 bonum
2857 4908 3024 4977 majus
3057 4924 3210 4978 quam
3245 4911 3579 4966 continentice.
3614 4913 3755 4968 Obe-

2159 4993 2377 5051 dientior
2413 4998 2685 5070 conjugata
2713 4999 2880 5053 minus
2906 5000 3155 5057 obedienti
3179 5004 3358 5075 virgini
3384 5008 3752 5078 prarponenda.

2162 5085 2460 5142 Obedientia
2488 5099 2647 5144 mater
2671 5091 2895 5146 omnium
2921 5093 3173 5149 virtutum.
3203 5095 3312 5151 Res
3354 5111 3483 5168 ergo
3520 5098 3662 5168 ipsas
3706 5099 3757 5154 si

2157 5192 2529 5250 comparemus
2551 5221 2566 5247 ,
2605 5182 2753 5237 nullo
2780 5182 2941 5240 modo
2967 5184 3313 5242 dubitandum
3345 5198 3428 5244 est
3469 5191 3754 5245 meliorem

2158 5285 2279 5329 esse
2304 5273 2601 5329 castitatem
2628 5276 2971 5334 continentiae
3000 5296 3158 5350 quam
3185 5282 3484 5337 castitatem
3534 5282 3756 5353 nuptia-

2157 5360 2285 5433 lem,
2317 5380 2440 5421 cum
2466 5373 2645 5423 tamen
2668 5376 2951 5441 utrumque
2978 5371 3050 5426 sit
3078 5371 3274 5428 bonum
3307 5392 3320 5428 :
3352 5375 3597 5430 homines
3624 5391 3759 5433 vero

2156 5472 2278 5513 cum
2305 5473 2677 5531 comparamus
2700 5505 2715 5530 ,
2750 5464 2837 5519 ille
2858 5473 2941 5521 est
2964 5466 3152 5521 melior
3175 5468 3263 5537 qui
3286 5468 3486 5524 bonum
3516 5469 3757 5541 amplius

2156 5565 2315 5622 quam
2341 5551 2476 5608 alius
2504 5551 2683 5610 habet.
2724 5555 2894 5612 Porro
2919 5558 3009 5627 qui
3034 5557 3262 5628 amplius
3298 5559 3538 5630 ejusdem
3583 5577 3756 5633 gene-
3820 5568 3829 5574 “

2156 5645 2232 5701 ris
2277 5644 2437 5702 habet
2460 5687 2475 5714 ,
2521 5656 2574 5703 et
2604 5648 2656 5704 id
2700 5648 2841 5719 quod
2872 5651 3047 5705 minus
3074 5661 3156 5706 est
3194 5651 3354 5708 habet
3383 5669 3397 5707 :
3428 5655 3519 5725 qui
3568 5662 3755 5711 autem

2156 5738 2528 5795 tantummodo
2568 5739 2709 5812 quod
2735 5741 2909 5798 minus
2934 5750 3016 5798 est
3038 5741 3232 5812 habet,
3265 5744 3318 5800 id
3347 5744 3491 5816 quod
3516 5754 3599 5802 est
3627 5761 3749 5801 am-

2157 5878 2248 6003 ”;
2262 5876 2493 5995 Ηέἓέδιέιιά
2522 5883 2632 5931 Lov.
2665 5876 2941 5945 additur,in
2971 5892 3113 5945 opere
3149 5879 3285 5948 ejus;
3324 5880 3458 5947 quod
3489 5882 3552 5936 ab
3582 5889 3660 5935 Er.
3694 5889 3753 5942 et
