4070 6334
289 479 405 552 plitls
432 486 549 529 non
584 469 771 541 utique
796 466 973 525 habet.
996 463 1056 521 In
1082 463 1357 537 sexaginta
1380 461 1524 520 enim
1546 468 1671 517 sunt
1691 470 1747 518 et
1771 462 1867 517 tri-

290 570 415 641 ginta
434 606 452 632 ,
478 579 592 623 non
620 562 676 618 in
707 561 920 631 triginta
955 566 1079 613 sunt
1102 566 1158 613 et
1185 556 1479 627 sexaginta.
1506 553 1623 609 Non
1652 553 1864 623 operari

292 670 450 716 autem
486 673 558 714 ex
587 670 656 713 eo
683 653 825 726 quod
852 653 1043 718 habet,
1084 651 1136 705 in
1164 649 1538 705 distributione
1567 645 1865 701 ofﬁciorum

293 752 504 823 positum
532 757 639 812 est,
663 759 772 801 non
801 744 856 799 in
883 749 1119 814 egestate
1140 741 1395 797 virtutum
1426 739 1581 809 :quia
1602 753 1701 811 nec
1726 737 1866 792 bono

294 838 659 899 misericordia
697 846 873 903 caret,
901 835 991 905 qui
1020 848 1126 889 non
1164 832 1368 888 invenit
1404 830 1631 887 miseros
1671 828 1867 901 quibus

294 934 441 1006 possit
469 928 890 987 misericorditer
920 924 1222 982 subvenire.

352 1022 435 1078 29.
467 1021 586 1076 Huc
608 1018 813 1076 accedit
832 1017 954 1088 quia
981 1031 1086 1071 non
1111 1022 1257 1070 recte
1284 1021 1662 1084 comparantur
1688 1011 1866 1067 homi-

296 1129 377 1172 nes
395 1112 704 1172 hominibus
728 1127 795 1165 ex
824 1124 929 1165 uno
957 1109 1135 1179 aliquo
1166 1107 1327 1161 bono.
1354 1106 1495 1160 Fieri
1520 1104 1662 1161 enim
1691 1111 1868 1174 potest

295 1218 344 1263 ut
373 1208 510 1261 alius
551 1219 661 1261 non
705 1203 897 1257 habeat
936 1199 1136 1270 aliquid
1176 1198 1318 1269 quod
1356 1198 1493 1253 alius
1538 1196 1731 1261 habet,
1772 1194 1869 1251 sed

292 1299 420 1355 aliud
448 1297 645 1353 habeat
669 1294 811 1367 quod
831 1294 997 1364 pluris
1017 1291 1388 1347 astimandum
1414 1298 1515 1345 est.
1536 1289 1703 1360 Majus
1724 1288 1865 1342 enim

292 1391 476 1447 bonum
499 1398 585 1446 est
601 1387 920 1444 obedientia
939 1399 1096 1455 quam
1118 1382 1482 1439 continentia.
1502 1380 1631 1435 Nam
1658 1394 1864 1435 connu-

292 1485 423 1540 bium
465 1495 731 1550 nusquam
774 1486 1079 1533 nostrarum
1117 1474 1510 1544 Scripturarum
1550 1471 1867 1526 auctoritate

292 1576 564 1632 damnatur
584 1615 600 1641 ,
628 1570 986 1627 inobedientia
1015 1582 1143 1623 vero
1173 1580 1432 1636 nusquam
1464 1564 1775 1619 absolvitur.
1809 1560 1866 1616 Si

292 1684 407 1740 ergo
444 1675 773 1739 proponatur
798 1664 946 1733 virgo
995 1673 1376 1732 permansura,
1418 1655 1511 1713 sed
1556 1663 1732 1711 tamen
1786 1655 1867 1708 in-

248 1752 263 1818 ?
293 1760 536 1817 obediens
554 1799 571 1826 ,
599 1766 654 1813 et
672 1755 918 1811 maritata
942 1768 1059 1824 qua
1090 1752 1235 1822 virgo
1263 1762 1583 1820 permanere
1605 1762 1712 1801 non
1745 1760 1869 1816 pos»

293 1863 396 1920 set,
422 1851 521 1907 sed
551 1859 730 1905 tamen
758 1845 1012 1903 obediens
1029 1884 1046 1912 ,
1075 1858 1233 1914 quam
1261 1842 1539 1896 meliorem
1585 1836 1868 1893 dicamus?

294 1946 453 2002 Itinus
478 1942 804 1999 laudabilem
829 1955 987 2011 quam
1029 1937 1075 1992 si
1112 1937 1262 2007 virgo
1286 1944 1465 2001 esset,
1499 1949 1565 1987 an
1592 1932 1872 1988 damnabi-

291 2038 384 2094 lem
406 2038 545 2093 sicut
571 2036 723 2105 virgo
742 2034 863 2089 est?
889 2032 964 2086 Ita
986 2029 1032 2085 si
1051 2028 1299 2084 conferas
1318 2027 1586 2082 ebriosam
1609 2026 1866 2095 virginem

292 2130 472 2186 sobria
498 2126 817 2196 conjugata,
848 2122 966 2192 quis
991 2119 1200 2175 dubitet
1222 2117 1466 2174 eamdem
1488 2116 1630 2171 ferre
1649 2123 1868 2170 senten-

291 2221 446 2278 tiam?
484 2219 694 2288 Nuptia
725 2217 920 2287 quippe
956 2222 1011 2269 et
1048 2212 1321 2282 virginitas
1362 2210 1471 2264 duo
1519 2209 1656 2263 bona
1700 2215 1827 2263 sunt
1849 2200 1875 2276 ,’

291 2329 508 2386 quorum
551 2311 780 2365 alterum
807 2308 975 2376 majus
1004 2323 1017 2360 :
1050 2304 1309 2359 sobrietas
1346 2311 1523 2357 autem
1550 2307 1605 2356 et
1643 2298 1868 2355 ebriosi-

290 2418 399 2476 tas,
425 2408 563 2463 sicut
584 2402 885 2460 obedientia
914 2410 969 2455 et
993 2397 1324 2454 contumacia
1346 2437 1359 2461 ,
1393 2396 1484 2450 illa
1520 2395 1659 2450 bona
1701 2401 1866 2459 sunt,

292 2502 401 2565 hac
429 2500 587 2555 mala.
634 2496 820 2552 Melius
848 2504 931 2549 est
958 2500 1135 2546 autem
1174 2489 1372 2544 habere
1399 2487 1576 2543 omnia
1616 2485 1755 2541 bona
1783 2483 1871 2541 vel

292 2594 525 2657 minora,
570 2603 729 2658 quam
769 2599 1017 2655 maguum
1054 2582 1252 2638 bonum
1296 2596 1418 2635 cum
1459 2592 1653 2649 magno
1682 2576 1822 2631 malo
1854 2593 1869 2630 :

293 2686 404 2759 quia
446 2692 505 2739 et
546 2683 601 2737 in
644 2680 885 2751 corporis
925 2677 1077 2731 bouis
1105 2675 1298 2729 melius
1321 2684 1405 2729 est
1431 2671 1630 2727 habere
1657 2667 1873 2725 Zachai

293 2788 543 2836 staturam
571 2791 693 2831 cum
720 2772 966 2836 sanitate,
997 2784 1157 2839 quam
1188 2767 1355 2824 Golia
1380 2780 1503 2820 cum
1523 2762 1692 2819 febre.
1878 2836 1881 2841 Ι

356 2872 443 2926 50.
472 2870 641 2924 Recte
668 2866 823 2936 plane
847 2863 1101 2934 quaritur
1121 2901 1136 2929 ,
1183 2873 1292 2914 non
1335 2866 1511 2913 utrum
1551 2853 1874 2911 omnimodis

294 2963 601 3020 inobediens
626 2960 776 3028 virgo
795 2956 1090 3024 conjugata
1115 2950 1406 3015 obedienti,
1434 2947 1529 3004 sed
1549 2947 1727 3002 minus
1746 2944 1872 3000 obe-

294 3056 435 3111 diens
463 3049 820 3108 obedientiori
844 3044 1201 3117 comparanda
1224 3045 1312 3109 sit;
1340 3042 1463 3112 quia
1483 3036 1537 3095 et
1552 3040 1642 3094 illa
1665 3038 1874 3108 nuptia-

293 3148 353 3202 lis
378 3145 597 3201 castitas
625 3150 710 3199 cst
728 3182 742 3207 ,
772 3148 825 3195 ct
853 3138 976 3193 ideo
998 3137 1197 3192 bonum
1222 3144 1304 3190 est
1322 3175 1339 3202 ,
1368 3132 1463 3189 sed
1503 3132 1678 3185 minor
1714 3144 1875 3201 quam

295 3238 587 3311 virginalis.
625 3234 798 3289 Tanto
837 3246 966 3303 ergo
1013 3231 1188 3286 minor
1227 3229 1281 3283 in
1326 3227 1469 3281 bono
1517 3224 1871 3293 obedientia,

292 3343 484 3407 quanto
506 3330 679 3402 major
705 3329 761 3384 in
782 3327 925 3383 bono
952 3324 1209 3381 castitatis
1226 3364 1243 3390 ,
1278 3322 1324 3377 si
1351 3322 1517 3376 altera
1541 3318 1698 3375 alteri
1724 3333 1887 3395 com-_

294 3436 544 3500 paretur,
596 3439 715 3496 qua
770 3420 1124 3493 praeponenda
1165 3418 1237 3473 sit
1275 3415 1511 3486 judicat,
1563 3413 1651 3483 qui
1705 3414 1877 3483 primo

294 3524 458 3593 ipsam
501 3520 803 3575 castitatem
847 3524 903 3571 et
944 3512 1300 3570 obedientiam
1341 3522 1693 3577 comparans,
1732 3504 1877 3560 videt

294 3620 529 3674 omnium
558 3615 818 3670 virtutum
844 3611 1072 3683 quodam
1119 3607 1280 3663 modo
1323 3616 1547 3661 matrem
1587 3618 1706 3659 esse
1743 3600 1875 3655 obe-

294 3715 569 3770 dientiam.
601 3711 680 3764 Ac
704 3722 800 3779 per
823 3708 925 3760 hoc
944 3705 1065 3760 ideo
1094 3710 1269 3775 potest
1284 3715 1404 3756 esse
1428 3697 1731 3754 obcdientia
1760 3696 1876 3750 sine

295 3798 597 3876 virginitate
621 3843 637 3867 ,
668 3800 793 3871 quia
823 3796 1096 3869 virginitas
1124 3810 1189 3849 ex
1233 3792 1458 3847 consilio
1497 3798 1579 3845 est
1601 3831 1617 3858 ,
1659 3802 1765 3844 non
1812 3803 1880 3843 ex

299 3904 587 3966 praecepto.
618 3889 986 3947 Obedientiam
1017 3900 1142 3941 vero
1172 3884 1316 3938 illam
1356 3882 1508 3947 dico,
1539 3894 1644 3951 qua
1678 3892 1881 3951 prace-

296 3990 398 4060 ptis
435 3988 858 4055 obtemperatur.
898 3980 1126 4049 Ideoque
1166 3974 1464 4031 obedientia
1494 3980 1895 4043 praceptorum-

298 4082 411 4135 sine
431 4079 738 4151 virginitate
764 4073 977 4145 quidem
1007 4080 1203 4143 potest,
1228 4068 1321 4124 sed
1351 4067 1466 4123 sine
1489 4064 1733 4121 castitate
1760 4079 1882 4120 esse

300 4188 403 4225 non
426 4178 622 4241 potest.
647 4167 729 4223 Ad
761 4166 1056 4221 castitatem
1084 4176 1313 4232 namque
1336 4159 1566 4230 pertinet
1588 4173 1695 4213 non
1716 4156 1882 4213 forni-

300 4264 428 4331 cari,
462 4277 569 4316 non
600 4258 879 4322 machari,
902 4256 1047 4310 nullo
1078 4254 1259 4308 illicito
1279 4252 1562 4307 concubitu
1582 4249 1839 4305 maculari
1866 4265 1881 4303 :

302 4372 417 4426 qua
443 4356 530 4426 qui
558 4369 665 4408 non
693 4352 1008 4413 observant,
1032 4358 1213 4402 contra
1239 4354 1505 4417 pracepta
1533 4343 1625 4399 Dei
1654 4341 1879 4406 faciunt,
1914 4346 1917 4347 ⁷

305 4458 358 4501 et
394 4448 461 4502 ob
490 4447 594 4500 hoc
621 4453 864 4502 extorres
893 4450 1015 4495 sunt
1042 4454 1072 4492 a
1113 4440 1309 4492 virtute
1348 4436 1684 4491 obedientia.
1712 4433 1880 4504 Virgi-

309 4539 439 4595 nitas
477 4547 657 4593 autem
702 4542 981 4605 propterea
1022 4540 1195 4602 potest
1238 4544 1356 4585 esse
1394 4529 1510 4583 sine
1538 4526 1885 4592 obedientia,‘

311 4634 424 4702 quia
450 4641 628 4704 potest
671 4628 867 4683 femina
912 4626 1135 4697 consilio
1169 4620 1485 4692 virginitatis
1523 4627 1742 4689 accepto
1765 4659 1782 4685 ,
1834 4625 1888 4671 et

314 4722 565 4777 custodita
602 4718 936 4788 virginitate,
988 4720 1269 4785 praecepta
1297 4719 1642 4765 contemnere
1688 4724 1702 4760 :
1750 4706 1889 4761 sicut

315 4814 498 4867 multas
526 4825 708 4867 sacras
747 4808 980 4879 virgines
1005 4806 1251 4861 novimus
1288 4802 1575 4868 verbosas,
1612 4800 1886 4867 curiosas,

318 4906 577 4971 ebriosas,
616 4904 908 4974 litigiosas,
949 4915 1167 4965 avaras,
1212 4895 1502 4966 superbas;
1551 4908 1669 4962 qua
1711 4892 1889 4945 omnia

308 5008 493 5053 contra
518 5004 783 5069 pracepta
813 5002 966 5060 sunt,
1012 5002 1066 5046 et
1108 4991 1245 5046 sicut
1287 4989 1454 5058 ipsam
1499 4986 1662 5040 Evam
1702 4984 1890 5038 inobe-

322 5088 521 5145 dientia
570 5089 797 5144 crimine
845 5084 1111 5140 occidunt.
1168 5083 1503 5152 QuaprOpter
1555 5092 1660 5131 non
1718 5076 1891 5129 solum

323 5181 565 5237 obediens
593 5176 939 5243 inobedicnti,
984 5174 1077 5229 sed
1106 5171 1437 5227 obedientior
1476 5167 1756 5238 conjugata
1793 5165 1895 5219 mi-

324 5287 420 5328 nus
438 5272 705 5330 obedienti
729 5268 921 5340 virgini
946 5263 1301 5337 praponenda
1329 5269 1431 5317 est.

391 5366 478 5421 51.
506 5367 585 5421 Ex
611 5364 712 5418 hac
738 5358 1038 5417 obcdieutia
1059 5368 1208 5427 pater
1232 5355 1319 5409 ille
1346 5350 1435 5423 qui
1457 5352 1571 5406 sine
1598 5365 1763 5405 uxore
1788 5363 1894 5403 non

325 5458 434 5523 fuit,
453 5475 566 5515 esse
586 5460 702 5513 sine
727 5456 887 5511 unico
908 5453 1016 5507 ﬁlio
1040 5460 1093 5506 et
1117 5466 1148 5505 a
1170 5464 1230 5504 se
1253 5448 1430 5503 occiso
1446 5454 1659 5517 paratus
1681 5442 1778 5497 fuit
1793 5440 1892 5514 (a).

324 5550 544 5607 Unicum
564 5552 708 5606 enim
746 5563 854 5603 non
881 5544 1147 5600 immerito
1173 5540 1399 5596 dixerim
1418 5580 1432 5604 ,
1474 5539 1540 5625 de
1569 5551 1672 5606 quo
1699 5534 1900 5589 audivit

324 5658 356 5700 a
376 5645 623 5710 Domino,
643 5641 711 5697 In
729 5639 880 5695 Isaac
895 5637 1151 5692 vocabitur
1174 5633 1261 5687 tibi
1284 5648 1447 5687 semen
1469 5630 1620 5702 (Gen.
1647 5644 1755 5694 xxi,
1781 5625 1895 5696 12).

325 5737 531 5805 Quanto
556 5750 685 5807 ergo
706 5734 862 5790 citius
884 5773 899 5797 ,
928 5738 985 5785 ut
1011 5728 1170 5783 etiam
1198 5728 1314 5781 sine
1341 5739 1503 5781 uxore
1529 5731 1705 5787 esset.
1731 5721 1777 5777 si
1797 5720 1900 5777 hoc

389 5830 462 5894 (α)
492 5836 528 5881 tl
549 5833 754 5879 aeu-act.
779 5820 975 5886 cap.22,
1000 5833 1052 5868 n.
1075 5817 1122 5867 2.

566 5915 793 5977 δωσεῖ.
827 5910 1105 5971 Auaus'r.
1147 5904 1251 5965 VI.

1704 350 1909 408 LIBER
1944 349 2145 408 UNUS.

3460 357 3571 417 ὅθι

1970 460 2248 531 juberetur
2268 498 2285 526 ,
2313 458 2556 515 audiret?
2584 457 2736 516 Unde
2759 472 2865 516 non
2894 459 3088 517 frustra
3120 477 3264 534 sape
3304 467 3563 527 miramur

1975 552 2260 608 nonnullos
2289 551 2565 623 utriusque
2589 567 2748 608 sexus
2772 554 2840 609 ab
2881 556 3026 610 omni
3067 559 3350 616 concubitu
3380 565 3559 620 conti-

1975 652 2163 699 nentes
2183 685 2198 709 ,
2229 643 2555 714 negligenter
2579 643 2797 701 obedire
2824 648 3104 717 praceptis
3127 690 3143 716 ,
3173 664 3294 704 cum
3322 660 3429 707 tam
3470 668 3562 708 ar-

1975 737 2162 794 denter
2186 737 2509 807 arripuerint
2530 752 2635 792 non
2666 739 2740 793 uti
2764 740 3052 795 concessis.
3086 741 3238 797 Unde
3263 744 3384 813 quis
3408 743 3567 802 dubi-

1975 836 2053 883 tat
2094 838 2149 885 et
2196 830 2525 885 excellentia
2568 839 2871 886 sanctorum
2903 831 3114 887 illorum
3153 842 3362 903 patrum
3406 843 3568 907 atque

1973 930 2206 977 matrum
2232 922 2370 977 ﬁlios
2384 924 2747 993 generantium
2769 940 2875 981 non
2900 935 3044 981 recte
3069 928 3367 997 comparari
3388 945 3568 987 mares

1973 1021 2028 1067 et
2053 1012 2275 1068 feminas
2304 1015 2473 1069 nostri
2502 1016 2787 1085 temporis,
2815 1021 3058 1088 quamvis
3098 1019 3166 1073 ab
3194 1021 3338 1075 omni
3367 1037 3566 1078 concu-

1972 1102 2085 1158 bitu
2110 1104 2393 1172 immunes,
2417 1106 2472 1161 in
2497 1106 2693 1163 virtute
2719 1108 3033 1165 obedientia
3054 1112 3321 1177 minores;
3350 1114 3566 1171 etiamsi

1974 1194 2077 1249 illis
2130 1195 2433 1252 hominibus
2481 1206 2536 1254 et
2572 1198 2625 1253 in
2672 1198 2855 1255 habitu
2899 1202 3061 1257 animi
3098 1203 3387 1271 defuisset,
3417 1205 3562 1276 quod

1976 1286 2028 1340 in
2061 1287 2282 1343 istorum
2333 1304 2497 1359 opere
2535 1291 2873 1347 manifestum
2925 1294 3045 1348 est?
3091 1293 3391 1364 Sequantur
3431 1311 3566 1366 ergo

1972 1381 2180 1451 Agnum
2218 1383 2368 1451 pueri
2407 1392 2682 1441 cantantes
2730 1386 2998 1441 canticum
3046 1401 3283 1453 novum,
3325 1386 3463 1444 sicut
3508 1390 3567 1443 in

1972 1475 2293 1545 Apocalypsi
2334 1479 2590 1546 scriptum
2619 1486 2737 1547 est,
2767 1479 2851 1548 qui
2894 1494 3009 1531 cum
3037 1478 3332 1534 mulieribus
3371 1497 3426 1535 se
3461 1496 3569 1536 non

1973 1570 2437 1625 contaminaverunt
2468 1572 2649 1643 (Apoc.
2675 1590 2787 1639 xtv,
2813 1574 2893 1645 4);
2920 1591 3025 1629 non
3049 1575 3119 1630 ob
3144 1576 3286 1630 aliud
3313 1575 3416 1630 nisi
3440 1577 3568 1647 quia

1972 1660 2203 1731 virgines
2231 1674 2659 1733 permanserunt.
2698 1665 2810 1721 Nec
2851 1666 2970 1722 ideo
2997 1681 3057 1722 se
3090 1667 3417 1723 arbitrentur
3443 1682 3565 1724 me-

1972 1752 2133 1809 liores
2161 1769 2282 1810 esse
2307 1757 2494 1825 primis
2519 1758 2758 1827 patribus
2783 1760 3003 1827 sanctis,
3027 1759 3117 1830 qui
3138 1760 3364 1830 nuptiis,
3407 1770 3467 1815 ut
3489 1760 3566 1817 ita

1972 1848 2180 1917 dicam,
2212 1851 2517 1920 nuptialiter
2551 1852 2633 1907 usi
2656 1862 2780 1908 sunt
2801 1855 2841 1905 ί.
2869 1855 3064 1909 Earum
3095 1854 3289 1924 quippe
3316 1868 3446 1909 usus
3488 1854 3566 1912 ita

1973 1954 2033 1995 se
2057 1939 2242 2008 habet,
2276 1951 2335 1995 ut
2358 1940 2403 1996 si
2429 1942 2554 2011 quid
2581 1943 2636 1997 in
2657 1943 2735 1999 eis
2760 1958 2857 2014 per
2883 1944 3059 1999 carnis
3086 1944 3524 2001 commixtionem
3541 1983 3561 2010 ,

1973 2033 2115 2104 quod
2143 2033 2366 2089 excedat
2408 2034 2701 2105 generandi
2748 2036 3153 2103 necessitatem,
3192 2035 3436 2107 quamvis
3469 2049 3564 2091 ve-

1974 2126 2186 2181 nialiter
2209 2126 2407 2181 factum
2429 2126 2607 2193 fuerit,
2636 2129 3017 2183 contaminatio
3045 2128 3134 2182 sit.
3165 2128 3299 2183 Nam
3322 2127 3449 2198 quid
3469 2142 3565 2183 ex-

1974 2216 2084 2285 piat
2102 2216 2255 2271 venia
2271 2258 2287 2285 ,
2319 2217 2366 2272 si
2393 2217 2611 2273 omnino
2631 2233 2741 2273 non
2764 2220 3093 2274 contaminat
3117 2219 3208 2273 illa
3236 2219 3566 2290 progressio?

1975 2308 2016 2363 A
2040 2325 2140 2379 qua
2157 2310 2609 2367 contaminatioue
2629 2312 2824 2366 mirum
2852 2312 2899 2367 si
2925 2312 3189 2368 immunes
3205 2320 3387 2367 essent
3412 2309 3566 2383 pueri

1974 2410 2260 2472 sequentes
2281 2403 2510 2473 Agnum,
2539 2403 2642 2459 nisi
2667 2403 2900 2473 virgines
2928 2412 3323 2474 permanerent.
3636 2442 3653 2448 -

2045 2492 2269 2551 CAPUT
2290 2495 2480 2551 XXIV.
2507 2526 2579 2536 —
2601 2496 2690 2552 52.
2715 2494 3028 2567 Nuptiarum
3048 2498 3230 2551 bonum
3251 2496 3393 2567 apud
3418 2495 3565 2552 Clario

1974 2586 2166 2640 stianos
2196 2586 2398 2657 triplex.
2427 2585 2696 2658 Conjugati
2725 2587 2916 2658 antiqui
2937 2588 3271 2641 obedientiam
3299 2589 3352 2640 in
3376 2603 3563 2657 opere,

1977 2678 2333 2731 continentiam
2379 2679 2433 2732 in
2484 2678 2658 2732 habitu
2703 2689 2986 2734 tenuerunt.
3019 2680 3225 2735 Bonum
3271 2679 3430 2750 igitur
3466 2695 3565 2733 nu-

1977 2769 2206 2838 ptiarum
2238 2784 2333 2839 per
2362 2782 2550 2825 omnes
2573 2778 2757 2840 gentes
2800 2780 2960 2841 atque
3001 2786 3188 2827 omnes
3229 2772 3474 2827 homines
3510 2772 3566 2826 in

1976 2874 2134 2915 causa
2163 2862 2451 2932 generandi
2493 2870 2610 2930 est,
2639 2872 2694 2919 et
2734 2864 2789 2919 in
2810 2858 2935 2920 'ﬁde
2964 2866 3223 2920 castitatis
3252 2882 3266 2918 :
3296 2866 3437 2936 quod
3472 2881 3568 2920 au-

1978 2958 2086 3007 tem
2111 2952 2175 3007 ad
2200 2954 2451 3025 populum
2478 2953 2572 3008 Dei
2598 2954 2863 3024 pertinet,
2888 2957 3049 3009 etiam
3090 2956 3143 3010 in
3170 2957 3449 3011 sanctitate
3470 2955 3568 3011 Sa-

1978 3044 2236 3099 cramenti
2260 3085 2274 3110 ,
2303 3060 2399 3115 per
2426 3060 2584 3114 quam
2623 3044 2772 3101 nefas
2808 3053 2891 3100 est
2930 3047 3090 3100 etiam
3129 3047 3350 3115 repudio
3388 3046 3566 3101 disce-

1977 3135 2194 3192 dentem
2213 3137 2366 3192 alteri
2398 3136 2602 3191 nubere
2620 3178 2636 3204 ,
2662 3136 2790 3191 dum
2815 3137 2896 3191 vir
2922 3137 3037 3208 ejus
3062 3138 3227 3205 vivit,
3256 3153 3357 3193 nec
3379 3140 3568 3194 saltem

1978 3227 2094 3298 ipsa
2137 3242 2295 3283 causa
2347 3227 2619 3299 pariendi';
2672 3244 2790 3299 qua
2818 3243 2937 3283 cum
2965 3229 3077 3284 sola
3118 3230 3188 3284 sit
3227 3244 3332 3300 qua
3370 3231 3569 3301 nuptia

1980 3318 2149 3387 ﬁunt,
2175 3334 2275 3375 nec
2299 3333 2363 3374 ea
2388 3334 2448 3374 re
2472 3335 2577 3374 non
2600 3320 2961 3391 subsequente
2980 3330 3199 3390 propter
3218 3337 3375 3392 quam
3396 3322 3532 3377 ﬁunt

1980 3418 2204 3473 solvitur
2220 3418 2486 3473 vinculum
2512 3417 2748 3489 nuptiale
2769 3416 2871 3471 nisi
2892 3416 3131 3488 conjugis
3154 3425 3345 3472 morte.
3370 3417 3570 3485 Quem-

1980 3508 2267 3564 admodum
2287 3508 2331 3563 si
2358 3508 2451 3562 ﬁat
2475 3507 2738 3562 ordinatio
2767 3508 2892 3562 cleri
2913 3508 2978 3561 ad
3006 3508 3212 3577 plebem
3243 3523 3570 3578 congregan-

1982 3599 2138 3667 dam,
2182 3599 2389 3655 etiamsi
2418 3598 2592 3670 plebis
2631 3599 2968 3669 congregatio
3015 3613 3121 3653 non
3166 3599 3525 3669 subsequatur
3549 3641 3566 3668 ,

1982 3700 2162 3747 manet
2200 3698 2378 3745 tamen
2407 3690 2460 3744 in
2491 3690 2594 3744 illis
2635 3689 2892 3745 ordinatis
2917 3690 3317 3746 Sacramentum
3346 3691 3567 3746 ordina—

1982 3783 2182 3850 tionis;
2222 3791 2277 3837 et
2302 3782 2348 3836 si
2390 3782 2566 3852 aliqua
2591 3782 2746 3851 culpa
2771 3782 3050 3852 quisquam
3079 3782 3148 3836 ab
3174 3782 3351 3837 ofﬁcio
3387 3798 3569 3839 remo-

1984 3883 2192 3940 veatur,
2220 3871 2565 3927 Sacramento
2594 3872 2808 3926 Domini
2830 3874 2997 3928 semel
3016 3874 3265 3944 imposito
3289 3890 3396 3930 non
3416 3890 3570 3931 care-

1983 3968 2091 4034 bit,
2123 3967 2363 4037 quamvis
2390 3966 2458 4021 ad
2493 3966 2752 4036 judicium
2795 3976 3162 4038 permanente.
3200 3967 3572 4025 Generationis

1985 4058 2163 4130 itaque
2197 4073 2358 4113 causa
2386 4058 2500 4114 ﬁeri
2529 4060 2738 4130 nuptias
2758 4100 2773 4125 ,
2807 4060 3093 4130 Apostolus
3136 4062 3210 4116 ita
3252 4063 3398 4117 testis
3441 4072 3569 4119 est:

2000 4149 2122 4204 Volo
2146 4191 2161 4218 ,
2192 4149 2398 4219 inquit,
2437 4150 2669 4221 juniores
2708 4149 2910 4205 nubere.
2936 4152 3001 4206 Et
3027 4153 3178 4222 quasi
3204 4153 3254 4208 ei
3281 4152 3569 4220 diceretur,

1987 4242 2223 4312 thuid?
2262 4244 2515 4297 continuo
2539 4243 2793 4313 subjecit,
2822 4244 2959 4313 [ilios
2988 4261 3270 4314 procreare,
3299 4251 3575 4319 matresfa‘

1988 4337 2155 4391 milias
2183 4353 2287 4390 esse
2321 4335 2362 4407 (I
2390 4335 2519 4389 Tim.
2560 4351 2626 4403 v,
2657 4337 2767 4407 14).
2808 4336 2889 4390 Ad
2917 4336 3074 4391 ﬁdem
3112 4346 3288 4393 autem
3316 4340 3576 4394 castitatis

1989 4431 2120 4487 illud
2148 4432 2376 4501 pertinet
2408 4448 2422 4484 :
2458 4428 2600 4484 Uxor
2619 4445 2720 4483 non
2740 4428 2884 4483 habet
2912 4439 3203 4499 potestatem
3222 4434 3449 4503 corporis
3471 4438 3571 4507 sui,

1990 4524 2078 4579 sed
2098 4524 2172 4577 vir
2206 4538 2226 4577 :
2253 4523 2483 4577 similiter
2522 4531 2567 4576 et
2599 4522 2675 4575 vir
2712 4537 2812 4575 non
2848 4521 2994 4576 habet
3033 4533 3325 4594 potestatem
3348 4528 3576 4596 corporis

1990 4616 2112 4683 sui,
2159 4614 2247 4670 sed
2291 4614 2489 4667 mulier.
2537 4613 2616 4668 Ad
2647 4612 2975 4669 Sacramenti
3022 4617 3353 4673 sanctitatem
3382 4619 3510 4673 illud
3557 4637 3571 4673 :

1998 4712 2220 4767 Uxorem
2258 4728 2290 4764 α
2318 4711 2422 4763 viro
2452 4727 2553 4764 non
2579 4710 2872 4776 discedere;
2897 4710 3031 4782 quod
3054 4711 3095 4765 si
3131 4712 3440 4780 discesserit,
3469 4730 3575 4766 ma-

1993 4821 2111 4859 nere
2134 4805 2434 4873 innuptam,
2463 4812 2552 4855 aut
2572 4803 2677 4856 viro
2698 4818 2788 4856 suo
2812 4802 3126 4856 reconciliari
3150 4818 3169 4857 :
3193 4812 3240 4857 et
3267 4805 3341 4857 air
3369 4821 3577 4857 uxorem

1994 4914 2097 4952 non
2118 4897 2352 4950 dimittat.
2383 4896 2507 4950 Hac
2533 4896 2707 4949 omnia
2728 4893 2867 4948 bona
2896 4904 3052 4961 sunt,
3081 4903 3300 4966 propter
3331 4911 3447 4965 quae
3478 4912 3579 4950 nu-

1994 4992 2119 5064 ptia
2142 4991 2294 5045 bona
2318 4998 2441 5043 sunt
2469 4989 2523 5054 ¹¹;
2550 4987 2728 5057 proles
2746 5008 2781 5052 ,-
2806 4986 2938 5042 ﬁdes
2958 5028 2973 5054 ,
3014 4985 3437 5041 Sacramentum.
3467 4986 3579 5043 Nec

1997 5085 2203 5156 prolem
2233 5092 2408 5138 autem
2434 5082 2700 5137 carnalem
2728 5080 2835 5151 jam
2880 5080 2982 5135 hoc
3026 5089 3263 5150 tempore
3301 5095 3575 5150 quarere,

1996 5194 2061 5233 ac
2080 5193 2174 5247 per
2193 5176 2294 5232 hoc
2312 5177 2379 5231 ab
2407 5176 2553 5230 omni
2582 5175 2671 5229 tali
2701 5189 2860 5243 opere
2884 5174 3269 5230 immunitatem
3294 5176 3579 5245 quamdam

1998 5279 2309 5341 perpetuam
2335 5269 2567 5325 retinere
2587 5308 2601 5332 ,
2632 5277 2789 5337 atque
2815 5267 2904 5321 uni
2931 5266 3048 5320 viro
3064 5264 3275 5322 Christo
3295 5269 3583 5338 spirituali~

2000 5371 2082 5420 ter
2106 5362 2292 5428 subdi,
2325 5362 2515 5417 melius
2543 5369 2626 5415 est
2650 5360 2834 5428 utique
2860 5367 2915 5412 et
2938 5358 3172 5412 sanctius
3200 5377 3215 5412 :
3247 5361 3292 5415 si
3319 5370 3493 5417 tamen
3520 5380 3580 5418 ea

2000 5461 2277 5515 vacatione
2323 5460 2401 5514 sic
2452 5466 2666 5512 utantur
2694 5455 2936 5509 homines
2960 5494 2975 5519 ,
3015 5453 3282 5525 quomodo
3324 5456 3578 5527 scriptum

2002 5560 2112 5620 est,
2143 5560 2204 5607 ut
2233 5550 2465 5620 cogitent
2488 5562 2605 5618 qua
2629 5554 2753 5602 sunt
2773 5545 3018 5613 Domini,
3045 5546 3312 5617 quomodo
3338 5548 3579 5618 placeant

2068 5690 2085 5721 ι
2110 5687 2236 5747 Vid.,
2253 5697 2348 5737 non
2367 5679 2644 5747 nuptialiter
2667 5681 2745 5734 usi
2764 5687 2874 5734 stat!
2894 5682 3277 5735 :reluctantibus
3308 5682 3453 5735 editis
3473 5681 3581 5737 aliis

2006 5760 2305 5871 “filim,
2330 5806 2501 5859 bonum
2516 5813 2642 5861 stult.

2909 5888 3234 5970 {Troiam}
