4070 6334
416 493 432 504 ’
489 519 599 573 Deo
693 512 812 574 Cor.
833 531 927 583 vn,
955 516 1011 584 4,
1035 514 1121 580 10,
1151 513 1239 582 Η,
1273 513 1383 584 5‘2);
1416 511 1467 567 id
1494 523 1591 578 est,
1618 522 1674 566 ut
1700 519 1952 581 perpetuo
1975 522 2070 561 co-

484 608 614 682 gitet
651 610 1011 676 continentia,
1051 625 1117 663 ne
1146 608 1271 682 quid
1301 608 1475 662 minus
1504 607 1694 662 habeat
1724 603 2024 659 obedientia
2051 620 2064 656 :

487 719 640 776 quam
671 699 921 758 virtutem
951 711 1197 776 tanquam
1234 699 1514 753 radicalem
1536 741 1550 765 ,
1578 707 1735 766 atque
1759 690 1817 750 ut
1855 694 1956 750 dici
1981 709 2068 749 so-

482 797 574 859 let,
603 795 897 858 matricem,
930 801 984 847 et
1012 793 1167 864 plane
1192 791 1521 862 generalem,
1553 789 1717 844 sancti
1747 785 1944 857 antiqui
1972 801 2064 854 pa-

483 899 588 950 tres
622 889 673 942 in
713 897 878 956 opere
915 892 1305 944 exercuerunt;
1347 883 1488 936 illam
1521 897 1648 935 vero
1685 877 2063 934 continentiam

481 996 530 1033 in
558 977 719 1032 animi
748 977 925 1030 habitu
964 985 1267 1030 tenuerunt.
1300 975 1398 1042 Qui
1429 972 1666 1042 profecto
1693 986 1786 1040 per
1812 969 2066 1023 obedien-

480 1069 604 1124 tiam
631 1084 733 1140 qua
754 1067 878 1138 justi
910 1076 964 1121 et
999 1067 1166 1120 sancti
1197 1074 1350 1120 erant
1373 1107 1387 1133 ,
1430 1074 1483 1118 et
1509 1063 1575 1116 ad
1621 1078 1779 1116 omne
1804 1075 1936 1130 opus
1971 1061 2065 1114 bo-

477 1178 602 1214 num
625 1163 836 1230 semper
860 1159 1056 1228 parati,
1088 1157 1294 1213 etiamsi
1326 1155 1392 1210 ab
1416 1152 1558 1210 omni
1586 1153 1864 1208 concubitu
1893 1154 2060 1207 absti-

477 1267 605 1306 nere
627 1252 961 1321 juberentur,
987 1249 1276 1304 t-l‘licerent.
1307 1247 1516 1314 Quanto
1540 1247 1680 1300 enim
1705 1245 1910 1298 facilius
1942 1260 2063 1312 pos-

472 1351 591 1399 sent
617 1343 697 1400 vel
720 1342 960 1413 jussione
979 1385 994 1410 ,
1026 1343 1107 1397 vel
1147 1336 1642 1396 exhortatione'Dei
1671 1354 1776 1392 non
1807 1352 2061 1393 concum-

471 1431 632 1500 bere,
673 1434 761 1504 qui
792 1433 996 1504 prolem
1036 1433 1118 1487 cui
1148 1433 1237 1487 uni
1270 1429 1623 1501 propagandte
1652 1429 2060 1485 concumbeudo

469 1525 804 1587 serviebant,
831 1522 1128 1579 obediendo
1155 1525 1400 1592 poterant
1437 1522 1736 1592 immolare.

539 1613 764 1670 CAPUT
800 1613 967 1670 XXV.
1011 1645 1088 1670 —.
1128 1613 1216 1668 '55.
1261 1611 1660 1674 Manichworum
1709 1611 1770 1665 de
1815 1609 2056 1664 Pam'bus

471 1692 667 1760 Veteris
709 1705 1012 1760 Testamenti
1049 1706 1316 1760 calumnia:
1351 1708 1601 1776 refutare.
1647 1703 1776 1771 Quae
1817 1718 1937 1757 cum
1983 1703 2055 1760 ita

465 1797 573 1852 sint
591 1838 604 1861 ,
640 1798 904 1852 latereticis
932 1797 1144 1866 quidem
1171 1801 1282 1852 sive
1306 1795 1636 1863 Manichteis,
1667 1796 1778 1850 sive
1807 1794 2052 1866 quicum-

468 1901 572 1958 que
606 1887 693 1942 alii
722 1889 958 1958 patribus
981 1887 1188 1944 Veteris
1215 1888 1540 1942 Testamenti
1580 1887 1647 1942 de
1691 1887 1926 1956 pluribus
1966 1901 2051 1940 ca-

463 1971 792 2034 lumniantur
820 1979 1069 2034 uxoribus
1089 2020 1105 2045 ,
1137 1979 1238 2034 hoc
1257 1995 1376 2034 esse
1397 1988 1765 2049 argumentum
1789 1978 2050 2048 deputan-

463 2073 578 2137 tes,
603 2085 708 2140 quo
732 2085 914 2126 eorum
944 2072 1260 2125 convincant
1301 2071 1737 2124 incontinentiam
1763 2112 1778 2136 ,
1809 2071 1939 2123 satis
1961 2085 2049 2124 su-

463 2165 663 2232 perque
704 2175 1019 2230 reSponsum
1063 2171 1184 2216 est:
1219 2161 1261 2214 si
1313 2170 1484 2214 tamen
1533 2162 1748 2228 capiunt
1794 2176 1898 2214 non
1931 2175 2048 2214 esse

461 2260 768 2320 peccatum,
796 2251 938 2320 quod
968 2263 1138 2319 neque
1177 2257 1360 2304 contra
1390 2260 1632 2304 naturam
1663 2251 2008 2303 committitur
2027 2292 2042 2317 ,

459 2343 578 2411 quia
611 2357 715 2395 non
737 2341 1040 2397 lasciviendi
1069 2385 1080 2404 ,
1107 2343 1198 2395 sed
1229 2343 1477 2411 gignendi
1511 2358 1668 2396 causa
1698 2343 1804 2396 illis
1839 2343 2046 2396 feminis

460 2435 782 2498 utebantur;
815 2449 986 2503 neque
1016 2443 1198 2487 contra
1238 2449 1439 2487 morem
1461 2477 1476 2500 ,
1511 2435 1629 2502 quia
1658 2434 1763 2488 illis
1795 2433 2046 2502 tempori-

457 2525 554 2579 bus
589 2539 650 2580 ea
677 2523 1084 2589 factitabantur;
1115 2539 1286 2595 neque
1316 2533 1500 2580 contra
1531 2535 1853 2594 praeceptum
1875 2567 1888 2589 ,
1922 2525 2045 2592 quia

456 2615 594 2670 nulla
625 2617 742 2687 lege
770 2616 1205 2686 prohibebantur.
1239 2617 1361 2672 Illos
1393 2632 1519 2672 vero
1544 2619 1633 2687 qui
1661 2617 1842 2672 illicite
1887 2617 2042 2673 femi-

456 2706 539 2759 nis
565 2707 645 2760 usi
670 2715 828 2772 sunt,
859 2708 946 2762 vel
970 2709 1141 2778 arguit
1178 2709 1229 2762 in
1256 2707 1547 2777 Scripturis
1573 2708 1676 2763 illis
1704 2707 1883 2762 divina
1915 2723 2041 2763 sen-

457 2798 618 2853 tentia
645 2838 660 2862 ,
689 2797 774 2852 vel
820 2799 972 2853 nobis
1017 2799 1174 2855 lectio
1196 2798 1512 2870 iudicandos
1551 2809 1709 2868 atque
1755 2799 1998 2854 vitandos
2022 2840 2037 2864 ,

457 2905 560 2944 non
586 2891 958 2959 approbandos
981 2893 1335 2947 imitandosvc
1356 2893 1628 2962 proponit.
1965 2961 1968 2963 ἓ

521 2979 748 3038 CAPUT
785 2981 974 3038 XXVI.
1013 3015 1085 3025 —
1131 2985 1218 3040 54.
1247 2981 1566 3042 Continentes
1603 2986 1756 3056 hujus
1802 2987 2042 3056 temporis

454 3087 554 3126 non
599 3074 790 3142 abjecte
832 3073 1052 3128 sentiant
1099 3076 1160 3128 de
1203 3075 1390 3129 sanctis
1429 3073 1672 3130 Patr-ibus
1733 3076 2036 3148 conjugatis.

461 3163 738 3235 Virgi't’tita's’
759 3165 1038 3222 humilitate
1057 3169 1261 3222 tuenda.
1293 3168 1512 3224 Nostros
1537 3179 1713 3225 autem
1742 3172 1831 3240 qui
1856 3171 2040 3240 conju-

450 3269 550 3326 ges-
583 3255 816 3321 habent,
857 3251 1117 3329 quantum
1159 3273 1478 3328 possumus,
1529 3261 1918 3332 admonemus,
1969 3281 2040 3321 ne

451 3348 748 3404 secundum
772 3365 920 3405 uam
943 3351 1314 3430 infirmitatem
1335 3354 1401 3408 de
1427 3355 1533 3410 illis
1573 3356 1772 3409 sanctis
1799 3355 2039 3425 patribus
2059 3403 2071 3419 ,

449 3438 682 3494 audeant
705 3441 978 3510 judicare;
1007 3443 1396 3512 comparantes,
1429 3453 1486 3498 ut
1514 3445 1590 3499 ait
1611 3449 1914 3518 Apostolus,
1947 3463 2038 3502 se-

453 3531 708 3601 metipsos
753 3534 1096 3602 sibimetipsis
1136 3533 1204 3603 (Π
1241 3533 1358 3590 Cor.
1392 3553 1459 3600 χ,
1497 3538 1625 3609 12);
1674 3546 1728 3592 et
1767 3539 1886 3593 ideo
1932 3557 2038 3594 non

451 3621 808 3692 intelligentes
853 3636 1077 3694 quantas
1121 3621 1274 3682 vires~
1314 3625 1520 3698 habeat,
1551 3633 1759 3684 animus
1811 3621 2033 3700 justitiae

449 3721 635 3770 contra
659 3716 907 3771 libidines
933 3719 1192 3784 serviens,
1225 3735 1292 3775 ne
1319 3724 1626 3776 carnalibus
1665 3724 2036 3793 hujuscemodi

450 3806 680 3861 motibus
723 3809 1059 3877 acquiescat,
1102 3826 1301 3881 eosque
1330 3813 1380 3865 in
1409 3816 1746 3870 concubitum
1790 3803 1922 3872 ultra
1947 3835 2039 3889 ge-

452 3899 673 3952 nerandi
725 3901 1098 3956 necessitatem
1151 3903 1354 3972 prolabi
1403 3911 1492 3959 aut
1543 3908 1791 3978 progredi
1857 3910 2032 3980 sinat,

451 4000 704 4061 quantum
733 3993 866 4046 ordo
889 4004 1112 4059 natur-te,
1156 4011 1407 4066 quantum
1441 4015 1648 4053 morum
1681 4005 2032 4071 consuetudo,

450 4093 706 4153 quantum
738 4085 913 4155 legum
959 4087 1090 4141 scita
1121 4091 1486 4157 praescribunt.
1539 4092 1650 4147 Hoc
1685 4096 1878 4164 quippe
1905 4097 2025 4150 ideo

1457 399 1544 452 DE
1571 396 1834 454 ssnon
1877 385 2336 458 V‘lRGINlTATE,
2376 391 2432 448 s.
2460 362 2824 470 AUGUSTINI

2129 4222 2296 4231 ρι’-..-

2005 4262 2266 4270 --.--.....

3643 381 3754 446 596

2177 507 2243 562 de
2287 507 2388 562 illis
2419 507 2655 580 patribus
2698 509 2941 565 homines
2967 484 3336 578 suspicantur,
3376 505 3497 578 quia
3528 505 3627 575 ipsi
3656 520 3766 574 per,

2173 599 2609 658 incontinentiam
2635 603 2718 658 vel
2743 602 2950 673 nuptias
2977 602 3253 672 elegerunt
3272 643 3287 668 ,
3329 599 3414 654 vel
3439 597 3753 669 conjugibus

2172 693 2590 765 intemperanter
2621 705 2858 751 utuntur.
2907 695 2977 750 At
3002 709 3130 749 vero
3157 693 3491 748 continentes
3522 691 3601 746 vel
3640 685 3755 745 ina-

2169 801 2256 840 res
2281 786 2371 856 qui
2399 785 2660 841 delunctis
2682 781 2962 850 uxoribus,
2997 785 3078 838 vel
3102 783 3312 837 feminae
3340 798 3458 852 qua:
3489 781 3757 836 defunctis

2168 877 2328 944 viris,
2360 877 2443 932 vel
2469 880 2676 948 utrique
2696 879 2782 947 qui
2811 876 2922 948 pari
2942 889 3206 930 consensu
3234 874 3612 928 continentiam
3645 869 3756 926 Deo

2168 981 2459 1033 voverunt,
2509 970 2680 1023 sciant
2722 965 2820 1022 sibi
2867 966 3078 1038 quidem
3110 964 3372 1020 mercedis
3403 964 3631 1033 amplius
3653 963 3754 1016 dc-

2167 1060 2301 1128 beri,
2337 1077 2493 1132 quam
2519 1061 2812 1131 conjugalis
2839 1061 3056 1116 castitas
3087 1059 3254 1128 poscit
3283 1076 3296 1111 :
3324 1055 3415 1112 sed
3442 1067 3755 1112 sanctorum

2167 1164 2374 1224 patrum
2413 1156 2622 1224 nuptias
2643 1196 2657 1221 ,
2701 1155 2788 1224 qui
2818 1154 3126 1222 propltctice
3151 1151 3627 1222 conjungebantur,
3659 1150 3755 1220 qui

2166 1265 2335 1319 neque
2363 1249 2413 1302 in
2441 1249 2722 1303 concubitu
2750 1247 2848 1300 nisi
2875 1246 3079 1317 prolem
3105 1287 3119 1312 ,
3149 1259 3322 1314 neque
3363 1243 3414 1297 in
3445 1244 3556 1312 ipsa
3596 1243 3754 1312 prole

2164 1339 2264 1393 nisi
2291 1339 2433 1410 quod
2477 1340 2525 1394 in
2569 1355 2729 1394 carne
2767 1348 2991 1392 venturo
3016 1336 3226 1391 Christo
3253 1336 3536 1406 proliceret
3563 1334 3753 1402 requi-

2162 1433 2391 1498 rebant,
2444 1449 2549 1486 non
2589 1433 2758 1486 solum
2804 1447 2913 1502 prae
2956 1444 3054 1484 suo
3096 1428 3367 1499 proposito
3413 1443 3516 1482 non
3562 1435 3754 1480 conte-

2161 1533 2344 1577 mnant
2367 1564 2380 1586 ,
2428 1539 2611 1577 verum
2641 1522 2800 1577 etiam
2831 1536 2930 1576 suo
2961 1520 3233 1591 proposito
3273 1519 3388 1574 sine
3413 1516 3752 1573 dubitatione

2160 1624 2493 1688 przeponant.

2229 1709 2316 1762 55.
2351 1707 2550 1761 Pueros
2576 1721 2788 1777 quoque
2819 1721 2880 1759 ac
2925 1705 3156 1774 virgines
3186 1701 3538 1773 integritatem
3571 1703 3748 1770 ipsam

2159 1799 2269 1854 Deo
2297 1797 2536 1853 dicantes
2561 1839 2574 1862 ,
2619 1798 2784 1851 multo
2814 1797 3043 1850 maxime
3083 1809 3485 1848 commonemus
3511 1801 3568 1846 ut
3597 1801 3748 1847 tanta

2155 1890 2336 1944 norint
2365 1889 2658 1943 humilitate
2686 1886 2937 1942 tuendum
2967 1901 3085 1940 esse
3112 1883 3251 1956 quod
3279 1885 3331 1938 in
3363 1894 3503 1938 terra
3530 1882 3748 1937 interim

2154 1980 2360 2048 vivunt,
2391 1989 2588 2049 quanto
2618 1980 2784 2047 magis
2811 1978 2930 2033 coeli
2961 1989 3041 2031 cst
3069 1976 3208 2046 quod
3233 1986 3511 2030 voverunt.
3539 1973 3749 2044 Nempe

2154 2075 2410 2141 scriptum
2441 2083 2522 2125 est
2553 2089 2565 2125 :
2597 2070 2797 2137 Quanto
2838 2086 3050 2138 magnus
3071 2085 3122 2121 es
3141 2110 3155 2134 ,
3203 2077 3340 2120 tanto
3377 2065 3589 2119 humilia
3617 2078 3664 2118 te
3689 2066 3747 2118 in

2152 2163 2382 2216 omnibus
2409 2161 2591 2231 (Eccli.
2623 2177 2681 2214 ιιι
2704 2203 2719 2228 ,
2748 2159 2863 2228 20).
2895 2159 3144 2214 Nostrum
3171 2173 3298 2228 ergo
3327 2165 3410 2212 est
3431 2157 3498 2212 de
3530 2157 3742 2227 magni-

2157 2253 2338 2310 tudine
2368 2269 2551 2309 eorum
2582 2253 2778 2324 aliquid
2806 2253 2983 2308 dicere
3006 2293 3024 2320 ,
3071 2252 3280 2306 illorum
3313 2253 3381 2305 de
3413 2266 3601 2320 magna
3636 2252 3744 2305 hu-

2151 2348 2374 2402 militate
2396 2348 2649 2417 cogitare.
2680 2343 2928 2415 Exceptis
2955 2345 3111 2415 igitur
3136 2343 3450 2415 quibusdam
3477 2343 3578 2397 illis
3607 2357 3742 2397 ceu-

2145 2439 2342 2509 jngatis
2372 2438 2608 2508 patribus
2636 2446 2690 2492 et
2717 2437 2974 2491 matribus
3005 2436 3200 2490 sanctis
3219 2477 3234 2501 ,
3277 2435 3468 2505 quibus
3497 2433 3615 2489 ideo
3646 2435 3742 2488 isti

2149 2531 2399 2585 meliores
2433 2544 2538 2584 non
2569 2539 2726 2598 sunt,
2757 2529 3000 2598 quamvis
3025 2527 3288 2599 conjugati
3315 2542 3422 2581 non
3452 2527 3576 2590 sint,
3609 2526 3740 2596 quia

2151 2622 2195 2676 si
2217 2621 2482 2692 conjugati
2502 2630 2701 2688 essent,
2727 2636 2881 2690 pares
2900 2636 3006 2674 non
3021 2629 3202 2675 essent
3225 2636 3238 2682 ;
3270 2625 3494 2673 caeteros
3517 2618 3741 2672 onmin

2149 2713 2308 2783 hujus
2355 2713 2608 2782 temporis
2653 2712 2996 2783 conjugatos,
3039 2712 3121 2766 vel
3151 2721 3268 2781 post
3293 2719 3570 2779 expertum
3598 2724 3738 2763 con-

2147 2806 2382 2861 cubitum
2411 2807 2768 2870 continentes,
2794 2821 2825 2859 a
2843 2820 2900 2859 se
2922 2803 3160 2873 superari
3187 2819 3292 2856 non
3311 2802 3550 2856 dubitent
3582 2817 3597 2855 :
3627 2815 3739 2857 non

2147 2907 2400 2970 quantum
2430 2899 2496 2951 ab
2527 2899 2676 2951 Anna
2701 2939 2716 2964 ,
2758 2895 3032 2960 Susanna;
3081 2893 3178 2968 sed
3207 2901 3461 2964 quantum
3503 2891 3675 2946 amba:
3702 2909 3738 2947 a

2147 2989 2308 3044 Maria
2346 2999 2684 3060 superantur.
2739 2986 2890 3054 Quod
2922 2987 2988 3041 ad
3027 2987 3194 3056 ipsam
3229 2989 3460 3056 pertinet
3491 2995 3738 3038 sanctam

2146 3085 2322 3139 carnis
2346 3083 2723 3152 integritatem,
2748 3081 2938 3150 loquor
2972 3098 2984 3134 :
3017 3095 3137 3133 nam
3163 3095 3280 3148 quce
3296 3079 3396 3131 alia
3419 3077 3526 3131 sint
3549 3076 3740 3132 Mariae

2147 3175 2373 3239 merita,
2419 3175 2535 3244 quis
2585 3171 2832 3242 ignorat?
2872 3171 3044 3226 Mores
3085 3170 3259 3240 itaque
3298 3181 3560 3238 congruos
3605 3167 3738 3222 huic

2149 3269 2297 3318 tanto
2326 3264 2596 3335 proposito
2623 3263 2944 3332 adjungant,
2976 3271 3033 3316 ut
3061 3259 3128 3314 de
3154 3259 3483 3329 prarpollenti
3510 3257 3741 3327 prazm'io

2146 3368 2345 3412 certam
2371 3357 2711 3411 securitatem
2739 3361 2926 3425 gerant
2958 3370 2970 3406 :
3005 3352 3235 3407 scientes
3275 3365 3403 3405 sane
3431 3349 3534 3404 sibi
3563 3357 3748 3418 atque”

2146 3450 2392 3505 onmibus
2434 3449 2680 3503 ﬁdelibus
2715 3447 2924 3502 dilectis
2953 3456 3006 3500 ct
3033 3446 3218 3500 electis
3245 3443 3439 3498 Christi
3470 3442 3734 3496 membris

2148 3543 2323 3596 multis
2347 3540 2415 3594 ab
2441 3542 2646 3595 oriente
2673 3551 2723 3593 et
2751 3539 3027 3593 occidente
3053 3537 3418 3596 venientibus,
3451 3534 3550 3588 etsi
3589 3532 3740 3586 inter

2147 3650 2205 3688 se
2233 3633 2462 3686 distante
2503 3648 2599 3701 pro
2629 3634 2831 3686 meritis
2874 3632 3054 3700 gloria:
3094 3631 3212 3685 luce
3245 3627 3561 3698 fulgentibus
3582 3667 3596 3691 ,
3627 3624 3736 3680 hoc

2147 3735 2323 3779 tamen
2354 3740 2600 3793 magnum
2634 3724 2686 3777 in
2713 3739 2998 3778 commune
3030 3720 3292 3792 praestari,
3325 3728 3384 3774 ut
3407 3733 3525 3774 cum
3557 3716 3736 3771 Abra-

2147 3817 2271 3871 ham
2292 3823 2346 3870 ct
2371 3816 2516 3870 Isaac
2536 3825 2588 3870 ct
2612 3816 2776 3870 Jacob
2805 3815 3112 3870 recumbant
3131 3815 3184 3866 in
3212 3827 3372 3881 regno
3398 3810 3488 3863 Dei
3514 3806 3733 3870 (Matth.

2145 3925 2235 3963 vni
2256 3951 2270 3974 ,
2303 3909 2426 3978 il),
2483 3909 2571 3978 qui
2613 3925 2715 3962 non
2754 3916 2977 3978 propter
3008 3907 3110 3961 hoc
3144 3907 3394 3959 saeculum
3415 3943 3430 3968 ,
3481 3901 3574 3956 sed
3605 3915 3736 3970 pro-

2149 4010 2265 4069 pter
2305 3997 2572 4055 Christum
2623 4000 2914 4070 conjngcs,
2967 4000 3186 4068 propter
3228 3995 3500 4052 Christum
3553 4002 3739 4064 patres

2148 4095 2379 4149 fuerunt.

3479 4207 3694 4216 ..—__.‘—-

527 4305 609 4367 In
629 4304 1088 4395 eapseq’uenten}
1114 4307 1347 4395 librum
1376 4309 1452 4370 de
1487 4311 1719 4375 Sancta
1751 4313 2159 4395 Virginitate,
2216 4317 2353 4379 vide
2381 4317 2491 4378 lib.
2531 4318 2571 4376 2
2593 4362 2608 4389 ,
2643 4335 2777 4395 cap.
2809 4316 2888 4375 23
2913 4360 2928 4388 ,
2960 4315 3534 4395 Retractationum,
3580 4320 3734 4371 tom.

452 4384 512 4456 1,
547 4383 666 4445 col.
693 4383 836 4454 6&0;
887 4405 924 4446 a
951 4385 1176 4456 verbis,
1209 4390 1636 4468 Posteaquam
1665 4383 1918 4471 scripsi,
1947 4383 2246 4477 usquead
2272 4396 2477 4467 verba,
2510 4383 2729 4474 Nuper
2756 4383 3089 4457 edidimus.
3174 4393 3259 4455 M.

523 4483 836 4573 Ettjuslibri
865 4489 1103 4573 meminit
1132 4501 1388 4573 prattcrea
1437 4495 2016 4573 sanctusltugustinus
2062 4497 2124 4573 in
2149 4497 2389 4573 proxime
2431 4506 2682 4573 secuturo
2707 4498 2842 4551 libro
2867 4497 2934 4551 de
2959 4497 3106 4551 Bono
3136 4496 3444 4562 Viduitatis,
3473 4510 3628 4566 capp.
3666 4495 3736 4549 15

451 4563 504 4608 et
526 4553 630 4620 25;
657 4569 863 4609 necnon
890 4556 942 4610 in
975 4558 1110 4611 libro
1133 4553 1162 4611 ἶ
1199 4559 1264 4612 (le
1295 4571 1630 4630 peccatorum
1662 4553 1863 4618 Meritis
1892 4575 1945 4619 ct
1974 4553 2327 4631 Remissione,
2349 4583 2467 4637 cap.
2494 4567 2584 4621 29.

2435 4731 2700 4739 ——-—————

1066 4817 1211 4934 S.
1295 4822 2049 4936 AURELII

2155 4731 3118 4939 ἶῦἷῶἶεῖἧῖ

1639 4991 2158 5055 HIPPONENSIS
2189 4992 2534 5056 EPISCOPI

994 5212 1770 5364 SANCTA
1865 5110 3196 5364 ViERGINlTATE

1538 5417 2012 5525 LIBER
2102 5414 2218 5520 Π
2200 5416 2349 5522 Ν
2361 5417 2531 5524 US
2558 5417 2671 5527 (α).

1878 5586 2298 5640 εὓῆ>>>δνεε<<<<<ηὲι
2561 5609 2570 5618 -

512 5667 631 5739 uicit
649 5665 858 5739 prmia
873 5664 940 5739 de
1257 5676 1404 5739 sacrm
1420 5675 1477 5712 ac
1494 5668 1594 5739 nec
1609 5659 1793 5739 dicatae:
1811 5660 2120 5739 virginitatis,
2136 5657 2584 5739 cqi‘fecuadita‘tem
2609 5659 2910 5739 coniugalem
2935 5665 3026 5737 iam
3049 5676 3144 5713 non
3171 5671 3313 5736 posse
3345 5663 3494 5736 ullam
3525 5675 3728 5737 compa-

451 5729 543 5777 rari
567 5719 882 5779 demonstrat.
907 5719 1098 5776 Dtiobus
1119 5726 1324 5775 subinde
1347 5727 1554 5787 occurrit
1573 5723 1824 5771 contrariis
1849 5719 2120 5787 erroribus;
2147 5719 2287 5787 alteri
2307 5722 2600 5787 culpantium
2621 5719 2828 5786 nuptias,
2847 5719 2988 5775 alteri
3007 5739 3091 5774 eas
3105 5719 3394 5787 :cq'ua-ntium
3421 5719 3688 5786 virginitati
3710 5741 3726 5772 .-

453 5787 642 5840 illorum
663 5789 849 5840 scilicet
869 5789 1138 5851 putandum
1161 5790 1350 5849 nuptias
1370 5802 1434 5836 ex
1456 5785 1654 5850 obliquo
1679 5792 1729 5834 et
1752 5786 1892 5834 tacite
1915 5783 2162 5834 damnatas
2194 5785 2253 5832 ab
2281 5794 2326 5846 A;
2347 5783 2496 5834 nstolo
2521 5783 2714 5836 dicente
2739 5789 2796 5835 ad
2815 5783 3092 5837 'tloriuthios
3109 5822 3126 5848 ,
3167 5783 3537 5838 ἶ[νὶινιιιιιιίοηείἑε
3558 5787 3725 5840 tamen

514 5876 586 5939 (a)
608 5875 818 5937 Scriptus
834 5871 1027 5923 drciter
1043 5880 1223 5920 annum
1241 5869 1350 5918 401.
