4070 6334
464 421 571 480 399

464 540 707 607 possunt.
737 531 888 587 lllum
914 531 1057 588 enim
1086 530 1255 585 solum
1282 528 1559 598 virginitas
1586 528 1840 583 decenter
1863 540 2052 595 parere

466 634 668 697 posset,
690 624 782 695 qui
806 624 858 677 in
881 638 974 678 sua
1002 622 1280 676 nativitate
1304 634 1481 690 parem
1504 618 1703 674 habere
1723 633 1830 672 non
1853 624 2051 687 posset.

465 716 849 772 Verumtamen
872 714 960 769 ille
976 714 1132 768 unius
1148 720 1347 766 sanctae
1366 709 1594 781 Virginis
1616 719 1800 780 partus
1817 708 2055 764 omnium

461 817 769 863 sanctarum
819 804 1084 874 virginum
1122 810 1204 858 est
1231 802 1415 857 decus.
1459 801 1527 856 Et
1554 801 1683 871 ipsa;
1725 815 1846 856 cum
1894 799 2056 853 Maria

467 909 664 955 matres
693 897 888 954 Christi
930 905 1081 961 sunt,
1123 895 1168 948 si
1199 892 1373 949 Patris
1410 892 1527 963 ejus
1571 893 1771 948 faciunt
1810 892 2056 945 volunta-

466 1002 593 1049 tem.
641 991 774 1045 Hinc
810 989 953 1045 enim
997 996 1048 1043 et
1093 986 1254 1041 Maria
1294 985 1606 1040 laudabilius
1646 993 1805 1054 atque
1850 982 2056 1037 beatius

464 1084 663 1139 Christi
694 1091 863 1138 mater
897 1092 1007 1148 est,
1054 1079 1344 1135 secundum
1374 1078 1536 1150 Supra
1566 1087 1912 1134 memoratam
1940 1077 2057 1146 ejus

464 1175 829 1231 sententiam:
880 1172 1193 1241 Quicumque
1230 1170 1354 1240 facit
1394 1169 1699 1223 uoluntatem
1743 1167 1917 1221 Patris
1962 1166 2059 1219 mei

464 1268 550 1337 qui
576 1267 629 1320 in
657 1264 792 1319 cmlis
820 1274 915 1329 est,
946 1265 1054 1336 ipse
1080 1264 1205 1317 mihi
1234 1267 1415 1335 frater,
1443 1272 1489 1317 et
1515 1279 1675 1329 soror,
1706 1271 1750 1316 et
1777 1272 1936 1316 mater
1963 1272 2053 1315 est.

463 1360 572 1415 Has
598 1360 696 1414 sibi
723 1374 910 1413 omnes
938 1356 1378 1427 propinquitates,
1411 1356 1464 1409 in
1494 1356 1692 1426 populo
1718 1370 1873 1425 quem
1901 1353 2059 1409 rede-

466 1455 593 1520 mit,
624 1452 971 1524 Spiritualiter
1009 1450 1268 1505 exhibet:
1315 1450 1505 1504 fratres
1543 1460 1597 1503 et
1638 1463 1855 1504 sorores
1900 1446 2060 1501 habet

408 1604 417 1627 ι
466 1554 682 1615 sanctos
709 1546 855 1599 viros
886 1552 939 1598 et
964 1551 1173 1597 sanctas
1202 1543 1425 1597 feminas
1445 1583 1459 1609 ,
1481 1542 1731 1613 quoniam
1755 1550 1881 1595 sunt
1900 1540 1974 1594 illi
2004 1539 2058 1593 in

396 1662 401 1667 -
464 1636 670 1692 caelesti
716 1635 1026 1690 haereditate
1068 1633 1398 1690 cohaeredes.
1447 1633 1614 1689 Mater
1652 1634 1769 1703 ejus
1813 1642 1896 1688 est
1949 1640 2059 1687 tota

385 1734 403 1778 .'
466 1729 739 1795 Ecclesia,
770 1729 892 1797 quia
920 1728 1161 1782 membra
1190 1728 1307 1796 ejus
1326 1766 1340 1789 ,
1375 1726 1425 1781 id
1452 1734 1535 1781 est
1553 1768 1568 1793 ,
1612 1725 1795 1779 ﬁdeles
1822 1725 1937 1795 ejus
1963 1740 2060 1794 per

466 1820 562 1875 Dei
592 1821 814 1890 gratiam
859 1821 971 1889 ipsa
1022 1820 1206 1890 utique
1241 1819 1399 1889 parit.
1441 1819 1572 1874 Item
1605 1826 1777 1873 mater
1814 1818 1931 1886 ejus
1979 1824 2062 1871 est

466 1912 641 1967 omnis
668 1913 844 1966 anima
874 1912 991 1982 pia,
1022 1910 1223 1967 faciens
1251 1911 1576 1966 voluntatem
1621 1909 1792 1965 Patris
1821 1909 1937 1978 ejus
1980 1908 2059 1963 fe-

466 2004 793 2063 cundissima
838 2004 1099 2059 cbaritate
1119 2046 1134 2071 ,
1168 2004 1222 2058 in
1254 2004 1318 2057 iis
1357 2018 1490 2073 quos
1522 2002 1778 2072 parturit,
1808 2000 1980 2055 donec
2010 1999 2063 2053 in

465 2096 545 2152 eis
572 2095 689 2166 ipse
726 2094 987 2150 formetur
1015 2092 1211 2169 (Galat.
1242 2109 1298 2149 tv
1318 2135 1333 2161 ,
1368 2093 1480 2165 l9).
1512 2092 1674 2147 Maria
1704 2107 1834 2163 ergo
1859 2090 2065 2146 faciens

466 2188 795 2243 voluntatem
819 2188 943 2254 Dei,
967 2187 1315 2257 corporaliter
1334 2186 1535 2241 Christi
1559 2183 1927 2240 tantummodo
1952 2199 2066 2239 ma-

467 2287 555 2335 ter
584 2287 667 2333 est
685 2318 701 2345 ,
732 2277 1081 2349 spiritualiter
1107 2286 1285 2331 autem
1312 2286 1366 2331 et
1388 2291 1541 2332 soror
1568 2286 1624 2332 et
1654 2286 1840 2331 mater.

539 2368 768 2425 CAPUT
799 2368 1035 2424 Vl.—6.
1063 2368 1191 2423 Sola
1212 2366 1384 2422 Maria
1403 2384 1612 2439 corpore
1630 2384 1690 2421 ac
1710 2368 1893 2437 spiritu
1913 2367 2067 2422 simul

469 2464 611 2534 uirgo
635 2471 682 2516 et
702 2471 882 2517 mater.
914 2462 991 2517 Ac
1020 2477 1119 2532 per
1146 2463 1247 2516 hoc
1276 2461 1364 2516 illa
1390 2478 1495 2517 uua
1520 2461 1738 2527 femina,
1766 2478 1873 2517 non
1894 2464 2066 2517 solum

470 2555 694 2624 spiritu,
721 2568 912 2609 verum
941 2553 1101 2608 etiam
1133 2568 1359 2622 corpore
1378 2595 1392 2619 ,
1424 2562 1479 2608 et
1506 2563 1677 2609 mater
1701 2562 1783 2609 est
1811 2562 1862 2609 et
1893 2554 2078 2623 virgo.‘

476 2648 544 2704 Et
571 2654 744 2702 mater
766 2646 979 2717 quidem
1007 2645 1218 2716 spiritu,
1250 2662 1357 2701 non
1381 2647 1569 2716 capitis
1596 2648 1787 2713 nostri,
1819 2646 1959 2716 quod
1988 2656 2071 2701 est

471 2738 589 2805 ipse
613 2737 876 2801 Salvator,
900 2751 964 2791 ex
991 2751 1097 2806 quo
1124 2737 1291 2806 magis
1323 2737 1410 2790 illa
1437 2738 1781 2807 spiritualiter
1802 2745 1923 2791 nata
1950 2747 2066 2802 est;

474 2828 599 2897 quia
628 2842 819 2883 omnes
846 2828 934 2897 qui
966 2807 1017 2880 in
1044 2843 1170 2882 eum
1197 2828 1544 2894 crediderint,
1576 2829 1626 2882 in
1653 2829 1842 2899 quibus
1873 2839 1926 2884 et
1956 2831 2070 2899 ipsa

474 2926 578 2984 est,
602 2926 747 2973 recte
770 2918 863 2971 ﬁlii
889 2919 1070 2988 Sponsi
1095 2920 1429 2988 appellantur
1456 2919 1668 2988 (Matth.
1699 2936 1774 2986 Ix,
1808 2918 1898 2993 15)
1926 2938 1938 2974 :
1972 2921 2070 2975 sed

479 3008 637 3078 plane
664 3019 835 3064 mater
856 3010 1217 3063 membrorum
1244 3010 1381 3079 ejus,
1412 3010 1556 3081 quod
1582 3025 1681 3065 nos
1704 3027 1915 3077 sumus;
1948 3013 2070 3082 quia

474 3112 759 3172 cooperata
786 3110 867 3157 est
892 3102 1182 3171 cbaritate,
1214 3112 1272 3157 ut
1297 3102 1483 3158 ﬁdeles
1512 3104 1567 3158 in
1598 3102 1838 3159 Ecclesia
1877 3120 2069 3160 nasce-

474 3203 683 3261 rentur,
711 3211 830 3265 qute
855 3196 996 3251 illius
1021 3196 1209 3266 capitis
1239 3197 1480 3252 membra
1507 3207 1664 3252 sunt:
1693 3214 1919 3269 corpore
1942 3216 2072 3257 vero

474 3287 643 3355 ipsius
671 3288 861 3357 capitis
894 3296 1084 3342 mater.
1127 3286 1417 3356 Oportebat
1444 3289 1586 3344 enim
1626 3300 1785 3360 caput
1827 3301 2071 3346 nostrum

475 3388 696 3449 propter
717 3379 921 3449 insigne
945 3379 1257 3433 miraculum
1282 3379 1576 3434 secundum
1597 3395 1812 3435 carnem
1836 3382 1981 3435 nasci
2004 3381 2073 3436 de

476 3472 682 3544 virgine
701 3513 715 3537 ,
743 3487 849 3542 quo
875 3471 1202 3542 signiﬁcaret
1236 3472 1477 3527 membra
1504 3486 1599 3526 sua
1630 3472 1695 3528 de
1721 3474 1924 3543 virgine
1967 3473 2093 3528 Εε-ι

477 3568 640 3623 clesia
671 3566 965 3621 secundum
995 3566 1238 3635 spiritum
1265 3566 1558 3620 nascitura.
1600 3565 1723 3620 Sola
1752 3581 1878 3635 ergo
1910 3566 2071 3621 Maria

475 3668 532 3717 et
557 3660 746 3728 spiritu
767 3668 821 3713 et
843 3672 1068 3729 corpore
1089 3667 1260 3713 mater
1284 3666 1339 3713 et
1364 3660 1543 3729 virgo;
1575 3667 1632 3713 et
1654 3668 1827 3714 mater
1852 3659 2070 3725 Christi,

477 3757 534 3804 et
558 3748 707 3817 virgo
732 3746 931 3802 Christi
955 3766 966 3801 :
999 3748 1234 3803 Ecclesia
1262 3763 1390 3801 vero
1416 3749 1469 3802 in
1499 3738 1699 3803 sanetis
1725 3765 1947 3819 regnum
1980 3750 2072 3805 Dei

474 3839 828 3910 possessuris,
877 3838 1067 3908 spiritu
1110 3837 1324 3907 quidem
1362 3846 1471 3893 tota
1519 3849 1691 3893 mater
1732 3839 1929 3894 Christi
1967 3850 2069 3907 est,

475 3940 590 3987 tota
614 3931 765 4001 virgo
807 3930 1038 3994 Christi;
1066 3945 1292 4000 corpore
1330 3924 1666 3986 autemnon
1704 3940 1812 3987 tota
1836 3974 1849 3996 ,
1895 3932 1989 3989 sed
2018 3934 2071 3987 in

477 4021 795 4092 quibusdam
836 4022 985 4091 virgo
1024 4020 1251 4089 Christi,
1284 4022 1337 4076 in
1365 4021 1678 4092 quibusdam
1727 4033 1929 4089 mater,
1976 4024 2073 4079 sed

477 4127 583 4168 non
610 4112 829 4168 Christi.
868 4112 938 4167 Et
978 4113 1274 4183 conjugata:
1312 4114 1508 4183 quippe
1548 4114 1730 4169 ﬁdeles
1769 4113 1980 4170 femina:
2019 4118 2093 4172 ει

475 4205 709 4275 virgines
754 4205 864 4260 Deo
891 4204 1109 4270 dicatae,
1142 4206 1340 4259 sanctis
1372 4206 1610 4259 moribus
1637 4215 1691 4261 et
1716 4206 1978 4261 cbaritate
2005 4208 2073 4263 de

476 4298 641 4354 corde
662 4312 793 4367 puro
813 4307 867 4352 et
886 4298 1208 4353 conscientia
1233 4299 1369 4353 bona
1392 4306 1446 4354 et
1467 4298 1571 4354 ﬁde
1592 4314 1697 4354 non
1722 4300 1839 4355 ﬁcta
1868 4300 1911 4372 (l
1937 4300 2069 4357 Tim.
2092 4316 2093 4321 ‘

475 4406 497 4447 1
521 4432 535 4455 ,
562 4391 640 4460 5),
665 4391 791 4460 quia
817 4390 1143 4446 voluntatem
1164 4391 1339 4446 Patris
1360 4390 1579 4458 faciunt,
1603 4392 1803 4448 Christi
1825 4395 2075 4464 Spiritua-

475 4481 603 4536 liter
627 4490 826 4537 matres
854 4492 1000 4538 sunt.
1027 4483 1156 4550 Qum
1181 4491 1362 4538 autem
1389 4485 1655 4555 conjugali
1686 4486 1793 4541 vita
1816 4503 2074 4558 corpora-

474 4572 602 4627 liter
628 4572 868 4642 pariunt,
911 4587 1017 4627 non
1062 4572 1332 4628 Christum
1352 4617 1366 4640 ,
1397 4575 1491 4630 sed
1519 4575 1687 4631 Adam
1723 4578 1970 4646 pariunt,
2020 4588 2075 4635 et

477 4663 602 4719 ideo
624 4672 845 4718 currunt
872 4665 888 4694 ί
918 4672 976 4717 ιιι
1001 4664 1361 4719 Sacramentis
1388 4666 1571 4720 imbuti
1597 4664 1796 4722 Christi
1832 4669 2073 4724 membra

477 4754 612 4811 ﬁant
635 4763 820 4826 partus
844 4771 1028 4811 earum
1047 4800 1062 4824 ,
1092 4757 1341 4828 quoniam
1366 4760 1491 4829 quid
1520 4762 1827 4830 pepererint
1851 4773 2069 4818 norunt.

549 4846 776 4905 CAPUT
816 4848 927 4903 VII.
959 4880 1031 4890 —
1056 4851 1108 4904 7.
1151 4849 1440 4922 Virginitati
1469 4852 1611 4907 nulla
1637 4857 1917 4926 fecunditas
1945 4873 2072 4911 con-

474 4939 671 5013 iugalis
699 4942 1062 5011 comparanda.
1095 4942 1208 4998 Hoc
1232 4943 1362 5011 dixi,
1396 4960 1465 4999 ne
1492 4944 1628 5001 forte
1658 4948 1851 5004 audeat
1886 4950 2069 5003 fecun-

481 5032 621 5088 ditas
646 5032 939 5103 conjugalis
967 5049 1090 5089 cum
1119 5034 1361 5105 virginali
1384 5036 1688 5106 integritate
1719 5040 2069 5107 contendere,

480 5134 641 5195 atque
667 5126 837 5198 ipsam
864 5126 1079 5181 Mariam
1108 5142 1427 5197 proponere,
1455 5143 1519 5184 ac
1547 5130 1837 5199 virginibus
1868 5132 1958 5187 Dei
1990 5132 2072 5186 di-

480 5229 644 5272 cere:
692 5217 781 5271 llla
826 5217 879 5272 in
924 5233 1148 5288 corpore
1192 5219 1324 5274 duas
1356 5236 1441 5275 res
1485 5221 1667 5276 habuit
1707 5222 2067 5293 honorandas,

478 5306 835 5377 virginitatem
857 5318 911 5364 et
936 5310 1334 5377 fecunditatem,
1364 5312 1484 5382 quia
1513 5324 1565 5366 et
1590 5315 1791 5385 integra
1817 5332 2069 5385 perman-

477 5397 550 5452 sit
577 5407 633 5452 et
656 5401 863 5469 peperit
889 5419 902 5456 :
928 5401 1065 5458 hanc
1095 5403 1403 5469 felicitatem
1430 5407 1680 5474 quoniam
1708 5416 1871 5462 totam
1902 5419 2068 5466 utraa-

478 5506 583 5560 que
605 5491 801 5549 habere
827 5511 930 5549 non
960 5498 1246 5565 potuimus,
1277 5498 1485 5569 partitae
1514 5515 1717 5568 sumus,
1751 5512 1807 5556 ut
1831 5517 1926 5557 vos
1952 5504 2067 5559 sitis

476 5581 733 5653 virgines,
776 5600 875 5641 nos
922 5587 1089 5642 simus
1127 5598 1357 5656 matres;
1402 5590 1554 5646 vobis
1598 5592 1736 5662 quod
1782 5592 1914 5649 deﬁt
1954 5597 1974 5627 ²
2012 5596 2065 5651 ἱη

478 5673 650 5745 prole,
676 5677 980 5733 consoletur
1000 5690 1208 5736 servata
1233 5682 1528 5754 virginitas,
1552 5683 1707 5739 nobis
1737 5686 1899 5755 prolis
1920 5686 2066 5744 lucro

545 5790 559 5820 ³
588 5788 805 5839 Nonnulli
827 5798 953 5852 Mss,
977 5798 1168 5843 curant.

735 5852 876 5904 desit.
916 5862 968 5905 At
990 5862 1119 5917 Mss,
1154 5854 1272 5920 defit
1300 5869 1435 5921 :quo
1457 5860 1612 5911 verbo
1644 5874 1776 5923 saepe
1797 5864 1948 5915 utitur
1972 5872 2065 5914 au-

1394 416 1477 470 DE
1515 413 1777 470 SANCTA
1822 408 2288 479 VlRGlNlTATE,
2329 410 2388 467 S.
2429 410 2795 470 AUGUSTINI

3646 415 3755 475 400

2161 526 2355 581 amissa
2380 537 2755 597 compensetur
2775 525 3067 598 integritas.
3096 524 3221 581 Haec
3239 540 3341 582 vox
3362 526 3600 585 ﬁdelium
3620 543 3757 587 eon—

2159 616 2457 688 jugatarum
2478 620 2546 674 ad
2571 634 2751 675 sacras
2775 621 3005 691 virgines
3026 630 3313 693 utcumque
3340 621 3560 678 ferenda
3582 633 3753 694 esset,

2164 708 2209 763 si
2257 710 2577 766 christianos
2617 727 2839 782 corpore
2883 721 3167 783 parerent;
3214 723 3271 769 ut
3308 714 3412 770 hoc
3450 717 3569 772 solo
3612 725 3762 774 esset

2163 799 2341 855 Maria:
2371 801 2669 857 fecunditas
2703 804 2879 859 carnis
2912 814 3131 877 excepta
3164 806 3465 877 virginitate
3491 818 3759 878 praestan-

2163 891 2287 957 tior,
2318 891 2459 962 quod
2491 893 2577 947 illa
2607 894 2778 963 ipsum
2807 903 2966 965 caput
3004 893 3194 950 horum
3236 897 3597 954 membrorum
3623 941 3640 966 ,
3671 898 3761 957 ba:

2165 992 2341 1037 autem
2378 985 2617 1040 membra
2643 985 2784 1040 illius
2806 986 2991 1055 capitis
3022 998 3362 1056 procrearent
3396 1006 3410 1045 :
3459 1007 3600 1047 nunc
3625 1008 3762 1048 vero

2165 1075 2372 1129 etiamsi
2401 1075 2533 1131 tales
2557 1076 2658 1131 hac
2679 1092 2809 1133 voce
2830 1078 3170 1144 contendant,
3195 1096 3313 1151 quae
3336 1082 3405 1136 ob
3426 1082 3528 1138 hoc
3548 1090 3759 1140 tantum

2163 1167 2292 1222 viris
2317 1168 2612 1238 junguntur
2648 1179 2807 1240 atque
2845 1170 3170 1236 miscentur,
3218 1182 3276 1227 ut
3303 1174 3443 1229 filios
3487 1174 3760 1242 habeant,

2166 1258 2405 1329 nihilque
2447 1261 2592 1316 aliud
2617 1262 2684 1316 de
2723 1262 2844 1317 ﬁliis
2882 1264 3134 1334 cogitant,
3174 1265 3276 1319 nisi
3314 1273 3374 1320 ut
3412 1281 3505 1321 eos
3544 1266 3764 1323 Christo

2166 1349 2458 1415 lucrentur,
2501 1362 2660 1423 atque
2703 1352 2755 1408 id
2797 1369 2919 1409 mox
2965 1365 3022 1409 ut
3056 1356 3325 1424 potuerint
3365 1356 3605 1425 faciunt;
3649 1375 3764 1416 non

2164 1449 2343 1497 tamen
2366 1442 2637 1498 christiani
2658 1462 2720 1500 ex
2738 1461 2925 1503 earum
2945 1460 3107 1502 carne
3127 1456 3442 1514 nascuntur,
3462 1449 3555 1503 sed
3571 1459 3765 1521 postea

2167 1533 2319 1601 ﬁunt,
2369 1522 2608 1601 Ecclesia
2657 1536 2893 1605 pariente
2932 1552 3028 1607 per
3064 1538 3167 1593 hoc
3207 1539 3348 1609 quod
3396 1541 3767 1599 membrorum

2165 1623 2360 1681 Christi
2391 1627 2735 1696 spiritualiter
2759 1638 2931 1684 mater
2958 1638 3072 1697 est,
3103 1632 3253 1702 cujus
3279 1633 3438 1687 etiam
3465 1635 3765 1704 spiritualio

2168 1728 2249 1774 ter
2270 1720 2417 1791 virgo
2440 1729 2544 1775 est.
2569 1721 2663 1776 Cui
2689 1731 2876 1777 sancto
2897 1724 3069 1791 partui
3091 1734 3446 1794 cooperantur
3466 1734 3519 1781 et
3537 1736 3762 1795 matres,

2166 1825 2285 1879 quae.
2306 1825 2410 1865 non
2432 1810 2751 1866 christianos
2772 1827 2997 1882 corpore
3023 1823 3361 1884 pepererunt,
3389 1824 3449 1870 ut
3473 1814 3603 1871 ﬁant
3617 1818 3764 1887 quod

2168 1918 2228 1957 se
2269 1918 2493 1972 corpore
2530 1920 2719 1973 parere
2758 1920 2864 1960 non
2906 1908 3139 1975 potuisse
3179 1919 3444 1963 noverunt
3473 1927 3486 1964 :
3520 1924 3615 1978 per
3660 1909 3768 1965 hoc

2169 2001 2348 2048 tamen
2375 2003 2767 2064 cooperantur,
2812 1995 2901 2049 ubi
2937 2004 2991 2050 et
3021 1997 3151 2065 ipsae
3190 1996 3422 2067 virgines
3458 1998 3767 2069 matresque

2168 2082 2366 2139 Christi
2394 2093 2520 2139 sunt
2548 2084 2624 2156 (a)
2646 2128 2662 2153 ,
2703 2084 2757 2140 in
2790 2085 2894 2141 ﬁde
2920 2086 3124 2142 scilicet
3150 2103 3268 2157 qua:
3303 2104 3398 2158 per
3422 2088 3766 2148 dilectionem

2170 2185 2421 2245 operatur
2446 2175 2641 2246 (Galat.
2671 2192 2721 2241 v,
2759 2176 2837 2247 6).
3442 2194 3451 2201 ί

2242 2265 2467 2323 CAPUT
2509 2266 2641 2322 V’lll.
2669 2297 2741 2309 —
2767 2269 2821 2324 8.
2874 2268 3144 2340 Virginitas
3177 2271 3296 2326 inde
3325 2272 3604 2340 honorata,
3644 2276 3769 2345 quia

2172 2357 2279 2412 Deo
2305 2359 2493 2415 dicata.
2521 2358 2675 2414 Nulla
2700 2375 2828 2431 ergo
2851 2362 3027 2416 carnis
3053 2360 3349 2419 fecunditas
3379 2376 3574 2421 sancta:
3602 2366 3771 2437 virgi-

2172 2451 2324 2504 nitati
2352 2450 2512 2505 etiam
2551 2451 2728 2507 carnis
2767 2454 3066 2521 comparari
3106 2463 3299 2523 potest.
3332 2456 3511 2527 Neque
3539 2458 3682 2512 enim
3710 2466 3771 2514 et

2173 2543 2286 2614 ipsa
2312 2544 2433 2613 quia
2463 2543 2739 2613 virginitas
2757 2554 2859 2611 est,
2884 2545 2975 2599 sed
3003 2545 3125 2615 quia
3154 2548 3264 2603 Deo
3286 2548 3458 2605 dicata
3484 2560 3566 2607 est
3589 2550 3767 2607 hono-

2174 2643 2342 2699 ratur,
2365 2651 2483 2705 quae
2513 2636 2635 2690 licet
2664 2637 2717 2690 in
2741 2652 2901 2691 carne
2928 2648 3188 2706 servetur,
3218 2640 3440 2708 spiritus
3472 2651 3646 2697 tamen
3674 2659 3769 2699 re-

2175 2726 2369 2796 ligione
2411 2741 2473 2781 ac
2501 2727 2784 2783 devotione
2826 2740 3088 2784 servatur.
3122 2732 3200 2786 Ac
3222 2747 3319 2801 per
3346 2731 3448 2787 hoc
3476 2735 3772 2803 spiritualis

2176 2827 2257 2871 est
2285 2817 2446 2871 etiam
2470 2818 2742 2888 virginitas
2768 2821 3009 2890 corporis
3028 2862 3043 2888 ,
3075 2837 3233 2892 quam
3262 2832 3419 2878 vovet
3450 2825 3466 2857 ¹
3495 2834 3550 2881 ει
3590 2836 3772 2884 servat

2175 2911 2499 2965 continentia
2528 2912 2759 2982 pietatis.
2789 2914 2939 2969 Sicut
2964 2916 3103 2969 enim
3127 2931 3284 2971 nemo
3305 2918 3571 2988 impudice
3599 2923 3770 2978 utitur

2176 3016 2419 3072 corpore,
2443 3005 2542 3058 nisi
2565 3006 2751 3075 spiritu
2774 3007 2919 3076 prius
2939 3016 3194 3079 concepta
3216 3012 3447 3081 nequitia
3473 3030 3487 3078 ;
3512 3014 3581 3067 ita
3603 3030 3771 3071 nemo

2176 3094 2481 3165 pudicitiam
2512 3106 2691 3152 servat
2717 3099 2769 3153 in
2807 3115 3063 3169 corpore,
3096 3102 3197 3156 nisi
3221 3103 3408 3172 spiritu
3436 3106 3584 3174 prius
3605 3106 3773 3162 insita

2176 3190 2438 3245 castitate.
2465 3191 2631 3245 Porro
2651 3201 2829 3249 autem
2850 3194 2894 3247 si
2917 3194 3167 3263 pudicitia
3188 3196 3495 3266 oonjugalis,
3520 3199 3775 3267 quamvis

2176 3282 2509 3336 custodiatur
2532 3282 2585 3337 in
2616 3298 2798 3350 carne,
2829 3284 3010 3338 animo
3040 3295 3237 3353 tamen,
3267 3303 3370 3341 non
3396 3288 3546 3343 carni
3577 3288 3773 3344 tribui-

2180 3380 2282 3439 tur,
2306 3388 2411 3442 quo
2433 3373 2661 3443 praeside
2683 3382 2842 3445 atque
2867 3386 3094 3442 rectore,
3121 3378 3251 3432 nulli
3275 3388 3473 3448 prmtcr
3493 3380 3771 3450 proprium

2177 3466 2481 3535 conjugium
2506 3482 2632 3522 caro
2660 3468 2772 3537 ipsa
2800 3469 3086 3536 miscetur;
3115 3480 3313 3541 quanto
3338 3474 3507 3544 magis
3536 3484 3770 3545 quanto—

2178 3573 2280 3626 que
2308 3558 2617 3614 honoratius
2644 3560 2697 3614 in
2728 3560 2891 3615 animi
2918 3562 3072 3617 bonis
3098 3563 3188 3616 illa
3216 3566 3542 3619 continentia
3576 3581 3771 3622 nume-

2178 3651 2342 3706 randa
2376 3662 2491 3720 est,
2519 3667 2621 3723 qua
2661 3653 2936 3725 integritas
2962 3656 3138 3711 carnis
3177 3657 3274 3725 ipsi
3303 3657 3544 3713 Creatori
3572 3660 3771 3716 animae

2179 3752 2232 3798 et
2255 3744 2433 3798 carnis
2458 3753 2701 3813 vovetur,
2734 3756 3101 3814 consecratur,
3130 3748 3412 3803 servatur?

2251 3833 2473 3888 CAPUT
2512 3834 2604 3890 IX.
2648 3866 2718 3876 —
2757 3837 2808 3891 9.
2862 3838 3133 3909 Virginitas
3177 3840 3365 3893 amissa
3415 3841 3557 3895 nulla
3597 3844 3771 3896 carnis

2146 3986 2151 3991 ἢ
2179 3925 2484 3995 fecunditate
2517 3938 2891 3997 compensatur.
2939 3930 3048 3985 Nec
3078 3930 3284 3985 illarum
3317 3946 3444 4001 ergo
3474 3932 3773 3991 fecunditas

2178 4017 2374 4083 carnis,
2401 4034 2516 4089 quae
2542 4018 2643 4074 hoc
2665 4029 2903 4091 tempore
2927 4022 3056 4076 nihil
3084 4022 3229 4077 aliud
3252 4023 3308 4078 in
3334 4024 3582 4094 conjugio
3606 4042 3772 4096 quam

2179 4109 2385 4178 prolem
2437 4112 2765 4181 requirunt,
2804 4129 2961 4183 quam
3012 4115 3317 4185 mancipent
3361 4114 3613 4184 Christo,
3667 4132 3772 4187 pro

2178 4202 2372 4255 amissa
2420 4204 2721 4274 virginitate
2760 4208 3095 4276 compensari
3141 4223 3301 4278 posse
3346 4209 3615 4266 credenda
3661 4219 3766 4266 est.

2179 4294 2453 4350 Prioribus
2481 4297 2675 4367 quippe
2705 4300 3032 4370 temporibus
3071 4310 3295 4357 venturo
3326 4303 3618 4358 secundum
3648 4319 3773 4359 car-

2178 4402 2302 4443 nem
2330 4388 2542 4444 Cbristo
2570 4390 2741 4459 ipsum
2767 4407 2933 4462 genus
2964 4394 3141 4449 carnis
3170 4394 3225 4449 in
3253 4396 3429 4465 ampla
3456 4395 3684 4466 quadam
3713 4405 3773 4452 et

2180 4479 2488 4549 pr0pbetica
2524 4493 2683 4551 gente
2712 4485 3070 4540 necessarium
3101 4484 3231 4541 fuit:
3261 4502 3402 4542 nunc
3427 4498 3602 4543 autem
3641 4504 3768 4544 cum

2179 4586 2241 4624 ex
2265 4572 2408 4626 omni
2437 4573 2710 4627 hominum
2736 4589 2952 4645 genere,
2981 4586 3139 4647 atque
3165 4579 3411 4634 omnibus
3433 4580 3678 4650 gentibus
3698 4580 3772 4636 ad

2179 4665 2432 4734 p0pulum
2477 4667 2569 4721 Dei
2602 4672 2667 4723 et
2707 4666 2974 4725 Civitatem
3022 4672 3172 4742 regni
3218 4672 3476 4729 caelorum
3528 4673 3773 4728 membra

2178 4757 2375 4812 Christi
2401 4760 2575 4831 colligi
2604 4762 2827 4831 possint,
2858 4778 3063 4818 sacram
3091 4764 3445 4835 virginitatem
3476 4765 3565 4835 qui
3593 4773 3780 4834 potest

2178 4863 2405 4919 capere,
2433 4854 2604 4922 capiat
2636 4853 2849 4923 (Matth.
2880 4871 2991 4923 xix,
3021 4856 3141 4925 12);
3170 4867 3222 4911 et
3245 4873 3307 4912 ea
3329 4865 3532 4912 tantum
3560 4874 3681 4929 qum.
3710 4875 3775 4914 se

2178 4958 2287 4997 non
2308 4945 2562 5009 continet,
2589 4945 2751 5000 nubat
2773 4946 2817 5017 (l
2838 4945 2956 5002 Cor.
2980 4963 3052 5002 vn
3068 4990 3083 5016 ,
3108 4948 3187 5021 9).
3206 4948 3343 5017 Quid
3364 4951 3505 5006 enim
3526 4951 3573 5005 si
3592 4951 3777 5020 aliqua

2177 5039 2370 5094 mulier
2394 5039 2544 5094 dives
2574 5042 2795 5094 multam
2840 5032 3119 5111 pecuniam
3156 5043 3278 5099 huic
3318 5044 3460 5100 bono
3484 5044 3631 5115 operi
3670 5044 3778 5100 im-

2178 5131 2403 5198 pendat,
2446 5140 2503 5185 ut
2548 5142 2689 5185 emat
2728 5148 2790 5187 ex
2841 5133 3065 5189 diversis
3108 5137 3352 5206 gentibus
3404 5152 3588 5192 servos
3633 5152 3777 5207 quos

2177 5220 2335 5276 faciat
2368 5221 2722 5289 christianos;
2761 5240 2937 5279 nonne
2967 5225 3185 5281 uberius
3222 5236 3381 5297 atque
3426 5228 3772 5282 numerosius

2178 5328 2336 5382 quam
2368 5314 2501 5368 uteri
2526 5316 2853 5385 quantalibet
2880 5317 3154 5373 feracitate
3179 5317 3377 5373 Christi
3410 5319 3646 5373 membra
3683 5320 3774 5388 gi-

2175 5407 2383 5477 gnenda
2405 5409 2643 5463 curabit?
2662 5410 2772 5465 Nec
2795 5410 2914 5467 ideo
2936 5421 3113 5466 tamen
3137 5413 3415 5482 pecuniam
3441 5429 3590 5469 suam
3615 5428 3774 5467 com-

2176 5515 2364 5569 parare
2382 5503 2588 5557 muneri
2608 5517 2774 5559 sacrrc
2793 5504 3113 5574 virginitatis
3134 5506 3368 5561 audebit.
3390 5506 3458 5560 At
3479 5507 3523 5561 si
3546 5515 3776 5577 propter

2156 5593 2448 5667 faciendos
2477 5597 2567 5667 qui
2599 5597 2707 5651 nati
2734 5596 2933 5652 fuerint
2956 5596 3297 5665 christianos,
3329 5597 3625 5653 fecunditas
3650 5613 3775 5652 car-

2174 5686 2255 5740 nis
2304 5702 2401 5756 pro
2445 5688 2642 5742 amissa
2693 5688 2998 5759 virginitate
3047 5690 3242 5746 merito
3288 5689 3730 5759 compensabitur
3757 5733 3774 5757 ,

2236 5801 2251 5863 ἦ
2275 5800 2379 5849 Sola
2405 5799 2557 5863 editio
2578 5807 2710 5858 t.ov.,
2730 5800 2870 5863 fovet.

2231 5861 2304 5929 (ᾳ)
2338 5861 2505 5913 Melius
2540 5862 2681 5925 forte,
2730 5859 2912 5914 )ttatres
2974 5859 3155 5914 Christi
3208 5870 3347 5922 sunt;
3380 5871 3623 5926 expuncta
3656 5878 3749 5929 par

2171 5925 2335 5988 nulla,
2358 5937 2467 5989 que.
3453 5925 3456 5926 ⁷
3657 5925 3691 5965 ὐ
