4070 6334
284 437 381 496 401

290 551 612 609 fructuosius
641 551 744 607 erit
786 551 889 606 hoc
926 551 1224 619 negotium,
1268 549 1312 604 si
1351 563 1545 620 magno
1575 549 1881 619 pecuniario

291 645 457 717 pretio
496 643 780 714 virginitas
809 643 1111 708 amittatur,
1138 651 1254 711 ‘quo
1288 642 1439 711 pueri
1479 640 1702 694 faciendi
1739 639 1882 694 chri-

292 736 445 791 stiani
465 735 639 789 multo
665 735 845 805 plures
868 742 1132 801 emantur,
1161 748 1320 803 quam
1342 733 1496 788 unius
1520 740 1671 788 utero
1696 747 1881 802 quam-

293 827 415 881 libet
440 824 604 880 fertili
632 833 1003 880 nascerentur.

357 918 584 974 CAPUT
626 917 693 973 Χ.
723 948 791 957 -
823 917 933 972 Nec
976 918 1252 989 virginitati
1295 917 1655 987 conferendum
1694 918 1878 988 conju-

293 1015 420 1083 gium
459 1015 584 1082 quia
611 1013 824 1081 virgines
855 1013 1005 1080 parit.
1047 1011 1198 1079 Quod
1236 1011 1280 1065 si
1320 1011 1632 1077 stultissime
1660 1009 1875 1077 dicitur,

295 1107 516 1160 habeant
553 1106 739 1159 ﬁdeles
781 1114 958 1174 nuptm
1000 1104 1193 1158 bonum
1226 1119 1401 1169 suum,
1440 1103 1506 1158 de
1550 1117 1653 1172 quo
1680 1103 1732 1156 in
1770 1101 1878 1157 alio

294 1197 558 1249 volumine
597 1204 852 1265 quantum
880 1194 1050 1248 visum
1088 1202 1169 1248 est
1194 1192 1579 1256 disseruimus;
1621 1200 1675 1246 et
1701 1192 1875 1246 hono-

294 1298 404 1340 rent
434 1286 668 1354 amplius
688 1286 822 1339 sicut
851 1284 1147 1363 rectissime
1176 1290 1593 1348 consueverunt,
1622 1283 1677 1336 in
1705 1282 1873 1338 sacris

293 1378 580 1447 virginibus
608 1377 798 1432 melius
827 1392 1010 1431 earum
1033 1415 1049 1442 ,
1081 1375 1147 1431 de
1167 1391 1272 1446 quo
1300 1376 1401 1430 isto
1429 1389 1676 1430 sermone
1701 1373 1875 1429 disse-

294 1473 470 1525 rimus.

357 1560 440 1614 i0.
483 1559 619 1612 Nam
646 1574 713 1612 ne
748 1558 837 1612 illo
864 1557 1075 1627 quidem
1114 1557 1309 1612 debent
1345 1556 1727 1612 continentium
1757 1570 1873 1611 me-

292 1654 397 1707 ritis
429 1668 488 1706 se
528 1652 775 1706 conferre
800 1652 1042 1720 conjugia
1063 1692 1076 1716 ,
1104 1651 1245 1720 quod
1276 1665 1341 1704 ex
1377 1651 1455 1704 eis
1486 1650 1716 1719 virgines
1740 1664 1872 1720 pro-

291 1755 569 1798 ereantur:
616 1744 717 1797 hoc
762 1742 901 1796 enim
951 1758 1056 1795 non
1100 1742 1329 1811 conjugii
1377 1741 1573 1794 bonum
1622 1750 1724 1807 est,
1778 1742 1873 1797 sed

291 1845 518 1899 naturm;
544 1850 663 1903 qua:
689 1835 764 1887 sic
792 1834 1040 1887 divinitus
1070 1833 1305 1887 instituta
1331 1841 1434 1895 est,
1465 1842 1519 1885 ut
1542 1848 1603 1886 ex
1636 1832 1874 1901 quolibet

292 1927 520 1980 humano
556 1927 834 1994 utriusque
868 1941 1027 1979 sexus
1056 1924 1375 2002 concubitu,
1406 1926 1518 1978 sive
1545 1924 1789 1978 ordinato
1816 1932 1872 1979 et

290 2018 526 2081 honesto,
559 2018 671 2072 sive
699 2020 837 2086 turpi
868 2030 922 2072 et
947 2018 1128 2072 illicito
1147 2057 1161 2082 ,
1196 2017 1337 2071 nulla
1367 2016 1560 2071 femina
1592 2018 1693 2071 nisi
1723 2018 1869 2087 virgo

288 2117 551 2175 nascatur,
586 2110 728 2162 nulla
760 2118 936 2163 tamen
967 2123 1117 2163 sacra
1148 2109 1299 2179 virgo
1326 2109 1597 2162 nascitur:
1630 2109 1701 2162 ita
1728 2108 1785 2162 lit
1815 2117 1871 2164 ut

286 2203 427 2271 virgo
448 2211 700 2257 nascatur
723 2202 883 2255 etiam
910 2200 977 2256 de
1001 2210 1204 2271 stupro,
1231 2215 1382 2255 sacra
1403 2208 1580 2255 autem
1603 2200 1750 2269 virgo
1772 2213 1869 2254 nec

285 2295 348 2351 de
369 2297 640 2364 coningio.

347 2384 575 2441 CAPUT
613 2384 707 2439 XI.
735 2414 807 2425 —
831 2386 917 2439 Η.
958 2384 1186 2454 Virgines
1210 2385 1321 2439 ideo
1344 2385 1584 2453 laudatur,
1614 2387 1732 2458 quia
1759 2387 1867 2443 Deo

284 2477 474 2531 dicata.
505 2476 616 2532 Nec
644 2491 742 2531 nos
770 2477 872 2531 hoc
906 2478 962 2532 in
990 2477 1279 2547 virginibus
1307 2480 1657 2549 praedicamus
1677 2523 1692 2548 ,
1724 2483 1866 2552 quod

283 2567 507 2637 virgines
528 2577 680 2632 sunt;
704 2569 796 2623 sed
818 2569 957 2638 quod
980 2570 1088 2624 Deo
1108 2569 1293 2624 dicatae
1314 2571 1398 2639 pia
1420 2572 1741 2626 continentia
1763 2574 1869 2628 vir-

283 2661 443 2729 gines.
474 2660 607 2714 Nam
631 2703 646 2727 ,
677 2661 818 2730 quod
849 2676 957 2715 non
985 2670 1186 2716 temere
1213 2662 1468 2728 dixerim,
1502 2662 1706 2718 felicior
1736 2665 1866 2721 mihi

284 2752 490 2806 videtur
533 2758 698 2822 nupta
740 2755 932 2808 mulier
981 2770 1140 2824 quam
1190 2755 1337 2825 virgo
1389 2766 1659 2826 nuptura:
1706 2758 1867 2814 habet

284 2846 415 2898 enim
461 2846 574 2914 jam
603 2846 693 2900 illa
737 2846 876 2915 quod
907 2847 1006 2900 ista
1052 2847 1227 2902 adhuc
1273 2849 1437 2917 cupit,
1480 2851 1775 2919 praesertim
1819 2851 1864 2906 si

284 2935 508 2989 nondum
535 2936 618 2989 vel
645 2951 837 3005 sponsa
866 2937 1175 3007 cujusquam
1204 2938 1290 2993 sit.
1321 2939 1408 2992 Illa
1437 2940 1525 3003 uni
1548 2943 1723 2995 studet
1750 2942 1862 3010 pla-

281 3042 413 3091 cere,
443 3028 528 3081 cui
552 3026 675 3083 data
700 3036 783 3082 est
806 3046 819 3081 :
851 3028 964 3083 haec
987 3031 1184 3094 multis,
1211 3031 1406 3086 incerta
1437 3032 1520 3086 cui
1547 3032 1719 3087 danda
1741 3043 1860 3101 est;

282 3118 377 3173 hoc
422 3134 531 3173 uno
585 3119 889 3187 pudicitiam
944 3122 1279 3191 cogitationis
1324 3121 1560 3177 defendit
1604 3139 1635 3178 a
1688 3124 1857 3190 turba,

282 3214 413 3281 quod
440 3229 545 3266 non
586 3214 884 3269 adulterum
906 3256 921 3282 ,
954 3217 1048 3271 sed
1087 3218 1335 3273 maritum
1383 3220 1572 3288 qumrit
1603 3220 1656 3274 in
1689 3222 1859 3276 turba.

283 3296 367 3359 illa
398 3307 556 3375 igitur
586 3308 736 3377 virgo
764 3309 1060 3379 conjugatm
1105 3310 1298 3365 merito
1340 3312 1698 3381 prmponitur,
1742 3328 1862 3382 quae

280 3411 372 3449 nec
401 3396 725 3450 multitudini
756 3412 816 3452 se
844 3398 1125 3453 amandam
1157 3401 1441 3469 preponit,
1471 3417 1592 3456 cum
1623 3396 1863 3458 amorem

280 3490 426 3544 unius
452 3506 520 3544 ex
548 3491 886 3546 multitudine
909 3493 1153 3563 inquirit;
1187 3509 1285 3548 nec
1310 3509 1368 3550 se
1400 3496 1488 3549 nni
1512 3495 1623 3564 jam
1644 3511 1863 3566 compo-

280 3582 351 3635 nit
376 3583 616 3648 invento,
648 3583 886 3653 cogitans
913 3600 1032 3654 qum
1064 3594 1189 3639 sunt
1217 3586 1421 3653 mundi,
1454 3588 1721 3656 quomodo
1750 3591 1865 3658 pla-

280 3673 520 3726 ceatviro
539 3672 580 3743 (l
598 3672 717 3727 Cor.
739 3689 829 3738 vn,
850 3675 942 3744 54)
958 3692 972 3740 ;
991 3675 1084 3730 sed
1113 3677 1411 3745 speciosum
1431 3676 1598 3732 forma
1618 3696 1724 3748 pra:
1744 3681 1862 3736 liiiis

280 3759 545 3815 hominum
581 3761 752 3834 (Psal.
792 3779 948 3829 xuv,
980 3764 1034 3835 5)
1083 3766 1159 3820 sic
1196 3768 1426 3832 amavit,
1471 3776 1528 3822 ut
1570 3771 1692 3839 quia
1736 3785 1860 3825 eum

279 3853 408 3906 sicut
435 3854 599 3908 Maria
622 3855 906 3924 concipere
930 3871 1092 3911 carne
1111 3871 1217 3911 non
1244 3867 1444 3927 posset,
1471 3860 1519 3915 ei
1544 3861 1708 3917 corde
1732 3877 1862 3918 con-

280 3956 425 4013 cepto
449 3947 610 4000 etiam
636 3963 852 4001 carnem
883 3948 1139 4018 integram
1170 3953 1477 4008 custodiret.
1858 3940 1861 3943 ’

294 4058 295 4061 η
341 4038 569 4094 CAPUT
601 4038 715 4093 Xll.
744 4069 815 4080 -υ
850 4038 1081 4110 Virgines
1110 4058 1268 4097 sacra:
1296 4040 1413 4098 non
1438 4046 1724 4113 corporali,
1772 4047 1862 4100 sed

279 4133 523 4199 spirituali
568 4130 870 4201 fecunditate
898 4134 1140 4189 Ecclesia:
1167 4146 1461 4191 nascuntur.
1500 4137 1701 4192 Bonum
1738 4155 1858 4194 con-

271 4225 394 4292 jugii
423 4241 575 4291 quam
598 4226 808 4294 inferius
834 4225 962 4280 bono
995 4237 1183 4281 sancite
1206 4229 1520 4298 virginitatis.
1552 4230 1663 4285 Hoc
1692 4247 1861 4301 genus

282 4316 533 4384 virginum
556 4318 698 4370 nulla
724 4320 1015 4387 corporalis
1041 4319 1333 4376 fecunditas
1359 4324 1575 4392 protulit
1604 4342 1617 4378 :
1645 4340 1750 4379 non
1778 4334 1861 4380 est

281 4405 384 4459 haec
425 4407 603 4474 proles
638 4409 814 4463 carnis
854 4418 907 4463 et
947 4412 1235 4481 sanguinis.
1279 4412 1333 4467 Si
1374 4413 1559 4468 harum
1605 4418 1861 4485 quaeritur

280 4507 461 4561 mater,
510 4498 747 4553 Ecclesia
790 4509 889 4554 est.
931 4500 1046 4555 Non
1090 4503 1225 4571 parit
1272 4502 1503 4574 virgines
1538 4520 1719 4561 sacras
1759 4506 1858 4561 nisi

280 4591 419 4660 virgo
461 4606 648 4658 sacra,
684 4592 769 4646 illa
800 4608 917 4662 qum
958 4594 1275 4664 desponsata
1305 4604 1388 4651 est
1429 4598 1516 4651 uni
1552 4599 1667 4652 viro
1713 4607 1857 4653 casta

279 4683 508 4737 exhiberi
539 4683 755 4739 Christo
783 4684 847 4757 (11
873 4685 989 4740 Cor.
1024 4703 1109 4753 χι,
1140 4687 1219 4757 2).
1244 4689 1323 4742 Ex
1348 4689 1435 4743 illa
1464 4705 1566 4744 non
1600 4699 1706 4745 tota
1734 4707 1857 4746 cor-

279 4787 419 4840 pore,
450 4774 545 4829 sed
587 4784 694 4830 tota
723 4775 924 4845 virgine
951 4778 1137 4847 spiritu
1155 4819 1169 4845 ,
1202 4789 1495 4835 nascuntur
1521 4790 1721 4836 sanctae
1748 4783 1855 4837 vir-

279 4864 416 4930 gines
441 4874 497 4919 et
523 4880 749 4935 corpore
776 4875 829 4920 et
856 4867 1062 4936 Spiritu.

343 4954 428 5008 l2.
460 4955 702 5011 Habeant
728 4957 974 5027 conjugia
1001 4958 1197 5015 bonum
1221 4977 1398 5028 suum,
1430 4976 1536 5018 non
1564 4964 1685 5033 quia
1717 4963 1854 5021 filios

281 5055 570 5114 procreant,
594 5047 691 5102 sed
715 5049 838 5118 quia
855 5049 1100 5119 honeste,
1133 5053 1256 5122 quia
1284 5054 1447 5120 licite,
1482 5056 1604 5125 quia
1626 5056 1813 5125 pudice
1834 5098 1849 5124 ,

280 5136 390 5202 quia
413 5138 704 5203 socialiter,
734 5150 1037 5209 procreant,
1072 5151 1126 5198 et
1168 5154 1473 5213 procreatos
1524 5146 1740 5215 pariter,
1769 5161 1856 5202 sa-

280 5222 513 5295 lubriter,
542 5230 808 5286 instanter
834 5231 1083 5299 educant,
1110 5236 1230 5304 quia
1261 5237 1399 5291 thori
1428 5237 1588 5291 ﬁdem
1627 5239 1855 5294 invicem

280 5330 502 5387 servant,
534 5324 657 5391 quia
681 5333 1073 5379 sacramentum
1102 5329 1352 5384 connubii
1382 5345 1488 5384 non
1511 5330 1731 5384 violant.

341 5410 563 5467 CAPUT
594 5412 735 5469 Xlll.
757 5443 828 5455 —
854 5414 919 5469 In
957 5432 1042 5471 eos
1064 5419 1151 5487 qui
1172 5427 1350 5487 putant
1369 5421 1725 5474 continentiam
1752 5438 1853 5476 non

279 5503 505 5567 prodesse
531 5505 631 5558 nisi
653 5506 722 5558 ad
750 5516 1045 5575 prth
1080 5511 1251 5563 vitam.
1298 5511 1423 5566 Haec
1453 5521 1629 5567 tamen
1674 5514 1852 5569 omnia

279 5589 483 5650 humani
513 5596 679 5652 ofﬁcii
704 5609 832 5653 sunt
857 5616 1077 5656 munera
1103 5619 1115 5654 :
1147 5603 1420 5672 virginalis
1449 5615 1625 5660 autem
1646 5608 1857 5677 integri-

281 5693 373 5749 tas,
400 5696 453 5742 et
480 5705 574 5757 per
598 5691 739 5759 piam
760 5692 1145 5748 continentiam
1183 5695 1251 5749 ab
1276 5697 1419 5750 omni
1451 5697 1733 5754 concubitu
1755 5717 1853 5755 im-

279 5779 501 5835 niunitas
526 5782 771 5851 angelica
795 5784 970 5853 portio
1009 5793 1109 5849 est,
1140 5794 1194 5840 et
1222 5786 1276 5840 in
1314 5801 1474 5843 carne
1522 5792 1852 5859 corruptibili

277 5866 689 5943 incorruptionis
712 5883 983 5947 perpetua:
1012 5877 1303 5934 meditatio.
1331 5879 1497 5937 Cedat
1532 5881 1655 5940 huic
1679 5885 1855 5941 omnis

1708 390 1912 491 LIBER
1944 432 2144 492 unus.

3473 458 3577 515 40‘)

1992 547 2287 605 fecunditas
2336 555 2549 622 carnis,
2600 558 2776 612 omnis
2823 558 3072 627 pudicitia
3120 565 3410 637 conjugalis
3438 585 3452 622 :
3481 570 3569 624 illa

1990 655 2094 694 non
2117 643 2265 696 estin
2297 652 2580 713 potestate,
2635 648 2720 702 illa
2769 664 2873 704 non
2914 661 2995 705 est
3033 652 3085 706 in
3133 658 3457 713 teternitate:
3498 660 3574 715 le-

1988 732 2312 788 cunditatem
2341 737 2607 792 carnalem
2635 755 2739 794 non
2766 740 2926 796 habet
2970 743 3195 799 liberum
3246 748 3522 804 arbitrium
3552 792 3569 819 ,

1986 823 2295 892 pudicitiam
2323 827 2659 898 conjugalem
2690 846 2795 885 non
2843 832 3004 888 habet
3059 837 3273 892 omium.
3327 840 3572 898 Profecto

1987 913 2259 972 habebunt
2323 934 2570 989 magnum
2626 923 2822 993 aliquid
2870 937 3066 995 praeter
3103 940 3326 986 cmteros
3373 934 3426 988 in
3484 937 3573 992 illa

1984 1009 2252 1061 communi
2280 1010 2678 1069 immortalitate
2697 1055 2713 1082 ,
2736 1015 2825 1084 qui
2873 1016 3071 1074 habent
3097 1021 3297 1091 aliquid
3324 1023 3434 1094 jam
3460 1041 3570 1082 non

1983 1112 2159 1152 carnis
2188 1116 2239 1153 in
2260 1115 2443 1157 carne.

2059 1190 2145 1245 l3.
2164 1190 2317 1247 Unde
2356 1195 2668 1252 mirabiliter
2704 1199 2991 1270 desipiunt,
3040 1206 3129 1274 qui
3174 1215 3362 1275 putant
3411 1208 3569 1277 hujus

1982 1282 2324 1338 continentiae
2373 1286 2569 1341 bonum
2612 1305 2717 1344 non
2773 1306 2895 1347 esse
2940 1298 3299 1351 necessarium
3351 1308 3570 1368 propter

1980 1387 2202 1441 regnum
2230 1377 2521 1443 cmlorum,
2572 1380 2664 1435 sed
2712 1394 2925 1452 propter
2973 1402 3208 1455 praesens
3262 1394 3562 1459 smculum';

1980 1465 2119 1533 quod
2153 1466 2355 1522 scilicet
2382 1471 2627 1539 conjugia
2650 1476 2881 1528 terrenis
2926 1477 3069 1529 curis
3119 1478 3356 1546 pluribus
3404 1490 3567 1550 atque

1979 1556 2296 1612 arctioribns
2343 1559 2738 1631 distenduntur,
2797 1582 2900 1634 qua
2950 1568 3193 1624 molestia
3241 1572 3471 1641 virgines
3511 1583 3567 1629 et

1981 1647 2318 1702 continenles
2346 1655 2741 1721 carentzquasi
2767 1656 2834 1708 ob
2875 1655 2975 1710 hoc
3016 1666 3222 1713 tantum
3272 1662 3462 1717 melius
3497 1664 3566 1719 sit

1981 1751 2085 1789 non
2109 1738 2403 1807 conjugari,
2435 1749 2491 1794 ut
2534 1741 2693 1810 hujus
2741 1747 2993 1813 temporis
3043 1750 3350 1805 relaxentur
3393 1767 3564 1822 angu-

1979 1828 2115 1894 stim,
2161 1846 2263 1882 non
2282 1832 2423 1898 quod
2472 1833 2524 1886 in
2554 1832 2789 1889 futurum
2830 1837 3081 1892 smculum
3138 1841 3335 1909 aliquid
3372 1845 3561 1911 prosit.

1977 1917 2123 1972 lianc
2150 1935 2335 1974 vanam
2379 1926 2696 1979 sententiam
2724 1942 2790 1980 ne
2816 1928 2993 1982 cordis
3045 1932 3244 1999 proprii
3278 1935 3291 1962 ¹
3328 1935 3561 1991 vanitate

1978 2011 2264 2079 protulisse
2290 2012 2595 2080 videantur,
2629 2017 2885 2071 adhibent
2914 2012 2993 2073 ex'
3015 2022 3272 2089 Apostolo
3322 2026 3564 2081 testimo-

1977 2104 2119 2158 nium
2148 2105 2237 2160 nbi
2267 2107 2341 2161 ait
2375 2106 2485 2161 :De
2508 2110 2788 2179 virginibus
2819 2122 2987 2166 autem
3017 2126 3322 2184 prteceptum
3351 2117 3565 2172 Domini

1975 2211 2077 2249 non
2105 2196 2282 2262 habeo,
2314 2199 2579 2252 consilium
2634 2210 2800 2254 autem
2853 2203 2938 2268 do,
3000 2212 3242 2273 tanquam
3269 2208 3559 2262 misericor-

1976 2289 2111 2342 diam
2132 2300 2425 2345 consecutus
2446 2309 2476 2344 a
2504 2292 2631 2359 Deo,
2656 2304 2711 2346 ut
2734 2296 2901 2363 ﬁdelis
2930 2314 3105 2351 essent.
3157 2298 3409 2354 Existimo
3458 2301 3563 2355 ita-

1976 2399 2073 2452 que
2102 2384 2195 2436 Itoc
2227 2384 2408 2438 bonum
2440 2403 2545 2439 esse
2595 2397 2798 2456 propter
2834 2399 3130 2456 praesentem
3180 2394 3561 2464 necessitatem,

1973 2474 2093 2543 quia
2120 2472 2305 2527 bonum
2330 2484 2403 2528 est
2430 2475 2620 2528 homini
2646 2477 2717 2529 sic
2746 2494 2850 2530 esse
2902 2479 2957 2548 (l
2985 2480 3103 2534 Cor.
3128 2497 3199 2535 vu
3223 2522 3238 2547 ,
3284 2482 3372 2548 25,
3428 2480 3557 2556 26).

1973 2564 2132 2631 Ecce,
2154 2566 2414 2636 inquiunt,
2440 2567 2529 2621 ubi
2553 2569 2856 2624 manifestat
2884 2572 3171 2639 Apostolus
3218 2573 3319 2627 hoc
3340 2584 3560 2644 propter

1971 2667 2291 2726 praesentem
2335 2661 2704 2715 necessitatem
2754 2663 2952 2716 bonum
2994 2680 3132 2731 esse,
3191 2682 3300 2719 non
3341 2676 3561 2736 propter

1971 2746 2201 2803 futuram
2231 2752 2605 2806 mternitatem.
2629 2753 3092 2823 Quasiprtesentis
3126 2759 3456 2813 necessitatis
3476 2775 3564 2813 ra-

1971 2841 2170 2896 tionem
2198 2842 2743 2913 haberetApostolus,
2776 2847 2877 2901 nisi
2911 2849 3195 2917 providens
3216 2852 3236 2881 ²
3262 2860 3317 2907 et
3356 2867 3556 2907 consu-

1970 2935 2085 2991 lens
2112 2936 2163 2989 in
2192 2935 2446 3004 futurum;
2477 2954 2599 2994 cum
2627 2941 2801 2994 omnis
2824 2942 2939 3011 ejus
2965 2942 3295 3012 dispensatio
3320 2960 3429 3002 non
3456 2946 3563 3005 nisi

1970 3026 2035 3080 ad
2056 3028 2213 3082 vitam
2234 3038 2489 3084 aeternam
2516 3042 2688 3087 vocet.

2038 3119 2264 3175 CAPUT
2284 3121 2584 3179 XlV.—-M.
2602 3122 2874 3195 Virginitas
2899 3143 2998 3179 non
3026 3138 3296 3198 praecepto,
3313 3130 3403 3184 sed
3431 3147 3556 3185 con-

1967 3212 2079 3266 silio
2129 3217 2472 3269 commendata
2508 3217 2575 3269 ad
2604 3220 2983 3286 promerendam
3008 3220 3316 3290 singularem
3340 3223 3557 3294 gloriam

1967 3305 2019 3358 in
2048 3307 2147 3358 vita
2185 3308 2375 3374 futura.
2428 3309 2670 3364 Prmsens
2727 3325 2856 3379 ergo
2904 3320 2987 3365 est
3038 3313 3253 3368 vitanda
3311 3315 3556 3371 necessi-

1969 3402 2071 3462 tas,
2102 3395 2196 3450 scd
2223 3407 2397 3451 tamen
2421 3390 2539 3466 quae
2566 3399 2765 3469 aliquid
2793 3401 3053 3455 bonorum
3095 3404 3316 3472 impedit
3344 3405 3553 3460 futuro-

1967 3501 2086 3541 rum
2118 3505 2129 3541 :
2158 3503 2259 3556 qua
2291 3490 2608 3544 necessitate
2624 3491 2728 3545 vita
2755 3492 2963 3561 cogitur
3000 3493 3292 3563 conjugalis
3318 3496 3555 3565 cogitare

1967 3593 2087 3647 qua:
2115 3578 2454 3646 mundisunt,
2476 3580 2746 3650 quomodo
2774 3582 2979 3651 placeat
3008 3584 3087 3637 vir
3102 3585 3278 3651 uxori,
3309 3586 3393 3639 vel
3420 3601 3558 3640 uxor

1966 3669 2101 3724 viro.
2134 3670 2245 3724 Non
2277 3671 2417 3740 quod
2448 3687 2510 3726 ea
2540 3683 2790 3743 separent
2816 3689 2846 3727 a
2876 3690 3043 3743 regno
3086 3677 3215 3744 Dei,
3249 3678 3386 3732 sicut
3433 3688 3556 3734 sunt

1969 3772 2205 3832 peccata,
2239 3780 2357 3834 qum
2376 3764 2495 3819 ideo
2532 3774 2943 3835 prmceptomon
2965 3768 3189 3822 consilio
3213 3768 3552 3837 cohibentur,

1968 3856 2089 3923 quia
2108 3855 2333 3910 Domino
2370 3856 2700 3927 prmcipienti
2731 3874 2835 3913 non
2863 3858 3080 3913 obedire
3105 3859 3405 3915 damnabile
3424 3870 3505 3916 est
3538 3880 3552 3915 :

1967 3946 2062 3999 sed
2092 3946 2221 3999 illud
2248 3947 2389 4016 quod
2420 3947 2473 4001 in
2505 3949 2621 4017 ipso
2645 3948 2740 4003 Dei
2771 3965 2935 4018 regno
2960 3951 3184 4019 amplius
3207 3950 3393 4007 haberi
3424 3967 3554 4021 pos-

1968 4044 2047 4089 set
2073 4036 2117 4090 si
2139 4037 2365 4106 amplius
2386 4038 2708 4106 cogitaretur
2736 4039 3004 4108 quomodo
3053 4040 3365 4109 placendum
3412 4049 3558 4098 esset

1968 4128 2097 4191 Deo,
2129 4130 2305 4183 minus
2332 4130 2435 4184 erit
2465 4131 2645 4200 utique
2677 4146 2800 4186 cum
2834 4132 2934 4186 hoc
2962 4133 3132 4202 ipsum
3160 4133 3337 4190 minus
3366 4135 3555 4205 conju-

1965 4222 2035 4290 gii
2062 4221 2380 4276 necessitate
2410 4223 2688 4291 cogitatur.
2718 4222 2866 4290 Ideo,
2898 4223 2975 4278 De
2999 4226 3274 4295 virginibus
3298 4265 3312 4290 ,
3346 4226 3553 4294 inquit,

1966 4324 2270 4383 prteceptum
2309 4314 2514 4367 Domini
2560 4332 2661 4368 non
2705 4316 2881 4369 habeo.
2917 4316 3190 4385 Prmcepto
3215 4317 3358 4371 enim
3404 4318 3557 4386 quis-

1965 4405 2082 4474 quis
2111 4421 2214 4459 non
2268 4405 2643 4475 obtemperat,
2701 4422 2825 4461 reus
2874 4414 2958 4461 est
3010 4416 3062 4461 et
3112 4407 3317 4461 debitor
3348 4422 3551 4476 pcenaa.

1965 4496 2195 4552 Proinde
2219 4497 2338 4566 quia
2382 4512 2603 4551 uxorem
2654 4497 2851 4553 ducere
2893 4499 2979 4553 vel
3023 4499 3224 4553 nubere
3274 4507 3552 4568 peccatum

1966 4604 2069 4643 non
2096 4600 2198 4656 est,
2231 4590 2275 4643 si
2302 4598 2479 4643 autem
2509 4600 2781 4659 peccatum
2837 4602 2999 4656 esset,
3031 4602 3297 4662 prmcepto
3345 4600 3553 4647 vetare—

1966 4691 2080 4748 tur;
2109 4690 2390 4751 propterea
2417 4692 2741 4753 przcceptum
2777 4684 2984 4738 Domini
3008 4684 3074 4740 de
3099 4684 3392 4755 virginibus
3428 4685 3551 4739 nul-

1964 4773 2072 4827 lum
2101 4780 2202 4827 est.
2235 4772 2341 4827 Sed
2365 4774 2613 4843 quoniam
2634 4774 2881 4829 devitatis
2922 4762 3228 4830 remissisve
3271 4775 3503 4845 peccatis
3533 4816 3548 4839 ,

1964 4865 2207 4921 adeunda
2236 4874 2319 4921 est
2342 4867 2445 4920 vita
2476 4854 2697 4935 mterna,
2725 4869 2776 4923 in
2807 4884 2908 4939 qua
2940 4878 3020 4924 est
3045 4871 3287 4939 qumdam
3337 4869 3549 4939 egregia

1961 4958 2146 5028 gloria,
2177 4973 2280 5013 non
2308 4958 2555 5013 omnibus
2583 4960 2632 5013 in
2665 4970 2925 5015 mternum
2941 4961 3181 5025 victuris,
3203 4960 3294 5015 sed
3320 4960 3549 5028 quibus-

1962 5050 2084 5104 dam
2114 5050 2183 5105 ibi
2216 5050 2512 5115 tribuenda,
2539 5051 2625 5106 cui
2671 5052 3058 5122 consequendze
3088 5066 3273 5121 parum
3303 5057 3387 5104 est
3412 5049 3548 5105 libe-

1961 5150 2132 5195 ratum
2158 5156 2277 5196 esse
2300 5157 2330 5195 a
2357 5143 2606 5211 peccatis,
2637 5142 2735 5195 nisi
2762 5143 2958 5211 aliquid
2991 5143 3089 5210 ipsi
3122 5139 3395 5195 liberatori
3443 5154 3540 5194 vo-

1960 5246 2165 5302 veatur,
2192 5237 2331 5307 quod
2360 5252 2466 5290 non
2487 5237 2555 5291 sit
2573 5236 2810 5290 criminis
2841 5234 2955 5289 non
2970 5234 3201 5297 vovisse,
3217 5231 3311 5287 sed
3334 5231 3546 5289 vovisse

1961 5344 2023 5385 ac
2048 5330 2343 5385 reddidisse
2367 5333 2437 5384 sit
2466 5330 2634 5384 laudis
2667 5345 2679 5381 :
2710 5328 2985 5382 Consilium
3015 5367 3030 5392 ,
3055 5326 3243 5394 inquit,
3274 5325 3338 5380 do
3365 5367 3381 5393 ,
3431 5333 3547 5381 tan-

1959 5441 2111 5496 quam
2126 5424 2518 5478 misericordiam
2534 5406 2826 5476 consecutus
2852 5436 2883 5472 a
2909 5418 3036 5484 Deo,
3072 5427 3127 5471 ut
3157 5417 3325 5487 ﬁdelis
3358 5432 3545 5472 essent.

1959 5515 2140 5586 Neque
2165 5516 2306 5570 enim
2337 5514 2571 5568 invidere
2591 5512 2762 5567 debeo
2785 5510 2943 5565 lidele
2969 5510 3252 5565 consilium
3278 5552 3293 5577 ,
3325 5511 3413 5582 qui
3437 5524 3546 5566 non

1961 5610 2097 5662 meis
2120 5607 2342 5672 meritis,
2375 5604 2468 5659 sed
2508 5603 2599 5658 Dei
2640 5601 3002 5657 misericordia
3054 5618 3169 5658 sum
3197 5602 3385 5658 lideiis.
3418 5601 3549 5656 Exi-

1960 5714 2108 5754 sumo
2134 5700 2301 5767 itaque
2329 5698 2422 5750 hoc
2452 5696 2634 5749 bonum
2657 5709 2761 5749 esse
2780 5703 2986 5764 propter
3013 5703 3308 5766 praesentem
3322 5691 3541 5748 necessi-

2028 5834 2043 5897 ξ
2069 5832 2143 5897 sic
2159 5828 2341 5897 aliquot
2360 5833 2470 5897 Mss.
2489 5826 2609 5897 aditi
2633 5839 2770 5887 vero,
2789 5825 3007 5897 propria.
3082 5887 3091 5897 ν

2028 5896 2047 5924 ι
2070 5892 2204 5953 mliti,
2222 5888 2315 5942 non
2335 5888 2607 5951 providens.
2625 5896 2681 5940 Al.
2704 5888 2831 5952 Mss},
2849 5888 2943 5942 nisi
2958 5888 3229 5952 providens.
