4070 6334
303 315 393 375 tos
1705 302 1906 366 uasa
1944 299 2138 359 unus.
3487 307 3584 375 ωε

305 427 413 476 rem,
442 425 549 462 non
579 404 838 479 peccasti;
855 412 902 459 et
926 403 972 458 si
993 403 1218 475 nupserit
1241 402 1402 473 virgo,
1427 417 1528 456 non
1551 409 1742 471 peccat.
1775 397 1884 454 Nec

309 510 478 574 putent
508 501 680 555 minui
705 508 813 572 tam
846 512 1092 568 magnum
1114 493 1431 566 integritatis
1460 495 1654 547 bonum
1674 493 1748 557 ,si
1784 508 1885 546 nu—

309 597 416 668 ptize
447 609 557 650 non
587 601 744 648 erunt
787 591 1003 646 malum.
1050 588 1161 654 lino
1217 603 1340 642 vero
1397 587 1519 641 hinc
1565 586 1662 639 sibi
1713 587 1887 655 potius

309 687 515 759 majoris
541 685 729 756 gloria:
772 683 999 754 palmam
1047 691 1396 752 praeparatam
1443 675 1561 736 esse
1613 679 1882 744 conlidat,

309 797 410 854 qure
432 795 538 834 non
561 777 826 844 damnari,
863 777 906 830 si
937 776 1178 840 nuberet,
1214 774 1427 838 timuit;
1460 772 1551 826 sed
1577 771 1888 824 honoratius

310 873 566 938 coronari,
596 870 719 940 quia
761 883 863 924 non
899 868 1140 932 nuberet,
1186 863 1554 936 concupivit‘.
1611 862 1711 932 Qui
1759 876 1887 932 ergo

310 964 411 1020 sine
435 960 686 1031 conjugio
717 972 1030 1030 permanere
1059 957 1360 1019 voluerint,
1390 970 1495 1009 non
1525 963 1776 1023 tanquam
1803 950 1886 1005 fo-

311 1072 445 1110 veam
477 1054 686 1125 peccati
743 1054 952 1128 nuptias
997 1051 1199 1120 fugiant
1231 1067 1244 1104 :
1273 1049 1364 1102 sed
1397 1058 1648 1120 tanquam
1695 1047 1883 1102 collem

310 1149 520 1203 minoris
543 1147 666 1200 boni
693 1144 1094 1209 transcendant,
1122 1153 1178 1197 ut
1204 1143 1254 1197 in
1281 1143 1500 1212 majoris
1544 1140 1885 1212 continentia:

309 1248 478 1307 monte
510 1237 868 1308 requiescant.
893 1236 965 1290 Ea
999 1237 1194 1306 quippe
1223 1237 1340 1305 lege
1368 1234 1519 1290 collis
1550 1234 1648 1288 iste
1677 1232 1884 1288 inhabi-

311 1344 453 1396 tatur,
484 1343 544 1387 ut
566 1348 809 1387 noncum
839 1330 1068 1386 voluerit
1093 1332 1211 1400 quis
1227 1331 1469 1402 emigret.
1517 1328 1703 1382 Mulier
1740 1328 1882 1386 enim

308 1425 506 1496 alligata
535 1434 625 1488 est,
645 1423 890 1494 quamdiu
920 1425 994 1476 vir
1019 1424 1126 1494 ejus
1152 1423 1266 1476 vivit
1290 1424 1306 1491 (
1331 1421 1346 1473 l
1376 1421 1492 1476 Cor.
1517 1437 1611 1485 vn,
1641 1419 1812 1475 38-40

310 1519 677 1572 Verumtamen
708 1516 774 1570 ad
807 1515 1188 1570 continentiam
1221 1515 1484 1568 vidualem
1525 1514 1590 1567 ab
1617 1513 1732 1581 ipso
1764 1522 1883 1566 tan-

309 1625 450 1678 quam
479 1607 646 1677 gradu
693 1606 1072 1661 conscenditur
1107 1625 1119 1659 :
1153 1615 1368 1675 propter
1397 1605 1706 1674 virginalem
1758 1619 1886 1658 vero

310 1703 380 1756 vel
396 1701 742 1755 declinandus
771 1709 851 1753 est
883 1716 986 1753 non
1017 1699 1402 1753 eonsentiendo
1431 1698 1767 1768 petitoribus,
1801 1699 1883 1774 vel

311 1791 679 1846 transiliendus
711 1791 1085 1860 prmveniendo
1117 1792 1388 1860 petitores.

368 1875 592 1933 CAPUT
633 1875 776 1931 XIX.
800 1907 869 1916 ——
890 1877 975 1929 19.
1013 1877 1220 1930 lfrrores
1247 1876 1345 1929 duo
1375 1875 1614 1929 contrarii
1641 1873 1702 1930 de
1728 1876 1883 1947 virgi-

307 1971 450 2022 nitate
468 1979 514 2022 et
535 1969 794 2039 conjugia.
821 1969 896 2023 Ne
921 1971 1041 2039 quis
1066 1979 1239 2023 autem
1274 1979 1480 2038 putaret
1509 1967 1734 2024 duorum
1762 1987 1887 2039 0pc-

306 2075 410 2121 t'um
439 2055 566 2115 boni
605 2069 768 2128 atque
800 2061 1036 2114 melioris
1060 2061 1281 2131 :equalia
1313 2060 1424 2114 fore
1456 2062 1670 2130 prannia
1696 2102 1710 2124 ,
1759 2078 1885 2131 pro-

305 2171 476 2228 pterea
502 2169 689 2212 contra
714 2174 809 2212 eos
833 2153 1202 2213 disserendum
1225 2153 1338 2223 fuit,
1365 2155 1451 2230 qui
1481 2154 1618 2226 quod
1647 2154 1719 2208 ait
1747 2156 1888 2224 Apo-

307 2253 482 2316 stolus,
518 2249 770 2303 Existimo
795 2261 960 2302 autent
983 2252 1076 2304 hoc
1096 2249 1280 2304 bonum
1305 2267 1414 2304 esse
1440 2261 1645 2321 propter
1666 2265 1887 2320 praesen-

307 2350 393 2394 tem
419 2341 787 2406 necessitatem,
821 2341 888 2394 ita
922 2340 1252 2412 interpretati
1285 2351 1424 2404 sunt,
1457 2350 1515 2394 ut
1538 2357 1643 2394 non
1674 2351 1889 2411 propter

307 2449 516 2503 regnum
548 2433 810 2487 cmlorum
832 2476 846 2498 ,
880 2434 973 2488 sed
1003 2444 1215 2504 propter
1238 2435 1490 2487 szeculum
1519 2451 1752 2504 praesens
1779 2436 1888 2488 vir-

305 2527 569 2595 ginitatem
593 2525 775 2580 utilem
803 2526 1074 2584 dicerent;
1102 2537 1347 2595 tanquam
1378 2526 1426 2578 in
1457 2525 1542 2578 illa
1565 2527 1668 2578 vita
1691 2535 1888 2580 acterna

307 2617 423 2675 nihil
454 2619 668 2674 ueteris
694 2618 917 2688 amplius
943 2617 1174 2671 habituri
1205 2626 1417 2684 essent,
1450 2617 1535 2686 qui
1570 2617 1668 2670 hoc
1700 2603 1890 2670 melius

305 2710 604 2780 elegissent.
636 2709 691 2764 In
719 2725 821 2779 qua
863 2707 1222 2778 disputatione
1261 2724 1380 2762 cum
1427 2709 1490 2761 ad
1522 2707 1649 2761 illud
1679 2709 1887 2762 venire-

305 2817 414 2856 mus
459 2801 602 2871 quod
647 2799 785 2854 idem
831 2799 1102 2868 apostolus
1127 2801 1231 2858 ait.
1277 2797 1675 2852 Tributationem
1723 2809 1890 2852 autem

305 2893 464 2947 carnis
498 2891 750 2945 habebunt
778 2889 1069 2961 hujusmodi
1088 2933 1102 2954 ,
1129 2906 1220 2960 ego
1252 2897 1419 2942 autem
1446 2889 1578 2942 vobis
1609 2906 1760 2957 parco
1790 2907 1808 2954 ;
1837 2889 1889 2943 in

306 2983 428 3038 alios
459 2983 755 3052 litigatores
795 2981 1116 3036 incurrimus
1142 3023 1156 3047 ,
1186 2981 1276 3050 qui
1303 2996 1406 3033 non
1435 2982 1667 3050 aequales
1696 2995 1889 3050 perpe-

307 3085 403 3131 tuat
450 3076 798 3132 continentia:
840 3074 1047 3143 nuptias
1087 3072 1352 3134 facerent,
1405 3073 1497 3128 sed
1538 3088 1630 3126 eas
1673 3073 1898 3148 omnino

307 3171 634 3225 damnarent.
662 3167 796 3223 Nam
833 3184 953 3222 cum
993 3183 1143 3222 error
1174 3176 1395 3236 uterque
1425 3166 1526 3231 sit,
1558 3165 1641 3220 vel
1679 3165 1898 3234 aequare

309 3273 498 3318 sancta:
531 3261 821 3332 virginitati
853 3260 1063 3330 nuptias
1087 3301 1100 3320 .
1134 3259 1218 3316 vel
1243 3259 1496 3313 damnare
1523 3275 1536 3310 :
1568 3257 1724 3310 nimis
1755 3257 1890 3310 invi-

308 3370 415 3410 cem
455 3355 711 3426 fugiendo
735 3351 787 3419 ',
811 3353 919 3407 duo
942 3353 1030 3407 isti
1059 3367 1270 3407 errores
1299 3351 1519 3406 adversa
1565 3351 1734 3404 fronte.
1765 3365 1894 3404 con-

309 3449 522 3519 ﬁigunt,
582 3448 704 3518 quia
761 3447 996 3501 veritatis
1051 3446 1284 3499 medium
1332 3452 1513 3498 tenere
1562 3443 1890 3507 noluerunt;

309 3556 407 3611 quo
435 3549 489 3594 et
517 3549 666 3595 certa
693 3538 899 3592 ratione
919 3581 933 3600 ,
972 3544 1026 3590 et
1051 3545 1352 3590 sanctarum
1378 3534 1772 3603 Scripturarum
1797 3547 1892 3586 au-

310 3635 547 3688 ctoritate
571 3674 588 3698 ,
619 3646 716 3685 nec
739 3640 1014 3700 peccatum
1045 3644 1164 3683 esse
1194 3611 1406 3698 nuptias
1433 3627 1762 3688 invenimus,
1795 3641 1894 3680 nec

310 3741 396 3780 eas
425 3727 568 3779 bono
592 3723 679 3778 vel
705 3722 980 3792 virginalis
1005 3721 1347 3776 continentia:
1367 3762 1380 3785 ,
1411 3720 1493 3774 vel
1525 3719 1682 3773 etiam
1706 3717 1892 3772 vidua-

310 3815 371 3869 lis
413 3829 709 3882 :eqttamtts.

375 3907 603 3963 CAPUT
777 3903 1094 3973 —-Apostoli
1132 3903 1352 3964 dictant,
1385 3901 1495 3970 Ego
1530 3909 1705 3954 autem
1746 3899 1897 3953 vrbis

308 4005 486 4060 parco,
513 4005 780 4061 perperam
802 3989 933 4041 trahi
954 3989 1020 4040 ad
1057 3988 1346 4056 nuptiarum
1368 3985 1758 4038 damnationem.
1795 3983 1895 4037 Alii

311 4084 501 4151 quippe
560 4079 861 4150 appetendo
920 4079 1311 4148 virginitatem,
1371 4077 1581 4144 nuptias
1645 4085 1895 4144 tanquam

311 4172 624 4226 adulterium
672 4168 1015 4224 detestandas
1060 4183 1179 4222 esse
1224 4173 1544 4236 putaverunt
1589 4184 1602 4219 :
1639 4166 1727 4220 alii
1771 4181 1898 4220 vero

310 4263 648 4319 defendendo
677 4262 1001 4316 connubium
1025 4303 1038 4325 ,
1072 4259 1440 4315 excellentiam
1481 4266 1750 4329 perpetuae
1780 4274 1899 4313 con-

313 4357 550 4410 tinentia:
584 4353 716 4409 nihil
748 4353 939 4407 mereri
970 4352 1195 4420 amplius
1211 4365 1369 4419 quam
1389 4350 1719 4418 conjugalem
1749 4349 1903 4420 pudi-

312 4448 485 4502 citiam
514 4447 801 4500 voluerunt
834 4461 848 4509 ;
882 4444 1032 4512 quasi
1063 4443 1144 4496 vel
1175 4443 1432 4496 Susannae
1460 4441 1656 4496 bonum
1680 4483 1694 4505 ,
1725 4439 1902 4495 Marica

311 4541 381 4594 sit
432 4540 730 4594 humiliatio
763 4555 778 4603 ;
820 4539 900 4592 vel
947 4537 1124 4591 Marha
1155 4536 1324 4606 majus
1359 4537 1555 4591 bonum
1578 4579 1593 4603 ,
1641 4535 1901 4592 Susanna)

313 4631 502 4686 debeat
538 4647 659 4686 esse
689 4630 979 4684 damnatio.

380 4723 470 4778 ‘30.
512 4722 664 4776 Absit
697 4735 826 4789 ergo
856 4727 911 4772 ut
943 4721 1008 4773 ita
1040 4717 1234 4772 dixerit
1265 4716 1551 4786 Aposmlus
1583 4717 1761 4784 nuptis
1793 4716 1902 4770 sive

315 4817 555 4884 nupturis
577 4856 590 4877 ,
640 4813 754 4884 Ego
784 4820 950 4864 autem
992 4810 1127 4864 vobis
1159 4825 1310 4878 parco
1346 4825 1364 4873 ;
1396 4818 1645 4878 tanquam
1678 4807 1906 4862 noluerit

317 4908 494 4963 dicere
517 4919 637 4976 qum
675 4919 829 4974 poma
869 4902 1163 4972 conjugatis
1197 4902 1248 4954 in
1283 4899 1457 4954 futuro
1483 4899 1680 4952 saeculo
1707 4897 1904 4952 debea~

319 5007 419 5050 tur.
449 4997 602 5051 Absit
623 5005 682 5050 ut
706 5011 734 5048 a
767 4994 982 5047 Daniele
1007 4992 1074 5045 de
1101 4990 1380 5060 temporali
1403 4989 1604 5058 judicio
1629 4989 1903 5043 liberatam

321 5087 510 5142 Paulus
539 5089 715 5142 mittat
758 5087 807 5139 in
855 5086 1176 5154 gehennam.
1209 5083 1360 5136 Absit
1386 5090 1444 5135 ut
1487 5080 1743 5134 maritalis
1786 5081 1908 5133 tho-

324 5195 411 5232 rus
438 5181 484 5232 ei
523 5193 680 5247 pazna
705 5177 778 5231 sit
812 5184 935 5228 ante
977 5172 1206 5228 tribunal
1239 5172 1458 5234 Christi,
1486 5172 1570 5225 cui
1603 5171 1757 5224 tidem
1794 5186 1909 5225 ser-

324 5273 490 5323 vando
520 5271 684 5340 elegit
721 5269 823 5321 sub
849 5267 978 5320 falsa
1005 5265 1344 5320 accusatione
1369 5264 1617 5317 adulterii
1648 5263 1730 5317 vel
1775 5264 1914 5331 peri-

323 5365 487 5417 clitari
509 5404 524 5428 ,
549 5364 632 5418 vel
671 5360 830 5416 mori.
873 5359 1009 5425 Quid
1045 5357 1154 5427 egit
1198 5371 1296 5410 vox
1329 5355 1416 5410 illa
1442 5397 1457 5423 ,
1488 5356 1672 5409 Melius
1695 5365 1764 5409 est
1790 5356 1916 5408 mihi

388 5545 404 5572 ¹
427 5540 528 5594 Sola.
547 5540 700 5592 editio
731 5545 863 5600 μοι,
892 5534 1148 5600 conﬁdant,
1170 5548 1280 5599 qua
1312 5549 1407 5600 non
1435 5536 1660 5600 domari
1694 5538 1738 5600 si
1772 5537 1919 5587 nube-

327 5572 719 5664 mﬁiii'au‘iiiiiii,
1130 5572 1368 5658 idﬁmri,
1392 5598 1502 5659 quia
1517 5610 1608 5646 non
1631 5572 1923 5649 habebim-

327 5665 592 5728 cupiermtt.

395 5719 583 5776 irditio
614 5724 981 5786 [manieusium
1006 5723 1212 5786 omittit,
1248 5721 1391 5786 nimis
1421 5734 1437 5769 :
1474 5728 1527 5770 et
1562 5719 1690 5779 loco,
1731 5723 1920 5786 fugim-

329 5787 414 5850 da,
444 5789 592 5837 habet
623 5799 737 5837 cum
770 5792 844 5834 Er.
865 5819 880 5847 ,
913 5783 1146 5849 fugiendi.
1182 5784 1470 5834 Emendatur
1505 5796 1570 5834 ex
1593 5790 1700 5836 Mss.

1997 397 2218 452 incidere
2243 400 2294 452 in
2334 415 2515 458 manus
2542 407 2764 468 vestras,
2791 416 2944 471 quam
2982 417 3188 472 peccare
3226 409 3286 480 in
3317 413 3583 476 cpnspectl

1999 489 2091 543 Dei
2117 489 2285 560 (Dan.
2314 507 2404 544 xui
2427 534 2440 554 ,
2470 492 2578 560 “25)
2605 535 2617 556 ,
2651 493 2694 546 si
2727 491 2870 548 Deus
2899 479 3022 570 eam;
3068 493 3235 550 fuerat
3256 479 3286 562 ,ν
3312 510 3417 564 non
3459 499 3581 566 quia

2000 583 2302 651 pudicitiam
2346 585 2635 654 nuptialem
2667 585 2910 640 servabat
2939 571 3292 656 liberaturus,
3334 589 3430 643 sed
3458 593 3582 660 quia

1997 688 2246 746 nupserat
2273 677 2666 736 damnaturus?
2692 681 2754 736 Et
2786 697 2926 736 nunc
2967 683 3177 752 quoties
3206 683 3424 760 castitas
3449 698 3582 740 con-

1992 768 2182 838 jugalis
2212 770 2466 826 adversus
2515 774 2933 829 calumniatores
2975 757 3453 846 criminatoresqtle
3489 759 3586 834 mi.

1997 861 2226 930 ptiaruin
2249 863 2538 932 Scripturre
2569 875 2766 920 sanctae
2804 868 3027 920 veritate
3065 869 3300 922 munitur
3324 885 3337 933 ;
3359 851 3524 931 toties
3554 882 3584 924 a

1995 953 2190 1022 Spiritu
2231 967 2414 1009 sancto
2453 966 2637 1011 contra
2672 958 2830 1020 falsos
2865 968 3026 1012 testes
3055 959 3298 1014 Susanna
3338 944 3584 1026 defendi-

1998 1056 2114 1114 tur,
2149 1048 2304 1103 toties
2329 1066 2355 1102 a
2388 1051 2518 1104 talso
2548 1050 2772 1106 crimine
2798 1053 3073 1118 liberatur,
3105 1061 3156 1107 et
3189 1053 3354 1107 multo
3384 1051 3584 1128 majora

1995 1141 2228 1210 negotio.
2255 1141 2401 1195 Tunc
2445 1145 2584 1196 enim
2629 1143 2717 1198 uni
2763 1143 3090 1216 conjugattc,
3124 1160 3262 1199 nunc
3292 1127 3582 1213 omnibus;

1996 1239 2118 1284 tunc
2154 1232 2218 1286 de
2248 1234 2455 1288 occulto
2492 1243 2545 1288 et
2592 1232 2726 1288 falso
2763 1235 3058 1302 adulterio,
3102 1251 3242 1289 nunc
3277 1234 3345 1290 de
3370 1250 3498 1289 vero
3532 1242 3585 1292 et

1995 1324 2274 1377 manifesto
2297 1326 2562 1379 connubio
2586 1327 2786 1380 crimen
2815 1327 3124 1381 intenditur.
3153 1327 3305 1381 Tunc
3333 1343 3432 1382 una
3463 1311 3580 1380 mu?

1993 1421 2091 1475 lier
2121 1437 2182 1475 ex
2215 1437 2279 1476 eo
2305 1423 2444 1492 quod
2491 1423 2653 1492 iniqui
2685 1424 2926 1478 seniores
2967 1423 3243 1489 dicebant,
3282 1438 3423 1484 nunc
3463 1437 3581 1476 om-

1995 1531 2090 1568 nes
2129 1515 2299 1568 mariti
2349 1526 2401 1570 et
2441 1532 2634 1571 uxores
2672 1533 2739 1572 ex
2783 1534 2847 1572 eo
2887 1517 3028 1588 quod
3079 1518 3368 1588 Apostolus
3404 1517 3583 1596 dicere

1996 1605 2184 1666 noluit,
2216 1618 2550 1662 accusantur.
2580 1609 2980 1664 Damnationem
3003 1611 3198 1682 quippe
3223 1620 3474 1682 vestram,
3505 1610 3582 1680 in-

1995 1697 2182 1766 quiunt
2205 1739 2218 1760 ,
2241 1699 2404 1752 tacuit
2430 1741 2444 1764 ,
2476 1714 2596 1754 cum
2619 1701 2724 1764 ait,
2759 1701 2869 1772 Ego
2895 1711 3059 1755 autem
3094 1702 3230 1755 vobis
3251 1718 3425 1774 parco.
3454 1701 3584 1772 Quis

1996 1788 2096 1842 hoc
2122 1790 2144 1842 ?
2170 1789 2368 1860 Nempe
2396 1790 2484 1844 ille
2512 1793 2600 1862 qui
2632 1794 2874 1862 superius
2904 1793 3109 1847 dixerat
3139 1793 3244 1847 :Et
3265 1794 3308 1848 si
3328 1792 3584 1862 acceperis

1995 1896 2220 1946 uxorem,
2253 1899 2349 1934 non
2374 1885 2587 1952 peccasti
2612 1900 2629 1945 ;
2653 1893 2698 1935 ct
2722 1884 2765 1936 si
2802 1885 3027 1953 nupserit
3046 1884 3218 1954 virgo,
3259 1900 3360 1938 non
3391 1891 3581 1952 peccat.

1995 1973 2101 2028 Cur
2133 1975 2287 2044 igitur
2329 1976 2377 2037 in
2423 1991 2486 2029 eo
2518 1976 2656 2046 quod
2685 1976 2923 2029 modeste
2970 1971 3172 2042 tacuit,
3213 1975 3582 2048 conjugiorurn

1995 2069 2338 2138 suspicamini
2393 2070 2643 2134 crimen;
2691 2078 2744 2122 et
2793 2069 2846 2122 in
2887 2084 2953 2124 eo
3005 2067 3146 2140 quod
3191 2077 3371 2140 aperte
3413 2066 3580 2133 dixit,

1996 2161 2363 2230 conjugiorum
2403 2177 2506 2214 non
2562 2161 2849 2232 agnoscitis
2898 2159 3259 2240 defensionem
3362 2159 3443 2223 An
3492 2172 3590 2240 eos

1996 2254 2212 2314 damnat
2249 2253 2471 2322 tacitus,
2505 2231 2639 2326 quos
2680 2252 2886 2305 locutus
2933 2231 3208 2306 absolvit?
3251 2233 3440 2328 Nonne
3473 2231 3588 2328 jam:

1998 2349 2177 2402 mitius
2204 2356 2485 2402 accusatur
2515 2344 2781 2412 Susanna,
2828 2359 2932 2400 non
2978 2340 3044 2399 de
3071 2339 3339 2414 conjugio,
3381 2338 3474 2394 sed
3519 2338 3592 2406 de

1997 2438 2114 2510 ipso
2155 2437 2447 2502 adulterio,
2481 2451 2638 2506 quam
2668 2435 2906 2490 doctrina
2945 2435 3233 2504 apostolica
3265 2433 3332 2489 de
3361 2432 3585 2489 menda-

1998 2531 2081 2583 cio
2108 2529 2130 2582 ?
2158 2529 2292 2594 Quid
2321 2529 2372 2582 in
2401 2537 2547 2581 tanto
2575 2529 2811 2598 periculo
2841 2527 3140 2602 faceremus
3160 2568 3175 2594 ,
3203 2527 3304 2580 nisi
3337 2536 3442 2582 tam
3465 2540 3586 2582 cer-

1998 2630 2109 2674 tum
2151 2628 2501 2689 aprtumque
2540 2629 2682 2673 esset
2730 2620 2948 2687 pudicas
2993 2619 3203 2686 nuptias
3247 2632 3350 2692 non
3391 2616 3590 2696 debere

1997 2711 2260 2778 damnari,
2287 2727 2444 2781 quam
2467 2720 2668 2764 certum
2693 2721 3042 2782 apertumrpie
3068 2720 3150 2764 est
3175 2719 3412 2764 sanctam
3443 2707 3588 2764 Scri-

1998 2814 2204 2874 pturam
2229 2819 2332 2857 non
2367 2818 2520 2871 posse
2549 2801 2762 2858 mentiri
2792 2804 2813 2854 '?

2068 2893 2292 2951 CAPUT
2334 2895 2664 2950 XXl.—2L
2705 2893 3020 2966 Virginitatis
3044 2895 3246 2949 laudem
3281 2903 3328 2949 et
3358 2894 3592 2970 meritum

2003 3005 2109 3042 esse
2132 2990 2316 3058 nmjus,
2341 3006 2454 3042 cum
2492 2990 2684 3059 nuptiae
2707 2981 2809 3041 non
2833 2999 3072 3061 umquam
3108 2989 3256 3042 mala:
3285 2989 3587 3064 devitantur.

2002 3080 2097 3136 llic
2134 3080 2272 3134 dicet
2307 3081 2495 3148 aliquis
2528 3098 2540 3134 :
2566 3080 2690 3150 quid
2718 3081 2818 3134 hoc
2846 3083 3073 3150 pertinet
3103 3081 3168 3134 ad
3198 3096 3404 3134 sacram
3433 3080 3592 3150 virgi-

2001 3174 2254 3234 nitatem,
2291 3173 2369 3228 vel
2411 3182 2723 3242 perpetuam
2754 3173 3134 3246 cominentiam
3157 3212 3172 3240 ,
3208 3173 3358 3242 cujus
3395 3172 3590 3244 praedi--

1999 3265 2140 3320 catio
2163 3265 2262 3316 isto
2283 3279 2530 3317 sermone
2547 3277 2789 3334 suscepta
2817 3274 2898 3318 est
2919 3265 2941 3317 ?
2961 3265 3053 3320 Cui
3077 3265 3375 3335 respondeo
3396 3266 3585 3335 primo,

2001 3355 2140 3425 quod
2179 3357 2426 3424 superius
2452 3357 2898 3433 commemoravi,
2940 3373 3008 3411 ex
3044 3357 3143 3430 hoc
3167 3359 3389 3428 gloriam
3425 3345 3600 3430 nian

2001 3447 2077 3501 ris
2125 3447 2263 3500 illius
2305 3447 2425 3500 Ι)οιιί
2455 3461 2572 3501 esse.
2601 3448 2889 3516 majorem,
2921 3447 3058 3518 quod
3087 3449 3204 3520 ejus
3233 3449 3592 3520 adipiscenda;

2002 3552 2158 3593 causa
2189 3538 2385 3592 bonum
2417 3541 2692 3608 cenjugale
2723 3540 3147 3606 transcenditur,
3182 3557 3283 3612 non
3314 3551 3596 3614 peccatum

2003 3629 2234 3699 conjugii
2278 3613 2564 3684 devitatur.
2613 3631 2863 3700 Alioquin
2899 3640 3166 3705 perpetua;
3208 3613 3598 3704 continentice‘,

2003 3738 2107 3778 non
2159 3723 2425 3793 praecipue
2471 3722 2703 3790 laudari,
2751 3723 2844 3777 sed
2894 3732 3099 3778 tantum
3147 3739 3251 3792 non
3303 3726 3594 3794 vituperari

2003 3815 2275 3871 sullicerct
2307 3831 2322 3879 ;
2369 3817 2412 3869 si
2446 3825 2724 3885 propterea
2762 3826 3061 3882 teneretur,
3111 3816 3361 3887 quoniam
3392 3799 3598 3884 nubere

2003 3909 2206 3964 crimen
2233 3917 2395 3962 esset.
2427 3909 2625 3963 Deinde
2652 3909 2769 3978 quia
2791 3925 2898 3962 non
2927 3909 3153 3964 humana
3184 3913 3468 3978 sententia,
3498 3911 3596 3974 sed

2005 4001 2197 4058 divinae
2249 4000 2535 4068 Scriptura:
2577 4002 2891 4070 auctoritate
2932 4001 2997 4054 ad
3046 4012 3150 4056 tam
3195 4003 3464 4068 excellens
3497 4001 3598 4064 do-

2006 4111 2133 4150 num
2157 4093 2402 4149 homines
2424 4094 2740 4168 exhortandi
2763 4105 2906 4166 sunt,
2937 4109 3039 4150 non
3064 4096 3402 4154 mediocriter
3423 4073 3602 4165 neque

2007 4175 2393 4257 prietereunter
2419 4186 2679 4254 agendum
2721 4195 2802 4240 est
2826 4229 2838 4250 ,
2871 4202 2936 4240 ne
2967 4186 3210 4256 cuiquam
3259 4188 3370 4257 ipsa
3418 4187 3597 4250 divina

2008 4277 2279 4347 Scriptura
2337 4277 2387 4330 in
2434 4277 2614 4347 aliquo
2669 4278 2890 4332 mentita
2936 4277 3195 4332 videatur.
3239 4277 3601 4334 Dehortantur

2008 4357 2153 4424 enim
2197 4369 2373 4439 potius
2405 4384 2563 4440 quam
2608 4369 2954 4426 exhortantur
2984 4370 3215 4440 virgines
3243 4386 3422 4428 sacras
3446 4409 3461 4436 ,
3507 4370 3598 4441 qui

2010 4476 2101 4514 cas
2119 4461 2196 4514 sic
2216 4476 2532 4530 permanere
2555 4462 2854 4530 nuptiarum
2883 4462 3226 4530 damnatione
3249 4465 3597 4534 compellunt.

2010 4552 2165 4610 Unde
2195 4553 2336 4608 enim
2365 4554 2635 4607 Conﬁdam
2669 4570 2853 4608 verum
2881 4569 2998 4608 esse
3027 4555 3168 4625 quod
3195 4556 3449 4626 scriptum
3484 4565 3600 4621 est,

2013 4641 2081 4697 Et
2125 4644 2211 4712 qui
2242 4660 2340 4696 non
2380 4644 2466 4696 dat
2497 4653 2744 4713 nuptum,
2776 4645 2952 4698 melius
2995 4647 3118 4715 facit
3148 4661 3164 4714 ;
3193 4649 3237 4701 si
3269 4647 3460 4714 falsum
3509 4662 3604 4715 pu-

2011 4741 2125 4788 tant
2155 4749 2272 4787 esse
2315 4734 2455 4804 quod
2483 4734 2631 4804 juxta
2677 4735 2925 4803 superius
2963 4735 3305 4808 nihilominus
3344 4737 3601 4804 scriptum

2012 4834 2121 4892 est,
2167 4823 2230 4877 Et
2265 4825 2354 4896 qui
2377 4825 2466 4878 dat
2503 4826 2744 4898 virginem
2773 4844 2950 4892 suam,
2981 4829 3102 4882 bene
3125 4828 3295 4898 facit!
3330 4828 3386 4883 Si
3423 4837 3604 4896 autem

2015 4918 2248 4988 loquenti
2284 4916 2570 4986 Scriptura:
2613 4918 2680 4988 de
2717 4919 3019 4989 nuptiarum
3055 4919 3198 4982 bono
3245 4918 3606 4985 indubitanter

2015 5009 2372 5073 crediderint,
2415 5008 2600 5063 eadem
2637 5009 2871 5064 caelestis
2898 5010 3093 5079 eloquii
3128 5007 3464 5064 veracissima
3504 5025 3605 5074 au-

2016 5103 2262 5156 ctoritate
2301 5101 2522 5154 ﬁrmatae
2554 5101 2618 5158 ad
2659 5103 2846 5156 melius
2874 5118 3028 5168 suum
3065 5101 3288 5166 ferventi
3329 5115 3393 5162 ac
3423 5101 3608 5178 ﬁdenti

2019 5195 2292 5248 alacritate
2329 5202 2714 5247 transcurrent.
2744 5193 2896 5248 Unde
2931 5193 3040 5261 jam
3080 5193 3210 5245 satis
3233 5207 3330 5260 pro
3360 5203 3609 5262 suscepto

2019 5286 2234 5356 negotio
2261 5284 2492 5338 diximus
2513 5327 2525 5348 ,
2554 5293 2607 5339 et
2632 5295 2886 5353 quantum
2918 5284 3188 5354 potuimus
3214 5284 3610 5358 demonstravi-

2021 5391 2168 5440 mus,
2223 5391 2320 5430 nec
2360 5376 2486 5428 illud
2517 5375 2656 5444 quod
2688 5375 2760 5426 ait
2797 5374 3113 5443 Apostolus,
3163 5374 3412 5431 Existimo
3442 5388 3613 5434 autem

2024 5473 2118 5524 hoc
2163 5471 2346 5523 bonum
2389 5485 2494 5522 esse
2531 5477 2734 5538 propter
2779 5477 3070 5536 praesentem
3109 5471 3452 5524 necessitatem
3475 5511 3491 5537 ,
3537 5472 3614 5526 sic

2026 5575 2146 5614 esse
2185 5559 2551 5628 accipiendum
2575 5600 2588 5622 ,
2621 5567 2870 5628 tanquam
2912 5560 2962 5613 in
2996 5557 3099 5614 hoc
3133 5561 3332 5616 saeculo
3363 5563 3614 5617 meliores

2027 5655 2133 5706 sint
2164 5667 2328 5705 sacra:
2358 5651 2585 5716 virgines
2620 5649 2859 5704 fidelibus
2888 5653 3182 5721 coniugatis
3201 5693 3214 5717 ,
3245 5654 3296 5708 in
3327 5668 3495 5722 regno
3520 5668 3616 5706 aur-

2081 5787 2115 5848 }
2138 5784 2272 5845 editi,
2297 5781 2599 5834 commentae
2615 5783 2804 5834 bonum.
2829 5787 2993 5846 Abest,
3015 5784 3207 5849 balani,
3225 5798 3257 5837 ι
3275 5791 3388 5837 ιω.
