4070 6334
451 397 556 454 407

444 527 552 571 tem
585 511 840 569 caelorum
881 514 1043 578 atque
1068 506 1120 561 in
1150 503 1329 559 futuro
1358 501 1556 557 saeculo
1576 513 1734 570 pares
1761 497 1864 552 sint
1895 510 1907 548 :
1939 506 2040 549 nec

444 603 576 660 illud
600 603 687 660 ubi
705 602 779 656 ait
796 600 864 656 de
884 596 1225 665 nubentibus,
1255 592 1651 650 Tribulationem
1677 598 1845 643 autem
1871 585 2039 640 carnis

443 695 695 750 habebunt
722 690 1038 763 hujusmodi,
1068 705 1158 761 ego
1184 696 1351 741 autem
1375 684 1513 740 vobis
1540 699 1695 753 parco
1716 682 1759 752 (ι
1784 679 1905 735 Cor.
1938 694 2033 746 vu,

444 789 537 855 38,
565 787 663 852 26,
690 785 785 857 28)
807 826 822 852 ,
864 785 938 839 ita
967 780 1401 851 intelligendum,
1446 787 1700 848 tanquam
1732 774 2037 844 nuptiarum

443 889 724 953 peccatum
751 886 807 934 et
845 876 1241 933 damnationem
1272 872 1520 927 maluerit
1546 880 1721 924 tacere
1763 881 1923 937 quam
1951 864 2036 919 di-

442 989 589 1031 cere.
622 972 820 1027 Harum
865 969 1061 1040 quippe
1086 966 1311 1022 duarum
1339 962 1723 1019 sententiarum
1760 956 2033 1027 singulas,

443 1066 552 1121 duo
595 1079 809 1121 errores
852 1061 1068 1117 sibimet
1110 1056 1366 1115 contrarii
1400 1070 1508 1110 non
1558 1068 1650 1108 eas
1692 1048 2037 1120 intelligendo

440 1166 747 1215 tenuerunt.
775 1155 920 1210 lllam
947 1153 1088 1209 enim
1117 1152 1184 1207 de
1208 1148 1455 1221 praesenti
1491 1144 1808 1203 necessitate
1837 1142 1910 1197 illi
1943 1156 2037 1211 pro

442 1265 502 1306 se
556 1250 1015 1317 interpretantur,
1070 1244 1162 1315 qui
1228 1242 1490 1297 nubentes
1549 1253 1655 1292 non
1716 1233 2037 1291 nubentibus

440 1330 656 1412 aequare
684 1339 1018 1395 contendunt
1048 1354 1062 1390 :
1113 1336 1251 1391 hanc
1278 1348 1407 1389 vero
1434 1330 1521 1386 ubi
1552 1330 1751 1385 dictum
1781 1335 1891 1394 est,
1927 1324 2037 1397 Ego

442 1443 614 1488 autem
639 1431 777 1486 vobis
809 1447 983 1501 parco,
1015 1429 1088 1483 illi
1120 1428 1210 1499 qui
1248 1426 1513 1481 nubentes
1540 1422 1803 1477 damnare
1828 1434 2035 1490 pracsu-

398 1502 613 1585 imunt.
667 1523 777 1579 Nos
816 1532 996 1577 autem
1039 1518 1333 1575 secundum
1378 1516 1775 1585 Scripturarum
1823 1518 2043 1591 sancta-qv

440 1633 562 1673 rum
594 1615 752 1671 ﬁdem
791 1628 1083 1683 sanamque
1111 1610 1406 1667 doctrinam
1427 1649 1443 1675 ,
1481 1622 1582 1661 nec
1610 1613 1887 1677 peccatum
1917 1616 2043 1676 esse

444 1708 673 1764 dicimus
708 1706 953 1777 nuptias,
984 1712 1040 1759 et
1066 1717 1252 1759 earum
1281 1710 1458 1756 tamen
1487 1700 1688 1754 bonum
1728 1710 1838 1750 non
1860 1694 2035 1749 solum

439 1799 574 1854 infra
592 1798 920 1869 virginalem,
939 1811 1122 1851 verum
1145 1796 1307 1850 etiam
1328 1791 1461 1846 infra
1477 1789 1743 1845 vidualem
1758 1787 2041 1869 continent

401 1886 412 1969 ξ
438 1890 568 1944 tiam
594 1889 965 1944 constituimus
988 1904 1002 1953 ;
1031 1894 1453 1956 praesentemque
1477 1878 1847 1936 necessitatem
1860 1878 2039 1948 conju-

438 1990 703 2052 gatorum,
731 1994 839 2034 non
864 1977 1078 2049 quidem
1100 1977 1166 2031 ad
1197 1977 1356 2031 vitam
1372 1982 1649 2041 aeternam,
1671 1980 2037 2027 verumtamen

437 2076 506 2131 ad
532 2075 880 2130 excellentem
908 2073 1128 2144 gloriam
1154 2078 1209 2125 et
1231 2069 1487 2125 honorem
1507 2067 1595 2138 qui
1616 2074 1886 2137 perpetuae
1905 2079 2036 2120 con-

438 2169 675 2224 tinentiae
692 2176 1014 2231 reservatur,
1030 2162 1289 2234 impedire
1304 2175 1486 2217 eorum
1505 2159 1751 2215 meritum
1768 2157 1995 2212 dicimus
2017 2172 2035 2224 ;

438 2278 616 2332 neque
640 2261 742 2317 hoc
768 2268 1012 2331 tempore
1037 2258 1142 2312 nisi
1181 2256 1258 2310 eis
1287 2254 1378 2325 qui
1405 2269 1463 2309 se
1492 2268 1598 2308 non
1629 2253 1907 2307 continent
1938 2264 2039 2303 nu-

440 2354 584 2428 ptias
622 2352 875 2422 expedire
906 2392 921 2417 ,
970 2347 1475 2415 tribulationemque
1516 2343 1695 2400 carnis
1736 2358 1801 2397 ex
1844 2340 2036 2395 aﬁ‘ectu

439 2445 639 2502 carnali
678 2442 1012 2507 venientem,
1052 2440 1166 2494 sine
1210 2452 1318 2508 quo
1361 2435 1559 2505 nuptiae
1589 2431 2035 2488 incontinentiam

443 2551 565 2592 esse
609 2552 717 2591 non
762 2540 1024 2604 possunt,
1072 2544 1174 2585 nec
1220 2537 1403 2583 tacere
1439 2526 1671 2581 voluisse
1720 2522 2034 2592 Apostolum

437 2643 567 2685 vera
596 2634 1012 2699 praemonentem
1038 2665 1053 2687 ,
1094 2637 1193 2678 nec
1228 2620 1437 2692 plenius
1462 2618 1729 2688 explicare
1757 2613 2033 2670 hominum

440 2719 733 2775 inﬁrmitati
759 2728 1090 2788 parcentem.
1799 2708 1869 2739 σο
1897 2718 1910 2725 -

510 2809 737 2866 CAPUT
774 2806 940 2864 XXII.
964 2805 1139 2860 -22.
1192 2803 1469 2875 Virginitas
1506 2817 1608 2856 non
1651 2808 1857 2870 prapter
1902 2800 2034 2853 hanc

439 2901 613 2967 vitam,
637 2900 727 2955 sed
748 2908 955 2969 propter
985 2902 1209 2969 futuram
1235 2895 1491 2966 diligenda
1511 2892 1791 2947 ostenditur
1819 2907 1881 2945 ex
1903 2889 2034 2961 Apo-

440 2991 593 3047 stola.
647 2991 798 3046 Nunc
831 2990 941 3060 jam
985 2989 1381 3059 Scripturarum
1418 2985 1719 3040 divinarum
1745 2983 2034 3039 evidentis-

439 3084 595 3141 simis
621 3083 963 3148 testimoniis,
997 3097 1116 3152 quae
1156 3096 1257 3151 pro
1285 3088 1483 3135 nostra:
1512 3078 1786 3133 memoriae
1814 3078 2031 3134 modulo

437 3173 710 3231 recordari
742 3173 1092 3238 valuerimus,
1138 3171 1335 3227 clarius
1378 3178 1633 3239 appareat
1666 3183 1773 3225 non
1814 3178 2032 3240 propter

437 3277 758 3339 praesentem
794 3266 953 3335 hujus
990 3264 1173 3320 saeculi
1198 3264 1393 3329 vitam,
1426 3262 1521 3318 sed
1560 3270 1778 3333 propter
1802 3262 2031 3317 futuram

438 3375 560 3432 qua:
588 3361 641 3414 in
674 3346 841 3429 regno
866 3358 1127 3414 caelorum
1156 3356 1481 3424 promittitur
1502 3397 1517 3423 ,
1547 3365 1858 3426 perpetuam
1895 3369 2029 3410 cou-

437 3453 718 3510 tinentiam
746 3451 1067 3522 diligendam
1097 3450 1137 3503 ⁸.
1169 3450 1300 3518 Quis
1327 3456 1506 3503 autem
1531 3448 1634 3502 hoc
1655 3462 1761 3502 non
1790 3447 2030 3502 advertat

434 3545 493 3603 in
530 3560 597 3600 eo
625 3544 767 3616 quod
797 3544 956 3615 paulo
994 3550 1116 3613 post
1159 3542 1301 3597 idem
1329 3541 1603 3611 apostolus
1645 3540 1720 3595 ait
1751 3556 1764 3593 :
1796 3539 1896 3605 Qui
1922 3540 2030 3594 sine

435 3654 597 3695 mre
617 3646 712 3704 est,
737 3638 919 3707 cogitat
941 3652 1001 3690 ea
1018 3651 1133 3705 qua:
1158 3644 1271 3689 sunt
1299 3634 1529 3699 Domini,
1554 3632 1807 3703 quomodo
1828 3632 2030 3703 placeat

437 3726 663 3788 Domino
686 3744 704 3791 ,'
732 3728 817 3796 qui
847 3736 1018 3779 autem
1042 3726 1365 3778 matrimonio
1389 3725 1601 3794 junctus
1622 3732 1729 3788 est,
1758 3723 1943 3793 cogitat
1969 3739 2030 3777 ea

437 3832 553 3887 qum
576 3824 694 3869 sunt
730 3815 935 3879 mundi,
974 3814 1226 3884 quomodo
1256 3813 1452 3883 placeat
1679 3810 1750 3865 Et
1777 3812 1939 3865 divisa
1957 3819 2029 3866 est

436 3909 619 3963 mulier
654 3909 868 3978 innupta
908 3918 953 3961 et
993 3908 1128 3977 virgo
1165 3923 1185 3960 :
1220 3922 1333 3977 quin
1370 3907 1585 3976 innupta
1618 3914 1692 3959 est
1715 3907 1768 3970 ³,
1808 3906 2029 3961 sollicita

438 4009 512 4055 est
535 4015 650 4071 qua:
672 4007 789 4053 sunt
810 3997 1034 4063 Domini,
1062 4007 1117 4051 ut
1142 3998 1205 4051 sit
1224 4007 1401 4052 sancta
1426 4005 1472 4050 et
1496 4011 1708 4065 corpore
1735 4004 1782 4050 et
1809 3997 2027 4066 spiritu;

436 4104 552 4160 quae
575 4098 744 4143 autem
772 4100 929 4157 nupta
956 4098 1047 4154 est,
1075 4088 1293 4141 sollicita
1315 4097 1388 4142 est
1414 4103 1528 4156 qua!
1551 4096 1668 4142 sunt
1689 4088 1884 4154 mundi,
1912 4105 2028 4157 quo-

436 4182 590 4237 modo
628 4182 822 4252 placeat
850 4184 955 4234 uiro
986 4178 1029 4249 (ι
1047 4179 1164 4233 Cor.
1189 4195 1283 4246 vu,
1307 4180 1470 4234 52-34
1489 4180 1508 4250 )
1530 4180 1551 4233 ἲ
1571 4179 1688 4235 Νοη
1706 4180 1886 4249 utique
1921 4181 2023 4248 ait,

436 4273 647 4345 Cogitat
669 4288 733 4328 ea
757 4288 876 4343 qua:
901 4272 1200 4327 securitatis
1233 4278 1357 4325 sunt
1378 4273 1433 4324 in
1460 4270 1561 4325 hoc
1585 4272 1803 4336 saeculo,
1832 4280 1891 4325 ut
1910 4271 2026 4326 sine

435 4364 771 4434 gravioribus
806 4364 1065 4418 moleStiis
1115 4372 1326 4432 tempus
1379 4362 1635 4433 transigat
1676 4380 1691 4429 ;
1735 4377 1911 4433 neque
1958 4364 2028 4419 ad

400 4457 541 4519 11100
579 4456 803 4510 divisam
844 4455 971 4509 dicit
1000 4455 1274 4523 innuptam
1305 4462 1359 4508 et
1394 4453 1653 4524 virginem
1698 4455 1766 4510 ab
1797 4470 1860 4510 ea
1904 4470 2026 4525 qua:

403 4545 600 4619 inupta
623 4555 738 4614 est,
771 4548 823 4603 id
862 4556 944 4603 est
973 4547 1279 4602 distinctam
1317 4555 1476 4617 atque
1505 4545 1820 4613 discretam,
1855 4555 1912 4601 ut
1940 4550 2025 4602 iu-

438 4648 603 4710 nupta
631 4641 683 4694 in
715 4639 815 4694 hac
852 4639 961 4693 vita
988 4652 1174 4694 secura
1206 4638 1278 4693 sit
1306 4646 1522 4707 propter
1548 4639 1872 4707 temporales
1909 4654 2025 4693 mo-

402 4800 409 4805 _
436 4733 620 4789 lestias
658 4731 960 4797 evitandas,
1006 4730 1201 4800 quibus
1230 4740 1393 4800 nupta
1422 4746 1527 4784 non
1556 4739 1705 4786 caret
1733 4748 1745 4786 :
1778 4731 1893 4798 sed,
1922 4732 2024 4788 Ca-

436 4827 580 4896 gitat,
612 4825 819 4895 inquit,
859 4839 972 4891 quae
997 4833 1114 4879 sunt
1144 4822 1382 4888 Domini,
1413 4824 1663 4892 quomodo
1691 4824 1886 4895 placeat
1911 4823 2026 4878 Do—

438 4919 595 4983 mino,
629 4927 676 4971 et
713 4916 930 4971 sollicita
968 4925 1041 4969 est
1064 4931 1177 4984 qua:
1212 4925 1327 4969 sunt
1362 4914 1565 4968 Domini
1595 4914 1638 4982 ³,
1667 4924 1722 4968 ut
1760 4916 1824 4969 sit
1848 4925 2024 4971 sancta

437 5017 484 5061 et
512 5024 722 5079 corpore
762 5016 809 5061 et
845 5007 1046 5077 spiritu.
1079 5005 1190 5060 Nisi
1229 5005 1367 5061 forte
1408 5020 1578 5075 usque
1624 5005 1757 5061 adeo
1800 5008 2024 5077 quisque

438 5099 753 5170 insipienter
797 5098 1159 5153 contentiosus
1207 5106 1320 5162 est,
1368 5106 1425 5152 ut
1463 5108 1687 5154 conetur
1741 5113 2020 5170 asserere,

439 5203 544 5246 non
584 5199 805 5261 propter
825 5204 1047 5261 regnum
1073 5189 1331 5245 caelorum
1352 5230 1368 5255 ,
1409 5188 1505 5245 sed
1540 5198 1757 5261 propter
1783 5205 2020 5261 praesens

501 5364 619 5430 {sic
649 5364 861 5430 editl.__At
880 5374 1005 5426 Mss.,

501 5426 524 5501 .'
545 5424 1003 5501 92.51%th
1040 5424 1213 5501 ἠυξίεῑ
1248 5431 1446 5501 nterea;
1463 5431 1511 5501 et
1540 5426 1674 5490 υίνθο
1694 5439 1803 5501 qua
1823 5427 2022 5501 mea

437 5488 511 5535 est
540 5496 557 5535 :
580 5485 790 5548 sollicita
805 5495 876 5538 est
899 5500 1008 5548 qua:
1029 5495 1140 5539 sunt
1176 5485 1381 5539 Dontini.
1407 5485 1551 5539 Multo
1572 5485 1853 5538 mendosius
1874 5485 2022 5541 editio

438 5553 703 5620 postpost,
741 5547 927 5618 placeat
954 5550 1138 5620 μων-ξι.
1157 5553 1466 5620 prosequitur
1494 5552 1563 5599 sic
1601 5565 1613 5599 :
1648 5548 1897 5620 et
1926 5557 2019 5620 est.

438 5605 611 5659 Mulier
633 5605 779 5676 etiam
798 5607 997 5673 innupta
1030 5605 1234 5662 sollicita
1254 5605 1457 5676 est'qute
1476 5620 1585 5676 sum
1610 5611 1816 5676 Domita.
1846 5612 2018 5662 Redin-

438 5668 816 5737 tegraturlocus
830 5668 925 5732 ope
950 5668 1389 5737 vetustissimorum
1420 5673 1652 5737 codicum,
1679 5674 1758 5724 hic
1782 5680 1833 5724 et
1855 5687 2018 5737 supra,

438 5682 662 5779 tegratur
682 5682 816 5719 locus
830 5684 925 5732 ope
950 5682 1361 5724 vetustissimorum

438 5731 487 5781 in
506 5731 717 5804 _ibro_de
738 5733 1143 5804 Bonotnzonjugali,
1158 5748 1262 5804 cap.
1286 5737 1361 5804 1Q.

507 5750 632 5781 ΙΙΙ)Γο
654 5750 717 5780 UB
742 5750 866 5781 nono
881 5750 1143 5796 (Dnlugall,
1158 5750 1210 5783 C3
1252 5772 1262 5784 ο
1286 5750 1361 5787 Ίυ.

504 5795 591 5863 ἓιη
611 5800 714 5844 Mss.
749 5795 1000 5863 omittitur,
1027 5750 1260 5859 quomodb
1297 5798 1485 5862 placeat
1508 5798 1726 5863 Domino,
1750 5805 1796 5852 et
1816 5796 2023 5853 sollicita

438 5854 994 5919 «mmmam

1382 384 1473 442 DE
1509 380 1780 443 SANCTA
1818 375 2281 445 VIRGINITATE,
2325 378 2385 434 S.
2427 373 2796 435 AUGUSTINI

3627 382 3736 439 408

2147 490 2404 545 saeculum
2457 490 2681 545 Domino
2726 490 2937 561 placere
2986 503 3085 545 nos
3136 490 3274 547 velle
3295 532 3312 559 ,
3373 500 3466 548 aut
3517 505 3738 566 pr0pter

2140 583 2308 637 vitam
2338 583 2515 647 istam,
2558 598 2665 637 non
2708 591 2926 654 propter
2952 591 3209 639 aeternam
3263 597 3384 639 esse
3428 594 3641 641 sanctas
3681 596 3740 643 et

2146 688 2369 744 corpore
2396 674 2678 744 etspiritu.
2725 673 2838 728 Hoc
2875 674 3127 741 credere,
3160 674 3287 745 quid
3308 683 3391 730 est
3419 676 3594 744 aliud,
3632 679 3739 735 nisi

2143 764 2587 820 miserabiliorem
2629 779 2749 820 esse
2788 766 3036 820 omnibus
3071 764 3429 820 hominibus?
3461 766 3549 822 Sic
3587 768 3735 823 enim

2144 857 2431 926 Apostolus
2476 857 2554 911 ait
2582 874 2595 910 :
2626 856 2688 911 Si
2732 858 2786 911 in
2815 857 2909 910 hac
2935 857 3036 911 vita
3072 866 3268 911 tantum
3308 858 3362 911 in
3391 857 3591 914 Christo
3617 878 3739 932 spe-

2143 956 2312 1001 rantes
2337 964 2508 1002 sumus
2526 989 2541 1016 ,
2572 947 2953 1002 miserabiliores
2979 964 3154 1001 sumus
3189 949 3418 1002 onmibus
3448 950 3739 1006 hominibus

2145 1037 2203 1109 (l
2256 1037 2376 1094 Cor.
2430 1055 2529 1105 xv,
2584 1036 2705 1109 l9).
2758 1041 2838 1092 An
2867 1054 2994 1093 vero
3022 1039 3111 1109 qui
3137 1036 3334 1110 frangit
3362 1054 3553 1110 panem
3574 1056 3738 1097 suum

2144 1129 2434 1196 esurienti,
2467 1130 2512 1184 si
2540 1138 2744 1185 tantum
2769 1140 2986 1201 propter
3012 1130 3149 1185 hanc
3178 1131 3340 1186 vitam
3365 1130 3507 1198 facit,
3537 1133 3736 1190 stultus

2144 1228 2226 1275 est
2256 1228 2355 1295 ;get
2394 1220 2482 1276 ille
2511 1222 2613 1275 erit
2651 1220 2921 1291 prudens,
2965 1221 3058 1291 qui
3098 1222 3322 1293 castigat
3348 1238 3546 1293 corpus
3574 1239 3735 1280 suum

2144 1326 2311 1382 usque
2330 1313 2399 1367 ad
2435 1314 2818 1367 continentiam
2841 1355 2856 1380 ,
2883 1328 2986 1383 qua
3014 1328 3112 1368 nec
3136 1314 3384 1385 conjugio
3409 1316 3699 1371 misceatur
3716 1356 3735 1384 ,

2143 1403 2189 1459 si
2213 1404 2261 1459 ei
2289 1404 2420 1458 nihil
2448 1403 2691 1474 proderit
2717 1404 2772 1458 in
2792 1418 2957 1474 regno
2978 1404 3234 1459 caelorum
3262 1406 3285 1458 ‘t
3350 1396 3359 1404 ’

2212 1516 2440 1572 CAPUT
2476 1516 2666 1572 XXIII.
2689 1517 2867 1573 —25.
2917 1517 3154 1588 Idipsum
3197 1518 3440 1589 probatur
3476 1536 3539 1574 ea;
3573 1522 3737 1575 verbis

2142 1607 2368 1664 Domini.
2393 1610 2672 1665 Postremo
2693 1611 2865 1680 ipsum
2894 1611 3176 1665 Dominum
3205 1610 3485 1666 audiamus
3510 1612 3735 1667 eviden-

2142 1700 2398 1756 tissimam
2421 1703 2559 1757 hanc
2587 1702 2904 1758 sententiam
2932 1702 3310 1773 proferentem.
3337 1704 3467 1759 Nam
3503 1721 3625 1760 cum
3656 1707 3727 1761 de

2142 1791 2453 1862 coniugibus
2500 1808 2607 1847 non
2663 1794 2974 1863 separandis
3024 1794 3125 1847 nisi
3166 1808 3327 1849 causa
3362 1794 3736 1855 fornicationis

2143 1883 2321 1939 divine
2358 1899 2422 1940 ac
2464 1885 2773 1940 terribiliter
2817 1887 3158 1957 loqueretur,
3196 1888 3445 1942 dixerunt
3478 1891 3529 1942 ei
3572 1889 3738 1943 disci-

2144 1976 2255 2046 puli
2284 1994 2297 2030 :
2330 1975 2393 2032 Si
2420 1976 2536 2029 talis
2566 1986 2638 2031 est
2680 1994 2835 2031 causa
2879 1995 2993 2031 cum
3027 1995 3215 2046 uxore,
3264 1997 3365 2033 non
3407 1980 3607 2049 expedit
3638 1997 3739 2034 nu-

2143 2066 2274 2122 bere.
2306 2066 2509 2133 Quibus
2539 2067 2626 2123 ille
2660 2085 2673 2121 :
2705 2067 2828 2121 Non
2853 2086 3045 2136 omnes,
3070 2070 3263 2139 inquit,
3296 2071 3503 2141 capiunt
3529 2072 3737 2125 verbum

2143 2158 2255 2212 hoc.
2281 2157 2416 2227 Sunt
2444 2146 2577 2212 enim
2594 2158 2843 2229 spadones
2867 2160 2952 2229 qui
2979 2160 3050 2213 ita
3082 2160 3189 2213 nati
3216 2170 3336 2214 sunt
3365 2178 3388 2226 ;
3419 2172 3535 2215 sunt
3563 2172 3736 2217 autem

2142 2252 2233 2306 alii
2268 2252 2355 2322 qui
2388 2250 2450 2304 ab
2480 2251 2762 2305 hominibus
2791 2253 2910 2323 facti
2934 2262 3094 2317 sunt;
3134 2262 3180 2307 et
3206 2262 3322 2307 sunt
3358 2254 3608 2323 spadones
3645 2256 3735 2324 qui

2140 2361 2195 2397 se
2216 2344 2351 2415 ipsos
2374 2354 2719 2399 castraverunt
2747 2356 2952 2416 propter
2976 2359 3183 2411 regnum
3211 2345 3452 2400 calorum
3475 2363 3493 2401 :
3521 2348 3607 2419 qui
3636 2364 3735 2417 po-

2142 2443 2233 2488 test
2262 2451 2458 2505 capere,
2486 2438 2653 2506 capiat
2681 2434 2891 2508 (Matth.
2920 2452 3026 2502 xtx,
3060 2434 3270 2509 lO-li).
3299 2437 3436 2505 Quid
3463 2439 3729 2504 veracius,

2140 2528 2267 2597 quid
2322 2527 2545 2582 lucidius
2592 2528 2695 2582 dici
2758 2527 2986 2596 potuit?
3032 2528 3276 2583 Christus
3316 2529 3477 2596 dicit,
3520 2528 3732 2585 Veritas

2139 2620 2290 2689 dicit,
2323 2621 2505 2676 Virtus
2530 2630 2582 2677 et
2609 2620 2881 2692 Sapientia
2909 2621 3003 2675 Dei
3032 2620 3196 2688 dicit,
3228 2636 3324 2676 eos
3352 2623 3443 2691 qui
3484 2622 3572 2691 pio
3598 2637 3731 2691 pro-

2138 2714 2314 2783 posito
2343 2715 2410 2770 ab
2448 2729 2614 2770 uxore
2652 2714 2893 2769 ducenda
2936 2730 2995 2770 se
3037 2714 3399 2769 continuerint
3427 2756 3442 2779 ,
3491 2724 3732 2771 castrare

2138 2822 2199 2863 se
2218 2808 2363 2877 ipsos
2386 2817 2602 2878 propter
2626 2822 2846 2878 regnum
2873 2806 3132 2862 caelorum
3162 2825 3177 2873 ;
3207 2815 3265 2862 et
3285 2815 3472 2862 contra
3494 2806 3730 2862 humana

2137 2900 2342 2954 vanitas
2389 2899 2549 2969 impia
2602 2900 2913 2955 temeritate
2943 2898 3240 2965 contendit,
3273 2913 3367 2954 eos
3395 2900 3485 2969 qui
3513 2900 3613 2953 hoc
3650 2900 3731 2954 fa-

2137 2992 2313 3058 ciunt,
2358 2998 2677 3061 przesentem
2710 2992 3080 3047 tantummodo
3123 2994 3491 3049 necessitatem
3540 2992 3717 3048 mole-

2137 3087 2358 3141 stiarum
2388 3085 2744 3154 conjugalium
2771 3085 3027 3150 devitare,
3066 3086 3119 3139 in
3150 3101 3310 3155 regno
3336 3093 3508 3139 autem
3552 3083 3725 3140 cmic-

2136 3191 2254 3232 rum
2274 3176 2501 3245 amplius
2526 3175 2811 3247 quidquam
2837 3176 3044 3230 caeteris
3074 3191 3182 3230 non
3213 3175 3447 3231 habere?

2206 3286 2431 3343 CAPUT
2468 3285 2660 3343 XXIV.
2697 3316 2771 3328 —
2805 3286 2896 3341 ‘24.
2939 3287 3071 3341 Item
3110 3304 3172 3341 ea:
3207 3287 3364 3341 verbis
3403 3285 3574 3341 Isaiae.
3606 3285 3727 3340 Ec-

2136 3378 2289 3432 clesia
2317 3394 2528 3448 regnum
2560 3378 2799 3433 calorum
2842 3394 2936 3433 cur
2974 3378 3251 3450 appellata.
3298 3378 3375 3433 De
3399 3377 3592 3449 quibus
3620 3392 3723 3434 au-

2135 3477 2243 3525 tem
2272 3469 2599 3540 spadonibus
2620 3470 2854 3540 loquitur
2882 3470 3024 3525 Deus
3042 3485 3140 3540 per
3171 3470 3357 3526 lsaiam
3384 3470 3722 3540 prophetam,

2134 3561 2328 3631 quibus
2357 3576 2415 3617 se
2456 3561 2585 3617 dicit
2612 3561 2858 3617 daturum
2887 3563 2942 3616 in
2968 3562 3127 3617 domo
3154 3576 3250 3617 sua
3279 3563 3411 3617 etin
3440 3576 3594 3617 muro
3622 3576 3725 3617 suo

2137 3651 2311 3706 locum
2359 3654 2709 3719 nominatum,
2746 3652 3021 3708 meliorem
3069 3653 3236 3707 multo
3282 3667 3440 3723 quam
3489 3653 3722 3707 ﬁliorum

2134 3751 2293 3811 atque
2319 3743 2565 3809 ﬁliarum,
2600 3742 2704 3796 nisi
2734 3742 2801 3797 de
2828 3743 2910 3797 his
2934 3744 3024 3813 qui
3055 3759 3113 3798 se
3142 3745 3285 3814 ipsos
3326 3753 3564 3799 castraut
3589 3760 3719 3815 pro-

2134 3840 2255 3902 pter
2283 3847 2503 3902 regnum
2529 3833 2830 3889 caelorum?
2857 3833 2991 3888 Nam
3018 3835 3121 3890 illis
3147 3836 3338 3905 quibus
3368 3837 3541 3906 ipsum
3567 3837 3722 3893 virile

2133 3922 2429 3977 membrum
2461 3924 2787 3992 debilitatur,
2816 3934 2873 3979 ut
2898 3939 3156 3996 generare
3186 3941 3296 3981 non
3322 3928 3548 3997 possint,
3580 3928 3721 3982 sicut

2132 4020 2257 4067 sunt
2284 4013 2513 4068 eunuchi
2541 4014 2768 4069 divitum
2806 4023 2860 4070 et
2913 4031 3133 4086 regum,
3167 4018 3363 4073 sufﬁcit
3386 4018 3567 4087 utique
3593 4033 3720 4073 cum

2134 4104 2408 4159 christiani
2442 4108 2590 4171 ﬁunt,
2621 4116 2675 4162 et
2695 4108 2789 4163 Dei
2812 4118 3078 4179 praecepta
3100 4110 3426 4177 custodiunt,
3449 4125 3514 4166 eo
3540 4120 3720 4165 tamen

2136 4197 2408 4266 proposito
2445 4206 2587 4264 sunt,
2619 4207 2677 4252 ut
2716 4199 2968 4270 conjuges
3015 4201 3061 4256 si
3101 4202 3396 4271 potuissent
3436 4202 3716 4270 baberent,

2132 4289 2342 4343 caeteris
2371 4290 2424 4342 in
2467 4288 2628 4343 domo
2657 4289 2753 4345 Dei
2794 4292 3090 4361 conjugatis
3134 4293 3380 4349 ﬁdelibus
3423 4294 3745 4365 adaquari,

2130 4379 2221 4449 qui
2252 4379 2454 4448 prolem
2482 4379 2625 4436 licite
2650 4381 2948 4452 pudiceque
2972 4393 3270 4453 susceptam
3314 4386 3367 4440 in
3391 4386 3485 4440 Dei
3517 4386 3716 4443 timore

2132 4470 2399 4534 nutriunt,
2432 4470 2691 4526 docentes
2718 4473 2855 4528 ﬁlios
2879 4489 3005 4530 suos
3034 4483 3092 4529 ut
3120 4487 3319 4544 ponant
3348 4476 3401 4530 in
3427 4478 3536 4532 Deo
3563 4492 3717 4547 spem

2130 4574 2310 4625 suam;
2356 4570 2675 4641 nouantem
2726 4564 2973 4635 accipere
3018 4565 3293 4621 meliorem
3342 4567 3516 4622 locum
3555 4586 3718 4639 quam

2129 4661 2213 4706 est
2239 4651 2469 4707 ﬁliorum
2490 4662 2650 4724 atque
2680 4654 2926 4710 ﬁliarum.
2949 4656 3129 4726 Neque
3157 4657 3298 4712 enim
3326 4674 3519 4715 uxores
3544 4662 3717 4718 animi

2129 4744 2347 4812 virtute,
2372 4745 2466 4801 sed
2495 4746 2672 4802 carnis
2696 4749 3013 4803 necessitate
3037 4763 3141 4803 non
3165 4748 3382 4805 ducunt.
3414 4751 3719 4808 Contendat

2130 4850 2258 4891 sane
2286 4838 2377 4907 qui
2404 4838 2633 4892 voluerit
2660 4838 2726 4911 de
2756 4839 2838 4893 his
2882 4839 3203 4908 Prophetam
3246 4842 3570 4912 spadonibus
3610 4843 3747 4905 hoc.

2129 4930 2536 4998 praenuntiasse,
2565 4931 2654 5000 qui
2681 4944 2908 5000 corpore
2936 4932 3129 4987 abscisi
3158 4944 3283 4988 sunt
3315 4952 3327 4988 :
3357 4935 3458 4991 iste
3497 4950 3716 5006 quoque

2129 5034 2282 5076 error
2331 5036 2507 5077 causa:
2552 5038 2711 5093 quam
2764 5023 3095 5093 suscepimus
3137 5026 3474 5097 suffragatur.
3529 5028 3718 5100 Neque

2129 5114 2270 5168 enim
2301 5115 2564 5184 spadones
2593 5115 2833 5179 istoseis
2859 5117 2949 5186 qui
2974 5117 3026 5172 in
3055 5118 3213 5174 domo
3241 5120 3355 5190 ejus
3384 5121 3588 5176 nullum
3618 5121 3718 5176 ha-
3744 5172 3747 5177 .

2127 5205 2255 5260 bent
2287 5205 2462 5261 locum
2492 5206 2726 5275 prmtulit
2753 5208 2915 5277 Deus,
2950 5210 3045 5266 sed
3074 5212 3152 5267 eis
3181 5214 3362 5283 utique
3386 5215 3477 5284 qui
3503 5215 3555 5269 in
3586 5214 3717 5271 ﬁliis

2128 5299 2443 5369 generandis
2484 5300 2775 5371 conjugalis
2817 5303 2939 5357 vitae
2996 5305 3243 5360 meritum
3292 5316 3526 5362 servant.
3573 5307 3711 5364 Nam

2128 5403 2249 5443 cum
2278 5388 2425 5457 dicit,
2444 5389 2590 5445 Dabo
2607 5393 2678 5445 eis
2706 5394 2871 5447 locum
2896 5396 3054 5450 multo
3080 5397 3364 5464 meliorem;
3396 5399 3629 5455 ostendit
3656 5411 3717 5457 et

2127 5482 2421 5552 conjugatis
2449 5481 2585 5549 dari,
2617 5484 2709 5538 sed
2754 5486 2924 5541 multo
2962 5486 3288 5544 inferiorem.
3330 5489 3397 5545 Ut
3426 5505 3553 5561 ergo
3582 5506 3717 5547 con-

2127 5572 2379 5627 cedamus
2420 5573 2475 5627 in
2514 5574 2675 5629 domo
2721 5576 2816 5631 Dei
2859 5577 3144 5647 prtedictos
3191 5579 3393 5639 futuros
3433 5582 3716 5639 eunuchos

2126 5664 2417 5719 secundum
2447 5681 2685 5729 carnem.
2717 5669 2803 5738 qui
2834 5670 2884 5722 in
2910 5671 3108 5740 populo
3134 5670 3297 5727 lsrael
3325 5689 3430 5728 non
3461 5673 3711 5741 fuerunt;

2125 5758 2247 5827 quia
2292 5767 2345 5813 et
2377 5759 2522 5826 ipsos
2550 5760 2788 5816 videmus
2817 5778 2939 5817 cum
2983 5763 3153 5817 Judaei
3197 5779 3300 5820 non
3349 5767 3495 5833 ﬁant,
3527 5776 3715 5827 tamen

2128 5850 2245 5906 ﬁeri
2269 5851 2618 5923 christianos;
2665 5869 2761 5911 nec
2785 5855 2851 5909 de
2880 5855 2983 5914 illis
3008 5856 3214 5915 dixisse
3243 5858 3585 5931 PrOphetam,
3614 5866 3709 5934 qui
3746 5858 3749 5863 ’
