4070 6334
248 425 342 485 ιοθ

250 542 526 619 proposito
572 542 920 599 continentia
966 540 1212 612 conjugia
1257 554 1365 597 non
1407 546 1745 611 quaerentes,
1792 551 1852 593 se

255 645 390 716 ipsos
417 649 666 696 castrant
692 649 908 711 propter
944 653 1168 709 regnum
1197 636 1455 693 cmlorum
1485 654 1498 690 :
1530 635 1673 721 itane
1702 642 1851 688 tanta

260 737 523 794 dementia
576 735 861 805 quisquam
915 740 999 788 est
1045 730 1345 786 contrarius
1395 728 1635 792 veritati,
1678 734 1736 780 ut
1792 725 1848 780 in

264 844 411 886 carne
432 826 610 882 factos
630 825 904 881 eunuchos
926 824 1205 880 meliorem
1226 837 1385 893 quam
1405 819 1747 891 conjugatos‘
1770 819 1850 873 lo-

267 935 371 976 eum
412 920 467 973 in
516 918 683 973 domo
728 917 819 971 Dei
864 915 1064 971 habere
1106 914 1308 981 credat,
1340 921 1394 971 et
1439 913 1527 984 pio
1575 910 1850 981 pr0posito

265 1013 612 1077 continentes,
639 1024 833 1080 corpus
861 1024 1029 1079 usque
1052 1008 1120 1063 ad
1146 1015 1478 1077 contemptas
1513 1006 1726 1075 nuptias
1761 1019 1851 1059 ca-

266 1106 535 1175 stigantes,
565 1118 626 1157 se
664 1103 809 1172 ipsos
854 1117 960 1155 non
999 1102 1051 1155 in
1092 1114 1337 1170 corpore,
1366 1098 1461 1153 sed
1492 1098 1544 1152 in
1584 1098 1696 1165 ipsa
1723 1111 1853 1151 con-

267 1196 603 1266 cupiscentia:
629 1194 809 1250 radice
837 1201 1151 1256 castrantes,
1183 1191 1455 1246 caelestem
1480 1198 1533 1244 et
1557 1187 1851 1259 angelicam

268 1290 420 1345 vitam
463 1288 516 1342 in
560 1298 769 1343 terrena
798 1284 1122 1340 mortalitate
1160 1282 1498 1349 meditantes,
1537 1280 1852 1350 conjugato-

267 1397 376 1436 rum
419 1379 628 1434 meritis
680 1392 836 1448 pares
868 1391 986 1431 esse
1013 1374 1335 1440 contendat;
1378 1382 1433 1429 et
1477 1372 1689 1429 Christo
1740 1372 1857 1426 lau-

268 1471 405 1526 danti
432 1484 529 1524 eos
553 1469 644 1540 qui
674 1482 733 1522 se
760 1468 903 1536 ipsos
924 1473 1311 1529 castraverunt,
1343 1479 1448 1519 non
1490 1473 1708 1534 pr0pter
1752 1461 1855 1518 hoc

270 1562 540 1626 sacculum,
579 1559 675 1614 sed
718 1567 934 1629 pr0pter
960 1572 1186 1627 regnum
1226 1556 1505 1621 cmlorum,
1533 1554 1856 1609 christianus

272 1652 614 1715 contradicat,
645 1649 917 1705 afﬁrmans
956 1648 1058 1703 hoc
1093 1649 1214 1703 vita:
1262 1647 1509 1717 praesenti
1544 1661 1663 1701 esse
1700 1645 1852 1714 utile,

272 1758 367 1798 non
412 1742 646 1796 futurae?
675 1741 814 1808 Quid
862 1739 1004 1794 aliud
1055 1739 1171 1794 istis
1210 1748 1393 1805 restat,
1439 1737 1542 1792 nisi
1586 1746 1645 1792 ut
1683 1738 1857 1807 ipsum

271 1848 485 1904 regnum
517 1832 779 1889 caelorum
809 1830 875 1885 ad
902 1830 1041 1885 hanc
1067 1830 1417 1900 temporalem
1445 1829 1631 1897 vitam,
1665 1829 1718 1883 in
1753 1844 1857 1899 qua

270 1941 406 1981 nunc
426 1939 634 1989 sumus,
662 1933 905 1978 asserant
938 1920 1246 1993 pertinere?
1269 1920 1378 1976 Cur
1406 1921 1550 1976 enim
1585 1936 1691 1975 non
1722 1930 1777 1976 et
1804 1922 1859 1976 in

271 2017 400 2073 hanc
438 2015 703 2071 insaniam
744 2013 1119 2085 progrediatur
1167 2027 1307 2067 caaca
1356 2012 1743 2083 praesumptio?
1792 2011 1861 2067 Et

270 2110 389 2181 quid
442 2109 546 2163 bac
602 2108 902 2163 assertione
954 2106 1243 2162 furiosius?
1295 2105 1431 2161 Nam
1487 2107 1590 2161 etsi
1636 2121 1859 2176 regnum

271 2203 523 2258 cuilorum
563 2200 852 2271 aliquando
885 2200 1126 2255 Ecclesia
1154 2199 1314 2254 etiam
1342 2215 1461 2271 qua:
1490 2198 1593 2254 hoc
1620 2209 1861 2270 tempore

273 2303 366 2361 est,
396 2293 732 2364 appellatur;
781 2292 846 2346 ad
893 2293 995 2347 hoc
1038 2291 1219 2361 utique
1262 2294 1340 2346 sic
1387 2292 1704 2361 appellatur,
1738 2294 1861 2362 quia

274 2385 455 2442 futurae
485 2387 610 2441 vita:
651 2385 1096 2455 sempiternazque
1134 2384 1419 2454 colligitur.
1452 2384 1706 2452 Quamvis
1733 2399 1862 2456 ergo

275 2482 683 2552 promissionem
706 2480 897 2535 habeat
915 2480 1039 2534 vitae
1062 2478 1343 2550 praesentis
1363 2487 1417 2533 et
1436 2477 1626 2533 futura:
1644 2478 1695 2546 (Ι
1722 2476 1858 2533 Tim.

275 2591 340 2640 IV,
368 2575 456 2644 8);
494 2575 550 2628 in
594 2573 844 2628 omnibus
886 2580 1065 2627 tamen
1105 2571 1261 2627 bonis
1304 2572 1558 2641 operibus
1598 2570 1710 2625 suis
1753 2585 1863 2627 non

275 2666 484 2736 reSpicit
509 2681 624 2735 qua:
647 2665 897 2732 videntur,
921 2663 1011 2718 sed
1033 2678 1148 2734 qua:
1174 2679 1276 2717 non
1296 2663 1545 2717 videntur.
1574 2660 1700 2726 Qua:
1728 2662 1863 2717 enim

275 2758 522 2825 ridentur,
566 2757 865 2828 temporalia
910 2765 1065 2823 sunt;
1107 2771 1221 2827 qua!
1261 2764 1429 2811 autem
1460 2744 1573 2810 non
1609 2754 1859 2824 videntur,

276 2861 455 2906 interna
486 2850 567 2923 (II
599 2850 718 2904 Cor.
748 2866 821 2915 tv,
850 2850 963 2921 18).
1028 2920 1031 2921 ν

338 2944 568 3001 CAPUT
620 2943 788 2998 XXV.
838 2974 908 2984 —
955 2943 1050 2998 25.
1104 2941 1301 2997 Isaiam
1365 2942 1500 3014 loqui
1548 2944 1612 2997 de
1675 2952 1862 2999 aeterno

278 3037 476 3107 praemio
505 3034 818 3106 spadonibus
859 3034 1124 3105 promisso.
1166 3032 1275 3089 Nec
1318 3047 1450 3089 sane
1486 3033 1714 3105 Spiritus
1741 3050 1865 3090 san-

278 3135 385 3182 ctus
413 3126 579 3181 tacuit
607 3124 751 3197 quod
786 3133 969 3180 contra
1012 3126 1143 3179 istos
1187 3124 1646 3195 impudentissime
1682 3140 1744 3180 ac
1768 3125 1865 3181 de-

278 3219 605 3274 mentissime
653 3216 960 3287 pervicaces
998 3224 1244 3286 apertum
1284 3224 1443 3285 atque
1491 3215 1863 3270 inconcussum

277 3312 494 3376 valeret,
525 3324 820 3380 eorumque
862 3309 1153 3364 belluinum
1204 3308 1461 3378 impetum
1502 3308 1570 3362 ab
1610 3308 1736 3362 ovili
1767 3323 1865 3363 suo

278 3401 671 3476 inexpugnabili
699 3402 995 3458 munitione
1021 3401 1333 3472 repelleret.
1364 3400 1499 3456 Cum
1528 3401 1673 3456 enim
1701 3401 1867 3457 dixis-

277 3507 354 3554 set
375 3498 442 3553 de
475 3495 825 3567 spadonibus,
870 3494 1011 3549 Dabo
1037 3496 1108 3550 eis
1133 3497 1188 3549 in
1215 3494 1363 3549 domo
1403 3510 1515 3548 mea
1544 3503 1589 3548 et
1623 3495 1674 3548 in
1719 3511 1866 3551 muro

278 3607 380 3646 meo
413 3592 587 3645 locum
624 3589 961 3653 nominatum,
993 3587 1250 3642 mliorem
1286 3587 1444 3641 multo
1470 3603 1619 3657 quant
1644 3587 1868 3656 ﬁliorum

278 3691 420 3754 atque
459 3682 726 3751 ﬁliarum;
765 3694 832 3734 ne
856 3677 975 3749 quis
1013 3677 1237 3732 nimium
1274 3678 1503 3733 carnalis
1538 3678 1869 3734 existimaret

277 3773 471 3843 aliquid
502 3774 556 3827 in
593 3772 678 3826 his
706 3769 887 3826 verbis
918 3771 1211 3841 temporale
1237 3770 1582 3841 sperandum,
1615 3772 1870 3828 continuo

278 3865 521 3934 subjecit,
547 3863 754 3918 Nomen
776 3872 1018 3918 (sternunt
1052 3862 1181 3917 dabo
1221 3864 1313 3930 eis,
1338 3880 1427 3918 nec
1464 3880 1687 3934 unquam
1711 3864 1869 3920 deerit

279 3955 426 4028 (Icci.
451 3972 560 4020 va,
590 3956 645 4023 4,
676 3954 731 4026 5)
762 3973 775 4009 :
803 3964 1054 4025 tanquam
1084 3954 1309 4021 diceret,
1337 3954 1475 4021 Quid
1504 3956 1869 4024 tergiversaris

272 4048 434 4120 impia
478 4047 735 4103 cmcitas?
781 4048 905 4119 quid
958 4048 1364 4118 tergiversaris?
1406 4047 1542 4115 Quid
1593 4050 1870 4105 serenitati

279 4141 768 4203 veritatisgnebulas
809 4149 914 4195 tuac
951 4140 1315 4211 perversitath
1342 4139 1611 4194 oll’undis?
1650 4140 1775 4210 quid
1816 4141 1869 4196 in

282 4242 422 4289 tanta
447 4233 849 4303 Scripturarum
875 4234 993 4287 luce
1033 4232 1279 4288 tenebras
1306 4232 1449 4288 unde
1484 4232 1752 4289 insidieris
1788 4234 1869 4288 in-

280 4325 484 4395 quiris?
513 4324 652 4391 Quid
675 4323 1022 4392 temporalem
1047 4323 1416 4379 tantummodo
1437 4324 1720 4380 utilitatem
1748 4339 1872 4395 pro-

280 4417 444 4471 mittis
487 4415 883 4472 continentibus
929 4414 1167 4470 sanctis?
1211 4413 1414 4469 Nomen
1453 4425 1695 4471 wternum
1741 4416 1871 4471 dabo

282 4512 367 4563 eis.
397 4508 539 4577 Quid
567 4509 636 4563 ab
672 4507 816 4562 omni
847 4507 1131 4562 concubitu
1170 4507 1452 4574 immunes,
1485 4517 1540 4564 et
1566 4523 1632 4564 eo
1659 4524 1872 4579 quoque

284 4601 394 4670 ipso
418 4615 525 4671 quo
547 4600 673 4653 hinc
695 4613 816 4655 sese
843 4599 1129 4665 abstinent,
1162 4614 1224 4655 ea
1245 4615 1363 4671 quae
1388 4608 1511 4655 sunt
1540 4601 1751 4656 Domini
1776 4616 1871 4655 co-

284 4694 526 4762 gitantes,
575 4692 844 4763 quomodo
900 4694 1143 4763 placeant
1191 4694 1437 4761 Domino,
1485 4694 1553 4749 ad
1607 4704 1873 4749 terrenam

285 4786 716 4841 commoditatem
749 4784 948 4841 referre
969 4786 1216 4841 conaris?
1247 4784 1446 4840 Nomen
1475 4796 1715 4840 aeternum
1742 4788 1872 4841 dabo

286 4878 372 4930 eis.
400 4877 541 4944 Quid
591 4891 816 4948 regnum
856 4877 1135 4943 caelorum,
1176 4884 1397 4947 propter
1437 4877 1579 4947 quod
1625 4892 1684 4933 se
1729 4879 1873 4948 ipsus

288 4980 650 5024 castraverunt
698 4970 867 5024 sancti
893 4970 1177 5040 spadones,
1210 4971 1261 5024 in
1291 4970 1390 5025 hac
1420 4980 1624 5025 tantum
1654 4971 1759 5025 vita
1789 4972 1872 5026 in-

290 5061 625 5131 telligendum
676 5076 797 5116 esse
840 5061 1157 5115 contendis?
1207 5060 1407 5116 Nomen
1457 5073 1700 5117 ceternum
1744 5063 1873 5118 dabo

290 5154 376 5207 eis.
415 5150 487 5207 Et
526 5154 571 5207 si
625 5152 763 5208 forte
816 5152 902 5207 hic
954 5154 1127 5223 ipsum
1172 5163 1430 5209 aeternum
1476 5171 1575 5226 pro
1621 5155 1874 5211 diuturno

291 5247 495 5301 conaris
542 5246 808 5315 accipere,
839 5245 997 5312 addo,
1029 5247 1326 5311 accumulo,
1360 5249 1589 5313 inculco,
1626 5246 1735 5301 Nec
1778 5265 1874 5302 un-

291 5354 434 5406 quam
479 5340 657 5392 deerit.
704 5337 840 5404 Quid
881 5339 1077 5408 quaeris
1112 5339 1379 5409 amplius?
1407 5339 1533 5410 quid
1577 5340 1710 5395 dicis
1754 5346 1872 5395 am-

295 5431 462 5499 plius?
514 5430 803 5486 Eternum
858 5429 962 5487 hoc
1011 5446 1230 5499 nomen,
1277 5433 1531 5503 quidquid
1586 5433 1713 5489 illud
1768 5441 1871 5501 est,

295 5522 610 5590 spadonibus
674 5521 810 5588 Dei,
870 5522 1013 5592 quod
1044 5572 1047 5579 .
1077 5522 1256 5595 utique
1318 5525 1541 5595 gloriam
1590 5525 1875 5596 quamdam

296 5619 557 5687 propriam
602 5618 1060 5689 excellentemque
1108 5618 1398 5689 signiﬁcat,
1435 5634 1539 5673 non
1580 5618 1682 5675 erit
1726 5633 1876 5674 com-

297 5722 450 5763 mune
492 5724 613 5765 cum
668 5709 870 5775 multis,
915 5710 1155 5779 quamvis
1198 5709 1252 5764 in
1294 5708 1483 5765 eodem
1526 5724 1692 5780 regno
1720 5718 1775 5765 et
1819 5710 1875 5765 in

296 5800 476 5856 eadem
499 5801 663 5857 domo
699 5802 1022 5858 constitutis.
1054 5802 1185 5858 Nam
1231 5801 1352 5860 ideo
1401 5801 1643 5860 fortassis
1680 5811 1734 5860 et
1771 5818 1874 5861 no-

363 5915 1073 5982 ‘hlﬂ-iWWW'

1668 410 1877 471 LIBER
1912 410 2114 470 UNUS.

3445 425 3552 482 ιω

1957 551 2084 591 men
2120 536 2323 594 dictum
2356 546 2461 611 est,
2495 540 2639 612 quod
2666 556 2761 600 eos
2786 544 2977 615 quibus
3010 545 3186 611 datur,
3216 549 3492 626 distinguit
3518 570 3548 610 a

1959 630 2190 685 caneris.

2030 720 2258 779 CAPUT
2294 722 2485 780 XXVI.
2509 755 2582 765 —
2604 725 2709 793 26.,
2730 724 2958 799 Objectio
2984 729 3048 784 de
3074 729 3283 786 denario
3313 736 3545 791 omnibus

1958 814 2236 884 reddendo,
2270 826 2448 871 contra
2489 818 2825 874 diversitatem
2871 824 3216 892 prwmiorum.
3264 825 3403 893 Quid
3448 828 3551 885 sibi

1960 919 2089 976 ergo
2112 908 2244 973 vult,
2264 908 2525 979 inquiunt,
2546 911 2633 966 ille
2648 911 2915 979 denarius,
2936 915 3027 984 qui
3051 930 3215 985 Opere
3244 917 3413 974 vineae
3442 927 3552 975 ter-

1963 997 2168 1053 minato
2194 1002 2468 1069 aequaliter
2492 1003 2736 1057 omnibus
2771 996 3039 1071 redditur;
3082 1007 3194 1062 sive
3243 1008 3307 1062 iis
3350 1012 3438 1079 qui
3484 1028 3552 1068 ex

1963 1090 2134 1159 prima
2161 1092 2313 1160 hora,
2333 1094 2533 1169 siveiis
2554 1097 2643 1165 qui
2671 1112 2773 1150 una
2800 1097 2930 1151 hora
2951 1101 3157 1168 operati
3184 1110 3308 1156 sunt
3334 1100 3547 1173 (Matth.

1962 1195 2054 1246 xx,
2082 1180 2174 1250 9)?
2202 1182 2337 1250 Quid
2366 1186 2567 1255 utique,
2596 1186 2700 1241 nisi
2726 1187 2923 1258 aliquid
2951 1189 3233 1259 signiﬁcat,
3257 1192 3398 1262 quod
3428 1209 3548 1248 om-

1964 1288 2061 1328 nes
2086 1277 2439 1332 communiter
2460 1278 2751 1347 habebunt,
2773 1280 2929 1335 sicuti
2951 1291 3033 1336 est
3056 1283 3170 1353 ipsa
3194 1284 3297 1338 vita
3326 1296 3545 1355 (eterna,

1963 1364 2137 1434 ipsum
2164 1382 2393 1436 regnum
2418 1369 2699 1436 caelorum,
2725 1371 2812 1424 ubi
2853 1382 3009 1426 erunt
3032 1388 3220 1428 omnes
3247 1390 3380 1444 quos
3414 1376 3556 1432 Deus

1966 1455 2387 1525 praedestinavit,
2407 1460 2636 1526 vocavit,
2655 1460 2990 1530 justiﬁcavit,
3008 1464 3357 1533 gloriﬁcavit?
3387 1465 3555 1535 Opor-

1967 1554 2032 1600 tet
2071 1548 2204 1601 enim
2248 1549 2574 1620 corruptibile
2618 1552 2711 1606 hoc
2755 1554 2965 1609 induere
3008 1556 3467 1627 incorruptionem,
3510 1569 3559 1616 et

1966 1641 2180 1694 mortale
2220 1640 2314 1695 hoc
2362 1643 2571 1698 induere
2613 1646 3043 1703 immortalitatem
3068 1666 3085 1703 :
3113 1650 3200 1705 hic
3230 1662 3312 1707 est
3341 1653 3432 1708 ille
3459 1654 3558 1708 de-

1966 1732 2167 1795 narius,
2199 1748 2407 1789 merces
2433 1737 2692 1791 omnium.
2728 1736 2896 1792 Stella
2923 1748 3099 1795 tamen
3121 1741 3182 1794 ab
3215 1744 3359 1797 stella
3387 1744 3558 1811 lli/fert

1966 1822 2019 1875 in
2047 1823 2249 1893 gloria;
2283 1825 2357 1878 sic
2382 1835 2426 1879 et
2450 1830 2745 1882 resurrectio
2771 1840 3083 1885 mortuorum
3103 1849 3120 1884 :
3151 1832 3265 1887 haec
3291 1845 3414 1889 sunt
3446 1851 3558 1891 ine-
3586 1836 3589 1889 l

1966 1915 2066 1970 rita
2093 1916 2302 1971 diversa
2330 1930 2655 1976 sanctorum.
2682 1922 2737 1978 Si
2763 1925 2906 1977 enim
2947 1925 3144 1980 caelum
3170 1927 3560 1996 signiﬁcaretur
3586 1902 3591 1929 b

1967 2007 2060 2064 illo
2099 2009 2338 2077 denario,
2382 2027 2560 2068 nonne
2600 2014 2653 2067 in
2700 2016 2838 2070 coelo
2875 2031 2994 2071 esse
3022 2019 3268 2073 omnibus
3299 2028 3380 2073 est
3408 2035 3559 2075 com-

1967 2113 2129 2157 mune
2173 2100 2475 2156 sideribus?
2523 2103 2591 2157 Et
2621 2112 2798 2159 tamen
2829 2107 2933 2160 alia
2958 2116 3028 2161 est
3075 2109 3242 2179 gloria
3270 2111 3411 2174 solis,
3455 2112 3561 2167 alia

1968 2191 2131 2259 gloria
2159 2190 2313 2258 luna},
2344 2193 2447 2245 alia
2474 2193 2737 2247 stellarum
2767 2195 2821 2265 (I
2852 2196 2969 2251 Cor.
3002 2214 3094 2264 xv,
3124 2200 3213 2263 55,
3249 2200 3341 2267 41,
3366 2200 3477 2272 42).
3501 2200 3561 2259 Si

1967 2278 2219 2336 denarius
2248 2282 2338 2337 ille
2372 2299 2467 2352 pro
2498 2285 2724 2340 sanitate
2763 2289 3005 2357 corporis
3046 2301 3353 2358 poneretur,
3385 2308 3563 2349 nonne

1968 2388 2090 2429 cum
2132 2384 2278 2430 recte
2308 2376 2567 2443 valemus,
2592 2379 2841 2433 omnibus
2868 2380 3125 2435 membris
3152 2384 3450 2437 communis
3480 2392 3565 2440 est

1969 2468 2191 2533 sanitas,
2213 2476 2268 2521 et
2290 2466 2402 2537 ipsa
2438 2468 2482 2522 si
2515 2484 2681 2538 usque
2707 2469 2773 2523 ad
2801 2480 3029 2525 mortem
3061 2485 3389 2541 permaneat,
3419 2475 3563 2543 pari-

1970 2566 2054 2612 ter
2075 2566 2129 2613 et
2156 2559 2432 2630 aequaliter
2453 2562 2703 2616 omnibus
2730 2562 2907 2617 inest?
2936 2563 3005 2618 Et
3029 2574 3205 2621 tamen
3228 2568 3396 2636 posuit
3421 2567 3562 2624 Deus

1968 2650 2212 2715 membra,
2260 2651 2518 2720 cingulum
2564 2653 2798 2723 quodque
2842 2670 3017 2708 eorum
3058 2656 3113 2709 in
3164 2673 3374 2726 corpore
3414 2666 3566 2724 prout

1968 2739 2124 2793 voluit
2158 2738 2269 2812 (Id.
2298 2758 2393 2806 xii,
2421 2743 2536 2815 18),
2567 2752 2626 2797 ut
2662 2759 2760 2799 nec
2800 2754 2969 2800 totum
3016 2748 3087 2801 sit
3113 2749 3321 2816 oculus,
3354 2766 3452 2805 nec
3483 2759 3566 2806 to-

1970 2839 2082 2885 tum
2122 2832 2353 2899 auditus,
2385 2849 2485 2889 nec
2531 2842 2700 2889 totum
2743 2836 3030 2903 odoratus;
3081 2847 3136 2893 et
3182 2840 3437 2910 quidquid
3483 2851 3568 2898 est

1969 2924 2136 2993 aliud,
2170 2925 2329 2981 habet
2370 2942 2520 2981 suam
2566 2929 2970 2998 proprietatem,
3010 2932 3253 3000 quamvis
3282 2935 3566 3002 aequaliter

1970 3017 2164 3074 habeat
2205 3034 2327 3074 cum
2369 3019 2618 3075 omnibus
2665 3022 2970 3076 sanitatem.
3020 3022 3096 3077 Ita
3145 3026 3264 3092 quia
3316 3026 3425 3093 ipsa
3460 3028 3566 3081 vita

1971 3122 2172 3167 aeterna
2202 3113 2401 3182 pariter
2423 3113 2523 3166 erit
2550 3112 2798 3169 omnibus
2829 3116 3048 3177 sanctis,
3071 3118 3290 3184 :equalis
3310 3117 3563 3173 denarius

1970 3203 2219 3258 omnibus
2244 3203 2532 3257 attributus
2558 3212 2673 3269 est;
2708 3204 2828 3273 quia
2856 3220 2981 3257 vero
3013 3206 3066 3258 in
3095 3206 3206 3274 ipsa
3231 3206 3333 3259 vita
3362 3217 3565 3264 aeterna

1971 3292 2222 3348 distincte
2254 3292 2530 3362 fulgebunt
2560 3294 2764 3348 lumina
2810 3296 3149 3358 meritorum,
3185 3298 3363 3352 multm
3410 3315 3565 3353 nian-
3602 3326 3605 3329 ι

1971 3384 2152 3439 siones
2176 3393 2302 3439 sunt
2330 3385 2468 3455 apud
2508 3386 2721 3440 Patrem
2753 3386 2931 3460 (Joan.
2966 3404 3077 3455 xiv,
3118 3388 3173 3459 2)
3206 3408 3219 3443 :
3250 3406 3311 3444 ac
3338 3406 3433 3460 per
3463 3392 3567 3447 hoc

1974 3475 2028 3530 in
2061 3474 2280 3529 denario
2303 3475 2516 3545 quidem
2560 3491 2666 3531 non
2717 3478 2928 3547 impari,
2970 3494 3073 3532 non
3119 3480 3247 3533 vivit
3272 3481 3411 3535 alius
3458 3482 3563 3538 alio

1972 3567 2264 3637 prolixius;
2323 3567 2375 3622 in
2428 3567 2610 3623 multis
2654 3577 2834 3624 autem
2875 3569 3243 3627 mansionibus
3273 3571 3566 3630 honoratur

1972 3660 2109 3714 alius
2135 3660 2243 3713 alio
2272 3659 2490 3715 clarius.

2043 3749 2271 3807 CAPUT
2311 3749 2529 3806 XXVII.
2552 3782 2623 3792 —
2645 3752 2737 3808 27.
2775 3751 3042 3824 Virginum
3070 3755 3236 3825 gloria
3256 3757 3429 3827 futura
3452 3772 3565 3811 man-

1965 3846 2055 3917 jor
2075 3854 2121 3899 et
2159 3846 2367 3916 propria
2395 3848 2627 3916 quaedam
2660 3848 2713 3899 in
2749 3847 2886 3901 caelis
2925 3847 3131 3917 gaudia.
3179 3847 3337 3918 Sequi
3364 3849 3566 3919 Agnum

1975 3952 2290 4006 quocumque
2314 3937 2429 3990 ierit
2458 3938 2722 4008 proprium
2747 3948 2818 3991 est
2841 3939 3112 4009 virginum.
3136 3938 3344 4009 Pergite
3364 3942 3563 4011 itaque,

1976 4031 2147 4085 sancti
2176 4030 2289 4096 Dei,
2325 4032 2478 4100 pueri
2517 4045 2579 4085 ac
2625 4031 2837 4100 puellm,
2862 4046 3038 4086 mares
3068 4047 3132 4086 ac
3162 4031 3393 4099 feminzc,
3422 4033 3569 4089 0831i-

1976 4122 2071 4178 bes
2114 4132 2168 4178 et
2213 4124 2519 4193 innuptzc‘;
2570 4123 2774 4195 pergite
2827 4134 3232 4194 perseveranter
3280 4127 3331 4180 in
3383 4126 3565 4182 ﬁnem.

1976 4215 2213 4271 Laudate
2257 4217 2540 4271 Dominum
2583 4215 2815 4283 dulcius,
2847 4232 3005 4287 quem
3046 4218 3289 4287 cogitatis
3316 4218 3565 4286 uberius;
3646 4246 3665 4259 κ

1978 4319 2187 4379 sperate
2211 4309 2436 4375 felicius,
2461 4308 2547 4363 cui
2575 4309 2787 4364 servitis
2813 4309 3130 4375 instantius;
3174 4320 3347 4365 amate
3375 4310 3569 4366 arden-

1978 4401 2104 4467 tius,
2147 4402 2231 4456 cui
2263 4401 2480 4471 placetis
2510 4402 2783 4456 attentius.
2836 4401 3055 4456 Lumbis
3108 4402 3359 4457 accinctis
3404 4410 3459 4457 et
3485 4403 3569 4459 lu-

1978 4492 2154 4548 cernis
2200 4492 2511 4547 ardentibus
2539 4500 2844 4561 exspectate
2887 4492 3191 4559 Dominum,
3221 4493 3433 4564 quando
3477 4509 3570 4550 ve-

1978 4585 2090 4639 niat
2128 4600 2157 4638 a
2205 4585 2404 4653 nuptiis
2443 4583 2591 4654 (Luc.
2646 4599 2739 4648 xu,
2787 4584 2876 4651 '55,
2918 4584 3030 4655 36).
3065 4584 3174 4640 Vos
3218 4585 3454 4641 aﬁ'eretis
3498 4586 3569 4641 ad

1979 4678 2190 4746 nuptias
2239 4676 2377 4746 Agni
2418 4676 2685 4731 canticum
2728 4690 2945 4743 novum,
2989 4676 3131 4747 quod
3181 4678 3461 4732 cantabitis
3512 4678 3568 4731 in

1978 4769 2199 4825 citharis
2238 4770 2486 4823 vestris’.
2532 4767 2649 4823 Non
2685 4768 2867 4838 utique
2899 4769 3001 4824 tale
3045 4771 3200 4838 quale
3226 4779 3404 4824 cantat
3446 4770 3568 4823 uni-

1980 4878 2133 4919 versa
2182 4870 2344 4928 terra,
2393 4863 2476 4917 cui
2528 4862 2742 4930 dicitur,
2793 4862 3004 4917 Cantate
3048 4862 3267 4917 Domino
3314 4862 3569 4916 canticum

1980 4970 2195 5019 novum;
2221 4962 2420 5008 cantate
2449 4952 2690 5018 Domino,
2714 4954 2947 5008 universa
2977 4963 3109 5009 terra
3136 4952 3307 5024 (Psal.
3331 4967 3455 5017 xcv,
3476 4951 3565 5018 i);

1980 5045 2075 5101 sed
2107 5046 2212 5099 tale
2240 5045 2397 5114 quale
2427 5061 2586 5100 nemo
2615 5046 2807 5115 poterit
2837 5046 3014 5101 dicere
3040 5045 3140 5099 nisi
3173 5060 3285 5098 vos.
3311 5043 3398 5099 Sic
3424 5043 3567 5099 enim

1980 5152 2075 5191 vos
2102 5137 2233 5191 vidit
2256 5136 2307 5190 in
2340 5138 2658 5208 Apocalypsi
2688 5138 2901 5206 quidam
2940 5154 3048 5208 pra:
3088 5137 3298 5190 caneris
3339 5135 3567 5191 dilectus

1981 5230 2049 5284 ab
2076 5231 2229 5301 Agno
2260 5230 2349 5300 qui
2398 5230 2733 5284 discumbere
2781 5245 2941 5298 super
2989 5236 3173 5298 pectus
3216 5227 3332 5296 ejus
3380 5228 3570 5284 solitus

1980 5331 2114 5388 erat,
2143 5331 2197 5377 et
2234 5322 2447 5377 bibebat
2475 5331 2529 5376 et
2572 5319 2919 5377 eructuabat'
2965 5319 3223 5373 mirabilia
3254 5335 3419 5390 super
3454 5335 3568 5377 cm~

1982 5414 2136 5471 lestia
2162 5414 2397 5470 Verbum
2425 5413 2539 5470 Dei.
2565 5414 2683 5484 Ipse
2724 5426 2822 5466 vos
2853 5410 2981 5465 vidit
3006 5411 3293 5468 duodecies
3322 5414 3568 5470 duodena

1981 5509 2148 5564 millia
2189 5517 2493 5563 sanctorum
2534 5504 2954 5563 citharoedorum
2993 5504 3210 5560 illibata:
3246 5507 3567 5577 virginitatis

1983 5599 2038 5657 in
2065 5615 2311 5671 corpore,
2341 5599 2605 5654 inviolatae
2630 5596 2871 5652 veritatis
2901 5596 2955 5653 in
2993 5597 3191 5654 corde:
3231 5608 3285 5656 et
3319 5601 3441 5672 quia
3480 5615 3567 5657 se-

2048 5737 2066 5768 ί
2085 5734 2189 5784 sola
2215 5734 2362 5783 editio
2384 5740 2515 5790 t.ov.,
2537 5735 2584 5781 et
2600 5736 2777 5790 nuptae.

2047 5800 2067 5829 ¹
2093 5805 2193 5845 Duo
2216 5794 2423 5843 vaticani
2447 5801 2553 5842 Mss.
2593 5790 2788 5853 addunt,
2817 5790 2904 5842 hoc
2938 5800 3007 5844 est
3038 5793 3089 5844 in
3128 5795 3373 5846 cordibus
3393 5793 3568 5847 dicata

1986 5858 2227 5911 laudibus.
2252 5858 2501 5903 Vaticanus
2518 5856 2657 5911 alius,
2684 5856 2769 5905 hoc
2793 5863 2861 5905 est
2882 5854 2931 5905 in
2955 5856 3178 5909 cordibus
3193 5858 3378 5910 vestris.

2055 5921 2078 5955 ⁸
2093 5916 2198 5972 sola
2220 5916 2368 5971 editio
2383 5923 2515 5983 tam,
2539 5926 2584 5974 et
2598 5917 2779 5976 biberat
2800 5925 2845 5971 et
2867 5918 3131 5972 eructabat.
