4070 6334
450 541 452 544 ,
494 489 719 562 quimini
749 491 955 562 Agnum
986 502 1322 564 quocumque
1349 485 1490 550 ierit,
1521 484 1734 556 scripsit
1763 483 1851 538 ille
1879 481 1946 537 de
1984 495 2082 534 vo-

493 586 577 640 bis
605 584 786 657 (Apoc.
816 599 926 649 xtv,
959 583 1098 653 2-4).
1130 581 1246 648 Quo
1271 581 1349 634 ire
1391 591 1637 650 putamus
1678 578 1818 632 hunc
1849 578 2076 648 Agnum,

494 692 600 744 quo
630 690 788 729 nemo
829 689 949 729 eum
981 674 1128 743 sequi
1162 673 1243 728 vel
1271 671 1464 734 audeat
1489 671 1575 725 vel
1610 670 1790 734 valeat
1811 669 1910 724 nisi
1942 667 2073 721 vos?

493 768 610 834 Quo
638 779 886 839 putamus
910 784 1030 824 eum
1062 768 1178 822 ire?
1220 767 1271 821 in
1311 782 1444 836 quos
1475 766 1639 820 saltus
1666 772 1719 819 et
1745 771 1890 834 prata
1909 763 1932 814 ’ἶ
1973 760 2077 818 Ubi

494 860 655 913 credo
703 870 825 914 sunt
871 861 1107 929 gramina
1167 858 1424 926 gaudia‘;
1473 874 1576 911 non
1641 855 1829 928 gaudia
1897 853 2077 908 saeculi

495 949 653 1018 hujus
679 950 1450 1015 vana,etinsani:ememlaces,
1483 964 1578 1002 nec
1607 947 1792 1017 gaudia
1825 946 1996 1016 qualia
2028 945 2077 997 in

493 1040 609 1108 ipso
641 1057 807 1100 regno
849 1042 938 1096 Dei
983 1043 1191 1096 carteris
1224 1058 1327 1095 non
1369 1041 1664 1110 virginibus
1703 1051 1881 1104 erunt,
1916 1039 2007 1093 sed
2049 1056 2076 1092 a

493 1142 813 1187 carterorum
849 1134 1084 1186 omnium
1115 1134 1425 1202 gaudiorum
1464 1143 1607 1188 sorte
1633 1133 1901 1186 distincta.
1941 1130 2082 1188 Gau-

492 1220 640 1275 dium
679 1223 938 1292 virginum
970 1223 1161 1277 Christi
1182 1266 1196 1290 ,
1226 1224 1292 1277 de
1332 1224 1565 1288 Christo,
1608 1224 1657 1276 in
1689 1223 1923 1289 Christo,
1957 1237 2076 1275 cum

493 1312 725 1378 Christo,
759 1323 879 1383 post
905 1315 1192 1380 Christum,
1228 1331 1320 1385 per
1362 1315 1652 1378 Christum,
1685 1325 1902 1385 prOpter
1929 1313 2083 1369 Chri-

492 1410 652 1455 stum.
693 1403 894 1458 Gaudia
924 1406 1137 1475 propria
1170 1407 1429 1475 virginum
1462 1407 1678 1473 Christi,
1710 1423 1812 1460 non
1844 1415 1966 1461 sunt
1991 1422 2082 1460 ca-

493 1494 614 1547 dem
647 1511 752 1548 non
792 1497 1076 1564 virginum,
1106 1499 1348 1566 quamvis
1377 1497 1599 1552 Christi.
1639 1497 1769 1552 Nam
1803 1510 1925 1553 sunt
1961 1499 2080 1553 aliis

491 1586 615 1650 alia,
648 1587 740 1640 sed
783 1589 944 1642 nullis
977 1591 1118 1644 talia.
1162 1589 1236 1643 lte
1267 1591 1317 1644 in
1361 1590 1492 1652 haec,
1524 1591 1804 1661 sequimini
1849 1594 2075 1660 Agnum,

490 1677 612 1746 quia
639 1688 692 1733 et
719 1682 838 1750 agni
885 1697 1008 1734 caro
1041 1683 1219 1752 utique
1249 1683 1416 1753 virgo.
1454 1683 1564 1737 l-loc
1603 1683 1745 1737 enim
1779 1682 1830 1737 in
1866 1699 1922 1737 se
1949 1683 2077 1736 reti-

489 1768 605 1822 nuit
644 1779 852 1836 auctus,
903 1773 1042 1840 quod
1085 1774 1239 1828 matri
1283 1790 1386 1829 non
1437 1774 1654 1830 abstulit
1701 1785 1987 1845 cenceptus
2027 1785 2082 1829 et

491 1872 666 1917 natus.
720 1863 904 1920 Merito
953 1881 1074 1920 cum
1126 1868 1413 1935 sequimini
1461 1869 1761 1937 virginitate
1805 1870 1982 1923 cordis
2026 1878 2081 1924 et

489 1957 683 2018 carnis,
713 1974 1048 2028 quocumque
1088 1961 1227 2015 ierit.
1272 1962 1407 2029 Quid
1449 1972 1530 2016 est
1573 1963 1713 2016 enim
1755 1965 1926 2032 sequi,
1976 1964 2076 2017 nisi

489 2049 724 2107 imitari?
766 2051 897 2118 Quia
932 2052 1174 2109 Christus
1220 2072 1314 2124 pro
1355 2055 1508 2108 nobis
1551 2072 1739 2126 passus
1781 2067 1881 2118 est,
1917 2058 2082 2112 relin-

488 2156 657 2208 quens
701 2143 854 2195 nobis
883 2147 1210 2214 exemplum,
1244 2148 1378 2201 sicut
1421 2147 1493 2200 ait
1539 2149 1812 2216 apostolus
1867 2150 2076 2218 Petrus,

489 2240 540 2281 ut
563 2245 830 2300 sequamur
857 2236 1061 2304 vestigia
1089 2238 1197 2305 ejus
1231 2237 1278 2305 (Ι
1315 2237 1454 2291 Petr.
1497 2255 1555 2304 ll,
1597 2237 1712 2306 2i).
1750 2240 1899 2292 llunc
1931 2241 1980 2292 in
2012 2256 2077 2294 eo

488 2321 710 2390 quisque
754 2326 1012 2393 sequitur,
1039 2327 1090 2380 in
1119 2343 1224 2398 quo
1268 2328 1505 2383 imitatur
1537 2349 1550 2385 :
1582 2346 1684 2384 non
1733 2331 1783 2384 in
1821 2341 2073 2400 quantum

487 2412 580 2467 ille
611 2411 773 2468 Filius
806 2416 895 2468 Dei
928 2429 1008 2471 est
1037 2435 1191 2484 unm,
1223 2436 1317 2488 per
1355 2437 1511 2490 quem
1546 2422 1678 2475 facta
1712 2432 1835 2475 sunt
1865 2422 2072 2488 omnia;

487 2505 579 2557 sed
611 2505 662 2558 in
693 2517 945 2576 quantmn
993 2510 1130 2563 ﬁlius
1163 2511 1413 2578 hominis,
1444 2530 1561 2582 quae
1591 2517 1890 2583 oportebat,
1937 2517 1986 2567 in
2019 2530 2076 2567 se

485 2597 713 2663 praebuit
759 2599 1056 2656 imitanda:
1100 2613 1154 2658 et
1196 2607 1375 2660 multa-
1411 2606 1461 2660 in
1513 2607 1603 2660 illo
1642 2607 1707 2660 ad
1763 2609 2072 2662 imitandum

486 2688 733 2745 omnibus
764 2702 1166 2762 preponuntur;
1216 2698 1492 2767 virginitas
1529 2712 1706 2753 autem
1751 2703 1929 2756 carnis
1967 2717 2072 2754 non

486 2781 763 2846 omnibus;
810 2800 914 2837 non
956 2786 1099 2840 enim
1153 2788 1347 2842 habent
1391 2789 1516 2858 quid
1562 2789 1760 2844 faciant
1808 2802 1865 2846 ut
1910 2794 2073 2863 virgi-

484 2883 582 2921 nes
612 2869 736 2937 sint,
778 2871 832 2930 in
875 2875 1066 2943 quibus
1104 2876 1215 2946 jam
1249 2877 1443 2933 factum
1487 2889 1570 2934 est
1601 2892 1656 2934 ut
1687 2881 1918 2953 virgines
1965 2900 2072 2937 non

486 2959 612 3012 sint.

555 3049 782 3106 CAPUT
811 3053 1048 3110 XXVlll.
1067 3088 1138 3098 —
1158 3057 1247 3114 9.8.
1282 3060 1550 3134 Quousque
1575 3067 1714 3136 seq-ui
1737 3065 1937 3136 Agnum
1968 3085 2076 3122 om-

485 3157 571 3194 nes
607 3155 831 3211 possunt.
865 3147 1168 3218 Sequantur
1211 3155 1387 3225 itaque
1429 3158 1636 3226 Agnum
1679 3163 1860 3215 caueri
1892 3161 2076 3217 ﬁdeles

483 3233 573 3299 qui
602 3235 960 3304 virginitatem
993 3245 1235 3310 corporis
1268 3247 1582 3314 amiserunt,
1606 3267 1709 3305 non
1737 3268 2074 3324 quocumque

484 3323 575 3378 ille
598 3326 735 3393 ierit,
765 3329 858 3383 sed
886 3347 1161 3404 quousque
1192 3339 1287 3406 ipsi
1321 3343 1608 3408 potuerint.
1640 3343 1870 3400 Possunt
1896 3323 2070 3402 autem

484 3413 696 3506 ubique,
744 3430 940 3488 printer
979 3443 1097 3479 eum
1146 3427 1197 3481 in
1244 3429 1438 3487 decore
1486 3434 1803 3506 virginitatis
1850 3439 2070 3494 incedit.

482 3503 629 3560 Beati
667 3528 914 3579 pauperes
957 3519 1178 3587 spiritu;
1220 3523 1496 3580 imitamini
1541 3544 1684 3593 eum,
1716 3534 1804 3598 qui
1858 3541 2072 3599 prepter

482 3613 576 3653 vos
608 3617 807 3670 pauper
839 3605 1006 3660 factus
1029 3621 1128 3674 est,
1148 3629 1267 3666 cum
1291 3615 1442 3670 dives
1462 3629 1602 3671 esset
1630 3620 1702 3690 (ll
1722 3619 1838 3674 Cor.
1859 3637 1967 3684 vui,
1991 3623 2067 3691 9).

482 3690 627 3744 Beati
674 3698 853 3761 mites;
903 3700 1179 3755 imitamini
1222 3721 1340 3760 Clllll
1382 3710 1469 3776 qui
1517 3711 1668 3774 dixit,
1717 3711 1906 3766 Discite
1937 3731 1966 3766 (ι
1995 3701 2072 3768 me

480 3784 718 3849 quoniam
767 3788 901 3841 milis
939 3807 1050 3850 sum
1094 3806 1138 3844 et
1182 3796 1387 3850 humilis
1414 3800 1564 3852 corde
1596 3801 1806 3868 (.llatth.
1850 3821 1922 3870 .\'l,
1953 3806 2066 3877 ‘29).

482 3869 628 3927 Beati
667 3877 928 3947 lugentes;
965 3882 1242 3940 imitamini
1286 3904 1405 3943 eum
1433 3892 1520 3959 qui
1552 3891 1698 3947 llevit
1727 3911 1886 3964 super
1915 3900 2069 3954 Jeru-

479 3970 642 4024 salem
677 3971 826 4041 (Luc.
867 3992 973 4038 χιχ,
1005 3976 1114 4050 ltl).
1160 3980 1304 4034 Beati
1330 3985 1416 4055 qui
1447 3987 1670 4039 esuriant
1699 3999 1743 4039 ct
1778 3991 1949 4046 sitiunt
1969 3994 2068 4062 ju-

479 4061 704 4128 stitiam;
751 4065 1028 4122 imitamini
1071 4086 1190 4124 eum
1235 4075 1322 4138 qui
1356 4074 1506 4138 dixit,
1543 4076 1688 4131 Meus
1732 4081 1870 4134 cibus
1901 4061 1979 4136 est
2016 4095 2068 4138 ut

480 4155 666 4227 facium
708 4161 1006 4214 voluntatem
1042 4163 1150 4233 ejus
1198 4167 1280 4232 qui
1333 4167 1465 4220 misit
1507 4187 1585 4221 me
1625 4170 1803 4240 (Joan.
1840 4190 1914 4238 tv,
1951 4177 2062 4248 55).

477 4248 623 4302 Beati
654 4251 1034 4318 misericordes;
1081 4257 1355 4312 imitamini
1400 4276 1520 4313 eum
1572 4264 1658 4330 qui
1714 4266 1988 4322 vulnerato
2035 4285 2063 4322 a

436 4335 438 4338 ’
477 4339 773 4428 latronibus
817 4355 869 4399 et
907 4347 957 4400 in
990 4349 1068 4401 via
1117 4348 1312 4418 jacenti
1367 4355 1626 4408 semiviro
1680 4358 2063 4432 desperatoque

479 4434 727 4489 subvenit
755 4435 902 4506 (Luc.
941 4457 992 4504 x,
1033 4441 1244 4508 50-35).
1286 4443 1429 4498 Beati
1469 4450 1852 4516 mundicordes;
1884 4454 2062 4508 imita-

478 4525 604 4577 mini
624 4543 742 4578 etun
768 4530 852 4597 qui
872 4543 1129 4598 peccatum
1159 4552 1257 4588 non
1288 4535 1422 4604 fecit,
1451 4556 1538 4591 nec
1566 4541 1791 4595 inventus
1820 4555 1889 4596 est
1911 4546 2062 4602 dolus

474 4619 524 4672 in
555 4637 640 4673 ore
667 4622 774 4692 ejus
810 4625 858 4691 (l
897 4623 1030 4678 Petr.
1071 4644 1126 4689 It,
1164 4628 1279 4695 2'2).
1311 4627 1457 4684 Beati
1495 4635 1734 4703 pacifici;
1782 4637 2059 4694 imitamini

475 4725 596 4763 emn
629 4713 716 4780 qui
750 4731 842 4782 pro
873 4716 979 4768 suis
1012 4721 1438 4784 persecutoribus
1470 4724 1620 4790 dixit,
1651 4724 1828 4790 Pater,
1860 4729 2060 4796 ignosce

469 4799 593 4867 illis,
632 4805 749 4872 quia
780 4808 1000 4860 nesciunt
1025 4811 1145 4879 quid
1173 4811 1366 4881 faciunt
1395 4813 1542 4882 (Luc.
1578 4834 1728 4882 xxtll,
1764 4819 1877 4876 54).
1913 4819 2059 4876 Beati

473 4897 558 4960 qui
587 4899 972 4965 persecutionem
993 4904 1254 4968 patiuntur
1274 4917 1476 4977 prapter
1497 4910 1743 4980 justitiam
1765 4911 1975 4984 (Matth.
2001 4933 2055 4982 v,

470 4988 659 5060 540);
697 4991 970 5047 imitamini
1013 5012 1133 5049 cum
1164 4999 1251 5067 qui
1283 5016 1374 5069 pro
1402 4999 1539 5053 vobis
1575 5019 1755 5072 passus
1785 5015 1875 5070 est,
1902 5009 2057 5060 relin-

468 5098 621 5148 quens
643 5084 778 5137 vobis
799 5087 1100 5150 exemplum,
1117 5098 1168 5140 ut
1189 5091 1468 5156 sequamini
1485 5094 1690 5164 vestigia
1713 5097 1819 5165 ejus
1839 5099 1888 5165 (Ι
1911 5098 2053 5155 Petr.

469 5189 524 5235 ιι,
553 5175 665 5244 Ἡ).
703 5177 826 5231 Have
864 5179 951 5247 qui
995 5180 1286 5244 imitantur,
1338 5181 1387 5234 in
1423 5181 1503 5236 his
1559 5185 1766 5252 Agnum
1819 5203 2054 5258 sequun-

468 5275 570 5319 tur.
602 5265 704 5322 Sed
733 5279 876 5323 certe
907 5271 1063 5325 etiam
1109 5271 1375 5344 conjugati
1420 5286 1638 5344 possunt
1688 5277 1763 5331 ire
1816 5297 1907 5346 per
1955 5282 2052 5336 ista

467 5360 707 5427 vestigia,
739 5361 836 5415 etsi
869 5378 971 5416 non
1013 5363 1245 5434 perfecte
1277 5366 1326 5418 in
1359 5366 1544 5420 eadem
1579 5367 1743 5422 forma
1793 5383 2052 5442 pauentes

469 5449 676 5516 pedem,
711 5465 1072 5512 verumtamen
1106 5457 1156 5510 in
1187 5457 1386 5512 eisdem
1421 5460 1623 5514 semitis
1654 5463 1974 5532 gradientes.

537 5543 762 5599 CAPUT
801 5545 992 5602 XXIX.
1013 5551 1187 5606 ——‘:?.9.
1233 5552 1344 5618 Quo
1369 5570 1480 5606 eum
1504 5566 1776 5625 sequuntur
1806 5560 1928 5611 δοίην
1952 5560 2052 5612 vir-

466 5635 622 5703 gines.
657 5632 936 5692 Invidentia
970 5641 1022 5694 in
1047 5644 1182 5700 cmlis
1211 5654 1414 5716 propter
1443 5649 1768 5716 prtmniorum
1805 5647 2048 5714 differen-

531 5790 552 5869 ‘_
573 5791 853 5869 editicium
881 5807 987 5857 pro,
1007 5797 1255 5860 gramina,
1282 5800 1450 5864 habet,
1475 5804 1684 5868 grandia
1712 5817 1728 5854 :
1752 5803 2049 5869 refraganti-

462 5849 557 5903 bus
579 5861 684 5905 Mss.
709 5862 764 5906 et
781 5861 860 5908 Er.

1378 368 1466 424 DE
1504 363 1772 424 SANCTA
1812 358 2276 438 VlRGlNlTATE,
2313 363 2372 420 s.
2411 363 2783 424 AUGUSTINI

3665 379 3772 434 ΗΞ

2198 481 2321 535 tiam
2342 484 2505 537 nulla.
2533 483 2638 541 Sed
2667 500 2792 541 ecce
2821 485 2908 541 ille
2937 487 3116 558 Agnus
3139 490 3378 560 graditur
3397 492 3586 549 itinere
3613 495 3775 567 virgi-

2193 575 2326 641 nali;
2353 580 2621 646 quomodo
2649 589 2902 647 postcum
2921 580 3169 651 ibuntqui
3188 582 3288 638 hoc
3313 586 3606 640 amiserunt
3625 587 3770 658 quod

2191 668 2338 723 nullo
2377 669 2538 723 modo
2584 671 2883 741 recipiunt?
2915 671 3022 727 Vos
3053 687 3201 744 ergo,
3235 690 3328 728 vos
3373 677 3445 730 ite
3477 686 3594 745 post
3625 695 3773 744 eum,

2193 761 2421 829 virgines
2449 761 2591 831 ejus;
2625 779 2720 818 vos
2749 776 2801 818 et
2825 765 2946 820 illuc
2974 766 3045 821 ite
3085 777 3203 836 post
3229 784 3372 831 eum,
3402 769 3525 838 quia
3555 782 3776 839 propter

2193 853 2293 906 hoc
2315 871 2474 908 unum
2494 857 2508 888 ¹
2533 873 2865 927 quocumque
2889 855 3006 912 ierit
3039 859 3320 930 sequimini
3340 877 3458 914 eum
3483 879 3494 914 :
3515 862 3578 915 ad
3601 863 3774 930 quod-

2191 941 2321 997 libet
2360 947 2500 1000 enim
2532 946 2672 1000 aliud
2705 950 2999 1003 sanctitatis
3033 949 3229 1003 donum
3257 967 3360 1020 quo
3391 967 3511 1006 eum
3540 967 3775 1021 sequan-

2193 1042 2296 1099 tur,
2328 1037 2528 1090 bortari
2561 1053 2848 1109 possumus
2888 1039 3220 1109 conjugatos,
3256 1051 3448 1108 przeter
3482 1041 3582 1096 hoc
3628 1043 3774 1112 quod

2191 1124 2607 1194 irrcparabiliter
2646 1129 2956 1183 amiserunt.
2994 1131 3096 1183 \‘os
3125 1131 3298 1199 itaque
3328 1132 3608 1202 sequimini
3649 1148 3774 1186 eum

2191 1219 2423 1273 tenendo
2444 1232 2846 1288 perseveranter
2869 1222 3008 1292 quod
3040 1224 3259 1278 vovistis
3281 1225 3552 1279 ardenter.
3587 1224 3773 1280 Facite

2190 1324 2310 1364 cum
2345 1316 2585 1380 potestis,
2629 1327 2694 1366 ne
2736 1313 3053 1380 virginitatis
3103 1315 3299 1368 bonum
3327 1331 3354 1368 a
3384 1315 3534 1369 vobis
3564 1326 3772 1383 pereat,

2188 1401 2271 1454 cui
2303 1401 2474 1458 facere
2503 1403 2629 1456 nihil
2660 1404 2881 1473 potestis
2907 1413 2963 1459 ut
2992 1405 3191 1459 redeat.
3227 1403 3435 1459 Videbit
3458 1422 3552 1461 vos
3578 1417 3774 1460 cartera

2188 1494 2469 1548 multitudo
2498 1495 2752 1558 ﬂdelium,
2777 1513 2896 1566 quae
2926 1498 3125 1564 Agnum
3153 1497 3216 1550 ad
3247 1497 3348 1552 hoc
3374 1499 3520 1567 sequi
3546 1515 3650 1554 non
3677 1516 3776 1570 po-

2188 1594 2290 1640 test
2312 1605 2323 1640 :
2353 1585 2572 1653 videbit,
2597 1603 2692 1642 nec
2717 1587 2998 1653 invidebit;
3023 1598 3075 1642 et
3101 1587 3418 1643 colhctando
3440 1591 3606 1654 vobis,
3628 1591 3774 1661 quod

2186 1678 2236 1731 in
2268 1695 2324 1732 se
2347 1695 2450 1732 non
2478 1679 2653 1742 habet,
2690 1679 2904 1735 habebit
2927 1681 2976 1734 in
3004 1681 3173 1734 vobis.
3197 1679 3326 1734 Nam
3361 1690 3414 1735 et
3441 1681 3565 1736 illud
3593 1685 3774 1737 canti-

2184 1786 2302 1824 cum
2332 1788 2523 1825 novum
2553 1774 2820 1842 proprimn
2844 1783 3076 1825 vestrum
3107 1772 3281 1826 dicere
3304 1788 3407 1828 non
3430 1773 3649 1842 poterit;
3670 1791 3773 1829 au-

2184 1861 2296 1916 dire
2325 1873 2502 1917 autem
2538 1865 2747 1933 poterit,
2776 1871 2830 1917 et
2849 1862 3099 1917 delectari
3138 1874 3315 1917 vestro
3347 1871 3454 1919 tam
3482 1865 3775 1922 excellenti

2184 1955 2343 2010 bono.
2377 1956 2480 2010 Sed
2514 1971 2610 2009 vos
2637 1957 2722 2026 qui
2753 1965 2805 2008 et
2848 1955 3034 2009 dicetis
3060 1965 3112 2009 et
3140 1955 3384 2022 audietis,
3425 1957 3542 2026 quia
3583 1967 3634 2009 et
3667 1958 3772 2012 hoc

2182 2046 2319 2115 quod
2350 2046 2540 2101 dicetis
2569 2061 2598 2099 a
2626 2045 2776 2099 vobis
2802 2045 3049 2112 audietis,
3079 2045 3283 2099 felicius
3312 2045 3770 2116 exsultabitis,ju-

2183 2138 2514 2208 cundiusque
2543 2137 2848 2206 regnabitis.
2882 2137 2953 2190 De
2987 2137 3186 2203 majore
3217 2145 3392 2190 tamen
3423 2147 3600 2191 vestro
3631 2153 3772 2206 gau-

2182 2231 2270 2284 dio
2297 2233 2472 2285 nullus
2500 2247 2699 2285 mmror
2729 2233 2830 2286 erit
2869 2232 3059 2301 quibus
3089 2227 3188 2284 hoc
3219 2231 3410 2285 deerit.
3457 2233 3639 2301 Agnus
3680 2231 3774 2287 ille

2181 2323 2394 2392 quippe,
2426 2340 2582 2392 quem
2614 2339 2708 2378 vos
2735 2339 3067 2393 quocumque
3091 2323 3210 2376 ierit
3237 2323 3538 2392 sequimini,
3558 2339 3656 2377 nec
3671 2339 3772 2377 eos

2181 2415 2393 2469 deseret
2421 2417 2509 2486 qui
2537 2432 2658 2469 eum
2686 2431 2789 2484 quo
2818 2430 2911 2468 vos
2941 2430 3043 2468 non
3073 2415 3252 2468 valent
3295 2415 3466 2484 sequi.
3509 2414 3773 2486 Omnipo-

2181 2516 2376 2560 tentem
2410 2511 2612 2574 Agnum
2641 2506 2926 2577 loquimur.
2953 2507 3019 2561 Et
3054 2507 3203 2560 vobis
3232 2507 3458 2575 pra-ibit,
3500 2517 3551 2560 et
3591 2507 3657 2560 ab
3689 2508 3773 2562 eis

2180 2613 2284 2651 non
2315 2599 2500 2662 abibit,
2533 2614 2651 2652 enm
2680 2600 2780 2653 erit
2808 2599 2945 2652 Deus
2974 2599 3151 2653 omnia
3186 2600 3236 2651 in
3284 2599 3530 2652 omnibus
3557 2596 3607 2668 (1
3639 2597 3768 2652 Cor.

2177 2706 2268 2752 xv,
2297 2691 2412 2759 ‘28).
2445 2689 2510 2744 Et
2531 2691 2616 2761 qui
2641 2691 2816 2745 minus
2838 2689 3126 2752 habebunt,
3151 2705 3178 2742 a
3203 2689 3352 2743 vobis
3379 2705 3480 2742 non
3508 2689 3773 2744 abhorre-

2177 2781 2329 2834 bunt.
2363 2781 2460 2836 Ubi
2491 2783 2631 2835 enim
2664 2781 2801 2834 nulla
2834 2789 2914 2835 est
2945 2779 3254 2844 invidentia,
3288 2793 3513 2834 concors
3539 2789 3621 2834 est
3658 2780 3772 2835 dif-

2178 2873 2423 2929 ferentia.
2457 2874 2766 2928 Prtesumite
2812 2874 3012 2944 itaque,
3062 2873 3228 2936 ﬁdite,
3261 2871 3608 2938 roboramini,
3641 2888 3770 2941 per-

2178 2975 2408 3030 manete,
2449 2966 2536 3034 qui
2570 2965 2771 3019 vovetis
2811 2973 2865 3018 ct
2907 2963 3129 3018 redditis
3176 2959 3398 3017 Domino
3430 2965 3537 3018 Deo
3586 2973 3772 3018 vestro

2177 3067 2295 3110 vota
2344 3056 2515 3125 (Psal.
2566 3071 2730 3122 Lxxv,
2776 3056 2864 3126 l2)
2912 3069 3187 3126 perpetua:
3231 3056 3598 3122 continentize,
3656 3071 3768 3111 non

2178 3157 2394 3216 prepter
2425 3163 2657 3217 praesens
2685 3147 2961 3213 saeculum,
3004 3149 3097 3203 sed
3129 3157 3346 3218 propter
3383 3163 3602 3217 regnum
3647 3163 3769 3204 cm-

2178 3237 2371 3291 lormn.

2246 3328 2474 3383 CAPUT
2512 3327 2681 3384 XXX.
2706 3328 2891 3384 -—30.
2937 3327 3183 3382 Hortatur
3225 3329 3293 3382 ad
3331 3329 3666 3400 virginitatem
3707 3341 3770 3386 ut

2175 3419 2242 3472 ad
2266 3437 2391 3489 Opus
2416 3423 2894 3492 supererogationis,
2923 3439 3019 3475 non
3049 3423 3306 3491 prwcepti.
3344 3421 3450 3476 Vos
3480 3421 3640 3477 etiam
3669 3421 3767 3493 qui

2177 3511 2278 3566 hoc
2331 3513 2563 3568 nondum
2611 3515 2862 3580 vovistis,
2917 3516 3002 3584 qui
3058 3513 3276 3583 potestis
3323 3529 3536 3584 capere,
3589 3515 3768 3584 capite

2177 3603 2390 3674 (Matth.
2437 3619 2545 3670 xtx,
2582 3606 2702 3678 19.);
2752 3617 3157 3676 perseveranter
3183 3606 3485 3670 currite,'ut
3514 3623 3766 3679 compre-

2175 3693 2418 3749 hendatis
2447 3696 2488 3768 (l
2515 3695 2632 3751 (for.
2663 3713 2740 3763 ix,
2767 3697 2883 3768 24).
2915 3697 3106 3752 Tollite
3134 3697 3334 3751 hostias
3363 3699 3584 3769 quisque
3613 3715 3762 3764 suas,

2173 3799 2228 3842 ct
2259 3789 2470 3844 introite
2504 3791 2555 3845 in
2583 3792 2714 3844 atria
2748 3791 2952 3845 Domini
2979 3789 3147 3858 (Psal.
3181 3807 3302 3856 xcv,
3333 3792 3408 3862 8),
3440 3807 3542 3846 non
3571 3807 3635 3846 ex
3663 3808 3768 3847 ne-

2173 3881 2442 3943 cessitate,
2474 3893 2790 3952 potestatem
2825 3883 3081 3938 habentes
3109 3893 3302 3938 vestra:
3327 3884 3632 3939 voluntatis.
3659 3883 3768 3938 Ne-

2172 3991 2273 4042 que
2301 3975 2441 4027 enim
2469 3977 2626 4042 sicut,
2667 3974 2782 4027 Non
2814 3973 3157 4042 nuce/iuberis,
3191 3974 3310 4029 Non
3344 3977 3537 4030 occides
3561 3974 3761 4047 (Exbd.

2171 4081 2268 4133 xx,
2300 4068 2386 4131 i5,
2412 4068 2518 4136 Μ),
2548 4068 2615 4120 ita
2638 4067 2739 4120 dici
2762 4075 2954 4136 potest,
2975 4066 3087 4120 Non
3118 4067 3308 4120 nubes.
3341 4065 3430 4120 Illa
3453 4067 3760 4136 exiguntur,

2171 4159 2268 4212 ista
2299 4159 2610 4212 nll‘eruntur.
2635 4157 2688 4211 Si
2723 4158 2847 4210 fiant
2876 4159 2992 4220 ista,
3023 4157 3462 4212 laudanturmisi
3497 4159 3622 4211 fiant
3645 4157 3759 4225 illa,

2168 4248 2507 4301 damnantur.
2537 4247 2589 4300 In
2623 4248 2722 4301 illis
2753 4249 3009 4302 Dominus
3037 4249 3270 4302 debitum
3305 4241 3529 4318 impei'at
3568 4249 3761 4306 vobis:

2169 4342 2220 4396 in
2259 4341 2338 4394 his
2369 4351 2541 4395 autem
2589 4341 2629 4394 si
2678 4341 2800 4411 quid
2848 4341 3078 4411 amplius
3120 4343 3650 4411 supererogaveritis,
3705 4344 3759 4396 in

2168 4432 2440 4487 redeundo
2471 4432 2659 4486 reddet
2702 4431 2851 4487 vobis
2879 4431 3027 4503 (Luc.
3057 4449 3110 4496 x,
3146 4433 3257 4504 55).
3291 4433 3550 4503 Cogitate,
3603 4432 3762 4502 quid-

2167 4522 2291 4592 quid
2317 4523 2442 4576 illud
2471 4533 2573 4588 est,
2600 4525 2649 4576 in
2676 4540 2826 4578 muro
2849 4525 2965 4594 ejus
2988 4525 3158 4578 locum
3196 4527 3526 4579 nominatum
3559 4527 3755 4581 melio-

2166 4630 2278 4668 rem
2313 4614 2480 4668 multo
2510 4631 2667 4684 quam
2701 4615 2928 4669 illioram
2953 4627 3112 4685 atque
3143 4617 3388 4670 ﬁliarum.
3421 4618 3661 4688 Cogitate
3685 4619 3754 4673 il-

2165 4705 2234 4760 lic
2283 4723 2476 4760 nomen
2533 4717 2789 4760 arternum
2853 4706 3001 4778 (Isai.
3056 4725 3160 4772 LVI,
3211 4709 3289 4778 5).
3339 4710 3468 4776 Quis
3523 4711 3760 4779 explicat

2165 4799 2321 4866 quale
2375 4815 2566 4852 nomen
2617 4801 2754 4853 erit?
2801 4799 3069 4871 Quidquid
3121 4813 3294 4856 tamen
3340 4807 3459 4869 erit,
3493 4813 3755 4859 mteruum

2163 4891 2284 4944 erit.
2321 4891 2430 4945 lloc
2459 4893 2727 4947 credendo
2767 4904 2818 4946 et
2867 4885 3128 4962 sperando
3174 4904 3228 4949 et
3281 4897 3526 4960 amando,
3576 4897 3757 4966 potui-

2162 4983 2257 5035 stis
2285 4983 2530 5054 eonjugia
2567 5001 2670 5037 non
2711 4983 2951 5040 devitarc
2980 4987 3269 5057 prohibita,
3303 4988 3393 5042 sed
3424 4991 3756 5045 transvolare

2161 5088 2435 5127 ροιιρθςδτι.

2229 5163 2454 5220 CAPUT
2495 5164 2688 5218 XXXI.
2709 5196 2779 5205 —
2800 5167 2888 5219 5L
2923 5166 3200 5222 IIumililas
3230 5173 3447 5226 maxime
3474 5173 3755 5242 virginibus

2159 5256 2576 5312 commendanda.
2615 5256 2932 5310 llumilitatis
2976 5276 3210 5313 mensura
3259 5263 3434 5332 cuique
3463 5264 3604 5318 data.
3642 5266 3753 5318 Su-

2159 5345 2330 5416 perbia
2359 5358 2519 5401 mater
2561 5348 2867 5402 invidentiw.
2899 5349 3054 5404 Unde
3082 5351 3242 5420 hujus
3273 5356 3509 5408 muneris
3539 5358 3715 5425 magni

2159 5437 2306 5502 tudo,
2340 5438 2404 5491 ad
2449 5439 2587 5507 quod
2621 5442 3005 5508 capessendum
3039 5459 3134 5511 pro
3163 5446 3357 5499 nostris
3386 5447 3587 5501 viribus
3616 5448 3713 5503 hor

2157 5530 2247 5582 tati
2294 5545 2499 5594 smnus,
2546 5541 2745 5600 quanto
2787 5541 2870 5588 est
2913 5535 3260 5590 excellentius
3289 5546 3448 5607 atque
3489 5537 3722 5596 divinius

2158 5629 2304 5674 tanto
2354 5624 2518 5690 magis
2565 5623 2814 5679 admonet
2863 5627 3272 5682 sollicitudinem
3318 5640 3576 5696 nostram,
3631 5647 3718 5687 non

2154 5715 2327 5768 solum
2354 5714 2421 5770 de
2449 5715 2828 5786 gloriosissima
2861 5720 3120 5783 castitate,
3153 5736 3336 5775 verum
3369 5723 3528 5776 etiam
3549 5722 3618 5777 de
3647 5731 3721 5778 tu-

2220 5869 2241 5901 ⁸
2264 5868 2402 5931 aditi,
2425 5869 2599 5920 bonum
2622 5883 2784 5921 utnon.
2805 5873 2970 5934 Abest,
2995 5872 3188 5938 bonum,
3210 5887 3240 5934 a
