4070 6334
259 382 353 448 415

260 500 453 556 tissime
486 499 801 570 humilitate
825 499 1022 572 aliquid
1054 499 1214 570 loqui.
1249 499 1382 554 Cum
1414 513 1542 570 ergo
1583 508 1852 572 perpetuae

260 592 602 648 continentia:
641 583 975 662 professores
1025 607 1082 645 se
1132 591 1426 662 conjugatis
1458 586 1850 660 cotnparantes,

263 685 546 740 secundum
576 683 892 754 Scripturas
927 685 1286 754 compererint
1321 700 1414 738 eos
1454 683 1590 750 infra
1627 699 1767 750 esse,
1802 695 1864 758 et

265 793 416 848 opere
442 788 496 832 et
527 777 805 842 mercede,
834 787 886 832 et
914 785 1036 830 voto
1071 785 1126 830 et
1158 777 1404 846 praemio;
1450 778 1630 831 statim
1676 777 1852 830 veniat

265 873 312 928 in
350 879 586 926 mentem
631 869 774 942 quod
825 869 1078 939 scriptum
1121 879 1235 923 est:
1269 871 1466 934 Quanto
1512 885 1725 939 magnus
1777 885 1848 934 es,

265 975 393 1018 tanto
419 964 637 1017 humilia
666 976 714 1017 te
740 964 792 1016 iu
815 964 1062 1027 oumibus,
1091 973 1138 1016 et
1162 979 1332 1015 coram
1359 961 1464 1015 Deo
1490 962 1707 1014 invenies
1733 978 1852 1032 gra-

264 1056 373 1106 liam
419 1053 611 1122 (Eccli.
659 1071 738 1119 ιιι,
784 1054 896 1127 20).
937 1055 1181 1108 Mensura
1214 1054 1525 1108 humilitatis
1565 1053 1755 1122 cuique
1787 1069 1850 1106 ex

265 1160 503 1199 mensura
534 1146 703 1214 ipsius
726 1145 1106 1216 magnitudinis
1126 1145 1249 1199 data
1281 1155 1393 1200 est:
1416 1146 1501 1205 cui
1533 1153 1614 1200 est
1647 1146 1851 1214 llCI‘Il'll-

262 1237 366 1290 lusa
410 1221 839 1306 superbi:i,lqua3
884 1237 1114 1305 amplius
1161 1237 1505 1305 amplioribus
1551 1235 1850 1289 insidiatur.

266 1331 401 1384 llanc
432 1331 674 1399 sequitur
719 1317 1029 1398 invidentia,
1062 1338 1311 1400 tanquam
1342 1329 1446 1384 filia
1489 1329 1801 1402 pedissequa
1834 1347 1847 1382 :

261 1438 369 1477 eam
397 1424 596 1496 quippe
636 1423 882 1494 superbia
914 1424 1167 1477 continuo
1195 1423 1350 1492 parit,
1387 1437 1485 1475 nec
1513 1438 1742 1490 unquam
1769 1430 1850 1475 est

263 1514 367 1570 sine
401 1515 493 1567 tali
529 1515 676 1583 prole
707 1499 882 1583 atque
922 1517 1139 1569 comite.
1169 1515 1371 1582 Quibus
1415 1515 1624 1569 duobus
1671 1515 1843 1580 malis,

264 1608 355 1661 hoc
381 1615 464 1660 est
491 1606 742 1676 superbia
771 1597 823 1662 et
851 1607 1162 1674 invidentia,
1209 1607 1450 1661 diabolus
1480 1617 1561 1660 est
1582 1608 1618 1660 ί.
1671 1605 1848 1677 Itaque

263 1710 435 1768 contra
467 1701 772 1776 superbiam
801 1710 1021 1776 matrem
1052 1701 1355 1756 invidentize
1389 1703 1630 1756 maxime
1657 1703 1848 1757 militat

261 1795 500 1847 universa
530 1792 810 1866 disciplina
833 1794 1142 1862 christiana.
1166 1795 1291 1850 [hec
1321 1797 1460 1850 enim
1493 1795 1649 1850 docet
1674 1796 1848 1854 humi-

265 1885 480 1951 litatem,
505 1902 608 1954 qua
635 1896 688 1938 et
715 1887 954 1956 acquirat
983 1875 1036 1940 et
1073 1887 1338 1942 custodiat
1384 1889 1698 1942 cbaritatem
1731 1907 1744 1944 :
1781 1890 1847 1944 de

264 1991 355 2044 qua
383 1991 504 2029 cum
538 1977 738 2031 dictum
767 1986 930 2044 esset,
960 1975 1191 2032 Charitas
1232 1996 1330 2034 non
1361 1981 1662 2044 ammlatur;
1703 1982 1848 2036 velut

263 2069 301 2122 si
324 2083 537 2126 causam
573 2086 958 2140 (lutcreremus,
1005 2072 1142 2128 unde
1169 2071 1262 2126 fiat
1293 2081 1348 2125 ιιι
1393 2088 1495 2136 ιιοιι
1545 2074 1842 2141 :rmuletur,

261 2160 505 2214 Continuo
536 2161 793 2224 subdidit,
825 2160 946 2218 Non
987 2165 1194 2232 inﬂatur
1236 2163 1276 2233 (l
1301 2162 1418 2216 Cor.
1450 2180 1563 2227 xui,
1590 2167 1644 2232 4)
1675 2183 1687 2219 :
1725 2175 1842 2220 tan-

259 2267 406 2320 quam
437 2247 663 2318 dicerct,
699 2251 822 2330 Ideo
850 2269 953 2306 non
984 2253 1142 2308 habet
1182 2254 1550 2319 invidentiam,
1594 2257 1715 2324 quia
1747 2271 1845 2312 nec

259 2345 576 2422 superbiam.
607 2344 812 2412 Doctor
841 2345 1016 2420 itaque
1045 2345 1356 2400 humilitatis
1387 2348 1630 2424 Christus
1671 2349 1844 2418 primo

257 2438 573 2506 seuietipsum
600 2439 875 2514 exinanita!
903 2441 1120 2510 fortnam
1146 2442 1276 2494 servi
1300 2441 1576 2510 accipiens,
1617 2442 1670 2495 in
1703 2442 1843 2496 sinti-

259 2529 462 2583 litudine
497 2531 761 2604 hominum
802 2536 986 2600 factus,
1022 2543 1070 2588 et
1104 2533 1278 2604 habitu
1316 2534 1544 2588 iuventus
1574 2543 1628 2587 ut
1655 2535 1842 2600 homo;

257 2621 534 2676 humiliavit
563 2623 902 2694 semetipsum,
945 2623 1111 2694 factus
1156 2626 1388 2680 obediens
1427 2643 1584 2695 usque
1610 2626 1679 2680 ad
1708 2643 1846 2681 mor-

258 2722 364 2778 tem,
397 2723 610 2782 mortem
631 2724 802 2790 autem
832 2717 994 2769 crucis
1016 2715 1273 2786 (Philipp.
1304 2733 1362 2782 ιι,
1391 2718 1444 2784 7,
1468 2718 1548 2790 8).
1576 2718 1690 2788 Ipsa
1715 2735 1844 2774 vero

257 2804 491 2860 doctrina
522 2807 664 2878 ejus,
695 2823 856 2880 quam
883 2817 1085 2864 attente
1114 2810 1345 2864 insinuet
1375 2810 1730 2867 lmmilitatem
1761 2822 1843 2866 at-

257 2912 350 2965 que
376 2897 504 2954 huic
546 2899 919 2972 praecipienda:
959 2891 1306 2970 vehementer
1336 2902 1562 2978 insistat,
1593 2904 1717 2974 quis
1745 2920 1842 2960 ex-

257 2989 446 3066 plicare
477 2989 637 3062 facile
669 2992 858 3060 possit,
887 3001 1046 3061 atque
1077 2993 1127 3046 in
1159 2994 1296 3048 hanc
1323 3010 1434 3048 rem
1464 2995 1842 3050 demonstran-

256 3061 367 3156 dam
392 3081 701 3150 testimonia
724 3093 912 3135 cuncta
932 3085 1258 3150 congerere?
1287 3084 1399 3138 lloc
1420 3083 1596 3140 facere
1621 3097 1842 3158 conetur

257 3172 332 3252 vel
379 3173 556 3247 faciat,
603 3173 844 3247 quisquis
889 3189 1131 3228 seorsum
1177 3174 1244 3242 de
1287 3173 1586 3230 humilitate
1613 3177 1845 3232 voluerit

256 3263 522 3346 scribere:
547 3264 705 3335 hujus
753 3274 931 3321 autem
972 3267 1151 3336 operis
1193 3265 1340 3322 aliud
1381 3267 1711 3339 propositum
1739 3277 1844 3338 est,

259 3360 391 3437 qp'ad
423 3360 492 3432 de
523 3371 632 3424 tam
667 3375 853 3428 magna
884 3376 938 3412 re
966 3369 1271 3432 susceptum
1299 3370 1402 3424 est,
1447 3370 1501 3412 ut
1540 3361 1586 3430 ei
1613 3363 1846 3430 maxime

258 3450 322 3524 sit
345 3450 584 3526 cavenda
607 3450 876 3525 superbia.

323 3543 552 3600 CAPUT
592 3543 810 3614 XXXII.
831 3573 900 3582 —-
919 3544 1006 3599 52.
1048 3542 1130 3614 De
1156 3545 1439 3612 humilitate
1469 3553 1717 3616 prqcepta
1738 3543 1848 3597 Do-

259 3639 375 3710 mini
409 3648 459 3692 et
494 3639 747 3708 exempla.
779 3637 1010 3712 Proinde
1040 3654 1205 3708 pauca
1236 3639 1558 3706 testimonia,
1591 3654 1709 3708 qua;
1747 3639 1850 3706 Do-

258 3729 429 3782 minus
457 3728 512 3800 in
543 3736 778 3798 mentem
808 3729 936 3796 dare
961 3729 1229 3799 dignatur,
1272 3747 1337 3786 ex
1385 3729 1626 3786 doctrina
1650 3727 1848 3784 Christi

260 3819 322 3892 de
354 3820 658 3892 humilitate
686 3835 1071 3885 commemoro,
1112 3836 1229 3890 quae
1259 3821 1324 3873 ad
1365 3820 1416 3875 id
1455 3821 1594 3892 quod
1645 3818 1851 3874 intendi

264 3899 487 3983 fortasse
537 3912 825 3980 sufliciant.
876 3913 1067 3980 Sermo
1105 3913 1240 3982 ejus,
1280 3928 1438 3982 quem
1468 3913 1695 3982 primum
1722 3926 1850 3980 pro-

262 4001 506 4070 lixiorem
537 4003 602 4056 ad
631 4002 922 4072 discipulos
951 4003 1153 4070 habuit,
1182 4003 1303 4058 inde
1324 4005 1506 4072 cmpit,
1539 4001 1686 4055 Beati
1715 4017 1846 4071 pau-

265 4110 400 4162 peres
446 4095 654 4163 spiritu,
690 4095 930 4164 quoniam
973 4095 1200 4164 ipsorum
1244 4104 1316 4148 est
1357 4111 1568 4165 regnum
1612 4093 1852 4147 cwlorum

266 4185 474 4255 (.llatth.
509 4201 564 4248 v,
588 4185 643 4256 5)
669 4204 681 4238 :
716 4200 850 4256 quos
877 4187 992 4240 sine
1027 4187 1128 4252 ulla
1153 4188 1515 4242 controversia
1540 4185 1765 4240 humiles
1785 4186 1857 4238 in-

266 4277 571 4346 telligimus.
614 4276 799 4331 Fidem
850 4278 1190 4345 centurionis
1238 4279 1382 4332 illius
1425 4278 1544 4332 ideo
1587 4277 1854 4347 pr.rcipue

263 4367 518 4432 laudavit,
551 4384 652 4423 nec
666 4384 724 4422 se
744 4369 1010 4423 invenisse
1029 4370 1079 4422 in
1101 4369 1262 4438 Israel
1287 4371 1421 4424 dixit
1449 4379 1643 4424 cunam
1669 4368 1851 4435 ﬁdem,

266 4460 380 4528 quia
409 4459 502 4514 ille
529 4473 636 4514 tam
667 4459 937 4527 humiliter
966 4461 1213 4528 credidit,
1247 4471 1302 4515 ut
1328 4463 1550 4526 diceret,
1586 4461 1706 4516 Non
1739 4478 1853 4515 sum

267 4556 448 4626 dignus
473 4565 526 4610 ut
553 4555 646 4610 sub
677 4564 859 4609 tectum
885 4571 1049 4618 meum
1073 4555 1227 4618 intres
1253 4551 1359 4624 (Id.
1381 4571 1491 4622 VIII,
1511 4552 1684 4626 540).
1703 4552 1858 4622 Unde

273 4660 372 4704 nec
399 4645 686 4704 Matthzeus
732 4645 803 4700 ob
841 4643 986 4699 aliud
1037 4659 1157 4699 eum
1190 4644 1321 4706 dixit
1351 4646 1644 4702 accessisse
1671 4645 1740 4700 ad
1762 4644 1856 4700 Je-

274 4753 413 4808 sum,
463 4754 588 4794 cum
634 4737 972 4808 apertissime
1015 4735 1187 4790 Lucas
1233 4737 1465 4790 insinuet
1488 4736 1629 4805 quod
1659 4753 1763 4790 non
1789 4735 1855 4790 ad

268 4845 388 4888 eum
419 4836 536 4903 ipse
567 4832 795 4898 venerit,
819 4831 914 4887 sed
947 4832 1149 4887 amicos
1191 4845 1318 4886 suos
1348 4831 1554 4884 miserit
1580 4829 1733 4897 (Luc.
1762 4845 1856 4895 vn,

270 4923 318 4989 6,
352 4927 426 4994 7),
457 4926 558 4984 nisi
581 4925 703 4994 quia
734 4924 1042 4984 ﬁdelissima
1081 4925 1382 4986 humi-litate
1430 4925 1598 4994 nmgis
1629 4926 1742 4994 ipse
1765 4941 1854 4978 ac-

270 5020 450 5094 cessit,
484 5034 646 5089 quam
676 5018 749 5074 illi
777 5033 911 5089 quos
949 5021 1115 5074 misit.
1149 5018 1300 5074 Unde
1340 5025 1394 5072 et
1423 5019 1550 5074 illud
1582 5017 1857 5087 prapheti—

268 5123 388 5166 cum
415 5120 520 5172 est,
566 5109 812 5166 Excelsus
855 5118 929 5164 est
969 5109 1238 5176 Dominus,
1287 5119 1332 5166 et
1375 5111 1583 5164 humilia
1625 5110 1859 5177 respicit;

270 5205 464 5262 accisa
487 5213 660 5258 autem
682 5203 881 5272 alonge
906 5204 1158 5273 cognoscit
1183 5202 1350 5274 (Psal.
1378 5218 1613 5268 cxxxvn,
1647 5202 1704 5270 6)
1727 5221 1738 5254 :
1765 5203 1858 5256 uti.

269 5311 370 5363 que
394 5305 650 5365 tanquam
680 5311 787 5352 non
813 5296 1139 5354 accedentia.
1171 5296 1305 5352 Hinc
1330 5295 1472 5358 etilli
1493 5295 1700 5349 mulieri
1721 5294 1858 5349 Cha-

271 5403 474 5442 nantea:
502 5388 653 5453 dicit,
687 5387 731 5441 0
763 5387 962 5450 mulier,
1003 5404 1186 5458 magna
1224 5397 1296 5442 est
1337 5386 1461 5454 ﬁdes
1497 5387 1614 5439 tua!
1654 5387 1742 5454 ﬁat
1771 5386 1858 5438 tibi

237 5479 396 5531 ’sicut
419 5480 493 5542 vis
526 5495 546 5532 :
583 5495 744 5548 quam
784 5480 1028 5556 superius
1058 5494 1244 5552 canem
1271 5479 1648 5547 appellaverat,
1681 5492 1779 5532 nec
1809 5478 1857 5532 ei

271 5583 466 5637 panem
501 5571 730 5627 liliorum
756 5571 1141 5643 proﬁciendum
1171 5587 1290 5626 esse
1321 5570 1684 5640 responderat.
1706 5569 1858 5636 Quod

337 5821 358 5855 ί
386 5823 461 5879 Sic
607 5829 660 5886 At
683 5828 780 5886 En,
819 5818 1046 5886 superbia
1063 5825 1108 5886 et
1131 5815 1391 5886 inridenda
1427 5811 1646 5886 diabolus
1669 5817 1869 5882 praeest.

272 5887 411 5947 Dom,
434 5875 665 5951 superbiat
686 5881 733 5936 et
755 5875 1031 5934 invidentia:
1045 5875 1264 5932 diabolus
1279 5885 1474 5944 praeest.

1685 379 1894 442 LIBER
1930 381 2131 441 UNUS.

3445 397 3546 458 4M

1961 499 2049 552 illa
2093 501 2362 560 humilittu'
2392 505 2659 588 accipiens
2683 508 2910 588 dixerat,
2941 510 3052 577 Ita,
3077 513 3324 582 Domine;
3349 534 3467 578 nam
3496 529 3542 574 et

1959 608 2107 648 canes
2133 595 2286 650 edunt
2328 597 2391 652 de
2414 599 2556 654 micis
2579 587 2691 667 qua:
2714 587 2902 656 cadunt.
2937 603 2998 660 de
3027 621 3196 662 mensa
3225 608 3542 666 dominorum

1959 704 2183 744 suorum.
2207 692 2284 743 Ac
2306 691 2383 746 sic
2411 693 2549 763 quod
2574 695 2787 750 assiduo
2808 696 3041 754 clamore
3067 715 3171 754 non
3201 700 3540 771 impetrabat,

1959 779 2145 832 humili
2194 781 2530 838 confessione
2577 788 2872 855 promeruit
2919 787 3130 860 (Matth.
3179 806 3272 856 xv,
3322 792 3541 864 22-28).

1958 868 2092 924 Iliuc
2117 878 2171 924 et
2195 871 2270 925 illi
2294 872 2400 928 duo
2429 886 2795 946 proponuntur
2824 890 3040 934 orantes
3067 867 3119 934 in
3151 883 3372 953 templo,
3406 901 3540 956 unus

1959 957 2272 1029 pharisaeus,
2317 974 2370 1018 et
2396 967 2528 1021 alter
2553 969 2887 1038 publicanus,
2923 983 3140 1041 propter
3176 990 3268 1028 eos
3313 977 3399 1048 qui
3442 975 3537 1032 sibi

1953 1056 2080 1124 justi
2125 1056 2385 1121 videntur,
2429 1069 2481 1113 et
2507 1072 2766 1130 spernunt
2799 1074 3045 1126 caeteros,
3075 1074 3126 1120 ct
3155 1068 3538 1122 enun'ierationi

1957 1149 2268 1202 meritorum
2319 1151 2598 1219 praefertur
2636 1152 2903 1210 confessio
2947 1167 3304 1224 peccatorum.
3341 1159 3408 1212 Et
3440 1161 3539 1211 uti-

1955 1256 2057 1309 que
2087 1241 2193 1294 Deo
2219 1244 2415 1310 gratias
2435 1245 2621 1313 agebat
2648 1245 2940 1314 pharisaeus
2966 1264 3029 1301 ex
3054 1248 3135 1301 bis
3157 1249 3208 1301 in
3231 1247 3421 1318 quibus
3443 1249 3540 1306 sibi

1955 1333 2178 1411 multum
2221 1333 2489 1402 placebat:
2527 1333 2747 1396 Gratias,
2783 1338 2968 1406 inquit,
3003 1339 3089 1390 tibi
3132 1356 3247 1410 ago,
3295 1340 3415 1410 quia
3439 1355 3568 1392 non”

1953 1441 2064 1478 sum
2092 1426 2218 1478 sicut
2246 1428 2408 1480 atteri
2436 1427 2679 1493 homines,
2705 1431 2899 1498 injusti,
2919 1441 3163 1499 raptores,
3181 1431 3422 1497 adulteri,
3444 1433 3542 1486 sic—

1953 1526 2009 1570 ut
2058 1526 2104 1569 et
2141 1518 2438 1587 publicanus
2466 1521 2576 1574 iste.
2603 1520 2792 1592 Jejuno
2813 1523 2885 1576 bis
2907 1525 2958 1576 in
2988 1522 3213 1591 sabbato,
3237 1525 3454 1578 decimas
3475 1525 3541 1578 do

1951 1611 2176 1662 Omnium
2205 1627 2524 1681 qumcmnque
2545 1615 2796 1684 possideo.
2821 1614 3131 1668 Publicauus
3150 1629 3319 1670 autem
3347 1618 3408 1669 de
3429 1618 3540 1671 lon-

1951 1703 2136 1771 ginqua
2158 1703 2339 1768 stabat,
2365 1719 2454 1756 nec
2473 1705 2644 1760 oculos
2667 1707 2733 1758 ad
2767 1709 2944 1760 rwlum
2986 1708 3200 1762 audebat
3239 1711 3422 1772 levare,
3450 1707 3540 1762 sed

1953 1794 2257 1862 percutiebat
2288 1807 2460 1865 pectus
2490 1815 2660 1859 suum,
2711 1799 2916 1852 dicens:
2940 1798 3098 1862 Deus,
3145 1801 3393 1868 propitius
3433 1809 3540 1865 esto

1951 1889 2073 1940 mihi
2100 1891 2370 1958 peccatori.
2403 1879 2653 1960 Sequitur
2669 1901 2840 1947 autem
2865 1891 3040 1946 divina
3059 1894 3320 1946 sententia
3347 1894 3537 1947 :Ameu

1948 1977 2062 2032 dico
2095 1980 2247 2040 vobis.
2282 1980 2536 2034 descendit
2557 1983 2870 2053 justi/iectus
2914 1984 2975 2036 de
3014 1983 3196 2052 templo
3239 1983 3539 2054 publicanus

1949 2071 2112 2140 magis
2139 2088 2293 2138 quam
2319 2073 2407 2126 ille
2433 2073 2728 2140 pharisa'us.
2777 2073 2979 2130 Deinde
3018 2089 3174 2127 causa
3216 2074 3534 2140 ostenditur,

1947 2176 2041 2214 cur
2069 2162 2171 2228 hoc
2197 2161 2392 2231 justqu
2433 2165 2532 2216 sit:
2566 2163 2814 2227 Quoniam
2839 2165 2880 2218 is
2903 2165 2988 2235 qui
3007 2181 3059 2217 se
3080 2164 3268 2220 exultat
3293 2165 3535 2216 humilia-

1947 2252 2098 2314 bitur,
2125 2264 2171 2310 et
2196 2255 2280 2322 qui
2307 2272 2358 2307 se
2386 2256 2616 2309 quniliut
2645 2237 2946 2308 exaltabitur
2971 2255 3120 2332 (Luc.
3146 2271 3293 2318 xvut,
3322 2255 3534 2324 10-14).

1947 2347 2088 2404 Fieri
2118 2365 2245 2422 ergo
2266 2359 2443 2422 potest
2474 2357 2528 2403 ut
2556 2350 2779 2420 quisque
2811 2359 2864 2403 ct
2894 2349 3028 2405 mala
3059 2364 3182 2402 vera
3225 2349 3447 2412 devitet,
3481 2355 3538 2402 et

1949 2453 2072 2516 vera
2102 2438 2237 2494 bona
2265 2439 2320 2494 in
2347 2453 2409 2512 se
2433 2440 2760 2508 consideret,
2787 2449 2841 2496 et
2869 2441 2937 2496 de
2971 2441 3054 2496 his
3079 2441 3222 2496 Patri
3272 2441 3533 2496 luminum

1947 2531 2146 2616 gratias
2172 2539 2315 2602 agat,
2345 2548 2376 2588 a
2404 2549 2508 2602 quo
2534 2533 2814 2589 descendit
2856 2548 3013 2588 omne
3039 2533 3219 2588 datum
3249 2537 3533 2601 optimum,

1945 2632 2000 2694 et
2025 2640 2183 2698 omne
2213 2625 2409 2678 donum
2453 2623 2746 2698 perfectum
2795 2623 2997 2695 (Jacobi
3027 2641 3064 2689 I,
3097 2624 3218 2694 I7);
3259 2635 3312 2678 et
3357 2632 3534 2677 tamen

1945 2716 2195 2792 elationis
2223 2716 2351 2770 vitio
2381 2715 2717 2785 reprobetnr,
2750 2717 2792 2768 si
2819 2716 2937 2769 aliis
2970 2715 3338 2784 peccatoribus
3364 2709 3538 2767 maxi-

1947 2785 2138 2874 I'neque
2172 2817 2386 2878 peccata
2417 2809 2466 2862 in
2494 2808 2734 2862 oratione
2756 2805 3154 2878 confitentibus,
3185 2803 3268 2858 vel
3297 2803 3408 2880 sola
3437 2816 3534 2858 co-

1943 2899 2199 2974 gitatione
2228 2915 2346 2968 quin
2373 2914 2551 2954 coram
2589 2901 2697 2954 Deo
2724 2907 2828 2964 est,
2859 2899 3118 2967 superbus
3151 2897 3388 2962 insultet,
3412 2894 3534 2966 qui-
3573 2965 3580 2971 λ

1944 2993 2043 3048 bus
2065 3007 2171 3048 non
2194 2993 2508 3062 exprobatio
2533 3008 2654 3047 cum
2687 2991 2980 3055 inﬂatione,
3013 2991 3106 3045 sed
3134 2991 3405 3044 miseratio
3421 2988 3536 3044 sine

1946 3086 2319 3158 desperatione
2341 3087 2585 3141 debetur.
2625 3085 2760 3154 Quid
2811 3083 2938 3138 illud
2982 3083 3126 3153 quod
3176 3081 3537 3152 quaerentibus

1948 3179 2088 3234 inter
2115 3194 2172 3232 se
2199 3179 2472 3247 discipulis
2508 3178 2751 3246 quisnam
2782 3189 2970 3228 eorum
2997 3173 3169 3241 major
3207 3181 3372 3234 esset,
3404 3165 3538 3239 pite-

1944 3285 2065 3326 rum
2092 3270 2373 3341 parvulum
2403 3269 2682 3326 constituit
2708 3273 2832 3322 ante
2863 3267 3044 3320 oculos
3066 3280 3275 3333 eorum,
3309 3263 3495 3317 dicens
3520 3276 3534 3316 :

1948 3361 2068 3420 Nisi
2097 3363 2294 3436 {ueritis
2330 3364 2458 3416 sicut
2485 3378 2611 3431 puer
2649 3362 2759 3422 iste.
2806 3377 2905 3416 non
2944 3359 3192 3430 intrabitis
3235 3359 3285 3412 in
3328 3369 3537 3428 regnum

1918 3454 2191 3508 caelorum
2217 3452 2432 3522 (Matth.
2464 3467 2617 3513 ιγιιι,
2652 3452 2802 3520 I-3)?
2831 3465 3004 3506 nonne
3035 3449 3386 3504 humilitatem
3419 3461 3537 3501 ma-

1950 3545 2092 3600 xime
2119 3542 2532 3606 commendavit,
2577 3543 2712 3612 etin
2759 3557 2821 3596 ea
2867 3539 3110 3594 meritum
3158 3535 3540 3612 magnitudinis

1949 3637 2164 3710 posuit?
2189 3637 2280 3691 Vel
2325 3651 2448 3690 cum
2489 3634 2610 3688 filiis
2635 3631 2884 3708 Zebedaei
2917 3632 3076 3685 latera
3103 3629 3219 3698 ejus
3249 3630 3300 3682 in
3333 3627 3538 3706 sedium

1951 3733 2276 3788 sublimitate
2307 3729 2830 3798 conorqiiscentibus,
2879 3727 2946 3794 ita
2979 3723 3273 3792 respondit,
3325 3732 3378 3776 ut
3417 3737 3542 3800 pas-

1954 3825 2120 3880 sionis
2149 3823 2262 3892 ejus
2292 3823 2511 3876 calicem
2547 3820 2832 3876 bibendum
2886 3818 3059 3888 potius
3102 3817 3395 3885 cogitarent
3425 3812 3536 3886 (Id.

1955 3933 2051 3983 xx,
2079 3915 2172 3983 21,
2207 3914 2325 3984 22),
2357 3914 2408 3967 in
2435 3928 2541 3982 quo
2567 3928 2626 3966 se
2655 3911 2954 3976 humiliavit
2996 3923 3163 3978 usque
3192 3908 3257 3962 ad
3289 3915 3539 3972 mortem,

1955 4021 2179 4066 mortem
2204 4017 2384 4070 autem
2411 4011 2584 4062 crucis
2614 4004 2870 4075 (Philipp.
2907 4019 2961 4066 ιι,
3002 4003 3078 4070 8),
3112 4015 3267 4070 quam
3308 3993 3544 4066 superbo

1956 4102 2193 4172 appetitu
2235 4098 2472 4168 pra-ferri
2505 4096 2713 4151 carteris
2740 4093 3100 4164 postularent;
3129 4089 3256 4162 quid
3285 4088 3540 4154 ostendit,

1957 4197 2060 4252 nisi
2101 4196 2179 4250 eis
2223 4210 2280 4248 se
2326 4195 2554 4248 futurum
2600 4187 2892 4244 altitudinis
2937 4182 3390 4255 largitorem,.qui
3421 4196 3544 4236 eum

1957 4290 2233 4348 doctorem
2265 4286 2580 4346 humilitatis
2623 4292 2774 4336 antea
2816 4277 3199 4348 sequerentur?
3242 4274 3358 4328 .lam
3414 4288 3544 4328 vero

1959 4381 2101 4451 quod
2147 4380 2390 4442 exiturus
2432 4378 2497 4430 ad
2549 4375 2850 4444 passionem
2895 4371 3022 4428 lavit.
3057 4369 3218 4438 pedes
3249 4366 3544 4438 discipulis,

1959 4472 2271 4539 monuitque
2315 4468 2649 4536 apertissime
2677 4474 2733 4518 ut
2771 4464 2875 4517 hoc
2907 4461 3137 4514 ῆιρειιιιι
3169 4456 3546 4525 οοιιιὶίευὶιιιιΙίς

1959 4575 2118 4634 atque
2135 4559 2432 4626 conservis,
2453 4557 2596 4628 quod
2613 4557 2691 4611 eis
2719 4555 2932 4611 fecisset
2952 4554 3200 4623 Magister
3215 4561 3269 4606 et
3290 4550 3548 4604 Dominus

1961 4657 2139 4727 (Joan.
2173 4672 2284 4719 xm,
2319 4649 2512 4723 1-17);
2559 4659 2812 4720 quantum
2849 4645 3244 4702 commendavit
3275 4640 3548 4696 humilita-

1962 4748 2103 4806 tem?
2129 4748 2224 4804 Cui
2253 4743 2689 4804 commendandze
2728 4742 2888 4798 etiam
2937 4749 3147 4809 tempus
3193 4735 3319 4790 illud
3365 4734 3546 4803 elegit,

1960 4857 2066 4912 quo
2102 4855 2224 4896 eum
2274 4838 2512 4909 proxime
2550 4835 2865 4890 moriturum
2909 4847 3030 4887 cum
3061 4843 3254 4900 magno
3282 4824 3549 4880 desiderio

1961 4935 2380 4996 contuebantur;
2411 4929 2513 4984 hoc
2543 4929 2723 4998 utique
2757 4926 3022 4995 praecipue
3072 4919 3327 4976 memoria
3362 4924 3544 4969 reten-

1961 5027 2087 5092 turi,
2104 5025 2245 5095 quod
2275 5023 2521 5092 Magister
2541 5018 2827 5074 imitandus
2845 5017 3084 5072 ultimum
3105 5014 3543 5066 demonstrasset.

1962 5120 2030 5172 At
2061 5117 2148 5171 ille
2175 5116 2275 5169 hoc
2304 5113 2429 5169 fecit
2460 5113 2550 5168 illo
2577 5121 2838 5180 tempore,
2870 5107 3010 5178 quod
3060 5105 3237 5173 utique
3277 5099 3448 5170 potuit
3495 5107 3548 5153 et

1961 5211 2082 5264 aliis
2107 5219 2230 5263 ante
2251 5207 2460 5271 diebus,
2491 5205 2686 5276 quibus
2713 5217 2832 5274 cuni
2865 5200 2942 5254 eis
2972 5198 3144 5250 fuerat
3172 5200 3545 5248 conversatus:

1962 5303 2174 5374 quando
2213 5303 2258 5356 si
2307 5301 2478 5363 fieret,
2520 5299 2620 5353 hoc
2646 5298 2817 5366 ipsum
2845 5291 3055 5362 quidem
3105 5287 3423 5350 traderetur,
3455 5284 3548 5338 sed

1962 5401 2146 5466 utique
2174 5412 2278 5449 non
2311 5396 2386 5447 sic
2417 5393 2766 5461 acciperetur.

2031 5488 2258 5547 CAPUT
2289 5485 2619 5540 XXXlIl.-—-—
2665 5481 2752 5535 55.
2791 5474 3066 5536 Humilitas
3110 5470 3431 5540 Christianis,
3464 5471 3551 5524 sed

1963 5587 2183 5641 maxime
2211 5578 2485 5650 virginibus
2505 5570 2848 5629 custodienda.
2876 5567 3008 5623 Cum
3055 5583 3182 5636 ergo
3232 5565 3551 5620 Christianis

1964 5675 2213 5731 Omnibus
2233 5651 2578 5724 custodienda
2605 5663 2674 5716 sit
2702 5660 2970 5716 humilitas
2991 5700 3003 5722 ,
3061 5655 3488 5728 quandoquidem
3523 5667 3552 5706 a

1964 5766 2183 5825 Christo
2227 5757 2514 5817 Christiani
2573 5753 2941 5827 appellantur,
2992 5753 3143 5822 cujus
3202 5748 3546 5818 Evangelium

1967 5873 2129 5920 nemo
2152 5856 2433 5926 diligenter
2458 5850 2690 5906 intuetur
2712 5887 2729 5918 ,
2759 5848 2848 5918 qui
2877 5860 2987 5903 non
3015 5833 3137 5902 eum
3163 5843 3439 5900 doctorem
3452 5837 3554 5894 hu-
