4070 6334
12 896 15 1069 i

472 424 577 483 “5

471 531 710 590 militatis
739 531 1006 597 inveniat;
1035 537 1150 609 tum
1193 528 1429 586 maxime
1454 529 1665 584 virtutis
1695 528 1853 598 hujus
1881 535 2058 583 secta-

473 636 616 681 tores
641 633 696 680 et
727 632 1138 679 conservatores
1164 637 1258 678 eos
1285 636 1405 678 esse
1435 621 1721 687 convenit,
1749 622 1838 691 qui
1870 633 2062 690 magno

472 717 652 786 aliquo
681 716 822 771 bono
848 714 1060 786 caeteris
1088 714 1358 779 eminent,
1406 722 1465 768 ut
1507 727 1832 783 magnopere
1875 719 2064 767 curent

473 808 603 862 illud
643 807 783 877 quod
823 805 1065 876 primitus
1095 805 1247 875 posui
1277 822 1289 858 :
1323 805 1523 873 Quanto
1548 822 1760 876 magnus
1798 821 1880 871 es,
1924 813 2062 858 tanta

474 903 684 956 humilia
707 911 752 955 te
782 902 832 953 in
863 900 1092 953 omnibus
1111 939 1126 965 ,
1169 907 1214 952 et
1243 914 1413 952 coram
1458 898 1565 953 Deo
1600 899 1820 952 invenies
1844 897 2063 968 gratiam

472 993 659 1064 (Eccli.
688 1008 777 1059 ιιι,
824 991 941 1062 20).
970 990 1198 1045 Proinde
1238 984 1361 1061 quia
1403 999 1655 1059 perpetua
1704 989 2054 1056 continentia,

473 1086 808 1154 maximeque
838 1083 1147 1152 virginitas,
1173 1097 1418 1151 magnum
1447 1081 1648 1135 bonum
1678 1088 1759 1134 est
1785 1081 1836 1134 in
1863 1080 2061 1137 sanctis

475 1180 599 1245 Dei,
632 1178 1036 1248 vigilantissime
1080 1177 1378 1232 cavendum
1419 1184 1502 1231 est
1551 1190 1619 1230 ne
1661 1174 1909 1245 superbia
1940 1188 2061 1229 cor-

475 1279 775 1324 rumnatur.

544 1286 775 1339 inpatur.

543 1362 631 1413 54.
677 1358 926 1413 Curiosas
972 1366 1026 1413 et
1071 1357 1326 1412 verbosas
1354 1355 1522 1410 malas
1568 1355 1817 1425 innuptas
1866 1355 2059 1412 Paulus

475 1453 748 1521 apostolus
780 1458 961 1516 notat,
995 1458 1048 1504 et
1087 1449 1189 1503 hoc
1219 1449 1402 1502 vitium
1431 1446 1613 1501 venire
1654 1446 1782 1501 dicit
1811 1462 1876 1501 ex
1927 1448 2055 1501 otio.

471 1544 640 1597 Simul
667 1551 834 1595 autem
858 1581 875 1608 ,
910 1540 1118 1611 inquit,
1150 1549 1196 1592 et
1223 1540 1397 1592 otiosa:
1429 1538 1629 1591 discunt
1654 1538 1914 1591 circumire
1963 1538 2059 1591 do-

470 1650 578 1685 mos
604 1634 619 1663 ⁸
646 1649 660 1697 ;
695 1648 794 1685 non
816 1632 979 1685 solum
1006 1641 1169 1683 autem
1220 1630 1418 1694 otiosae,
1453 1644 1621 1681 verum
1674 1629 1821 1680 etiam
1847 1626 2079 1682 curiosae

469 1732 512 1776 et
540 1724 756 1776 verbosa:
776 1764 789 1787 ,
823 1724 1079 1791 loquentes
1107 1735 1218 1788 quia
1246 1736 1346 1772 non
1368 1728 1580 1789 oportet.
1612 1719 1685 1773 De
1706 1718 1788 1772 his
1817 1720 2059 1789 superius

468 1813 702 1876 dixerat,
736 1812 975 1866 Juniores
1000 1820 1167 1864 autem
1188 1810 1367 1863 viduas
1387 1810 1536 1863 evita.
1565 1808 1690 1863 Cum
1711 1810 1843 1862 enim
1867 1811 1919 1863 in
1966 1808 2054 1863 de-

474 1907 603 1960 liciis
620 1907 841 1977 egerint,
868 1908 922 1958 in
948 1904 1157 1958 Christi!
1172 1903 1354 1957 nubere
1370 1903 1543 1957 volunt
1561 1918 1580 1965 ;
1602 1902 1836 1955 habentes
1857 1901 2060 1955 damna-

468 2000 680 2062 tionem,
708 1999 945 2069 quoniam
977 1998 1191 2066 primam
1243 1996 1399 2064 ﬁdem
1448 1996 1642 2047 irritam
1688 1994 1909 2063 fecerunt
1947 2010 1966 2048 :
2005 1993 2058 2049 id

467 2101 548 2147 est
569 2134 582 2158 ,
626 2089 677 2145 in
712 2106 776 2145 eo
796 2091 937 2160 quod
968 2092 1139 2160 primo
1168 2098 1456 2153 voverant,
1492 2104 1596 2143 non
1628 2096 1907 2143 steterunt.

539 2184 763 2238 CAPUT
790 2183 1031 2239 XXXIV.
1059 2214 1129 2223 —
1151 2181 1402 2252 Innuptas
1429 2183 1647 2235 viventes
1666 2191 1845 2235 contra
1871 2197 2060 2251 prapo-

471 2275 621 2326 situm
661 2290 761 2325 non
806 2282 997 2343 spectat
1042 2288 1261 2341 praesens
1291 2272 1579 2325 adhortatio
1611 2272 1680 2324 ad
1706 2272 2056 2326 humilitatem.

468 2364 576 2419 Nec
609 2372 783 2418 tamen
834 2364 945 2429 ait,
980 2364 1219 2427 nubunt;
1277 2361 1369 2417 sed
1395 2403 1409 2426 ,
1442 2361 1625 2416 nubere
1653 2361 1843 2415 volunt.
1870 2361 2059 2417 Multas

469 2457 613 2511 enim
642 2470 824 2509 earum
848 2463 1062 2509 revocat
1089 2468 1118 2507 a
1155 2453 1437 2519 nubendo,
1488 2467 1594 2506 non
1639 2466 1792 2506 amor
1818 2453 2059 2521 praeclari

468 2548 759 2619 propositi,
815 2546 909 2602 sed
959 2546 1129 2616 aperti
1167 2545 1446 2600 dedecoris
1492 2546 1678 2610 timor,
1730 2545 1951 2600 veniens
1994 2553 2049 2600 et

470 2640 582 2711 ipse
635 2639 704 2693 de
750 2637 1024 2709 superbia,
1055 2650 1157 2705 qua
1204 2635 1516 2691 formidatur
1544 2636 1712 2705 magis
1756 2635 2060 2692 hominibus

471 2731 753 2800 displicere
774 2772 787 2796 ,
812 2744 970 2799 quam
995 2729 1122 2782 Deo.
1154 2727 1247 2782 Hae
1279 2728 1438 2797 igitur
1466 2743 1585 2797 qua:
1612 2727 1813 2782 nubere
1835 2727 2053 2794 volunt,
2082 2738 2087 2743 '

474 2831 528 2876 et
552 2822 669 2875 ideo
712 2836 820 2875 non
851 2820 1053 2874 nubunt
1082 2819 1205 2889 quia
1255 2819 1472 2888 impune
1520 2834 1623 2872 non
1655 2826 1905 2887 possunt,
1937 2833 2059 2888 quae

471 2914 662 2968 melius
690 2913 951 2966 nuberent
978 2926 1135 2980 quam
1164 2919 1483 2977 urerentur,
1516 2909 1569 2964 id
1621 2917 1733 2975 est,
1775 2925 1934 2979 quam
1958 2924 2056 2965 oc-

477 3006 616 3059 culta
638 3005 844 3057 ﬂamma
874 3004 1320 3073 concupiscentia:
1348 3005 1399 3058 in
1426 3005 1538 3073 ipsa
1563 3004 1926 3058 conscientia”
1957 3018 2049 3058 va-

471 3105 768 3162 starentur,
801 3111 933 3164 quas
966 3097 1187 3164 poenitet
1214 3095 1617 3163 professionis,
1650 3104 1704 3150 et
1746 3096 1889 3165 piget
1928 3110 2059 3150 con-

472 3186 753 3249 fessionis;
788 3186 886 3239 nisi
913 3194 1217 3239 correctum
1249 3200 1343 3239 cor
1370 3184 1630 3254 dirigant,
1663 3194 1717 3238 et
1746 3184 1837 3239 Dei
1871 3184 2059 3240 timore

470 3293 657 3331 rursus
679 3278 952 3331 libidinem
980 3277 1214 3342 vincant,
1244 3277 1296 3330 in
1325 3273 1547 3331 mortuis
1570 3276 1885 3345 deputanda:
1902 3284 2049 3344 sunt,

471 3369 584 3423 sive
616 3368 667 3421 in
697 3368 900 3421 deliciis
924 3377 1116 3437 agant;
1145 3368 1285 3423 unde
1313 3367 1441 3422 dicit
1471 3368 1756 3437 Apostolus
1777 3409 1791 3433 ,
1817 3366 1944 3433 Quae
1963 3384 2057 3419 au-

472 3470 568 3514 tem
594 3461 646 3514 in
674 3460 866 3513 deliciis
891 3460 995 3529 agit
1020 3500 1035 3523 ,
1063 3461 1230 3513 vivens
1274 3470 1474 3513 mortua
1512 3470 1585 3513 est
1612 3460 1657 3528 (l
1686 3458 1820 3512 Tim.
1840 3475 1871 3511 v
1891 3482 1925 3524 ,-
1952 3460 2020 3514 15
2038 3501 2054 3528 ,

471 3552 530 3608 ii
570 3594 584 3618 ,
616 3551 721 3617 12,
753 3550 842 3622 6);
882 3552 991 3605 sive
1018 3551 1068 3604 in
1094 3550 1365 3604 laboribus
1404 3557 1564 3619 atque
1610 3548 1828 3617 jejuniis
1852 3588 1866 3615 ,
1911 3548 2056 3602 nulla

471 3645 648 3701 cordis
676 3644 1011 3700 correctione
1049 3643 1334 3713 superfluis
1356 3683 1373 3709 ,
1424 3651 1478 3696 et
1507 3642 1673 3711 magis
1717 3642 2058 3697 ostentationi

471 3751 630 3807 quam
656 3734 1013 3789 emendationi
1042 3733 1063 3764 ⁸
1089 3732 1463 3788 servientibus.
1486 3732 1600 3786 Non
1614 3747 1712 3802 ego
1740 3732 1929 3787 talibus
1946 3749 2058 3788 ma-

472 3841 629 3897 gnam
660 3840 841 3879 curam
892 3824 1203 3878 humilitatis
1232 3824 1447 3893 iugero,
1493 3823 1545 3877 in
1586 3822 1779 3893 quibus
1808 3825 2056 3891 superbia

474 3919 588 3988 ipsa
616 3916 987 3983 confunditur,
1016 3925 1071 3971 et
1090 3916 1435 3971 conscientiae
1460 3915 1679 3969 vulnere
1718 3925 2053 3972 cruentatur.

474 4010 582 4066 Nec
602 4010 826 4065 ebriosis
845 4050 859 4077 ,
890 4020 982 4064 aut
1023 4010 1227 4074 avaris,
1253 4017 1343 4063 aut
1382 4008 1489 4063 alio
1512 4007 1750 4078 quolibet
1778 4008 2057 4064 damnabi-

473 4102 541 4159 lis
566 4101 736 4155 morbi
765 4100 993 4171 genere‘
1018 4100 1337 4170 jacentibus,
1369 4114 1487 4154 cum
1506 4098 1737 4154 habeant
1764 4101 2057 4171 corporalis

480 4194 822 4249 continentiae
866 4192 1287 4262 professionem,
1331 4191 1673 4259 moribusque
1718 4192 1981 4260 perversis
2024 4206 2056 4247 a

477 4300 575 4339 suo
605 4284 818 4338 nomine
843 4282 1150 4347 dissonent,
1188 4282 1324 4336 hanc
1362 4297 1607 4352 magnam
1644 4282 2055 4338 sollicitudinem

475 4380 579 4448 pia:
607 4376 921 4431 humilitatis
948 4377 1161 4445 impono
1192 4393 1204 4427 :
1236 4375 1335 4429 nisi
1356 4374 1494 4429 forte
1516 4375 1568 4427 in
1600 4373 1683 4428 his
1715 4375 1868 4429 malis
1894 4376 2055 4430 etiam

476 4480 743 4526 ostentare
764 4486 820 4523 se
847 4468 1135 4535 audebunt,
1155 4467 1346 4537 quibus
1364 4482 1467 4521 non
1497 4468 1691 4522 sufficit
1708 4468 1848 4539 quod
1870 4482 2056 4525 eorum

478 4562 730 4630 supplicia
774 4560 1109 4614 ditleruntur.
1137 4557 1248 4613 Nec
1293 4558 1363 4613 de
1409 4558 1489 4613 his
1528 4575 1628 4630 ago
1680 4561 1732 4615 in
1757 4561 1948 4630 quibus
1974 4568 2058 4617 est

479 4651 688 4722 quidam
721 4650 963 4720 placendi
1014 4651 1316 4718 appetitus,
1363 4659 1454 4704 aut
1496 4651 1817 4720 elegantiore
1863 4651 2057 4707 vestitu

477 4759 635 4815 quam
664 4751 821 4798 tantae
844 4741 1186 4811 professionis
1212 4741 1503 4796 necessitas
1547 4740 1806 4809 postulat,
1834 4748 1925 4793 aut
1968 4752 2065 4796 ca-‘

480 4837 599 4904 pilis
629 4835 915 4903 ligamento
942 4832 1192 4896 notabili,
1224 4832 1337 4886 sive
1379 4829 1706 4901 prtetumidis
1739 4829 2055 4888 umbonibus

477 4925 786 4995 capillorum
808 4965 823 4988 ,
851 4924 961 4978 sive
987 4922 1304 4993 tegminibus
1332 4922 1401 4975 ita
1431 4921 1631 4976 teneris
1663 4921 1683 4951 ⁵
1708 4961 1724 4986 ,
1767 4927 1824 4973 ut
1868 4922 2056 4977 retiola

477 5019 658 5073 subter
680 5017 846 5087 posita
876 5023 1169 5085 appareant
1200 5032 1212 5067 :
1243 5014 1326 5067 his
1357 5010 1593 5066 nondum
1621 5012 1688 5065 de
1715 5011 2009 5066 humilitate
2035 5052 2051 5080 ,

476 5111 568 5166 sed
596 5111 664 5166 de
700 5111 812 5180 ipsa
859 5110 1102 5163 castitate
1133 5106 1215 5160 vel
1266 5103 1566 5173 integritate
1595 5100 1857 5171 pudicitia:
1881 5102 2054 5157 danda

480 5211 738 5273 pra-cepta
766 5208 908 5257 sunt.
932 5199 1008 5253 Da
1035 5196 1165 5251 mihi
1194 5194 1529 5267 profitentem
1553 5203 1860 5263 perpetuam
1886 5194 2055 5248 conti-

476 5294 747 5361 nentiam,
793 5301 952 5361 atque
980 5290 1063 5344 his
1091 5298 1146 5343 et
1172 5284 1475 5357 hujusmodi
1501 5285 1748 5339 onmibus
1781 5294 2053 5341 carentem

477 5387 617 5441 vitiis
644 5393 697 5440 et
720 5385 938 5439 maculis
967 5397 1213 5446 morum;
1245 5379 1369 5434 huic
1399 5378 1703 5448 superbiam
1726 5379 1908 5442 timeo,
1931 5378 2055 5434 huic

488 5488 598 5533 tam
627 5492 815 5549 magno
858 5475 1003 5532 bono
1026 5490 1090 5530 ex
1134 5470 1380 5530 elationis
1417 5480 1622 5526 tumore
1664 5470 1909 5525 formido.
1938 5470 2053 5535 Quo

542 5659 558 5690 ι
584 5663 711 5718 Mss,
731 5653 934 5706 curiosis
952 5665 1052 5705 esse
1075 5647 1566 5718 discunt,_circumire
1590 5647 1771 5718 domos.

540 5722 561 5753 i
580 5691 1050 5779 ganeam:
1064 5691 1805 5779 saara'ss'aasaspssaa.

543 5783 563 5814 ³
588 5770 775 5843 Aliquot
790 5775 1162 5843 Mss._omit_tunt,
1189 5770 1333 5843 quam
1355 5770 1692 5843 emendationi.

541 5845 562 5874 δ
595 5833 702 5891 atss'.
722 5878 737 5901 ,
770 5836 976 5901 quolibet
1006 5833 1267 5885 damnabili
1301 5833 1453 5901 morbi
1484 5845 1674 5896 genere.

542 5907 564 5939 ⁸
580 5905 697 5955 Mlti
829 5899 1002 5954 teneris
1031 5905 1243 5951 utuntur.
1270 5897 1436 5951 Abest,
1469 5901 1684 5957 utuntur,
1710 5907 1738 5945 a
1760 5901 1864 5944 Mss.

1426 415 1515 473 DE
1550 413 1821 474 SANCTA
1857 409 2325 483 VIRGINITATE,
2363 412 2426 471 S.
2464 412 2834 471 AUGUSTINI

3630 414 3743 471 416

2164 528 2331 598 magis
2359 528 2497 583 inest
2522 528 2662 584 unde
2680 530 2779 584 sibi
2807 529 3012 600 placeat
3028 572 3043 599 ,
3062 543 3129 585 eo
3146 528 3316 600 magis
3342 543 3530 585 vereor
3547 542 3616 585 ne
3640 530 3747 588 sibi

2167 618 2424 688 placendo
2454 619 2530 674 illi
2566 619 2861 689 displiceat,
2878 621 2968 690 qui
2994 620 3222 693 superbis
3247 620 3453 686 resistit,
3472 620 3747 676 humilibus

2166 719 2332 765 autem
2369 711 2457 764 dat
2484 712 2700 782 gratiam
2728 711 2929 782 (Jacobi
2957 728 3009 766 tv
3032 753 3047 778 ,
3074 710 3154 785 6).
3292 770 3295 775 η

2237 802 2463 858 CAPUT
2490 801 2707 858 XXXV.
2741 833 2811 843 ——
2847 804 2935 859 55.
2968 802 3319 857 Humilitatem
3357 801 3587 857 Christus
3630 820 3664 857 a
3695 820 3749 860 se

2166 896 2291 950 disci
2300 896 2465 965 jubet.
2486 896 2645 951 Certe
2668 897 2991 965 praecipuum
3017 896 3379 965 magisterium
3396 905 3451 950 et
3473 895 3748 964 virginalis

2165 988 2480 1057 integritatis
2504 988 2805 1057 exemplum
2864 988 2918 1041 in
2968 986 3082 1056 ipso
3128 985 3343 1041 Christo
3387 986 3750 1041 contuendum
3844 998 3847 999 '

2164 1086 2263 1132 est.
2304 1077 2440 1143 Quid
2468 1093 2595 1148 ergo
2636 1078 2867 1147 amplius
2907 1077 3305 1132 continentibus
3352 1077 3419 1131 de
3449 1077 3749 1133 humilitate

2166 1170 2465 1239 praecipiam
2493 1212 2506 1234 ,
2530 1185 2687 1239 quam
2710 1170 2851 1240 quod
2879 1170 2966 1224 ille
2987 1169 3076 1239 qui
3096 1169 3343 1223 omnibus
3366 1168 3493 1223 dicit
3509 1212 3524 1236 ,
3554 1168 3749 1223 Discite

2162 1278 2195 1315 a
2223 1278 2301 1314 me
2327 1261 2566 1330 quoniam
2594 1263 2727 1314 mitts
2756 1277 2867 1314 sum
2895 1270 2939 1314 et
2965 1260 3188 1336 humilis
3224 1260 3375 1313 corde
3400 1260 3426 1311 7
3474 1276 3592 1314 cum
3620 1275 3746 1314 ma-

2164 1352 2492 1423 gnitudinem
2524 1367 2673 1406 suam
2700 1367 2859 1422 supra
2885 1361 3395 1417 commemorasset;
3436 1360 3491 1407 et
3515 1352 3749 1422 idipsum

2162 1447 2347 1501 volens
2374 1447 2655 1501 ostendere
2683 1446 2701 1477 ¹
2723 1488 2739 1512 ,
2790 1455 3017 1516 quantus
3046 1455 3265 1517 propter
3317 1461 3414 1500 nos
3459 1446 3749 1515 quantillus

2162 1537 2382 1592 ell‘eetus
2406 1544 2489 1591 est
2516 1554 2530 1591 :
2561 1535 2816 1605 Conﬁteor
2837 1577 2853 1603 ,
2884 1537 3083 1606 inquit,
3109 1536 3197 1590 tibi
3219 1577 3234 1602 ,
3266 1535 3421 1591 Pater
3450 1538 3470 1567 ²
3488 1578 3502 1603 ,
3530 1534 3751 1590 Domine

2161 1631 2273 1683 caeli
2298 1640 2344 1683 et
2365 1639 2509 1683 terra?
2527 1672 2541 1696 ,
2574 1630 2814 1696 quoniam
2844 1628 3149 1681 abscondisti
3175 1628 3281 1681 lucc
3305 1644 3335 1680 a
3357 1627 3664 1695 sapientibus
3694 1635 3743 1680 et

2163 1720 2490 1790 prudentibus
2513 1760 2529 1787 ,
2560 1728 2605 1773 et
2629 1718 2859 1772 revelasti
2888 1734 2946 1771 ea
2963 1719 3207 1789 parvulis.
3240 1716 3324 1771 Ita
3347 1759 3363 1785 ,
3391 1716 3548 1770 Pater
3572 1759 3585 1783 ,
3617 1734 3749 1786 quo—
3776 1718 3785 1763 ἶ

2162 1810 2299 1864 niam
2350 1810 2421 1863 sic
2461 1809 2701 1877 placitum
2742 1817 2813 1863 est
2842 1825 3012 1861 coram
3048 1816 3121 1861 te.
3156 1806 3341 1860 Omnia
3385 1807 3509 1860 mihi
3559 1807 3751 1859 tradita

2162 1913 2277 1957 sunt
2322 1920 2352 1955 a
2403 1902 2560 1956 Patre
2588 1919 2695 1955 meo
2728 1945 2742 1969 ,
2776 1911 2821 1956 et
2864 1919 3009 1956 nemo
3059 1902 3312 1972 cognoscit
3368 1900 3601 1967 Filium,
3647 1901 3752 1957 nisi
3798 1924 3805 1929 ·

2164 1995 2361 2060 Pater;
2386 2007 2430 2049 et
2460 2013 2603 2050 nemo
2628 1997 2878 2066 cognoscit
2912 1995 3118 2048 Patrem
3143 2036 3156 2059 ,
3211 1995 3308 2048 nisi
3338 1994 3384 2047 F
3386 1994 3502 2049 ilius
3526 2037 3541 2059 ,
3590 2003 3635 2048 et
3664 1995 3750 2048 cui

2161 2088 2371 2141 voluerit
2396 2086 2443 2139 F
2444 2088 2562 2140 ilius
2590 2088 2827 2140 revelare.
2855 2084 3030 2141 Venite
3053 2086 3121 2138 ad
3151 2103 3229 2139 me
3250 2126 3267 2152 ,
3298 2103 3467 2139 omnes
3496 2088 3581 2155 qui
3606 2084 3777 2139 laboo'

2161 2180 2287 2233 ratis
2316 2188 2360 2232 et
2387 2179 2580 2232 onerati
2607 2179 2722 2232 estis
2745 2220 2761 2243 ,
2790 2186 2835 2232 et
2865 2195 2955 2248 ego
2982 2195 3067 2232 vos
3096 2178 3341 2246 reﬁciam.
3363 2175 3548 2230 Tollite
3559 2177 3750 2248 jugum

2163 2288 2326 2324 meum
2354 2288 2503 2340 super
2522 2286 2606 2323 vos
2631 2310 2645 2335 ,
2675 2278 2720 2323 et
2758 2270 2934 2324 discite
2960 2287 2991 2322 a
3022 2287 3100 2323 me
3125 2269 3361 2337 quoniam
3390 2269 3522 2321 utilis
3550 2285 3661 2321 sum
3699 2277 3750 2323 et

2166 2363 2369 2416 humilis
2400 2362 2549 2415 corde
2576 2360 2787 2433 (Matth.
2813 2378 2898 2427 ιι,
2929 2356 3149 2431 25-29).
3186 2360 3305 2426 Ille,
3341 2361 3427 2414 ille
3455 2360 3539 2413 cui
3565 2360 3745 2415 omnia

2165 2454 2376 2508 tradidit
2394 2454 2568 2517 Pater,
2589 2461 2809 2522 etquem
2832 2468 2988 2509 nemo
3008 2452 3244 2522 agnoscit
3267 2451 3367 2506 nisi
3385 2451 3558 2518 Pater,
3577 2462 3628 2507 et
3651 2454 3747 2521 qui
3782 2466 3783 2469 ‘

2163 2546 2376 2602 Patrem
2406 2546 2551 2600 solus
2594 2546 2861 2616 agnoscit,
2889 2554 2943 2600 et
2967 2545 3054 2599 cui
3081 2545 3312 2598 voluerit
3334 2544 3573 2598 revelare
3592 2586 3607 2611 ,
3637 2559 3748 2599 non

2163 2635 2323 2701 dicit,
2355 2636 2554 2690 Discite
2576 2651 2605 2689 a
2633 2652 2721 2690 me
2764 2635 3017 2690 mundum
3044 2634 3336 2701 fabricare,
3369 2643 3461 2688 aut
3507 2643 3748 2690 mortuos

2162 2728 2450 2794 suscitare;
2480 2727 2600 2793 sed,
2624 2729 2743 2795 quia
2769 2728 2903 2780 mitis
2940 2718 3050 2779 sum
3077 2734 3123 2779 et
3162 2725 3364 2779 Immitis
3383 2726 3548 2779 corde.
3580 2724 3624 2780 Ο
3643 2726 3747 2780 do-

2162 2820 2387 2874 ctrinam
2412 2819 2699 2875 salutarem
2717 2820 2731 2874 1
2763 2834 2796 2872 o
2812 2818 3118 2888 Magistrum
3137 2817 3525 2887 Dominumque
3540 2826 3746 2872 morta-

2163 2910 2291 2964 lium
2313 2952 2328 2975 ,
2352 2910 2544 2979 quibus
2581 2925 2725 2965 mors
2749 2909 2939 2978 poculo
2975 2909 3238 2978 superbiae
3268 2909 3544 2978 propinata
3586 2919 3750 2979 atque

2163 2999 2427 3056 transfusa
2459 3002 2571 3055 est!
2625 3001 2802 3054 Noluit
2850 3000 3045 3055 docere
3086 3000 3228 3071 quod
3270 3000 3385 3069 ipse
3430 3015 3532 3054 nou
3560 3010 3746 3068 esset,

2164 3094 2332 3148 noluit
2353 3093 2544 3160 jubere
2570 3092 2711 3162 quod
2742 3093 2855 3161 ipse
2888 3107 2992 3146 non
3035 3090 3259 3147 faceret.
3287 3090 3455 3146 Video
3482 3101 3533 3146 te
3556 3132 3571 3156 ,
3599 3092 3747 3149 bone

2161 3186 2317 3249 Jesu,
2347 3184 2515 3239 oculis
2544 3184 2697 3248 fidei,
2733 3199 2865 3253 quos
2917 3184 3173 3252 aperuisti
3224 3182 3351 3237 mihi
3391 3192 3636 3253 tanquam
3684 3184 3749 3243 in

2161 3278 2420 3331 concione
2449 3274 2662 3346 generis
2687 3275 2904 3329 humani
2950 3275 3264 3330 clamantem
3319 3289 3381 3329 ac
3428 3275 3695 3331 dicentem
3723 3318 3745 3346 ,
3778 3276 3783 3279 ⁷

2175 3368 2350 3423 Venite
2376 3369 2442 3421 ad
2477 3385 2555 3422 me
2579 3411 2594 3435 ,
2622 3378 2669 3422 et
2698 3368 2871 3423 discite
2894 3386 2926 3421 a
2962 3386 3056 3422 me.
3081 3368 3215 3435 Quid
3234 3408 3248 3431 ,
3281 3368 3503 3422 obsecro
3544 3376 3616 3434 te,
3648 3383 3750 3438 per

2161 3477 2317 3532 quem
2354 3460 2489 3516 facta
2521 3470 2644 3516 sunt
2664 3462 2868 3525 omnia,
2894 3461 2993 3515 Fili
3042 3461 3175 3526 Dei,
3206 3470 3261 3516 et
3287 3460 3428 3515 idem
3453 3460 3542 3529 qui
3572 3459 3747 3517 factus
3774 3462 3777 3465 ’

2161 3566 2220 3606 es
2248 3552 2386 3606 inter
2412 3552 2589 3606 omnia
2612 3594 2626 3617 ,
2661 3550 2760 3607 Fili
2790 3552 3050 3616 hominis;
3080 3551 3205 3621 quid
3234 3560 3292 3606 ut
3312 3552 3580 3607 discamus
3602 3566 3633 3606 a
3660 3561 3738 3620 te,

2159 3645 2400 3699 venimus
2414 3643 2493 3698 ad
2518 3644 2604 3698 te?
2622 3643 2875 3709 Quoniam
2899 3644 3033 3697 mitis
3055 3660 3167 3698 sum
3187 3685 3202 3710 ,
3228 3643 3433 3713 inquit,
3460 3652 3509 3696 et
3535 3644 3743 3700 humilis

2159 3735 2328 3789 corde.
2360 3735 2589 3789 Huccine
2617 3734 2816 3789 redacti
2850 3741 2973 3788 sunt
2999 3748 3185 3788 omnes
3206 3733 3438 3789 thesauri
3468 3734 3747 3804 sapientiae

2160 3837 2212 3883 et
2240 3827 2474 3882 scientia:
2498 3825 2791 3881 absconditi
2814 3826 2867 3880 in
2894 3834 2945 3879 te
2978 3823 3194 3896 (Cotoss.
3220 3841 3254 3879 u
3273 3866 3285 3887 ,
3315 3825 3370 3893 5)
3389 3866 3404 3890 ,
3434 3834 3490 3879 ut
3514 3826 3616 3880 hoc
3645 3840 3747 3894 pro

2160 3934 2353 3990 magno
2381 3919 2649 3973 discamus
2674 3933 2703 3971 a
2737 3926 2787 3972 te
2810 3959 2825 3983 ,
2854 3918 3106 3986 quoniam
3156 3917 3300 3972 mitis
3347 3932 3405 3972 es
3430 3925 3483 3971 et
3527 3917 3745 3973 humilis

2160 4010 2353 4065 corde?
2380 4009 2526 4063 ltane
2548 4022 2793 4077 magnum
2823 4016 2907 4061 est
2933 4021 3053 4061 esse
3082 4021 3301 4076 parvum
3326 4046 3340 4071 ,
3371 4014 3428 4060 ut
3456 4006 3556 4060 nisi
3604 4021 3635 4059 a
3689 4016 3744 4063 ω

2161 4101 2248 4171 qui
2267 4109 2371 4154 tam
2402 4115 2625 4169 magnus
2656 4114 2713 4153 es
2756 4098 2936 4165 fieret,
2966 4096 3097 4152 disci
3118 4098 3337 4151 omnino
3382 4114 3488 4151 non
3517 4098 3745 4167 posset?

2161 4192 2235 4247 lta
2263 4193 2437 4261 plane.
2470 4191 2583 4245 Non
2614 4191 2754 4244 enim
2778 4190 2932 4243 aliter
2949 4191 3225 4245 invenitur
3249 4190 3461 4260 requies
3495 4192 3690 4248 animat
3719 4234 3737 4259 ,

2160 4284 2265 4337 nisi
2294 4283 2529 4352 inquieto
2559 4290 2763 4335 tumore
2792 4280 3000 4351 digesto
3023 4321 3038 4348 ,
3063 4296 3169 4352 quo
3217 4296 3405 4352 magna
3432 4282 3534 4336 sibi
3578 4291 3694 4339 erat
3719 4326 3737 4352 ,

2160 4374 2371 4447 quando
2396 4374 2485 4428 tibi
2509 4388 2636 4428 sana
2670 4388 2776 4427 non
2806 4382 2943 4428 erat.

2230 4462 2453 4520 CAPUT
2474 4462 2718 4518 XXXVI.
2747 4492 2821 4503 —
2841 4464 2929 4517 56.
2962 4462 3281 4517 Humilitatis
3328 4463 3560 4519 doctrina
3590 4464 3745 4534 facile

2159 4558 2332 4611 audita
2357 4573 2389 4610 a
2420 4556 2778 4627 peccatoribus.
2806 4554 3093 4626 Virginibus
3117 4556 3272 4608 multo
3290 4556 3449 4625 magis
3465 4554 3740 4608 audienda.

2160 4650 2392 4706 Audiam
2421 4657 2471 4703 te
2492 4690 2505 4714 ,
2535 4657 2588 4702 et
2612 4648 2829 4702 veniant
2849 4646 2914 4700 ad
2946 4654 3023 4712 te,
3055 4654 3109 4700 et
3146 4645 3302 4700 mites
3326 4655 3486 4715 atque
3512 4645 3744 4700 humiles

2159 4758 2279 4797 esse
2306 4742 2510 4795 discant
2541 4756 2572 4794 a
2615 4748 2699 4807 te,
2743 4739 2832 4809 qui
2880 4737 3301 4793 misericordiam
3352 4746 3407 4792 et
3460 4738 3744 4793 veritatem

2160 4843 2303 4889 tuam
2328 4833 2644 4902 requirunt,
2675 4831 2767 4885 tibi
2798 4828 3050 4893 vivendo,
3089 4828 3215 4893 tibi,
3262 4843 3368 4882 non
3397 4827 3518 4881 sibi.
3546 4827 3746 4882 Audiat

2158 4927 2261 4983 hoc
2307 4928 2555 4981 laborans
2591 4932 2644 4977 et
2672 4932 2954 4988 oneratus,
2982 4923 3072 4991 qui
3102 4921 3310 4975 sarcina
3360 4920 3650 4990 premitur,
3686 4929 3745 4974 ut

2158 5018 2339 5072 oculos
2362 5016 2429 5071 ad
2456 5015 2648 5070 coelum
2675 5014 2853 5067 levare
2890 5026 2999 5066 non
3040 5012 3263 5076 audeat,
3306 5010 3607 5081 percutiens
3641 5026 3743 5081 pe-

2158 5120 2277 5165 ctus
2307 5110 2395 5163 ille
2424 5116 2668 5178 peccator
2691 5116 2744 5160 et
2779 5106 3143 5176 propinquans
3167 5105 3233 5160 de
3264 5105 3552 5176 longinquo
3578 5102 3733 5173 (Luc.

2159 5220 2290 5259 xvni
2308 5244 2321 5267 ,
2346 5204 2454 5273 15).
2486 5200 2678 5255 Audiat
2704 5198 2991 5266 Centurio,
3020 5214 3124 5253 non
3154 5199 3344 5269 dignus
3363 5198 3516 5267 cujus
3542 5204 3747 5252 tectum

2159 5298 2367 5351 subires
2395 5294 2600 5366 (Matth.
2634 5308 2727 5348 VIII
2755 5333 2769 5359 ,
2802 5290 2877 5365 8).
2914 5292 3105 5348 Audiat
3135 5291 3393 5345 Zaehseus
3443 5290 3613 5359 major
3642 5305 3745 5358 pu-

2160 5392 2487 5446 blicanorum
2506 5428 2521 5454 ,
2545 5386 2841 5456 quadrupla
2862 5386 3148 5440 restituens
3175 5384 3323 5440 lucra
3352 5382 3742 5439 damnabilium

2160 5493 2495 5555 peccatorum
2526 5479 2676 5553 (Luc.
2707 5495 2833 5549 nx,
2864 5478 2900 5533 2
2926 5518 2941 5545 ,
2970 5476 3047 5547 8).
3078 5476 3271 5534 Audiat
3295 5477 3487 5532 mulier
3520 5475 3575 5529 in
3604 5474 3747 5529 civi~

2226 5702 2254 5786 '.
2267 5697 3080 5786 ιὲεξξπξξιξιὶξίξξλε.ς9νηξῖιαττοταεεετν
3104 5695 3315 5761 idem
3339 5693 3497 5747 υοιεπε
3514 5692 3745 5745 Wm-

2161 5776 2216 5813 re
2237 5775 2254 5812 :
2279 5765 2450 5811 omissa
2475 5762 2719 5824 particula,
2741 5768 2803 5813 et.

2163 5824 2627 5940 deest
2660 5839 2775 5888 vos,
2808 5831 2988 5885 Pater;
3013 5829 3066 5873 ει
3089 5820 3229 5886 Paulo
3260 5828 3368 5885 νοεῖ
3393 5820 3660 5879 omnum“
3693 5820 3748 5871 σί

2163 5901 2493 5943 vruaeruwus.
3535 5927 3538 5931 .
