4070 6334
268 381 354 467 ιιή
1672 387 1877 450 LIBER
1913 387 2115 449 UNUS.

272 533 362 581 tate
385 522 851 594 peecatrix,tanto
872 515 1224 591 lacrymosior
1251 513 1479 586 pedibus
1499 511 1626 576 tuis,
1658 515 1857 580 quanto

274 616 427 672 [iterat
443 614 684 671 alienior
710 628 743 670 a
770 612 1006 683 vestigiis
1033 609 1134 665 tuis
1163 607 1312 682 (Luc.
1344 622 1418 662 vn
1442 648 1456 672 ,
1488 605 1577 671 37,
1606 602 1720 673 38).
1753 603 1863 655 Au-

277 712 409 769 diant
432 710 763 766 meretrices
809 717 864 765 et
894 704 1199 778 publicani,
1230 703 1320 774 qui
1350 701 1566 757 Scribas
1592 706 1646 753 et
1668 694 1860 751 Phari-

279 820 401 863 saos
424 801 812 875 praeceduntin
841 814 1061 872 regnum
1088 797 1348 854 caelorum
1370 793 1583 868 (Matth.
1602 806 1724 858 nt,
1743 790 1859 857 51).

280 896 458 952 Audiat
500 910 668 950 omne
696 907 867 965 genus
912 905 1205 962 aegrorum,
1238 904 1360 944 cum
1401 885 1593 957 quibus
1621 883 1714 938 tibi
1765 896 1861 952 pro

280 987 490 1042 crimine
515 993 644 1041 sunt
669 984 884 1055 objecta
907 982 1148 1039 convivia
1168 1022 1184 1048 ,
1219 979 1467 1035 videlicet
1488 976 1640 1047 quasi
1670 990 1699 1029 a
1718 974 1861 1028 sanis

280 1080 359 1150 qui
382 1078 653 1133 medicum
705 1093 812 1131 non
840 1074 1178 1146 quaerebant.
1210 1088 1333 1129 cum
1387 1080 1445 1125 tu
1496 1085 1603 1124 non
1646 1067 1862 1123 venires

282 1186 460 1226 vocare
482 1170 657 1241 justos
676 1212 692 1238 ,
722 1168 819 1224 sed
839 1176 1145 1239 peccatores
1170 1166 1222 1219 in
1249 1163 1617 1236 paenitentiam
1648 1159 1758 1232 (Id.
1779 1174 1858 1227 ix,

283 1266 485 1335 ll-l'5).
514 1264 579 1319 Ili
607 1278 795 1318 omnes
820 1278 945 1319 cum
968 1267 1353 1317 convertuntur
1372 1257 1440 1312 ad
1465 1266 1548 1322 te,
1576 1255 1731 1310 facile
1759 1253 1861 1308 mi-

284 1367 482 1414 tescunt
508 1370 564 1411 et
608 1341 957 1411 humiliantur
985 1369 1167 1410 coram
1199 1362 1251 1408 te
1272 1394 1286 1417 ,
1318 1364 1583 1406 memores
1634 1347 1864 1417 iniquis-

284 1452 422 1504 sima:
466 1449 595 1503 vitae
642 1462 790 1515 suae,
847 1455 902 1501 et
953 1442 1425 1515 indulgentissime
1480 1439 1861 1495 misericordias

285 1551 407 1605 ture;
458 1541 587 1610 quia
642 1540 729 1593 ubi
773 1538 1046 1592 abundavit
1085 1547 1381 1608 peccatum,
1436 1532 1863 1606 superabundavit

285 1635 433 1703 gratia
464 1632 645 1704 (Rom.
671 1648 704 1686 ν
722 1674 738 1699 ,
765 1630 883 1701 20).

347 1727 431 1780 37.
465 1724 577 1780 Sed
606 1727 816 1794 respice
840 1725 1049 1793 agmina
1075 1722 1340 1793 virginum
1360 1763 1375 1788 ,
1404 1735 1689 1791 puerorum
1713 1719 1867 1790 puel-

288 1816 557 1886 larumque
583 1825 926 1871 sanctarum:
976 1815 1028 1869 in
1078 1814 1315 1869 Ecclesia
1352 1823 1437 1868 tua
1486 1813 1751 1868 eruditum
1784 1819 1867 1866 est

291 1905 381 1961 hoc
406 1922 613 1977 genus;
644 1907 750 1961 illic
776 1906 871 1961 tibi
912 1921 939 1959 a
966 1905 1221 1960 maternis
1252 1905 1503 1960 uberibus
1542 1903 1819 1974 pullulavit
1849 1942 1865 1969 ,

290 1999 336 2053 in
362 2000 377 2030 ¹
399 2015 597 2055 nomen
626 2008 772 2053 tuum
803 1999 870 2055 ad
898 1998 1222 2068 loquendum
1267 1997 1502 2066 linguam
1553 1995 1737 2060 solvit,
1771 2009 1869 2049 no-

290 2106 400 2145 men
433 2100 583 2145 tuum
616 2091 767 2145 velut
789 2090 872 2145 lac
897 2089 1133 2143 infantiae
1162 2104 1274 2144 sua:
1301 2088 1443 2142 suxit
1466 2086 1720 2141 infusum.
1750 2085 1866 2140 Non

290 2190 455 2251 potest
480 2182 767 2252 quisquam
792 2197 859 2235 ex
891 2180 991 2236 hoc
1012 2195 1236 2235 numero
1257 2179 1437 2234 dicere
1456 2220 1469 2244 ,
1504 2180 1601 2244 Qui
1628 2178 1769 2248 prius
1794 2177 1870 2247 fui

289 2272 605 2342 blasphemus
647 2283 693 2325 et
741 2283 1027 2343 persecutor
1045 2280 1092 2324 et
1128 2271 1437 2341 injuriosus,
1463 2270 1551 2323 sed
1585 2269 1870 2335 misericor—

202 2370 205 2375 '
291 2366 418 2418 diam
440 2374 737 2419 consecutus
763 2381 873 2418 sum
893 2406 909 2431 ,
932 2364 1049 2431 quia
1073 2364 1313 2433 ignorans
1329 2361 1425 2430 feci
1445 2363 1497 2413 in
1524 2360 1873 2413 incredulitate

292 2455 333 2526 (I
353 2455 484 2510 Tim.
516 2472 535 2511 ι
558 2498 574 2523 ,
610 2457 698 2525 15)
730 2474 743 2508 :
774 2456 882 2509 imo
898 2456 1055 2509 etiam
1078 2452 1219 2523 quod
1248 2467 1351 2506 non
1374 2451 1613 2521 jnssisti,
1638 2451 1733 2504 scd
1753 2462 1871 2505 tan-

292 2546 562 2600 tummodo
610 2545 915 2599 volentihus
966 2542 1328 2613 arripiendum
1381 2542 1738 2611 proposuisti,
1794 2540 1874 2595 di-

292 2653 409 2692 cens
432 2681 448 2704 ,
474 2638 575 2704 Qui
604 2646 767 2706 potest
812 2653 1018 2707 capere,
1052 2636 1219 2705 capiat
1239 2675 1254 2701 ,
1311 2635 1686 2703 arripuerunt,
1716 2648 1876 2688 vove-

293 2744 405 2786 runt
424 2748 440 2796 ;
458 2741 513 2785 et
536 2740 758 2800 propter
784 2745 1004 2799 regnum
1030 2731 1290 2784 cmlorum
1319 2744 1377 2782 se
1404 2728 1547 2797 ipsos
1573 2769 1587 2791 ,
1620 2744 1725 2781 non
1753 2726 1876 2796 quia

294 2825 513 2878 minatus
528 2838 591 2879 es
604 2863 622 2889 ,
650 2822 746 2877 sed
771 2822 893 2893 quia
914 2823 1156 2877 hortatus
1170 2837 1229 2877 es
1247 2864 1262 2890 ,
1281 2826 1649 2876 castraverunt
1673 2819 1874 2891 (Matth.

297 2929 377 2969 nx
395 2957 411 2982 ,
442 2914 563 2985 12).
1452 2982 1453 2985 η

357 3004 582 3063 CAPUT
607 3004 879 3061 XXXVII.
902 3004 1220 3060 Humilitatis
1246 3007 1532 3079 exemplum
1554 3005 1609 3059 in
1630 3005 1741 3077 ipso
1766 3003 1878 3058 Do-

296 3100 422 3153 mino
434 3100 1058 3169 propositumvirginibus.
1083 3099 1413 3154 Hisinclama
1434 3140 1450 3165 ,
1478 3098 1533 3152 hi
1563 3106 1614 3152 te
1640 3097 1875 3163 audiant,

294 3194 536 3263 quoniam
559 3194 707 3247 mitis
747 3209 806 3248 es
847 3202 903 3248 et
927 3194 1139 3248 humilis
1154 3194 1334 3250 corde.
1375 3193 1436 3247 Hi
1473 3200 1673 3263 quanto
1704 3190 1880 3261 magni

294 3295 431 3350 sunt,
450 3293 601 3341 tanto
630 3286 915 3341 humilient
940 3303 997 3341 se
1027 3287 1079 3341 in
1106 3287 1372 3352 omnibus,
1391 3294 1448 3341 ut
1468 3300 1647 3340 coram
1670 3286 1882 3341 teinve-

295 3379 435 3433 niant
448 3380 697 3449 gratiam.
729 3378 864 3433 Justi
880 3387 1031 3435 sunt:
1050 3378 1144 3434 sed
1166 3377 1420 3449 numquid
1441 3378 1578 3432 sicut
1606 3386 1662 3431 tu
1682 3376 1881 3447 justiﬁ-

292 3486 415 3525 cans
434 3470 730 3541 impium”?
758 3470 901 3526 Casti
922 3481 1044 3526 sunt
1065 3491 1077 3526 :
1096 3472 1190 3527 sed
1206 3487 1301 3528 eos
1328 3472 1379 3526 in
1425 3473 1657 3540 peccatis
1684 3480 1883 3526 matres

292 3580 473 3619 eorum
492 3566 547 3619 in
567 3565 734 3619 uteris
760 3565 1005 3620 aluerunt
1022 3564 1192 3637 (Psal.
1217 3582 1248 3619 ι,
1265 3607 1280 3633 ,
1308 3564 1383 3635 7).
1404 3562 1585 3620 Sancti
1601 3574 1723 3620 sunt
1746 3583 1758 3617 :
1789 3564 1883 3620 sed

292 3665 346 3710 tu
365 3659 526 3712 etiam
556 3665 771 3712 sanctus
800 3667 1124 3713 sanctorum.
1149 3657 1394 3727 Virgines
1420 3665 1546 3712 sunt
1575 3675 1587 3710 :
1621 3656 1717 3712 sed
1768 3656 1883 3711 nati

292 3749 450 3802 etiam
481 3764 548 3803 ex
570 3747 870 3817 virginibus
896 3764 1000 3802 non
1027 3756 1171 3802 sunt.
1207 3749 1272 3801 Et
1302 3749 1489 3817 Spiritu
1529 3756 1583 3803 et
1619 3762 1781 3802 carne
1805 3747 1886 3800 in-

295 3841 425 3909 tegri
455 3848 581 3893 sunt
610 3857 624 3893 :
657 3840 751 3894 sed
778 3839 1007 3893 Verbum
1028 3854 1153 3893 caro
1182 3838 1376 3893 factum
1409 3854 1514 3892 non
1539 3846 1682 3892 sunt.
1716 3838 1780 3891 Et
1810 3847 1887 3891 ta-

295 3948 414 3986 men
440 3931 688 3995 discant,
715 3946 825 3985 non
854 3932 920 3985 ab
951 3931 1029 3985 eis
1051 3930 1243 4000 quibus
1271 3939 1484 3999 peccata
1517 3929 1761 3993 dimittis,
1792 3927 1885 3983 sed

296 4040 325 4078 a
364 4034 413 4079 te
454 4025 574 4093 ipso
602 4024 755 4093 Agno
780 4023 908 4089 Dei,
940 4023 1029 4091 qui
1056 4022 1199 4075 tollis
1230 4031 1445 4091 peccata
1473 4020 1656 4075 mundi
1693 4018 1884 4092 (Joan.

297 4130 349 4182 ι,
392 4118 499 4181 14,
556 4115 648 4184 29)
677 4157 691 4178 ,
732 4114 983 4184 quoniam
1023 4113 1166 4167 mitis
1212 4128 1272 4168 es
1320 4120 1376 4168 et
1445 4112 1658 4167 humilis
1702 4110 1884 4166 corde.

367 4208 455 4263 58.
479 4208 598 4262 Non
636 4223 736 4278 ego
764 4216 815 4261 te
834 4249 850 4274 ,
891 4207 1065 4261 anima
1087 4205 1174 4275 pie
1201 4205 1390 4275 pudica
1413 4247 1426 4271 ,
1450 4221 1568 4275 qua:
1595 4205 1888 4273 appetitum

298 4301 565 4355 carnalem
606 4316 706 4355 nec
745 4315 911 4369 usque
949 4299 1014 4353 ad
1055 4314 1370 4355 concessum
1409 4299 1711 4368 coniugium
1752 4298 1892 4353 rela-

298 4394 431 4446 xasti
453 4435 467 4459 ,
496 4408 619 4462 qum
657 4391 1001 4446 decessurum
1030 4405 1225 4459 corpus
1252 4404 1350 4444 nec
1378 4389 1674 4443 successori
1699 4404 1889 4458 propa-

298 4485 471 4552 gando
510 4482 811 4547 indulsisti,
848 4497 969 4553 qua:
1018 4481 1277 4535 ﬂuitantia
1327 4481 1567 4536 membra
1594 4489 1804 4536 terrena
1836 4480 1892 4534 in

300 4578 418 4631 cteli
467 4573 911 4630 consuetudinem
966 4572 1289 4643 suspendisti
1340 4590 1352 4625 :
1395 4588 1501 4627 non
1549 4587 1648 4642 ego
1688 4581 1777 4638 te,
1832 4579 1893 4626 ut

303 4668 475 4723 discas
498 4667 874 4731 humilitatem,
890 4666 957 4719 ad
984 4665 1291 4735 publicanos
1311 4672 1366 4719 et
1388 4672 1695 4733 peccatores
1716 4664 1889 4732 mitto,

303 4762 389 4830 qui
419 4772 598 4815 tamen
627 4760 678 4813 in
706 4775 927 4828 regnum
953 4758 1209 4813 caelorum
1251 4757 1561 4827 praecedunt
1589 4756 1851 4826 superbos
1874 4772 1890 4823 ;

305 4867 407 4906 non
450 4864 504 4907 te
533 4851 600 4905 ad
648 4852 745 4903 hos
773 4850 963 4915 mitto;
997 4850 1196 4919 indigni
1224 4856 1347 4903 sunt
1375 4849 1517 4903 enim
1555 4848 1645 4918 qui
1689 4848 1756 4901 ab
1789 4847 1894 4901 im-

304 4945 580 4999 munditiaa
609 4944 862 5013 voragine
890 4943 1094 4997 liberati
1123 4952 1247 4996 sunt
1272 4984 1287 5008 ,
1321 4951 1377 4995 ut
1397 4940 1463 4995 ad
1480 4955 1574 4996 eos
1606 4939 1895 4995 imitandos

306 5038 546 5091 mittatur
575 5037 775 5091 illibata
803 5035 1077 5105 virginitas
1107 5052 1119 5089 :
1152 5034 1220 5088 ad
1250 5034 1450 5104 Regem
1472 5033 1594 5089 cmli
1619 5041 1668 5087 te
1695 5031 1848 5086 mitto
1876 5073 1893 5099 ,

307 5130 370 5183 ad
392 5146 513 5184 eum
555 5144 651 5199 per
676 5144 833 5199 quem
861 5127 1026 5182 creati
1054 5135 1177 5181 sunt
1199 5126 1440 5182 homines
1460 5168 1474 5192 ,
1500 5134 1554 5181 et
1577 5126 1665 5196 qui
1685 5134 1897 5181 creatus

308 5232 390 5275 est
417 5225 557 5277 inter
585 5221 830 5276 homines
874 5228 1093 5289 propter
1148 5219 1426 5285 homines;
1473 5219 1540 5274 ad
1595 5219 1895 5289 speciosum

310 5312 479 5369 forma
523 5330 634 5385 pra:
687 5313 810 5368 ﬁliis
856 5314 1128 5368 hominum
1168 5311 1343 5385 (Psal.
1372 5327 1498 5367 xuv
1523 5353 1537 5377 ,
1565 5312 1621 5382 5)
1644 5352 1659 5376 ,
1690 5319 1743 5366 et
1768 5325 1898 5366 con-

313 5413 629 5477 temptuma
676 5405 799 5460 ﬁliis
843 5404 1119 5459 hominum
1172 5419 1268 5474 pro
1319 5404 1442 5458 filiis
1493 5403 1801 5471 hominum,
1829 5402 1897 5464 ad

312 5512 432 5552 eum
451 5500 539 5569 qui
567 5498 852 5553 dominans
892 5498 1108 5566 Angelis
1135 5496 1558 5564 immortalibus,
1616 5511 1719 5552 non
1747 5496 1899 5552 dedi-

311 5599 500 5658 gnatus
514 5597 600 5645 est
622 5588 826 5645 servire
847 5588 1179 5642 mortalibus.
1201 5588 1333 5643 Eum
1359 5597 1504 5644 certe
1518 5588 1771 5643 humilem
1792 5604 1897 5643 non

315 5678 561 5753 iniquitas
579 5722 595 5748 ,
625 5681 719 5738 sed
747 5680 982 5737 Charitas
1010 5680 1168 5746 fecit;
1202 5681 1423 5737 charitas
1453 5697 1571 5752 quae
1605 5698 1708 5735 non
1736 5696 1898 5735 amm-

381 5842 396 5869 ¹
422 5839 522 5889 Sola
542 5838 693 5889 editio
709 5847 819 5889 Lov.
842 5836 1019 5899 omittit
1036 5836 1336 5899 particulam,
1360 5839 1428 5891 in.

383 5901 402 5932 ⁸
417 5905 486 5950 Er.
513 5909 566 5952 et
587 5900 805 5953 nonnulli
827 5908 933 5950 Mss.
959 5898 1231 5963 juaiﬁcant

1973 509 2137 576 tatur,
2178 525 2282 565 non
2324 510 2535 583 inflatur
2556 555 2571 582 ,
2603 530 2706 571 non
2743 518 2924 589 quterit
2950 534 3065 591 qua
3090 537 3183 577 sua
3221 532 3338 581 sunt
3357 524 3401 599 (I
3425 526 3547 585 Cor.

1972 615 2099 667 xm,
2122 601 2186 669 4,
2216 602 2270 675 5)
2307 621 2319 657 :
2342 606 2463 675 quia
2492 616 2539 662 et
2560 606 2788 666 Christus
2807 628 2907 666 non
2921 614 3016 667 sibi
3036 616 3261 685 placuit;
3289 620 3397 687 sed,
3421 621 3554 676 sicut

1970 694 2212 765 scriptum
2238 697 2301 751 de
2323 698 2413 753 illo
2437 709 2543 767 est,
2571 702 2857 773 Opprobria
2877 707 3289 777 exprobrantium
3310 713 3398 766 tibi
3418 714 3551 768 ceci-

1971 783 2154 839 derunt
2176 804 2327 859 super
2354 806 2434 845 me
2463 790 2637 862 (Rom.
2663 810 2767 864 xv,
2797 797 2877 867 5).
2921 798 3064 855 Vade
3083 841 3098 867 ,
3125 802 3244 857 veni
3268 802 3336 858 ad
3366 803 3514 859 illum
3534 845 3550 870 ,

1969 886 2026 934 et
2050 878 2196 936 disce
2232 884 2480 953 quoniam
2503 887 2647 943 mitis
2676 896 2831 944 estet
2858 890 3074 948 humilis
3101 894 3283 949 corde.
3306 895 3422 950 Non
3454 896 3555 951 ibis

1970 971 2038 1027 ad
2083 988 2203 1028 eum
2247 976 2336 1045 qui
2374 978 2556 1034 oculos
2597 980 2665 1035 ad
2708 983 2900 1039 coelum
2948 986 3127 1043 levare
3165 1002 3273 1044 non
3324 989 3557 1046 audebat

1968 1077 2133 1120 onere
2154 1065 2443 1137 iniquitatis
2468 1088 2482 1136 ;
2513 1072 2607 1127 sed
2635 1074 2702 1128 ad
2722 1090 2845 1131 eum
2882 1078 2976 1148 qui
2996 1078 3065 1135 de
3105 1082 3243 1136 melo
3276 1080 3558 1138 descendit

1969 1157 2207 1227 pondere
2233 1158 2508 1217 eharitatis
2553 1164 2730 1236 (Joan.
2761 1184 2844 1234 vr,
2886 1169 3015 1242 38).
3045 1170 3159 1226 Non
3202 1171 3304 1227 ibis
3344 1173 3410 1228 ad
3437 1188 3557 1229 eam

1972 1264 2089 1319 quae
2118 1251 2326 1308 Domini
2347 1256 2427 1309 sui
2457 1257 2622 1326 pedes
2649 1259 2899 1333 laerymis
2918 1264 3135 1334 rigavit,
3176 1281 3423 1336 quaerens
3473 1268 3558 1323 in-

1970 1339 2295 1412 dulgentiam
2319 1348 2561 1417 gravium
2592 1362 2960 1421 peccatorum;
2990 1355 3082 1411 sed
3106 1356 3207 1411 ibis
3236 1357 3303 1412 ad
3327 1373 3449 1413 eum
3465 1360 3556 1430 qui

1958 1447 2094 1511 cum
2124 1434 2277 1491 daret
2302 1438 2680 1510 indulgentiam
2726 1445 2962 1500 omnium
3009 1457 3389 1517 peccatorum,
3431 1410 3599 1505 lajvitk

1972 1527 2136 1596 pedes
2162 1545 2381 1585 suorum
2413 1548 2690 1591 servorum
2718 1535 2827 1609 (Id.
2875 1555 2967 1593 χιιι
2993 1581 3007 1605 ,
3039 1537 3113 1613 5).
3144 1540 3276 1596 Νονί
3324 1529 3591 1612 dignita-i

2107 1623 2423 1692 virginitatis
2448 1636 2550 1681 tua:
2574 1646 2587 1682 :
2611 1644 2719 1684 non
2737 1630 2832 1685 tibi
2862 1646 3105 1701 propono
3131 1632 3443 1689 imitandum
3464 1622 3605 1732 pu-

1974 1710 2241 1770 blicanum
2275 1716 2545 1774 humiliter
2569 1732 2909 1778 accusantem
2940 1723 3133 1779 delicta
3183 1741 3276 1781 sua
3302 1742 3318 1791 ;
3370 1724 3466 1781 sed
3491 1725 3562 1780 ti-
3583 1710 3608 1732 κ’

1974 1819 2096 1860 meo
2125 1807 2218 1862 tibi
2248 1809 2567 1877 pharisaeum
2616 1814 2847 1884 superbe
2888 1814 3179 1883 iactantem
3231 1816 3423 1871 merita
3466 1830 3564 1871 sua

1976 1897 2129 1972 (Luc.
2152 1918 2309 1970 xvm,
2340 1903 2554 1976 10-14).
2581 1905 2700 1961 Non
2726 1907 2845 1963 dico
2869 1948 2883 1973 ,
2910 1908 3039 1963 Esto
3070 1908 3241 1979 qualis
3263 1908 3353 1963 illa
3374 1908 3442 1963 de
3460 1923 3564 1977 qua

1974 1989 2177 2047 dictum
2214 2001 2329 2061 est,
2371 1994 2708 2051 Dimittuntur
2746 1999 2791 2052 ei
2828 2007 3033 2065 peccata
3083 2000 3277 2064 multa,
3326 1999 3566 2067 quoniam

1976 2083 2154 2138 dilexit
2182 2086 2429 2153 multum;
2457 2088 2551 2142 sed
2577 2098 2757 2144 metuo
2787 2105 2855 2144 ne
2883 2106 3003 2145 cum
3034 2091 3127 2145 tibi
3167 2090 3439 2145 modicum
3484 2089 3567 2145 di-

1977 2175 2115 2230 mitti
2145 2186 2331 2245 putas,
2367 2179 2632 2234 modicum
2658 2180 2847 2249 diligas
2886 2179 2996 2252 (Id.
3027 2197 3131 2248 vn,
3165 2181 3260 2246 '58,
3292 2181 3407 2251 47).

2048 2266 2274 2323 CAPUT
2330 2269 2617 2325 XXXVIII.
2651 2301 2725 2311 —
2767 2272 2857 2327 59.
2900 2271 3072 2326 Timor
3114 2273 3238 2340 ipsis
3279 2271 3557 2344 virginibus

1978 2360 2285 2415 necessarius
2304 2402 2319 2426 ,
2349 2379 2450 2416 non
2481 2364 2629 2417 timor
2656 2362 2917 2418 stecularis
2938 2375 3029 2418 aut
3058 2364 3271 2429 servilis,
3302 2364 3391 2421 sed
3417 2366 3567 2420 timor

1978 2450 2078 2506 Dei
2101 2463 2289 2508 castus.
2320 2453 2517 2521 Metuo,
2552 2457 2788 2527 inquam,
2822 2457 2915 2512 tibi
2952 2458 3316 2522 vehementer,
3348 2475 3417 2514 ne
3445 2475 3567 2515 cum

1982 2551 2035 2598 te
2063 2545 2271 2615 Agnum
2298 2562 2632 2618 quocumque
2657 2550 2780 2604 ierit
2803 2560 3107 2605 secuturam
3138 2567 3258 2607 esse
3295 2553 3565 2623 gloriaris,

1981 2652 2104 2692 eum
2126 2652 2238 2708 prae
2258 2646 2470 2696 tumore
2496 2642 2761 2710 superbia:
2788 2643 2936 2713 sequi
2961 2659 3056 2712 per
3074 2652 3292 2714 angusta
3322 2659 3424 2698 non
3449 2659 3572 2714 pos-

1982 2729 2075 2783 sis.
2119 2729 2327 2784 Bonum
2358 2741 2438 2786 est
2466 2733 2558 2786 tibi
2585 2774 2599 2798 ,
2631 2748 2664 2785 ο
2690 2733 2866 2787 anima
2898 2734 3171 2803 virginalis
3191 2775 3207 2798 ,
3246 2735 3403 2788 utsic
3438 2750 3571 2804 quo-

1982 2820 2145 2876 modo
2174 2821 2322 2892 virgo
2360 2838 2456 2889 es,
2499 2824 2576 2878 sic
2608 2825 2839 2879 omnino.
2872 2841 3090 2880 servans
3134 2826 3185 2879 in
3225 2825 3390 2881 corde
3428 2825 3571 2895 quod

1983 2921 2170 2966 renata
2194 2926 2255 2968 es
2274 2955 2289 2980 ,
2321 2928 2542 2968 servans
2568 2915 2620 2968 in
2650 2930 2810 2969 carne
2835 2916 2979 2985 quod
3030 2926 3149 2971 nata
3178 2932 3237 2971 es
3257 2959 3273 2984 ,
3301 2916 3574 2986 concipias

1988 3011 2164 3058 tamen
2209 3019 2239 3058 a
2270 3002 2462 3060 timore
2507 3006 2715 3060 Domini
2743 3017 2799 3062 et
2822 3007 3085 3076 parturias
3114 3009 3357 3079 spiritum
3389 3008 3574 3063 salutis

1988 3095 2141 3167 (lsai.
2170 3112 2296 3151 xxvi
2318 3140 2332 3164 ,
2364 3097 2477 3167 18).
2527 3097 2705 3152 Timor
2732 3098 2950 3167 quidem
2981 3115 3084 3153 non
3111 3109 3181 3153 est
3209 3100 3260 3152 in
3290 3100 3570 3165 charitote,

1985 3189 2075 3243 sed
2093 3193 2337 3259 perfecta,
2362 3190 2500 3243 sicut
2526 3190 2779 3258 scriptum
2803 3199 2904 3254 est,
2933 3191 3156 3244 Charitas
3180 3190 3319 3258 {oras
3341 3189 3491 3242 mittit
3512 3189 3577 3241 ti-

1986 3297 2175 3335 morem
2211 3281 2254 3350 (l
2277 3280 2434 3334 Joan.
2461 3298 2532 3349 IV,
2561 3280 2650 3354 18)
2685 3298 2697 3334 :
2734 3281 2827 3336 sed
2861 3281 3106 3336 timorem
3133 3280 3431 3346 hominum,
3465 3295 3571 3335 non

1989 3371 2119 3438 Dei;
2162 3372 2407 3428 timorem
2436 3373 2807 3442 temporalium
2840 3373 3098 3426 malorum
3123 3414 3135 3437 ,
3170 3388 3278 3427 non
3316 3372 3481 3427 divini
3520 3372 3575 3427 in

1988 3462 2309 3532 Iinejudicii.
2343 3462 2470 3516 Noli
2495 3464 2653 3517 altum
2676 3480 2872 3533 sapere,
2896 3463 2983 3517 sed
3006 3464 3124 3517 time
3147 3462 3325 3535 (Rom.
3354 3479 3430 3530 XI,
3456 3462 3573 3533 ΞΟ).

1990 3556 2125 3610 Ama
2171 3556 2271 3611 Dei
2314 3556 2638 3622 bonitatem,
2687 3557 2815 3611 time
2861 3556 3206 3611 severitatem
3250 3564 3578 3627 :utrumque

1991 3655 2044 3702 te
2088 3646 2372 3717 superbam
2413 3662 2533 3703 esse
2560 3663 2665 3702 non
2705 3647 2852 3702 sinit.
2898 3646 3141 3701 Amando
3184 3646 3326 3702 enim
3380 3647 3534 3702 times
3558 3687 3575 3714 ,

1992 3756 2060 3795 ne
2087 3748 2323 3795 amatum
2352 3748 2408 3795 et
2435 3749 2700 3795 amantem
2739 3740 2972 3809 graviter
3008 3738 3267 3795 oﬂ‘endas.
3297 3737 3428 3794 Nam
3460 3753 3579 3809 quas

1991 3832 2205 3901 gravior
2215 3831 2458 3898 ollensio,
2477 3848 2636 3903 quam
2651 3840 2710 3886 ut
2728 3831 2973 3901 superbia
2986 3831 3066 3902 (a)
3079 3831 3156 3886 illi
3170 3830 3474 3901 displiceas,
3489 3829 3581 3900 qui

1993 3934 2211 3993 propter
2235 3933 2287 3979 te
2312 3924 2556 3993 superbis
2582 3923 2893 3993 displicuit?
2921 3924 2986 3978 Et
3011 3922 3101 3978 ubi
3129 3922 3298 3991 magis
3326 3936 3447 3977 esse
3489 3920 3583 3976 de-

1994 4015 2086 4070 bet
2132 4016 2281 4069 timor
2329 4016 2418 4071 ille
2464 4026 2631 4070 castus
2675 4032 2973 4086 permanens
3017 4015 3071 4068 in
3113 4015 3355 4070 saxulum
3408 4011 3583 4067 seaculi

1996 4105 2169 4177 (Psal.
2203 4123 2356 4170 xvnt,
2388 4105 2477 4179 10)
2502 4148 2516 4170 ,
2545 4122 2703 4177 quam
2731 4107 2783 4160 in
2825 4114 2878 4162 te
2902 4148 2916 4172 ,
2948 4122 3067 4176 qua:
3094 4121 3201 4160 non
3231 4105 3435 4175 cogitas
3464 4118 3583 4174 quae

1996 4206 2120 4252 sunt
2146 4197 2351 4265 mundi,
2380 4198 2649 4268 quomodo
2668 4198 2876 4267 placeas
2898 4197 3145 4269 conjugi;
3190 4196 3285 4251 sed
3311 4211 3429 4267 qua:
3458 4203 3583 4250 sunt

1997 4289 2227 4357 Domini,
2257 4291 2525 4362 quomodo
2552 4293 2763 4362 placeas
2803 4293 3029 4348 Domino
3075 4292 3118 4365 (I
3160 4292 3279 4347 Cor.
3308 4307 3379 4347 vlt
3398 4331 3413 4357 ,
3442 4284 3583 4361 32)?

1998 4382 2092 4459 Ille
2114 4384 2250 4438 alius
2274 4384 2433 4438 timor
2457 4400 2562 4439 non
2585 4395 2669 4440 est
2689 4385 2741 4439 in
2762 4385 3021 4439 charitate
3044 4401 3058 4439 :
3085 4384 3187 4439 iste
3207 4394 3383 4440 autem
3404 4392 3584 4439 castus

1998 4494 2105 4533 non
2128 4478 2331 4534 recedit
2354 4493 2384 4532 a
2404 4479 2686 4534 charitate.
2710 4478 2766 4534 Si
2788 4494 2893 4534 non
2916 4493 3082 4545 amas,
3108 4479 3239 4533 time
3259 4493 3327 4533 ne
3346 4493 3536 4549 pereas
3567 4496 3580 4532 :

1999 4572 2044 4627 si
2075 4587 2224 4626 amas
2243 4614 2261 4639 ,
2288 4572 2417 4628 time
2442 4587 2510 4628 ne
2540 4573 2843 4643 diSpliceas.
2882 4573 3036 4629 Illum
3076 4574 3323 4629 timorem
3352 4574 3586 4628 charitas
3621 4576 3631 4633 ,‘

1964 4722 1967 4725 .
2000 4666 2145 4721 foras
2183 4666 2345 4721 mittit
2377 4684 2391 4719 :
2424 4682 2542 4721 cum
2576 4666 2679 4721 isto
2718 4666 2857 4721 intro
2896 4667 3081 4722 currit.
3130 4666 3269 4721 Dicit
3308 4665 3582 4736 apostolus

2002 4761 2161 4816 etiam
2187 4761 2381 4816 Paulus
2410 4779 2424 4816 :
2458 4759 2580 4815 Non
2603 4761 2737 4815 enim
2762 4762 3043 4832 accepimus
3069 4761 3305 4830 spiritum
3334 4758 3585 4813 servitutis

2000 4854 2182 4907 iterum
2210 4853 2263 4906 in
2292 4853 2521 4907 timorem
2552 4853 2569 4884 ¹
2593 4870 2607 4919 ;
2647 4852 2735 4907 sed
2758 4854 3046 4923 accepimus
3071 4851 3324 4921 Spiritum
3352 4848 3588 4918 adoptio-

2002 4946 2082 5000 nis
2106 4946 2363 5015 ﬁliorum,
2410 4947 2465 5000 in
2503 4962 2602 5017 quo
2639 4946 2954 5013 clamamus,
2985 4944 3158 5011 Abba,
3202 4942 3359 4997 Pater
3404 4940 3583 5011 (Rom.

2002 5052 2116 5105 vni,
2146 5036 2260 5110 15).
2290 5037 2442 5092 Illum
2465 5053 2587 5092 eum
2615 5037 2859 5093 timorem
2888 5036 3053 5093 credo
3080 5035 3280 5099 dicere,
3311 5031 3401 5103 qui
3431 5031 3589 5086 datus

2005 5140 2121 5188 erat
2150 5130 2203 5186 in
2232 5131 2429 5187 Vetere
2456 5129 2819 5198 Testamento,
2843 5145 2911 5186 ne
2934 5129 3303 5184 amitterentur
3323 5133 3592 5194 tempora-

2006 5223 2076 5278 lia
2099 5224 2259 5289 bona,
2282 5239 2402 5294 quae
2429 5224 2569 5280 Deus
2594 5224 2915 5295 promiserat
2942 5220 3174 5276 nondum
3200 5218 3299 5275 sub
3327 5218 3496 5290 gratia
3522 5217 3589 5273 ti-

2005 5316 2111 5382 liis,
2137 5316 2234 5372 sed
2259 5314 2359 5370 sub
2387 5315 2529 5386 Lege
2556 5315 2729 5370 adhuc
2750 5314 2936 5369 servis.
2960 5312 3058 5367 Est
3081 5311 3239 5365 etiam
3268 5312 3429 5367 timor
3452 5311 3590 5383 ignis

2007 5408 2214 5473 aeterni,
2246 5417 2466 5478 propter
2493 5422 2651 5478 quem
2680 5404 3022 5462 devitandum
3051 5404 3159 5460 Deo
3184 5404 3407 5471 servire,
3449 5419 3588 5459 non-

2008 5503 2137 5561 dum
2164 5513 2248 5560 est
2274 5504 2458 5574 utique
2494 5501 2744 5572 periectas
2783 5499 3078 5555 eharitatis.
3120 5498 3278 5554 Aliud
3322 5506 3404 5554 est
3448 5498 3589 5553 enim

2008 5597 2334 5654 desiderium
2362 5592 2591 5667 praemii,
2621 5594 2763 5649 aliud
2793 5591 3024 5648 formido
3051 5592 3314 5662 supplicii.
3337 5591 3470 5645 Aliae
3492 5604 3588 5646 vo-

2074 5718 2092 5749 ι
2118 5714 2256 5774 Editi,
2271 5713 2323 5763 in
2344 5712 2531 5774 timore.
2549 5717 2757 5761 Veteres
2776 5715 2940 5774 autem
2956 5707 3085 5774 libri,
3108 5706 3159 5757 in
3184 5706 3401 5774 timorem
3421 5706 3589 5774 :jusp

2069 5770 2330 5835 tecum,'eis
2352 5772 2568 5837 pbobon;
2600 5775 2679 5825 cui
2699 5772 2956 5824 concordat
2986 5770 3183 5835 Vulgata
3214 5770 3266 5821 in
3286 5770 3497 5830 antiquis
3524 5773 3611 5820 ιιο.

2046 5840 2123 5890 liis
2141 5836 2531 5896 Gorbciensibus.

2074 5902 2148 5964 (a)
2177 5906 2338 5963 Forte,
2357 5897 2582 5963 superba.
