  <div class='ocr_page' id='page_1' title='image "/cluster/home/n/w/nwhite01/storage/ocr_20150623/40/hvd.32044024147290/215.png"; bbox 0 0 4070 6334; ppageno 0'>
   <div class='ocr_carea' id='block_1_1' title="bbox 465 451 570 518">
    <p class='ocr_par' dir='ltr' id='par_1_1' title="bbox 465 451 570 518">
     <span class='ocr_line' id='line_1_1' title="bbox 465 451 570 518; baseline 0.019 -2"><span class='ocrx_word' id='word_1_1' title='bbox 465 451 570 518; x_wconf 73' lang='grc'><strong>419</strong></span> 
     </span>
    </p>
   </div>
   <div class='ocr_carea' id='block_1_2' title="bbox 468 563 2037 636">
    <p class='ocr_par' dir='ltr' id='par_1_2' title="bbox 468 563 2037 636">
     <span class='ocr_line' id='line_1_2' title="bbox 468 563 2037 636; baseline -0.011 -7"><span class='ocrx_word' id='word_1_2' title='bbox 468 569 556 629; x_wconf 74' lang='lat' dir='ltr'><strong>eos</strong></span> <span class='ocrx_word' id='word_1_3' title='bbox 581 579 703 629; x_wconf 85' lang='lat' dir='ltr'><strong>sunt</strong></span> <span class='ocrx_word' id='word_1_4' title='bbox 723 613 736 634; x_wconf 94' lang='lat'><strong>,</strong></span> <span class='ocrx_word' id='word_1_5' title='bbox 773 570 883 636; x_wconf 84' lang='lat' dir='ltr'><strong>Quo</strong></span> <span class='ocrx_word' id='word_1_6' title='bbox 908 567 1050 622; x_wconf 81' lang='lat' dir='ltr'><strong>abibo</strong></span> <span class='ocrx_word' id='word_1_7' title='bbox 1076 566 1138 620; x_wconf 89' lang='lat' dir='ltr'><strong>ab</strong></span> <span class='ocrx_word' id='word_1_8' title='bbox 1166 563 1345 636; x_wconf 86' lang='lat' dir='ltr'><strong>spiritu</strong></span> <span class='ocrx_word' id='word_1_9' title='bbox 1371 573 1455 618; x_wconf 90' lang='lat' dir='ltr'><strong>tuo</strong></span> <span class='ocrx_word' id='word_1_10' title='bbox 1479 605 1493 631; x_wconf 93' lang='lat'><strong>,</strong></span> <span class='ocrx_word' id='word_1_11' title='bbox 1536 571 1582 618; x_wconf 88' lang='lat' dir='ltr'><strong>et</strong></span> <span class='ocrx_word' id='word_1_12' title='bbox 1607 579 1638 616; x_wconf 91' lang='lat' dir='ltr'><strong>a</strong></span> <span class='ocrx_word' id='word_1_13' title='bbox 1664 563 1790 636; x_wconf 80' lang='lat' dir='ltr'><strong>facie</strong></span> <span class='ocrx_word' id='word_1_14' title='bbox 1830 569 1916 613; x_wconf 89' lang='lat' dir='ltr'><strong>tua</strong></span> <span class='ocrx_word' id='word_1_15' title='bbox 1940 573 2037 628; x_wconf 90' lang='lat' dir='ltr'><strong>quo</strong></span> 
     </span>
    </p>
   </div>
   <div class='ocr_carea' id='block_1_3' title="bbox 469 653 2042 738">
    <p class='ocr_par' dir='ltr' id='par_1_3' title="bbox 469 653 2042 738">
     <span class='ocr_line' id='line_1_3' title="bbox 469 653 2042 738; baseline -0.008 -20"><span class='ocrx_word' id='word_1_16' title='bbox 469 669 660 738; x_wconf 77' lang='lat' dir='ltr'><strong>fugiam</strong></span> <span class='ocrx_word' id='word_1_17' title='bbox 689 663 856 733; x_wconf 85' lang='lat' dir='ltr'><strong>(Psal.</strong></span> <span class='ocrx_word' id='word_1_18' title='bbox 883 677 1136 722; x_wconf 78' lang='lat' dir='ltr'><strong>cxxmn.</strong></span> <span class='ocrx_word' id='word_1_19' title='bbox 1165 658 1262 731; x_wconf 86' lang='lat'><strong>&#39;7)?</strong></span> <span class='ocrx_word' id='word_1_20' title='bbox 1292 667 1344 713; x_wconf 89' lang='lat' dir='ltr'><strong>et</strong></span> <span class='ocrx_word' id='word_1_21' title='bbox 1369 659 1484 712; x_wconf 75' lang='lat' dir='ltr'><strong>alia:</strong></span> <span class='ocrx_word' id='word_1_22' title='bbox 1515 673 1673 711; x_wconf 88' lang='lat' dir='ltr'><strong>voces</strong></span> <span class='ocrx_word' id='word_1_23' title='bbox 1702 661 1843 721; x_wconf 89' lang='lat' dir='ltr'><strong>sunt,</strong></span> <span class='ocrx_word' id='word_1_24' title='bbox 1873 653 2042 708; x_wconf 86' lang='lat' dir='ltr'><strong>Unam</strong></span> 
     </span>
    </p>
   </div>
   <div class='ocr_carea' id='block_1_4' title="bbox 471 744 2039 823">
    <p class='ocr_par' dir='ltr' id='par_1_4' title="bbox 471 744 2039 823">
     <span class='ocr_line' id='line_1_4' title="bbox 471 744 2039 823; baseline -0.01 -13"><span class='ocrx_word' id='word_1_25' title='bbox 471 759 585 823; x_wconf 86' lang='lat' dir='ltr'><strong>petii</strong></span> <span class='ocrx_word' id='word_1_26' title='bbox 613 773 643 808; x_wconf 88' lang='lat' dir='ltr'><strong>a</strong></span> <span class='ocrx_word' id='word_1_27' title='bbox 678 755 910 818; x_wconf 90' lang='lat' dir='ltr'><strong>Domino,</strong></span> <span class='ocrx_word' id='word_1_28' title='bbox 953 753 1082 804; x_wconf 88' lang='lat' dir='ltr'><strong>hanc</strong></span> <span class='ocrx_word' id='word_1_29' title='bbox 1108 750 1391 820; x_wconf 83' lang='lat' dir='ltr'><strong>requirant;</strong></span> <span class='ocrx_word' id='word_1_30' title='bbox 1417 758 1471 801; x_wconf 89' lang='lat' dir='ltr'><strong>ut</strong></span> <span class='ocrx_word' id='word_1_31' title='bbox 1500 748 1770 801; x_wconf 71' lang='lat' dir='ltr'><strong>inhabilem</strong></span> <span class='ocrx_word' id='word_1_32' title='bbox 1799 747 1850 798; x_wconf 92' lang='lat' dir='ltr'><strong>in</strong></span> <span class='ocrx_word' id='word_1_33' title='bbox 1890 744 2039 796; x_wconf 88' lang='lat' dir='ltr'><strong>domo</strong></span> 
     </span>
    </p>
   </div>
   <div class='ocr_carea' id='block_1_5' title="bbox 470 834 2044 917">
    <p class='ocr_par' dir='ltr' id='par_1_5' title="bbox 470 834 2044 917">
     <span class='ocr_line' id='line_1_5' title="bbox 470 834 2044 917; baseline -0.009 -17"><span class='ocrx_word' id='word_1_34' title='bbox 470 847 670 900; x_wconf 87' lang='lat' dir='ltr'><strong>Domini</strong></span> <span class='ocrx_word' id='word_1_35' title='bbox 698 862 785 917; x_wconf 86' lang='lat' dir='ltr'><strong>per</strong></span> <span class='ocrx_word' id='word_1_36' title='bbox 810 859 987 917; x_wconf 80' lang='lat' dir='ltr'><strong>omnes</strong></span> <span class='ocrx_word' id='word_1_37' title='bbox 1003 842 1107 894; x_wconf 85' lang='lat' dir='ltr'><strong>dies</strong></span> <span class='ocrx_word' id='word_1_38' title='bbox 1137 841 1249 893; x_wconf 69' lang='lat' dir='ltr'><strong>vitta</strong></span> <span class='ocrx_word' id='word_1_39' title='bbox 1285 853 1408 892; x_wconf 77' lang='lat' dir='ltr'><strong>mete</strong></span> <span class='ocrx_word' id='word_1_40' title='bbox 1427 881 1440 904; x_wconf 94' lang='lat'><strong>,</strong></span> <span class='ocrx_word' id='word_1_41' title='bbox 1483 848 1537 891; x_wconf 88' lang='lat' dir='ltr'><strong>ut</strong></span> <span class='ocrx_word' id='word_1_42' title='bbox 1576 836 1883 905; x_wconf 87' lang='lat' dir='ltr'><strong>contempler</strong></span> <span class='ocrx_word' id='word_1_43' title='bbox 1906 834 2044 887; x_wconf 85' lang='lat' dir='ltr'><strong>dele-</strong></span> 
     </span>
    </p>
   </div>
   <div class='ocr_carea' id='block_1_6' title="bbox 470 913 2042 1001">
    <p class='ocr_par' dir='ltr' id='par_1_6' title="bbox 470 913 2042 1001">
     <span class='ocr_line' id='line_1_6' title="bbox 470 913 2042 1001; baseline -0.011 -9"><span class='ocrx_word' id='word_1_44' title='bbox 470 913 736 993; x_wconf 84' lang='lat' dir='ltr'><strong>ctationem</strong></span> <span class='ocrx_word' id='word_1_45' title='bbox 761 913 988 997; x_wconf 56' lang='lat' dir='ltr'><strong>Domini;</strong></span> <span class='ocrx_word' id='word_1_46' title='bbox 1014 941 1058 985; x_wconf 90' lang='lat' dir='ltr'><strong>et</strong></span> <span class='ocrx_word' id='word_1_47' title='bbox 1093 942 1325 1001; x_wconf 86' lang='lat' dir='ltr'><strong>protegar</strong></span> <span class='ocrx_word' id='word_1_48' title='bbox 1345 925 1580 998; x_wconf 85' lang='lat' dir='ltr'><strong>templum</strong></span> <span class='ocrx_word' id='word_1_49' title='bbox 1609 929 1717 998; x_wconf 83' lang='lat' dir='ltr'><strong>ejus</strong></span> <span class='ocrx_word' id='word_1_50' title='bbox 1745 927 1760 956; x_wconf 86' lang='grc'>¹</span> <span class='ocrx_word' id='word_1_51' title='bbox 1798 944 1810 978; x_wconf 92' lang='lat'><strong>:</strong></span> <span class='ocrx_word' id='word_1_52' title='bbox 1844 933 1927 990; x_wconf 83' lang='lat' dir='ltr'><strong>et,</strong></span> <span class='ocrx_word' id='word_1_53' title='bbox 1958 922 2042 976; x_wconf 86' lang='lat' dir='ltr'><strong>Ne</strong></span> 
     </span>
    </p>
   </div>
   <div class='ocr_carea' id='block_1_7' title="bbox 468 1013 2041 1100">
    <p class='ocr_par' dir='ltr' id='par_1_7' title="bbox 468 1013 2041 1100">
     <span class='ocr_line' id='line_1_7' title="bbox 468 1013 2041 1100; baseline -0.011 -17"><span class='ocrx_word' id='word_1_54' title='bbox 468 1040 661 1084; x_wconf 76' lang='lat' dir='ltr'><strong>avertas</strong></span> <span class='ocrx_word' id='word_1_55' title='bbox 686 1027 865 1100; x_wconf 84' lang='lat' dir='ltr'><strong>faciem</strong></span> <span class='ocrx_word' id='word_1_56' title='bbox 891 1034 1030 1078; x_wconf 86' lang='lat' dir='ltr'><strong>tuam</strong></span> <span class='ocrx_word' id='word_1_57' title='bbox 1057 1041 1087 1074; x_wconf 91' lang='lat' dir='ltr'><strong>a</strong></span> <span class='ocrx_word' id='word_1_58' title='bbox 1115 1039 1192 1075; x_wconf 89' lang='lat' dir='ltr'><strong>me</strong></span> <span class='ocrx_word' id='word_1_59' title='bbox 1222 1019 1390 1094; x_wconf 85' lang='lat' dir='ltr'><strong>(Psal.</strong></span> <span class='ocrx_word' id='word_1_60' title='bbox 1419 1035 1567 1084; x_wconf 75' lang='lat' dir='ltr'><strong>xxvr,</strong></span> <span class='ocrx_word' id='word_1_61' title='bbox 1596 1018 1648 1080; x_wconf 73' lang='grc'>4,</span> <span class='ocrx_word' id='word_1_62' title='bbox 1681 1017 1736 1089; x_wconf 86' lang='lat'><strong>9)</strong></span> <span class='ocrx_word' id='word_1_63' title='bbox 1765 1033 1779 1080; x_wconf 90' lang='lat'><strong>;</strong></span> <span class='ocrx_word' id='word_1_64' title='bbox 1809 1025 1862 1069; x_wconf 89' lang='lat' dir='ltr'><strong>et</strong></span> <span class='ocrx_word' id='word_1_65' title='bbox 1883 1057 1897 1081; x_wconf 92' lang='lat'><strong>,</strong></span> <span class='ocrx_word' id='word_1_66' title='bbox 1933 1013 2041 1066; x_wconf 91' lang='lat' dir='ltr'><strong>De-</strong></span> 
     </span>
    </p>
   </div>
   <div class='ocr_carea' id='block_1_8' title="bbox 469 1103 2039 1186">
    <p class='ocr_par' dir='ltr' id='par_1_8' title="bbox 469 1103 2039 1186">
     <span class='ocr_line' id='line_1_8' title="bbox 469 1103 2039 1186; baseline -0.01 -10"><span class='ocrx_word' id='word_1_67' title='bbox 469 1123 655 1177; x_wconf 85' lang='lat' dir='ltr'><strong>siderat</strong></span> <span class='ocrx_word' id='word_1_68' title='bbox 693 1130 738 1174; x_wconf 89' lang='lat' dir='ltr'><strong>et</strong></span> <span class='ocrx_word' id='word_1_69' title='bbox 781 1118 948 1186; x_wconf 78' lang='lat' dir='ltr'><strong>deﬁcit</strong></span> <span class='ocrx_word' id='word_1_70' title='bbox 991 1115 1160 1168; x_wconf 87' lang='lat' dir='ltr'><strong>anima</strong></span> <span class='ocrx_word' id='word_1_71' title='bbox 1200 1130 1310 1165; x_wconf 89' lang='lat' dir='ltr'><strong>mea</strong></span> <span class='ocrx_word' id='word_1_72' title='bbox 1354 1114 1407 1164; x_wconf 87' lang='lat' dir='ltr'><strong>in</strong></span> <span class='ocrx_word' id='word_1_73' title='bbox 1449 1111 1580 1163; x_wconf 77' lang='lat' dir='ltr'><strong>atria</strong></span> <span class='ocrx_word' id='word_1_74' title='bbox 1622 1103 2039 1176; x_wconf 71' lang='lat' dir='ltr'><strong>Domini-(Paul.</strong></span> 
     </span>
    </p>
   </div>
   <div class='ocr_carea' id='block_1_9' title="bbox 471 1199 2042 1280">
    <p class='ocr_par' dir='ltr' id='par_1_9' title="bbox 471 1199 2042 1280">
     <span class='ocr_line' id='line_1_9' title="bbox 471 1199 2042 1280; baseline -0.012 -12"><span class='ocrx_word' id='word_1_75' title='bbox 471 1228 670 1268; x_wconf 77' lang='lat' dir='ltr'><strong>uuln</strong></span> <span class='ocrx_word' id='word_1_76' title='bbox 694 1253 706 1275; x_wconf 96' lang='lat'><strong>,</strong></span> <span class='ocrx_word' id='word_1_77' title='bbox 742 1210 816 1280; x_wconf 77' lang='grc'><strong>5).</strong></span> <span class='ocrx_word' id='word_1_78' title='bbox 852 1209 969 1262; x_wconf 85' lang='lat' dir='ltr'><strong>Illas</strong></span> <span class='ocrx_word' id='word_1_79' title='bbox 1007 1221 1166 1260; x_wconf 86' lang='lat' dir='ltr'><strong>voces</strong></span> <span class='ocrx_word' id='word_1_80' title='bbox 1205 1203 1446 1257; x_wconf 86' lang='lat' dir='ltr'><strong>habuerit</strong></span> <span class='ocrx_word' id='word_1_81' title='bbox 1473 1203 1531 1267; x_wconf 74' lang='lat'><strong>&#39;,</strong></span> <span class='ocrx_word' id='word_1_82' title='bbox 1579 1200 1668 1270; x_wconf 82' lang='lat' dir='ltr'><strong>qui</strong></span> <span class='ocrx_word' id='word_1_83' title='bbox 1711 1199 1894 1253; x_wconf 90' lang='lat' dir='ltr'><strong>oculos</strong></span> <span class='ocrx_word' id='word_1_84' title='bbox 1935 1211 2042 1251; x_wconf 91' lang='lat' dir='ltr'><strong>non</strong></span> 
     </span>
    </p>
   </div>
   <div class='ocr_carea' id='block_1_10' title="bbox 468 1291 2044 1364">
    <p class='ocr_par' dir='ltr' id='par_1_10' title="bbox 468 1291 2044 1364">
     <span class='ocr_line' id='line_1_10' title="bbox 468 1291 2044 1364; baseline -0.009 -6"><span class='ocrx_word' id='word_1_85' title='bbox 468 1305 696 1358; x_wconf 77' lang='lat' dir='ltr'><strong>audebat</strong></span> <span class='ocrx_word' id='word_1_86' title='bbox 737 1303 918 1356; x_wconf 85' lang='lat' dir='ltr'><strong>levare</strong></span> <span class='ocrx_word' id='word_1_87' title='bbox 955 1301 1008 1353; x_wconf 90' lang='lat' dir='ltr'><strong>in</strong></span> <span class='ocrx_word' id='word_1_88' title='bbox 1049 1299 1274 1361; x_wconf 60' lang='lat' dir='ltr'><strong>celum;</strong></span> <span class='ocrx_word' id='word_1_89' title='bbox 1325 1305 1378 1349; x_wconf 90' lang='lat' dir='ltr'><strong>et</strong></span> <span class='ocrx_word' id='word_1_90' title='bbox 1423 1311 1539 1364; x_wconf 68' lang='lat' dir='ltr'><strong>qum</strong></span> <span class='ocrx_word' id='word_1_91' title='bbox 1572 1291 1773 1362; x_wconf 80' lang='lat' dir='ltr'><strong>rigabat</strong></span> <span class='ocrx_word' id='word_1_92' title='bbox 1799 1291 2044 1361; x_wconf 85' lang='lat' dir='ltr'><strong>lacrymis</strong></span> 
     </span>
    </p>
   </div>
   <div class='ocr_carea' id='block_1_11' title="bbox 475 1386 2039 1464">
    <p class='ocr_par' dir='ltr' id='par_1_11' title="bbox 475 1386 2039 1464">
     <span class='ocr_line' id='line_1_11' title="bbox 475 1386 2039 1464; baseline -0.006 -17"><span class='ocrx_word' id='word_1_93' title='bbox 475 1395 637 1464; x_wconf 85' lang='lat' dir='ltr'><strong>pedes</strong></span> <span class='ocrx_word' id='word_1_94' title='bbox 661 1391 728 1446; x_wconf 90' lang='lat' dir='ltr'><strong>ad</strong></span> <span class='ocrx_word' id='word_1_95' title='bbox 754 1390 1138 1459; x_wconf 86' lang='lat' dir='ltr'><strong>impetrandam</strong></span> <span class='ocrx_word' id='word_1_96' title='bbox 1163 1389 1370 1442; x_wconf 78' lang='lat' dir='ltr'><strong>veniam</strong></span> <span class='ocrx_word' id='word_1_97' title='bbox 1397 1386 1631 1455; x_wconf 79' lang='lat' dir='ltr'><strong>gravium</strong></span> <span class='ocrx_word' id='word_1_98' title='bbox 1663 1394 1997 1453; x_wconf 83' lang='lat' dir='ltr'><strong>peccatorum</strong></span> <span class='ocrx_word' id='word_1_99' title='bbox 2025 1400 2039 1438; x_wconf 91' lang='lat'><strong>:</strong></span> 
     </span>
    </p>
   </div>
   <div class='ocr_carea' id='block_1_12' title="bbox 470 1478 2046 1546">
    <p class='ocr_par' dir='ltr' id='par_1_12' title="bbox 470 1478 2046 1546">
     <span class='ocr_line' id='line_1_12' title="bbox 470 1478 2046 1546; baseline -0.007 -8"><span class='ocrx_word' id='word_1_100' title='bbox 470 1485 566 1538; x_wconf 89' lang='lat' dir='ltr'><strong>has</strong></span> <span class='ocrx_word' id='word_1_101' title='bbox 592 1494 768 1537; x_wconf 87' lang='lat' dir='ltr'><strong>autem</strong></span> <span class='ocrx_word' id='word_1_102' title='bbox 795 1490 852 1536; x_wconf 89' lang='lat' dir='ltr'><strong>tu</strong></span> <span class='ocrx_word' id='word_1_103' title='bbox 883 1481 1075 1534; x_wconf 54' lang='lat' dir='ltr'><strong>haimto</strong></span> <span class='ocrx_word' id='word_1_104' title='bbox 1099 1521 1113 1544; x_wconf 96' lang='lat'><strong>,</strong></span> <span class='ocrx_word' id='word_1_105' title='bbox 1159 1495 1275 1546; x_wconf 66' lang='lat' dir='ltr'><strong>quae</strong></span> <span class='ocrx_word' id='word_1_106' title='bbox 1315 1478 1538 1531; x_wconf 88' lang='lat' dir='ltr'><strong>sollicita</strong></span> <span class='ocrx_word' id='word_1_107' title='bbox 1577 1491 1634 1530; x_wconf 87' lang='lat' dir='ltr'><strong>es</strong></span> <span class='ocrx_word' id='word_1_108' title='bbox 1673 1491 1733 1528; x_wconf 88' lang='lat' dir='ltr'><strong>ea</strong></span> <span class='ocrx_word' id='word_1_109' title='bbox 1765 1489 1882 1544; x_wconf 71' lang='lat' dir='ltr'><strong>qua:</strong></span> <span class='ocrx_word' id='word_1_110' title='bbox 1923 1481 2046 1527; x_wconf 90' lang='lat' dir='ltr'><strong>sunt</strong></span> 
     </span>
    </p>
   </div>
   <div class='ocr_carea' id='block_1_13' title="bbox 471 1567 2046 1642">
    <p class='ocr_par' dir='ltr' id='par_1_13' title="bbox 471 1567 2046 1642">
     <span class='ocr_line' id='line_1_13' title="bbox 471 1567 2046 1642; baseline -0.009 -9"><span class='ocrx_word' id='word_1_111' title='bbox 471 1578 700 1642; x_wconf 84' lang='lat' dir='ltr'><strong>Domini,</strong></span> <span class='ocrx_word' id='word_1_112' title='bbox 733 1587 790 1631; x_wconf 90' lang='lat' dir='ltr'><strong>ut</strong></span> <span class='ocrx_word' id='word_1_113' title='bbox 817 1577 887 1629; x_wconf 90' lang='lat' dir='ltr'><strong>sis</strong></span> <span class='ocrx_word' id='word_1_114' title='bbox 916 1585 1094 1630; x_wconf 86' lang='lat' dir='ltr'><strong>saneta</strong></span> <span class='ocrx_word' id='word_1_115' title='bbox 1122 1584 1174 1628; x_wconf 89' lang='lat' dir='ltr'><strong>et</strong></span> <span class='ocrx_word' id='word_1_116' title='bbox 1199 1587 1426 1640; x_wconf 88' lang='lat' dir='ltr'><strong>corpore</strong></span> <span class='ocrx_word' id='word_1_117' title='bbox 1451 1573 1503 1623; x_wconf 87' lang='lat' dir='ltr'><strong>et</strong></span> <span class='ocrx_word' id='word_1_118' title='bbox 1530 1569 1736 1638; x_wconf 78' lang='lat' dir='ltr'><strong>Spiritu.</strong></span> <span class='ocrx_word' id='word_1_119' title='bbox 1770 1568 1877 1622; x_wconf 84' lang='lat' dir='ltr'><strong>Illis</strong></span> <span class='ocrx_word' id='word_1_120' title='bbox 1900 1567 2046 1620; x_wconf 70' lang='lat' dir='ltr'><strong>voci&quot;-</strong></span> 
     </span>
    </p>
   </div>
   <div class='ocr_carea' id='block_1_14' title="bbox 471 1660 2046 1732">
    <p class='ocr_par' dir='ltr' id='par_1_14' title="bbox 471 1660 2046 1732">
     <span class='ocr_line' id='line_1_14' title="bbox 471 1660 2046 1732; baseline -0.009 -8"><span class='ocrx_word' id='word_1_121' title='bbox 471 1669 570 1724; x_wconf 90' lang='lat' dir='ltr'><strong>bus</strong></span> <span class='ocrx_word' id='word_1_122' title='bbox 593 1669 876 1723; x_wconf 71' lang='lat' dir='ltr'><strong>Comitatur</strong></span> <span class='ocrx_word' id='word_1_123' title='bbox 901 1667 1060 1719; x_wconf 81' lang='lat' dir='ltr'><strong>timor</strong></span> <span class='ocrx_word' id='word_1_124' title='bbox 1079 1665 1165 1732; x_wconf 88' lang='lat' dir='ltr'><strong>qui</strong></span> <span class='ocrx_word' id='word_1_125' title='bbox 1195 1670 1515 1716; x_wconf 88' lang='lat' dir='ltr'><strong>tormentum</strong></span> <span class='ocrx_word' id='word_1_126' title='bbox 1541 1660 1718 1722; x_wconf 88' lang='lat' dir='ltr'><strong>habet,</strong></span> <span class='ocrx_word' id='word_1_127' title='bbox 1747 1675 1901 1726; x_wconf 82' lang='lat' dir='ltr'><strong>quem</strong></span> <span class='ocrx_word' id='word_1_128' title='bbox 1927 1673 2046 1726; x_wconf 89' lang='lat' dir='ltr'><strong>per-</strong></span> 
     </span>
    </p>
   </div>
   <div class='ocr_carea' id='block_1_15' title="bbox 471 1749 2044 1813">
    <p class='ocr_par' dir='ltr' id='par_1_15' title="bbox 471 1749 2044 1813">
     <span class='ocr_line' id='line_1_15' title="bbox 471 1749 2044 1813; baseline -0.007 -2"><span class='ocrx_word' id='word_1_129' title='bbox 471 1760 604 1812; x_wconf 84' lang='lat' dir='ltr'><strong>lecta</strong></span> <span class='ocrx_word' id='word_1_130' title='bbox 639 1758 868 1813; x_wconf 87' lang='lat' dir='ltr'><strong>charitas</strong></span> <span class='ocrx_word' id='word_1_131' title='bbox 898 1755 1038 1808; x_wconf 82' lang='lat' dir='ltr'><strong>foras</strong></span> <span class='ocrx_word' id='word_1_132' title='bbox 1070 1755 1232 1807; x_wconf 89' lang='lat' dir='ltr'><strong>mittit</strong></span> <span class='ocrx_word' id='word_1_133' title='bbox 1265 1770 1276 1805; x_wconf 92' lang='lat'>:</span> <span class='ocrx_word' id='word_1_134' title='bbox 1313 1754 1395 1806; x_wconf 85' lang='lat' dir='ltr'><strong>his</strong></span> <span class='ocrx_word' id='word_1_135' title='bbox 1424 1761 1601 1806; x_wconf 85' lang='lat' dir='ltr'><strong>autem</strong></span> <span class='ocrx_word' id='word_1_136' title='bbox 1630 1751 1847 1802; x_wconf 85' lang='lat' dir='ltr'><strong>vocibus</strong></span> <span class='ocrx_word' id='word_1_137' title='bbox 1875 1749 2044 1801; x_wconf 88' lang='lat' dir='ltr'><strong>comi-</strong></span> 
     </span>
    </p>
   </div>
   <div class='ocr_carea' id='block_1_16' title="bbox 471 1840 2046 1913">
    <p class='ocr_par' dir='ltr' id='par_1_16' title="bbox 471 1840 2046 1913">
     <span class='ocr_line' id='line_1_16' title="bbox 471 1840 2046 1913; baseline -0.008 -10"><span class='ocrx_word' id='word_1_138' title='bbox 471 1859 614 1904; x_wconf 80' lang='lat' dir='ltr'><strong>tatur</strong></span> <span class='ocrx_word' id='word_1_139' title='bbox 635 1851 792 1902; x_wconf 83' lang='lat' dir='ltr'><strong>timor</strong></span> <span class='ocrx_word' id='word_1_140' title='bbox 815 1848 1018 1900; x_wconf 84' lang='lat' dir='ltr'><strong>Domini</strong></span> <span class='ocrx_word' id='word_1_141' title='bbox 1046 1854 1222 1899; x_wconf 83' lang='lat' dir='ltr'><strong>castus</strong></span> <span class='ocrx_word' id='word_1_142' title='bbox 1249 1857 1566 1913; x_wconf 74' lang='lat' dir='ltr'><strong>permanens</strong></span> <span class='ocrx_word' id='word_1_143' title='bbox 1591 1842 1642 1895; x_wconf 91' lang='lat' dir='ltr'><strong>in</strong></span> <span class='ocrx_word' id='word_1_144' title='bbox 1667 1840 1916 1894; x_wconf 46' lang='lat' dir='ltr'><strong>Surculum</strong></span> <span class='ocrx_word' id='word_1_145' title='bbox 1945 1853 2046 1891; x_wconf 66' lang='lat' dir='ltr'><strong>sae-</strong></span> 
     </span>
    </p>
   </div>
   <div class='ocr_carea' id='block_1_17' title="bbox 473 1930 2044 2007">
    <p class='ocr_par' dir='ltr' id='par_1_17' title="bbox 473 1930 2044 2007">
     <span class='ocr_line' id='line_1_17' title="bbox 473 1930 2044 2007; baseline -0.007 -14"><span class='ocrx_word' id='word_1_146' title='bbox 473 1941 600 1994; x_wconf 75' lang='lat' dir='ltr'><strong>c‘uli.</strong></span> <span class='ocrx_word' id='word_1_147' title='bbox 637 1939 703 1993; x_wconf 86' lang='lat' dir='ltr'><strong>Et</strong></span> <span class='ocrx_word' id='word_1_148' title='bbox 733 1939 939 2007; x_wconf 86' lang='lat' dir='ltr'><strong>utrique</strong></span> <span class='ocrx_word' id='word_1_149' title='bbox 964 1938 1141 2006; x_wconf 80' lang='lat' dir='ltr'><strong>generi</strong></span> <span class='ocrx_word' id='word_1_150' title='bbox 1171 1935 1455 1989; x_wconf 88' lang='lat' dir='ltr'><strong>dicendum</strong></span> <span class='ocrx_word' id='word_1_151' title='bbox 1489 1943 1590 1999; x_wconf 88' lang='lat' dir='ltr'><strong>est,</strong></span> <span class='ocrx_word' id='word_1_152' title='bbox 1623 1930 1747 1986; x_wconf 81' lang='lat' dir='ltr'><strong>Noli</strong></span> <span class='ocrx_word' id='word_1_153' title='bbox 1772 1931 1930 1983; x_wconf 84' lang='lat' dir='ltr'><strong>altum</strong></span> <span class='ocrx_word' id='word_1_154' title='bbox 1958 1947 2044 1983; x_wconf 88' lang='lat' dir='ltr'><strong>sa-</strong></span> 
     </span>
    </p>
   </div>
   <div class='ocr_carea' id='block_1_18' title="bbox 473 2024 2047 2101">
    <p class='ocr_par' dir='ltr' id='par_1_18' title="bbox 473 2024 2047 2101">
     <span class='ocr_line' id='line_1_18' title="bbox 473 2024 2047 2101; baseline -0.008 -18"><span class='ocrx_word' id='word_1_155' title='bbox 473 2037 590 2101; x_wconf 80' lang='lat' dir='ltr'><strong>pere</strong></span> <span class='ocrx_word' id='word_1_156' title='bbox 609 2071 623 2093; x_wconf 95' lang='lat'><strong>,</strong></span> <span class='ocrx_word' id='word_1_157' title='bbox 658 2029 744 2082; x_wconf 87' lang='lat' dir='ltr'><strong>sed</strong></span> <span class='ocrx_word' id='word_1_158' title='bbox 776 2031 927 2092; x_wconf 86' lang='lat' dir='ltr'><strong>time;</strong></span> <span class='ocrx_word' id='word_1_159' title='bbox 956 2036 1010 2080; x_wconf 93' lang='lat' dir='ltr'><strong>ut</strong></span> <span class='ocrx_word' id='word_1_160' title='bbox 1041 2027 1202 2080; x_wconf 86' lang='lat' dir='ltr'><strong>homo</strong></span> <span class='ocrx_word' id='word_1_161' title='bbox 1231 2039 1329 2078; x_wconf 91' lang='lat' dir='ltr'><strong>nec</strong></span> <span class='ocrx_word' id='word_1_162' title='bbox 1367 2024 1434 2077; x_wconf 90' lang='lat' dir='ltr'><strong>de</strong></span> <span class='ocrx_word' id='word_1_163' title='bbox 1461 2031 1795 2092; x_wconf 80' lang='lat' dir='ltr'><strong>peccatorum</strong></span> <span class='ocrx_word' id='word_1_164' title='bbox 1829 2033 2047 2074; x_wconf 81' lang='lat' dir='ltr'><strong>suorum</strong></span> 
     </span>
    </p>
   </div>
   <div class='ocr_carea' id='block_1_19' title="bbox 471 2113 2043 2188">
    <p class='ocr_par' dir='ltr' id='par_1_19' title="bbox 471 2113 2043 2188">
     <span class='ocr_line' id='line_1_19' title="bbox 471 2113 2043 2188; baseline -0.008 -12"><span class='ocrx_word' id='word_1_165' title='bbox 471 2123 804 2186; x_wconf 74' lang='lat' dir='ltr'><strong>defensione,</strong></span> <span class='ocrx_word' id='word_1_166' title='bbox 827 2135 926 2174; x_wconf 88' lang='lat' dir='ltr'><strong>nec</strong></span> <span class='ocrx_word' id='word_1_167' title='bbox 950 2119 1018 2174; x_wconf 89' lang='lat' dir='ltr'><strong>de</strong></span> <span class='ocrx_word' id='word_1_168' title='bbox 1042 2119 1260 2188; x_wconf 80' lang='lat' dir='ltr'><strong>justiti-.e</strong></span> <span class='ocrx_word' id='word_1_169' title='bbox 1285 2116 1698 2187; x_wconf 66' lang='lat' dir='ltr'><strong>praesumptione</strong></span> <span class='ocrx_word' id='word_1_170' title='bbox 1723 2129 1779 2168; x_wconf 89' lang='lat' dir='ltr'><strong>se</strong></span> <span class='ocrx_word' id='word_1_171' title='bbox 1806 2113 2043 2167; x_wconf 78' lang='lat' dir='ltr'><strong>extollat.</strong></span> 
     </span>
    </p>
   </div>
   <div class='ocr_carea' id='block_1_20' title="bbox 472 2203 2049 2280">
    <p class='ocr_par' dir='ltr' id='par_1_20' title="bbox 472 2203 2049 2280">
     <span class='ocr_line' id='line_1_20' title="bbox 472 2203 2049 2280; baseline -0.006 -15"><span class='ocrx_word' id='word_1_172' title='bbox 472 2212 601 2266; x_wconf 83' lang='lat' dir='ltr'><strong>Nam</strong></span> <span class='ocrx_word' id='word_1_173' title='bbox 631 2220 682 2264; x_wconf 87' lang='lat' dir='ltr'><strong>et</strong></span> <span class='ocrx_word' id='word_1_174' title='bbox 708 2213 822 2280; x_wconf 88' lang='lat' dir='ltr'><strong>ipse</strong></span> <span class='ocrx_word' id='word_1_175' title='bbox 861 2211 1079 2274; x_wconf 82' lang='lat' dir='ltr'><strong>Paulus,</strong></span> <span class='ocrx_word' id='word_1_176' title='bbox 1125 2211 1212 2278; x_wconf 89' lang='lat' dir='ltr'><strong>qui</strong></span> <span class='ocrx_word' id='word_1_177' title='bbox 1251 2209 1411 2272; x_wconf 87' lang='lat' dir='ltr'><strong>dicit,</strong></span> <span class='ocrx_word' id='word_1_178' title='bbox 1456 2206 1578 2259; x_wconf 88' lang='lat' dir='ltr'><strong>Non</strong></span> <span class='ocrx_word' id='word_1_179' title='bbox 1616 2207 1749 2258; x_wconf 88' lang='lat' dir='ltr'><strong>enim</strong></span> <span class='ocrx_word' id='word_1_180' title='bbox 1787 2203 2049 2274; x_wconf 82' lang='lat' dir='ltr'><strong>accepistis</strong></span> 
     </span>
    </p>
   </div>
   <div class='ocr_carea' id='block_1_21' title="bbox 393 2298 2049 2374">
    <p class='ocr_par' dir='ltr' id='par_1_21' title="bbox 393 2298 2049 2374">
     <span class='ocr_line' id='line_1_21' title="bbox 393 2298 2049 2374; baseline -0.005 -16"><span class='ocrx_word' id='word_1_181' title='bbox 393 2333 402 2340; x_wconf 88' lang='lat'><strong><em>-</em></strong></span> <span class='ocrx_word' id='word_1_182' title='bbox 471 2305 704 2374; x_wconf 80' lang='lat' dir='ltr'><strong>spiritum</strong></span> <span class='ocrx_word' id='word_1_183' title='bbox 745 2303 994 2356; x_wconf 76' lang='lat' dir='ltr'><strong>servitutis</strong></span> <span class='ocrx_word' id='word_1_184' title='bbox 1042 2303 1224 2354; x_wconf 79' lang='lat' dir='ltr'><strong>iterum</strong></span> <span class='ocrx_word' id='word_1_185' title='bbox 1266 2302 1316 2353; x_wconf 91' lang='lat' dir='ltr'><strong>in</strong></span> <span class='ocrx_word' id='word_1_186' title='bbox 1349 2301 1574 2352; x_wconf 85' lang='lat' dir='ltr'><strong>timorem</strong></span> <span class='ocrx_word' id='word_1_187' title='bbox 1603 2313 1621 2352; x_wconf 92' lang='lat'><strong><em>:</em></strong></span> <span class='ocrx_word' id='word_1_188' title='bbox 1648 2307 1822 2351; x_wconf 89' lang='lat' dir='ltr'><strong>tamen</strong></span> <span class='ocrx_word' id='word_1_189' title='bbox 1862 2298 2049 2350; x_wconf 84' lang='lat' dir='ltr'><strong>timore</strong></span> 
     </span>
    </p>
   </div>
   <div class='ocr_carea' id='block_1_22' title="bbox 472 2386 2049 2458">
    <p class='ocr_par' dir='ltr' id='par_1_22' title="bbox 472 2386 2049 2458">
     <span class='ocr_line' id='line_1_22' title="bbox 472 2386 2049 2458; baseline -0.009 -6"><span class='ocrx_word' id='word_1_190' title='bbox 472 2398 667 2452; x_wconf 81' lang='lat' dir='ltr'><strong>comite</strong></span> <span class='ocrx_word' id='word_1_191' title='bbox 695 2395 968 2451; x_wconf 87' lang='lat' dir='ltr'><strong>charitatis</strong></span> <span class='ocrx_word' id='word_1_192' title='bbox 995 2394 1100 2458; x_wconf 86' lang='lat' dir='ltr'><strong>ait,</strong></span> <span class='ocrx_word' id='word_1_193' title='bbox 1127 2391 1255 2447; x_wconf 80' lang='lat' dir='ltr'><strong>Cum</strong></span> <span class='ocrx_word' id='word_1_194' title='bbox 1282 2393 1460 2444; x_wconf 78' lang='lat' dir='ltr'><strong>timore</strong></span> <span class='ocrx_word' id='word_1_195' title='bbox 1481 2397 1526 2442; x_wconf 88' lang='lat' dir='ltr'><strong>et</strong></span> <span class='ocrx_word' id='word_1_196' title='bbox 1552 2398 1766 2442; x_wconf 85' lang='lat' dir='ltr'><strong>tremore</strong></span> <span class='ocrx_word' id='word_1_197' title='bbox 1791 2388 1947 2440; x_wconf 88' lang='lat' dir='ltr'><strong>ntulto</strong></span> <span class='ocrx_word' id='word_1_198' title='bbox 1974 2386 2049 2455; x_wconf 79' lang='lat' dir='ltr'><strong>fui</strong></span> 
     </span>
    </p>
   </div>
   <div class='ocr_carea' id='block_1_23' title="bbox 473 2480 2049 2558">
    <p class='ocr_par' dir='ltr' id='par_1_23' title="bbox 473 2480 2049 2558">
     <span class='ocr_line' id='line_1_23' title="bbox 473 2480 2049 2558; baseline -0.006 -18"><span class='ocrx_word' id='word_1_199' title='bbox 473 2489 540 2540; x_wconf 81' lang='lat' dir='ltr'><strong>ad</strong></span> <span class='ocrx_word' id='word_1_200' title='bbox 578 2503 664 2541; x_wconf 85' lang='lat' dir='ltr'><strong>vos</strong></span> <span class='ocrx_word' id='word_1_201' title='bbox 690 2485 732 2558; x_wconf 89' lang='grc'><strong>(1</strong></span> <span class='ocrx_word' id='word_1_202' title='bbox 773 2484 891 2540; x_wconf 85' lang='lat' dir='ltr'><strong>Cor.</strong></span> <span class='ocrx_word' id='word_1_203' title='bbox 926 2501 1000 2548; x_wconf 88' lang='grc' dir='ltr'><strong>ιι,</strong></span> <span class='ocrx_word' id='word_1_204' title='bbox 1030 2483 1124 2554; x_wconf 79' lang='grc'><strong>5);</strong></span> <span class='ocrx_word' id='word_1_205' title='bbox 1167 2491 1221 2536; x_wconf 89' lang='lat' dir='ltr'><strong>et</strong></span> <span class='ocrx_word' id='word_1_206' title='bbox 1244 2498 1304 2537; x_wconf 87' lang='lat' dir='ltr'><strong>ea</strong></span> <span class='ocrx_word' id='word_1_207' title='bbox 1336 2480 1597 2535; x_wconf 82' lang='lat' dir='ltr'><strong>sententia</strong></span> <span class='ocrx_word' id='word_1_208' title='bbox 1624 2493 1780 2548; x_wconf 84' lang='lat' dir='ltr'><strong>quam</strong></span> <span class='ocrx_word' id='word_1_209' title='bbox 1811 2491 2049 2531; x_wconf 85' lang='lat' dir='ltr'><strong>commc-</strong></span> 
     </span>
    </p>
   </div>
   <div class='ocr_carea' id='block_1_24' title="bbox 475 2572 2047 2644">
    <p class='ocr_par' dir='ltr' id='par_1_24' title="bbox 475 2572 2047 2644">
     <span class='ocr_line' id='line_1_24' title="bbox 475 2572 2047 2644; baseline -0.009 -9"><span class='ocrx_word' id='word_1_210' title='bbox 475 2580 700 2644; x_wconf 82' lang='lat' dir='ltr'><strong>moravi,</strong></span> <span class='ocrx_word' id='word_1_211' title='bbox 730 2594 795 2632; x_wconf 87' lang='lat' dir='ltr'><strong>ne</strong></span> <span class='ocrx_word' id='word_1_212' title='bbox 821 2576 1075 2630; x_wconf 85' lang='lat' dir='ltr'><strong>adversus</strong></span> <span class='ocrx_word' id='word_1_213' title='bbox 1105 2575 1300 2628; x_wconf 81' lang='lat' dir='ltr'><strong>fractos</strong></span> <span class='ocrx_word' id='word_1_214' title='bbox 1328 2574 1460 2626; x_wconf 71' lang='lat' dir='ltr'><strong>olea:</strong></span> <span class='ocrx_word' id='word_1_215' title='bbox 1487 2586 1664 2625; x_wconf 87' lang='lat' dir='ltr'><strong>ramos</strong></span> <span class='ocrx_word' id='word_1_216' title='bbox 1702 2572 1933 2624; x_wconf 85' lang='lat' dir='ltr'><strong>insertus</strong></span> <span class='ocrx_word' id='word_1_217' title='bbox 1959 2585 2047 2622; x_wconf 89' lang='lat' dir='ltr'><strong>su-</strong></span> 
     </span>
    </p>
   </div>
   <div class='ocr_carea' id='block_1_25' title="bbox 477 2661 2049 2739">
    <p class='ocr_par' dir='ltr' id='par_1_25' title="bbox 477 2661 2049 2739">
     <span class='ocr_line' id='line_1_25' title="bbox 477 2661 2049 2739; baseline -0.006 -15"><span class='ocrx_word' id='word_1_218' title='bbox 477 2671 710 2739; x_wconf 88' lang='lat' dir='ltr'><strong>perbiret</strong></span> <span class='ocrx_word' id='word_1_219' title='bbox 739 2670 970 2722; x_wconf 85' lang='lat' dir='ltr'><strong>oleaster</strong></span> <span class='ocrx_word' id='word_1_220' title='bbox 991 2709 1004 2730; x_wconf 94' lang='lat'><strong>,</strong></span> <span class='ocrx_word' id='word_1_221' title='bbox 1051 2667 1163 2735; x_wconf 90' lang='lat' dir='ltr'><strong>ipse</strong></span> <span class='ocrx_word' id='word_1_222' title='bbox 1193 2681 1320 2718; x_wconf 87' lang='lat' dir='ltr'><strong>usus</strong></span> <span class='ocrx_word' id='word_1_223' title='bbox 1344 2673 1459 2729; x_wconf 89' lang='lat' dir='ltr'><strong>est,</strong></span> <span class='ocrx_word' id='word_1_224' title='bbox 1485 2663 1668 2717; x_wconf 84' lang='lat' dir='ltr'><strong>dicens</strong></span> <span class='ocrx_word' id='word_1_225' title='bbox 1691 2703 1707 2729; x_wconf 92' lang='lat'><strong>,</strong></span> <span class='ocrx_word' id='word_1_226' title='bbox 1739 2661 1866 2715; x_wconf 82' lang='lat' dir='ltr'><strong>Noli</strong></span> <span class='ocrx_word' id='word_1_227' title='bbox 1888 2663 2049 2715; x_wconf 64' lang='lat' dir='ltr'><strong>altum</strong></span> 
     </span>
    </p>
   </div>
   <div class='ocr_carea' id='block_1_26' title="bbox 475 2753 2050 2828">
    <p class='ocr_par' dir='ltr' id='par_1_26' title="bbox 475 2753 2050 2828">
     <span class='ocr_line' id='line_1_26' title="bbox 475 2753 2050 2828; baseline -0.003 -17"><span class='ocrx_word' id='word_1_228' title='bbox 475 2775 670 2828; x_wconf 90' lang='lat' dir='ltr'><strong>sapere,</strong></span> <span class='ocrx_word' id='word_1_229' title='bbox 702 2759 788 2811; x_wconf 88' lang='lat' dir='ltr'><strong>sed</strong></span> <span class='ocrx_word' id='word_1_230' title='bbox 817 2759 934 2810; x_wconf 89' lang='lat' dir='ltr'><strong>time</strong></span> <span class='ocrx_word' id='word_1_231' title='bbox 959 2773 978 2810; x_wconf 92' lang='lat'><strong><em>:</em></strong></span> <span class='ocrx_word' id='word_1_232' title='bbox 1004 2756 1118 2825; x_wconf 86' lang='lat' dir='ltr'><strong>ipse</strong></span> <span class='ocrx_word' id='word_1_233' title='bbox 1138 2756 1312 2808; x_wconf 86' lang='lat' dir='ltr'><strong>omnia</strong></span> <span class='ocrx_word' id='word_1_234' title='bbox 1343 2755 1577 2807; x_wconf 89' lang='lat' dir='ltr'><strong>membra</strong></span> <span class='ocrx_word' id='word_1_235' title='bbox 1608 2753 1804 2807; x_wconf 78' lang='lat' dir='ltr'><strong>Christi</strong></span> <span class='ocrx_word' id='word_1_236' title='bbox 1825 2767 2050 2822; x_wconf 83' lang='lat' dir='ltr'><strong>genera-</strong></span> 
     </span>
    </p>
   </div>
   <div class='ocr_carea' id='block_1_27' title="bbox 475 2846 2049 2915">
    <p class='ocr_par' dir='ltr' id='par_1_27' title="bbox 475 2846 2049 2915">
     <span class='ocr_line' id='line_1_27' title="bbox 475 2846 2049 2915; baseline -0.004 -11"><span class='ocrx_word' id='word_1_237' title='bbox 475 2851 598 2904; x_wconf 86' lang='lat' dir='ltr'><strong>liter</strong></span> <span class='ocrx_word' id='word_1_238' title='bbox 623 2851 948 2912; x_wconf 82' lang='lat' dir='ltr'><strong>admonens,</strong></span> <span class='ocrx_word' id='word_1_239' title='bbox 981 2849 1090 2915; x_wconf 85' lang='lat' dir='ltr'><strong>ait,</strong></span> <span class='ocrx_word' id='word_1_240' title='bbox 1119 2846 1244 2902; x_wconf 86' lang='lat' dir='ltr'><strong>Cum</strong></span> <span class='ocrx_word' id='word_1_241' title='bbox 1283 2849 1459 2900; x_wconf 83' lang='lat' dir='ltr'><strong>timore</strong></span> <span class='ocrx_word' id='word_1_242' title='bbox 1500 2856 1544 2899; x_wconf 87' lang='lat' dir='ltr'><strong>et</strong></span> <span class='ocrx_word' id='word_1_243' title='bbox 1583 2855 1796 2899; x_wconf 78' lang='lat' dir='ltr'><strong>tremore</strong></span> <span class='ocrx_word' id='word_1_244' title='bbox 1835 2851 2049 2899; x_wconf 74' lang='lat' dir='ltr'><strong>uestram</strong></span> 
     </span>
    </p>
   </div>
   <div class='ocr_carea' id='block_1_28' title="bbox 475 2935 2051 3010">
    <p class='ocr_par' dir='ltr' id='par_1_28' title="bbox 475 2935 2051 3010">
     <span class='ocr_line' id='line_1_28' title="bbox 475 2935 2051 3010; baseline -0.002 -18"><span class='ocrx_word' id='word_1_245' title='bbox 475 2935 699 3010; x_wconf 77' lang='lat' dir='ltr'><strong>ipsarum</strong></span> <span class='ocrx_word' id='word_1_246' title='bbox 727 2943 937 2993; x_wconf 83' lang='lat' dir='ltr'><strong>salutem</strong></span> <span class='ocrx_word' id='word_1_247' title='bbox 973 2940 1252 3010; x_wconf 85' lang='lat' dir='ltr'><strong>operamini</strong></span> <span class='ocrx_word' id='word_1_248' title='bbox 1273 2952 1294 3001; x_wconf 84' lang='lat'><strong>,&#39;</strong></span> <span class='ocrx_word' id='word_1_249' title='bbox 1336 2937 1472 2991; x_wconf 85' lang='lat' dir='ltr'><strong>Deus</strong></span> <span class='ocrx_word' id='word_1_250' title='bbox 1509 2947 1579 2992; x_wconf 83' lang='lat' dir='ltr'><strong>est</strong></span> <span class='ocrx_word' id='word_1_251' title='bbox 1606 2939 1737 2991; x_wconf 87' lang='lat' dir='ltr'><strong>enim</strong></span> <span class='ocrx_word' id='word_1_252' title='bbox 1761 2938 1845 3008; x_wconf 85' lang='lat' dir='ltr'><strong>qui</strong></span> <span class='ocrx_word' id='word_1_253' title='bbox 1870 2941 2051 3007; x_wconf 82' lang='lat' dir='ltr'><strong>operti—</strong></span> 
     </span>
    </p>
   </div>
   <div class='ocr_carea' id='block_1_29' title="bbox 477 3017 2048 3100">
    <p class='ocr_par' dir='ltr' id='par_1_29' title="bbox 477 3017 2048 3100">
     <span class='ocr_line' id='line_1_29' title="bbox 477 3017 2048 3100; baseline -0.003 -16"><span class='ocrx_word' id='word_1_254' title='bbox 477 3041 558 3084; x_wconf 82' lang='lat' dir='ltr'><strong>tur</strong></span> <span class='ocrx_word' id='word_1_255' title='bbox 610 3033 664 3084; x_wconf 88' lang='lat' dir='ltr'><strong>in</strong></span> <span class='ocrx_word' id='word_1_256' title='bbox 705 3032 842 3084; x_wconf 78' lang='lat' dir='ltr'><strong>vobis</strong></span> <span class='ocrx_word' id='word_1_257' title='bbox 891 3040 938 3086; x_wconf 84' lang='lat' dir='ltr'><strong>et</strong></span> <span class='ocrx_word' id='word_1_258' title='bbox 993 3029 1120 3083; x_wconf 82' lang='lat' dir='ltr'><strong>uelle</strong></span> <span class='ocrx_word' id='word_1_259' title='bbox 1163 3038 1209 3083; x_wconf 85' lang='lat' dir='ltr'><strong>et</strong></span> <span class='ocrx_word' id='word_1_260' title='bbox 1253 3030 1452 3100; x_wconf 83' lang='lat' dir='ltr'><strong>aperari</strong></span> <span class='ocrx_word' id='word_1_261' title='bbox 1473 3069 1487 3094; x_wconf 90' lang='lat'><strong>,</strong></span> <span class='ocrx_word' id='word_1_262' title='bbox 1557 3045 1648 3098; x_wconf 91' lang='lat' dir='ltr'><strong>pro</strong></span> <span class='ocrx_word' id='word_1_263' title='bbox 1683 3017 1827 3081; x_wconf 65' lang='lat' dir='ltr'><strong>bona</strong></span> <span class='ocrx_word' id='word_1_264' title='bbox 1869 3028 2048 3082; x_wconf 78' lang='lat' dir='ltr'><strong>volun-</strong></span> 
     </span>
    </p>
   </div>
   <div class='ocr_carea' id='block_1_30' title="bbox 478 3121 2052 3193">
    <p class='ocr_par' dir='ltr' id='par_1_30' title="bbox 478 3121 2052 3193">
     <span class='ocr_line' id='line_1_30' title="bbox 478 3121 2052 3193; baseline -0.001 -18"><span class='ocrx_word' id='word_1_265' title='bbox 478 3132 576 3175; x_wconf 84' lang='lat' dir='ltr'><strong>tate</strong></span> <span class='ocrx_word' id='word_1_266' title='bbox 625 3121 894 3192; x_wconf 82' lang='lat' dir='ltr'><strong>(Philipp.</strong></span> <span class='ocrx_word' id='word_1_267' title='bbox 926 3138 999 3188; x_wconf 88' lang='grc' dir='ltr'><strong>ιι,</strong></span> <span class='ocrx_word' id='word_1_268' title='bbox 1032 3123 1097 3175; x_wconf 72' lang='grc'><strong>12</strong></span> <span class='ocrx_word' id='word_1_269' title='bbox 1119 3162 1134 3188; x_wconf 96' lang='grc'><strong>,</strong></span> <span class='ocrx_word' id='word_1_270' title='bbox 1161 3121 1308 3193; x_wconf 79' lang='grc'><strong>15);</strong></span> <span class='ocrx_word' id='word_1_271' title='bbox 1340 3137 1406 3176; x_wconf 92' lang='lat' dir='ltr'><strong>ne</strong></span> <span class='ocrx_word' id='word_1_272' title='bbox 1444 3121 1510 3175; x_wconf 85' lang='lat' dir='ltr'><strong>ad</strong></span> <span class='ocrx_word' id='word_1_273' title='bbox 1545 3121 1708 3176; x_wconf 86' lang='lat' dir='ltr'><strong>Vetus</strong></span> <span class='ocrx_word' id='word_1_274' title='bbox 1741 3121 2052 3177; x_wconf 83' lang='lat' dir='ltr'><strong>Testamen-</strong></span> 
     </span>
    </p>
   </div>
   <div class='ocr_carea' id='block_1_31' title="bbox 479 3214 2055 3283">
    <p class='ocr_par' dir='ltr' id='par_1_31' title="bbox 479 3214 2055 3283">
     <span class='ocr_line' id='line_1_31' title="bbox 479 3214 2055 3283; baseline 0.001 -16"><span class='ocrx_word' id='word_1_275' title='bbox 479 3226 586 3267; x_wconf 86' lang='lat' dir='ltr'><strong>tum</strong></span> <span class='ocrx_word' id='word_1_276' title='bbox 628 3214 867 3267; x_wconf 84' lang='lat' dir='ltr'><strong>videatur</strong></span> <span class='ocrx_word' id='word_1_277' title='bbox 909 3215 1171 3282; x_wconf 68' lang='lat' dir='ltr'><strong>pertinuere</strong></span> <span class='ocrx_word' id='word_1_278' title='bbox 1216 3215 1357 3282; x_wconf 89' lang='lat' dir='ltr'><strong>quod</strong></span> <span class='ocrx_word' id='word_1_279' title='bbox 1406 3215 1660 3283; x_wconf 86' lang='lat' dir='ltr'><strong>scriptum</strong></span> <span class='ocrx_word' id='word_1_280' title='bbox 1700 3223 1810 3278; x_wconf 85' lang='lat' dir='ltr'><strong>est,</strong></span> <span class='ocrx_word' id='word_1_281' title='bbox 1861 3215 2055 3270; x_wconf 82' lang='lat' dir='ltr'><strong>Servite</strong></span> 
     </span>
    </p>
   </div>
   <div class='ocr_carea' id='block_1_32' title="bbox 475 3303 2050 3378">
    <p class='ocr_par' dir='ltr' id='par_1_32' title="bbox 475 3303 2050 3378">
     <span class='ocr_line' id='line_1_32' title="bbox 475 3303 2050 3378; baseline 0.004 -23"><span class='ocrx_word' id='word_1_282' title='bbox 475 3303 694 3357; x_wconf 85' lang='lat' dir='ltr'><strong>Domino</strong></span> <span class='ocrx_word' id='word_1_283' title='bbox 733 3307 785 3357; x_wconf 87' lang='lat' dir='ltr'><strong>in</strong></span> <span class='ocrx_word' id='word_1_284' title='bbox 821 3306 1028 3370; x_wconf 83' lang='lat' dir='ltr'><strong>timore,</strong></span> <span class='ocrx_word' id='word_1_285' title='bbox 1066 3314 1114 3359; x_wconf 85' lang='lat' dir='ltr'><strong>et</strong></span> <span class='ocrx_word' id='word_1_286' title='bbox 1149 3307 1393 3360; x_wconf 73' lang='lat' dir='ltr'><strong>exsultate</strong></span> <span class='ocrx_word' id='word_1_287' title='bbox 1421 3306 1464 3360; x_wconf 83' lang='lat' dir='ltr'><strong>ei</strong></span> <span class='ocrx_word' id='word_1_288' title='bbox 1491 3321 1604 3359; x_wconf 85' lang='lat' dir='ltr'><strong>cum</strong></span> <span class='ocrx_word' id='word_1_289' title='bbox 1633 3317 1844 3361; x_wconf 82' lang='lat' dir='ltr'><strong>tremore</strong></span> <span class='ocrx_word' id='word_1_290' title='bbox 1876 3305 2050 3378; x_wconf 76' lang='lat' dir='ltr'><strong>(Psal.</strong></span> 
     </span>
    </p>
   </div>
   <div class='ocr_carea' id='block_1_33' title="bbox 473 3399 688 3466">
    <p class='ocr_par' dir='ltr' id='par_1_33' title="bbox 473 3399 688 3466">
     <span class='ocr_line' id='line_1_33' title="bbox 473 3399 688 3466; baseline -0.005 -16"><span class='ocrx_word' id='word_1_291' title='bbox 473 3411 543 3461; x_wconf 87' lang='grc' dir='ltr'><strong>ιι,</strong></span> <span class='ocrx_word' id='word_1_292' title='bbox 579 3399 688 3466; x_wconf 83' lang='grc'><strong>11).</strong></span> 
     </span>
    </p>
   </div>
   <div class='ocr_carea' id='block_1_34' title="bbox 543 3489 2055 3558">
    <p class='ocr_par' dir='ltr' id='par_1_34' title="bbox 543 3489 2055 3558">
     <span class='ocr_line' id='line_1_34' title="bbox 543 3489 2055 3558; baseline -0.001 -12"><span class='ocrx_word' id='word_1_293' title='bbox 543 3490 768 3546; x_wconf 72' lang='lat' dir='ltr'><strong>CAPUT</strong></span> <span class='ocrx_word' id='word_1_294' title='bbox 807 3490 1048 3545; x_wconf 74' lang='lat' dir='ltr'><strong>XXXIX.</strong></span> <span class='ocrx_word' id='word_1_295' title='bbox 1088 3519 1159 3530; x_wconf 91' lang='lat'><strong>—-</strong></span> <span class='ocrx_word' id='word_1_296' title='bbox 1198 3491 1290 3545; x_wconf 71' lang='grc'><strong>40.</strong></span> <span class='ocrx_word' id='word_1_297' title='bbox 1323 3489 1546 3558; x_wconf 76' lang='lat' dir='ltr'><strong>Spiritus</strong></span> <span class='ocrx_word' id='word_1_298' title='bbox 1585 3492 1746 3543; x_wconf 88' lang='lat' dir='ltr'><strong>sancti</strong></span> <span class='ocrx_word' id='word_1_299' title='bbox 1790 3491 1930 3545; x_wconf 85' lang='lat' dir='ltr'><strong>locus</strong></span> <span class='ocrx_word' id='word_1_300' title='bbox 1969 3507 2055 3545; x_wconf 88' lang='lat' dir='ltr'><strong>cor</strong></span> 
     </span>
    </p>
   </div>
   <div class='ocr_carea' id='block_1_35' title="bbox 475 3580 2052 3650">
    <p class='ocr_par' dir='ltr' id='par_1_35' title="bbox 475 3580 2052 3650">
     <span class='ocr_line' id='line_1_35' title="bbox 475 3580 2052 3650; baseline 0.001 -16"><span class='ocrx_word' id='word_1_301' title='bbox 475 3580 812 3645; x_wconf 72' lang='lat' dir='ltr'><strong>humiliatum,</strong></span> <span class='ocrx_word' id='word_1_302' title='bbox 861 3582 1024 3635; x_wconf 83' lang='lat' dir='ltr'><strong>Justis</strong></span> <span class='ocrx_word' id='word_1_303' title='bbox 1049 3595 1110 3636; x_wconf 62' lang='lat' dir='ltr'><strong>es</strong></span> <span class='ocrx_word' id='word_1_304' title='bbox 1156 3582 1370 3634; x_wconf 76' lang='lat' dir='ltr'><strong>cadendi</strong></span> <span class='ocrx_word' id='word_1_305' title='bbox 1395 3581 1617 3650; x_wconf 82' lang='lat' dir='ltr'><strong>periculo</strong></span> <span class='ocrx_word' id='word_1_306' title='bbox 1655 3583 1787 3633; x_wconf 85' lang='lat' dir='ltr'><strong>ratio</strong></span> <span class='ocrx_word' id='word_1_307' title='bbox 1815 3598 1922 3635; x_wconf 87' lang='lat' dir='ltr'><strong>sese</strong></span> <span class='ocrx_word' id='word_1_308' title='bbox 1959 3583 2052 3635; x_wconf 78' lang='lat' dir='ltr'><strong>hu-</strong></span> 
     </span>
    </p>
   </div>
   <div class='ocr_carea' id='block_1_36' title="bbox 477 3672 2050 3742">
    <p class='ocr_par' dir='ltr' id='par_1_36' title="bbox 477 3672 2050 3742">
     <span class='ocr_line' id='line_1_36' title="bbox 477 3672 2050 3742; baseline 0.003 -19"><span class='ocrx_word' id='word_1_309' title='bbox 477 3672 726 3724; x_wconf 85' lang='lat' dir='ltr'><strong>miliandi.</strong></span> <span class='ocrx_word' id='word_1_310' title='bbox 751 3673 816 3725; x_wconf 82' lang='lat' dir='ltr'><strong>Et</strong></span> <span class='ocrx_word' id='word_1_311' title='bbox 832 3688 949 3740; x_wconf 65' lang='lat' dir='ltr'><strong>(tum</strong></span> <span class='ocrx_word' id='word_1_312' title='bbox 972 3685 1139 3740; x_wconf 79' lang='lat' dir='ltr'><strong>magis</strong></span> <span class='ocrx_word' id='word_1_313' title='bbox 1159 3672 1397 3725; x_wconf 86' lang='lat' dir='ltr'><strong>membra</strong></span> <span class='ocrx_word' id='word_1_314' title='bbox 1423 3672 1664 3741; x_wconf 89' lang='lat' dir='ltr'><strong>corporis</strong></span> <span class='ocrx_word' id='word_1_315' title='bbox 1692 3674 1884 3737; x_wconf 87' lang='lat' dir='ltr'><strong>sancti,</strong></span> <span class='ocrx_word' id='word_1_316' title='bbox 1910 3673 2050 3742; x_wconf 90' lang='lat' dir='ltr'><strong>quod</strong></span> 
     </span>
    </p>
   </div>
   <div class='ocr_carea' id='block_1_37' title="bbox 477 3763 2056 3834">
    <p class='ocr_par' dir='ltr' id='par_1_37' title="bbox 477 3763 2056 3834">
     <span class='ocr_line' id='line_1_37' title="bbox 477 3763 2056 3834; baseline 0.001 -16"><span class='ocrx_word' id='word_1_317' title='bbox 477 3775 560 3818; x_wconf 89' lang='lat' dir='ltr'><strong>est</strong></span> <span class='ocrx_word' id='word_1_318' title='bbox 588 3763 853 3827; x_wconf 80' lang='lat' dir='ltr'><strong>Ecclesia,</strong></span> <span class='ocrx_word' id='word_1_319' title='bbox 898 3773 1088 3817; x_wconf 84' lang='lat' dir='ltr'><strong>curare</strong></span> <span class='ocrx_word' id='word_1_320' title='bbox 1130 3763 1358 3823; x_wconf 89' lang='lat' dir='ltr'><strong>debent,</strong></span> <span class='ocrx_word' id='word_1_321' title='bbox 1389 3770 1446 3816; x_wconf 81' lang='grc' dir='ltr'><strong>ιιι</strong></span> <span class='ocrx_word' id='word_1_322' title='bbox 1474 3777 1634 3830; x_wconf 86' lang='lat' dir='ltr'><strong>super</strong></span> <span class='ocrx_word' id='word_1_323' title='bbox 1668 3777 1732 3817; x_wconf 82' lang='lat' dir='ltr'><strong>ea</strong></span> <span class='ocrx_word' id='word_1_324' title='bbox 1759 3765 2056 3834; x_wconf 78' lang='lat' dir='ltr'><strong>requiescat</strong></span> 
     </span>
    </p>
   </div>
   <div class='ocr_carea' id='block_1_38' title="bbox 476 3852 2056 3923">
    <p class='ocr_par' dir='ltr' id='par_1_38' title="bbox 476 3852 2056 3923">
     <span class='ocr_line' id='line_1_38' title="bbox 476 3852 2056 3923; baseline -0.001 -13"><span class='ocrx_word' id='word_1_325' title='bbox 476 3852 706 3923; x_wconf 79' lang='lat' dir='ltr'><strong>Spiritus</strong></span> <span class='ocrx_word' id='word_1_326' title='bbox 730 3863 966 3917; x_wconf 86' lang='lat' dir='ltr'><strong>sanctus,</strong></span> <span class='ocrx_word' id='word_1_327' title='bbox 1000 3869 1155 3921; x_wconf 85' lang='lat' dir='ltr'><strong>quam</strong></span> <span class='ocrx_word' id='word_1_328' title='bbox 1190 3852 1498 3922; x_wconf 70' lang='lat' dir='ltr'><strong>virginalem</strong></span> <span class='ocrx_word' id='word_1_329' title='bbox 1530 3855 1825 3922; x_wconf 86' lang='lat' dir='ltr'><strong>prolitentia</strong></span> <span class='ocrx_word' id='word_1_330' title='bbox 1857 3858 2056 3910; x_wconf 83' lang='lat' dir='ltr'><strong>sancti-</strong></span> 
     </span>
    </p>
   </div>
   <div class='ocr_carea' id='block_1_39' title="bbox 479 3946 2054 4014">
    <p class='ocr_par' dir='ltr' id='par_1_39' title="bbox 479 3946 2054 4014">
     <span class='ocr_line' id='line_1_39' title="bbox 479 3946 2054 4014; baseline 0.003 -14"><span class='ocrx_word' id='word_1_331' title='bbox 479 3948 678 4000; x_wconf 82' lang='lat' dir='ltr'><strong>tatem?</strong></span> <span class='ocrx_word' id='word_1_332' title='bbox 727 3946 1006 4012; x_wconf 80' lang='lat' dir='ltr'><strong>Quomodo</strong></span> <span class='ocrx_word' id='word_1_333' title='bbox 1045 3953 1220 3997; x_wconf 85' lang='lat' dir='ltr'><strong>autem</strong></span> <span class='ocrx_word' id='word_1_334' title='bbox 1263 3947 1546 4014; x_wconf 83' lang='lat' dir='ltr'><strong>requiescit</strong></span> <span class='ocrx_word' id='word_1_335' title='bbox 1590 3947 1678 4000; x_wconf 88' lang='lat' dir='ltr'><strong>ubi</strong></span> <span class='ocrx_word' id='word_1_336' title='bbox 1707 3964 1810 4002; x_wconf 92' lang='lat' dir='ltr'><strong>non</strong></span> <span class='ocrx_word' id='word_1_337' title='bbox 1857 3950 2054 4004; x_wconf 90' lang='lat' dir='ltr'><strong>invenit</strong></span> 
     </span>
    </p>
   </div>
   <div class='ocr_carea' id='block_1_40' title="bbox 478 4036 2052 4110">
    <p class='ocr_par' dir='ltr' id='par_1_40' title="bbox 478 4036 2052 4110">
     <span class='ocr_line' id='line_1_40' title="bbox 478 4036 2052 4110; baseline 0.002 -19"><span class='ocrx_word' id='word_1_338' title='bbox 478 4038 652 4091; x_wconf 85' lang='lat' dir='ltr'><strong>locum</strong></span> <span class='ocrx_word' id='word_1_339' title='bbox 691 4037 887 4091; x_wconf 80' lang='lat' dir='ltr'><strong>suum?</strong></span> <span class='ocrx_word' id='word_1_340' title='bbox 917 4037 1041 4105; x_wconf 86' lang='lat' dir='ltr'><strong>quid</strong></span> <span class='ocrx_word' id='word_1_341' title='bbox 1070 4036 1210 4089; x_wconf 83' lang='lat' dir='ltr'><strong>aliud</strong></span> <span class='ocrx_word' id='word_1_342' title='bbox 1242 4053 1400 4105; x_wconf 88' lang='lat' dir='ltr'><strong>quam</strong></span> <span class='ocrx_word' id='word_1_343' title='bbox 1427 4053 1520 4090; x_wconf 91' lang='lat' dir='ltr'><strong>cor</strong></span> <span class='ocrx_word' id='word_1_344' title='bbox 1553 4040 1883 4093; x_wconf 88' lang='lat' dir='ltr'><strong>humiliatum</strong></span> <span class='ocrx_word' id='word_1_345' title='bbox 1913 4042 2052 4110; x_wconf 88' lang='lat' dir='ltr'><strong>quod</strong></span> 
     </span>
    </p>
   </div>
   <div class='ocr_carea' id='block_1_41' title="bbox 481 4128 2054 4202">
    <p class='ocr_par' dir='ltr' id='par_1_41' title="bbox 481 4128 2054 4202">
     <span class='ocr_line' id='line_1_41' title="bbox 481 4128 2054 4202; baseline 0.004 -21"><span class='ocrx_word' id='word_1_346' title='bbox 481 4128 734 4197; x_wconf 87' lang='lat' dir='ltr'><strong>impleat,</strong></span> <span class='ocrx_word' id='word_1_347' title='bbox 776 4143 882 4181; x_wconf 89' lang='lat' dir='ltr'><strong>non</strong></span> <span class='ocrx_word' id='word_1_348' title='bbox 913 4128 1049 4181; x_wconf 91' lang='lat' dir='ltr'><strong>unde</strong></span> <span class='ocrx_word' id='word_1_349' title='bbox 1077 4129 1315 4195; x_wconf 86' lang='lat' dir='ltr'><strong>resiliat;</strong></span> <span class='ocrx_word' id='word_1_350' title='bbox 1359 4130 1498 4197; x_wconf 83' lang='lat' dir='ltr'><strong>quod</strong></span> <span class='ocrx_word' id='word_1_351' title='bbox 1526 4131 1732 4200; x_wconf 91' lang='lat' dir='ltr'><strong>erigat,</strong></span> <span class='ocrx_word' id='word_1_352' title='bbox 1785 4145 1888 4186; x_wconf 84' lang='lat' dir='ltr'><strong>neu</strong></span> <span class='ocrx_word' id='word_1_353' title='bbox 1917 4134 2054 4202; x_wconf 89' lang='lat' dir='ltr'><strong>quod</strong></span> 
     </span>
    </p>
   </div>
   <div class='ocr_carea' id='block_1_42' title="bbox 479 4219 2055 4295">
    <p class='ocr_par' dir='ltr' id='par_1_42' title="bbox 479 4219 2055 4295">
     <span class='ocr_line' id='line_1_42' title="bbox 479 4219 2055 4295; baseline 0.004 -22"><span class='ocrx_word' id='word_1_354' title='bbox 479 4219 779 4288; x_wconf 81' lang='lat' dir='ltr'><strong>deprimat?</strong></span> <span class='ocrx_word' id='word_1_355' title='bbox 815 4235 934 4273; x_wconf 89' lang='lat' dir='ltr'><strong>cum</strong></span> <span class='ocrx_word' id='word_1_356' title='bbox 974 4221 1304 4289; x_wconf 80' lang='lat' dir='ltr'><strong>apertissime</strong></span> <span class='ocrx_word' id='word_1_357' title='bbox 1329 4221 1525 4273; x_wconf 83' lang='lat' dir='ltr'><strong>dictum</strong></span> <span class='ocrx_word' id='word_1_358' title='bbox 1558 4224 1659 4287; x_wconf 89' lang='lat' dir='ltr'><strong>sit,</strong></span> <span class='ocrx_word' id='word_1_359' title='bbox 1707 4223 1882 4292; x_wconf 83' lang='lat' dir='ltr'><strong>Super</strong></span> <span class='ocrx_word' id='word_1_360' title='bbox 1911 4243 2055 4295; x_wconf 89' lang='lat' dir='ltr'><strong>quem</strong></span> 
     </span>
    </p>
   </div>
   <div class='ocr_carea' id='block_1_43' title="bbox 431 4313 2058 4384">
    <p class='ocr_par' dir='ltr' id='par_1_43' title="bbox 431 4313 2058 4384">
     <span class='ocr_line' id='line_1_43' title="bbox 431 4313 2058 4384; baseline 0.001 -16"><span class='ocrx_word' id='word_1_361' title='bbox 431 4317 442 4322; x_wconf 72' lang='grc'><strong>“</strong></span> <span class='ocrx_word' id='word_1_362' title='bbox 477 4315 747 4384; x_wconf 74' lang='lat' dir='ltr'><strong>requiescet</strong></span> <span class='ocrx_word' id='word_1_363' title='bbox 770 4314 990 4383; x_wconf 80' lang='lat' dir='ltr'><strong>Spiritus</strong></span> <span class='ocrx_word' id='word_1_364' title='bbox 1018 4314 1197 4366; x_wconf 85' lang='lat' dir='ltr'><strong>meus?</strong></span> <span class='ocrx_word' id='word_1_365' title='bbox 1228 4313 1395 4383; x_wconf 86' lang='lat' dir='ltr'><strong>Super</strong></span> <span class='ocrx_word' id='word_1_366' title='bbox 1423 4313 1660 4367; x_wconf 85' lang='lat' dir='ltr'><strong>humilem</strong></span> <span class='ocrx_word' id='word_1_367' title='bbox 1684 4325 1730 4368; x_wconf 90' lang='lat' dir='ltr'><strong>et</strong></span> <span class='ocrx_word' id='word_1_368' title='bbox 1760 4318 1980 4384; x_wconf 88' lang='lat' dir='ltr'><strong>quietum</strong></span> <span class='ocrx_word' id='word_1_369' title='bbox 2009 4327 2058 4370; x_wconf 76' lang='lat' dir='ltr'><strong>et</strong></span> 
     </span>
    </p>
   </div>
   <div class='ocr_carea' id='block_1_44' title="bbox 479 4402 2052 4475">
    <p class='ocr_par' dir='ltr' id='par_1_44' title="bbox 479 4402 2052 4475">
     <span class='ocr_line' id='line_1_44' title="bbox 479 4402 2052 4475; baseline 0.002 -18"><span class='ocrx_word' id='word_1_370' title='bbox 479 4411 766 4458; x_wconf 85' lang='lat' dir='ltr'><strong>trementem</strong></span> <span class='ocrx_word' id='word_1_371' title='bbox 795 4404 940 4456; x_wconf 84' lang='lat' dir='ltr'><strong>verba</strong></span> <span class='ocrx_word' id='word_1_372' title='bbox 969 4420 1078 4456; x_wconf 86' lang='lat' dir='ltr'><strong>mea</strong></span> <span class='ocrx_word' id='word_1_373' title='bbox 1107 4402 1256 4473; x_wconf 86' lang='lat' dir='ltr'><strong>(Isai.</strong></span> <span class='ocrx_word' id='word_1_374' title='bbox 1281 4420 1420 4468; x_wconf 79' lang='grc' dir='ltr'>ωινι,</span> <span class='ocrx_word' id='word_1_375' title='bbox 1454 4405 1534 4475; x_wconf 70' lang='grc'><strong>2).</strong></span> <span class='ocrx_word' id='word_1_376' title='bbox 1563 4406 1680 4459; x_wconf 78' lang='lat' dir='ltr'><strong>Jam</strong></span> <span class='ocrx_word' id='word_1_377' title='bbox 1707 4415 1851 4474; x_wconf 75' lang='lat' dir='ltr'><strong>juste</strong></span> <span class='ocrx_word' id='word_1_378' title='bbox 1883 4409 2015 4461; x_wconf 81' lang='lat' dir='ltr'><strong>vivis</strong></span> <span class='ocrx_word' id='word_1_379' title='bbox 2035 4449 2052 4475; x_wconf 94' lang='lat'><strong>,</strong></span> 
     </span>
    </p>
   </div>
   <div class='ocr_carea' id='block_1_45' title="bbox 476 4495 2054 4572">
    <p class='ocr_par' dir='ltr' id='par_1_45' title="bbox 476 4495 2054 4572">
     <span class='ocr_line' id='line_1_45' title="bbox 476 4495 2054 4572; baseline 0.003 -24"><span class='ocrx_word' id='word_1_380' title='bbox 476 4495 586 4565; x_wconf 89' lang='lat' dir='ltr'><strong>jam</strong></span> <span class='ocrx_word' id='word_1_381' title='bbox 617 4497 702 4564; x_wconf 82' lang='lat' dir='ltr'><strong>pie</strong></span> <span class='ocrx_word' id='word_1_382' title='bbox 725 4496 858 4549; x_wconf 81' lang='lat' dir='ltr'><strong>vivis</strong></span> <span class='ocrx_word' id='word_1_383' title='bbox 881 4537 898 4572; x_wconf 52' lang='grc' dir='ltr'>ε</span> <span class='ocrx_word' id='word_1_384' title='bbox 928 4495 1115 4563; x_wconf 83' lang='lat' dir='ltr'><strong>pudice</strong></span> <span class='ocrx_word' id='word_1_385' title='bbox 1135 4535 1149 4561; x_wconf 93' lang='lat'><strong>,</strong></span> <span class='ocrx_word' id='word_1_386' title='bbox 1182 4506 1364 4550; x_wconf 89' lang='lat' dir='ltr'><strong>sancte</strong></span> <span class='ocrx_word' id='word_1_387' title='bbox 1389 4537 1403 4562; x_wconf 96' lang='lat'><strong>,</strong></span> <span class='ocrx_word' id='word_1_388' title='bbox 1435 4497 1676 4565; x_wconf 79' lang='lat' dir='ltr'><strong>virginali</strong></span> <span class='ocrx_word' id='word_1_389' title='bbox 1707 4499 1948 4552; x_wconf 78' lang='lat' dir='ltr'><strong>castitate</strong></span> <span class='ocrx_word' id='word_1_390' title='bbox 1975 4500 2054 4552; x_wconf 91' lang='lat' dir='ltr'><strong>vi-</strong></span> 
     </span>
    </p>
   </div>
   <div class='ocr_carea' id='block_1_46' title="bbox 479 4587 2055 4653">
    <p class='ocr_par' dir='ltr' id='par_1_46' title="bbox 479 4587 2055 4653">
     <span class='ocr_line' id='line_1_46' title="bbox 479 4587 2055 4653; baseline 0.003 -13"><span class='ocrx_word' id='word_1_391' title='bbox 479 4588 559 4640; x_wconf 89' lang='lat' dir='ltr'><strong>vis</strong></span> <span class='ocrx_word' id='word_1_392' title='bbox 589 4605 600 4640; x_wconf 94' lang='lat'>:</span> <span class='ocrx_word' id='word_1_393' title='bbox 629 4587 798 4640; x_wconf 85' lang='lat' dir='ltr'><strong>adhuc</strong></span> <span class='ocrx_word' id='word_1_394' title='bbox 831 4599 1003 4640; x_wconf 87' lang='lat' dir='ltr'><strong>tamen</strong></span> <span class='ocrx_word' id='word_1_395' title='bbox 1047 4588 1131 4642; x_wconf 92' lang='lat' dir='ltr'><strong>hic</strong></span> <span class='ocrx_word' id='word_1_396' title='bbox 1163 4589 1294 4642; x_wconf 91' lang='lat' dir='ltr'><strong>vivis</strong></span> <span class='ocrx_word' id='word_1_397' title='bbox 1319 4629 1334 4653; x_wconf 91' lang='lat'><strong>,</strong></span> <span class='ocrx_word' id='word_1_398' title='bbox 1378 4598 1432 4643; x_wconf 90' lang='lat' dir='ltr'><strong>et</strong></span> <span class='ocrx_word' id='word_1_399' title='bbox 1474 4605 1577 4642; x_wconf 91' lang='lat' dir='ltr'><strong>non</strong></span> <span class='ocrx_word' id='word_1_400' title='bbox 1627 4591 1921 4645; x_wconf 87' lang='lat' dir='ltr'><strong>humiliaris</strong></span> <span class='ocrx_word' id='word_1_401' title='bbox 1961 4607 2055 4645; x_wconf 83' lang='lat' dir='ltr'><strong>au-</strong></span> 
     </span>
    </p>
   </div>
   <div class='ocr_carea' id='block_1_47' title="bbox 479 4677 2055 4754">
    <p class='ocr_par' dir='ltr' id='par_1_47' title="bbox 479 4677 2055 4754">
     <span class='ocr_line' id='line_1_47' title="bbox 479 4677 2055 4754; baseline 0.003 -23"><span class='ocrx_word' id='word_1_402' title='bbox 479 4677 672 4731; x_wconf 86' lang='lat' dir='ltr'><strong>diendo</strong></span> <span class='ocrx_word' id='word_1_403' title='bbox 693 4719 706 4740; x_wconf 89' lang='lat'><strong>,</strong></span> <span class='ocrx_word' id='word_1_404' title='bbox 751 4677 1011 4747; x_wconf 73' lang='lat' dir='ltr'><strong>Numquid</strong></span> <span class='ocrx_word' id='word_1_405' title='bbox 1040 4696 1138 4731; x_wconf 90' lang='lat' dir='ltr'><strong>non</strong></span> <span class='ocrx_word' id='word_1_406' title='bbox 1171 4681 1377 4732; x_wconf 90' lang='lat' dir='ltr'><strong>tentatio</strong></span> <span class='ocrx_word' id='word_1_407' title='bbox 1407 4689 1479 4732; x_wconf 88' lang='lat' dir='ltr'><strong>est</strong></span> <span class='ocrx_word' id='word_1_408' title='bbox 1509 4681 1608 4732; x_wconf 82' lang='lat' dir='ltr'><strong>uita</strong></span> <span class='ocrx_word' id='word_1_409' title='bbox 1638 4680 1862 4735; x_wconf 86' lang='lat' dir='ltr'><strong>humana</strong></span> <span class='ocrx_word' id='word_1_410' title='bbox 1903 4699 2055 4754; x_wconf 86' lang='lat' dir='ltr'><strong>super</strong></span> 
     </span>
    </p>
   </div>
   <div class='ocr_carea' id='block_1_48' title="bbox 478 4767 2051 4839">
    <p class='ocr_par' dir='ltr' id='par_1_48' title="bbox 478 4767 2051 4839">
     <span class='ocr_line' id='line_1_48' title="bbox 478 4767 2051 4839; baseline 0.006 -19"><span class='ocrx_word' id='word_1_411' title='bbox 478 4776 660 4821; x_wconf 79' lang='lat' dir='ltr'><strong>terrain</strong></span> <span class='ocrx_word' id='word_1_412' title='bbox 693 4767 809 4839; x_wconf 83' lang='lat' dir='ltr'><strong>(Job</strong></span> <span class='ocrx_word' id='word_1_413' title='bbox 841 4785 932 4836; x_wconf 86' lang='lat' dir='ltr'><strong>vn,</strong></span> <span class='ocrx_word' id='word_1_414' title='bbox 966 4771 1018 4838; x_wconf 89' lang='grc'><strong>1)</strong></span> <span class='ocrx_word' id='word_1_415' title='bbox 1045 4770 1068 4824; x_wconf 82' lang='lat'><strong>?</strong></span> <span class='ocrx_word' id='word_1_416' title='bbox 1093 4768 1207 4823; x_wconf 81' lang='lat' dir='ltr'><strong>Non</strong></span> <span class='ocrx_word' id='word_1_417' title='bbox 1239 4781 1290 4824; x_wconf 88' lang='lat' dir='ltr'><strong>te</strong></span> <span class='ocrx_word' id='word_1_418' title='bbox 1318 4786 1346 4822; x_wconf 89' lang='lat' dir='ltr'><strong>a</strong></span> <span class='ocrx_word' id='word_1_419' title='bbox 1380 4771 1672 4838; x_wconf 74' lang='lat' dir='ltr'><strong>przelidenti</strong></span> <span class='ocrx_word' id='word_1_420' title='bbox 1705 4773 1939 4828; x_wconf 86' lang='lat' dir='ltr'><strong>elatione</strong></span> <span class='ocrx_word' id='word_1_421' title='bbox 1964 4789 2051 4829; x_wconf 89' lang='lat' dir='ltr'><strong>re-</strong></span> 
     </span>
    </p>
   </div>
   <div class='ocr_carea' id='block_1_49' title="bbox 477 4858 2055 4936">
    <p class='ocr_par' dir='ltr' id='par_1_49' title="bbox 477 4858 2055 4936">
     <span class='ocr_line' id='line_1_49' title="bbox 477 4858 2055 4936; baseline 0.005 -25"><span class='ocrx_word' id='word_1_422' title='bbox 477 4859 723 4922; x_wconf 87' lang='lat' dir='ltr'><strong>verberat</strong></span> <span class='ocrx_word' id='word_1_423' title='bbox 744 4901 758 4926; x_wconf 89' lang='lat'><strong>,</strong></span> <span class='ocrx_word' id='word_1_424' title='bbox 799 4858 887 4912; x_wconf 74' lang='grc' dir='ltr'><strong>γω</strong></span> <span class='ocrx_word' id='word_1_425' title='bbox 912 4860 1099 4914; x_wconf 85' lang='lat' dir='ltr'><strong>mundo</strong></span> <span class='ocrx_word' id='word_1_426' title='bbox 1127 4860 1189 4912; x_wconf 91' lang='lat' dir='ltr'><strong>ab</strong></span> <span class='ocrx_word' id='word_1_427' title='bbox 1214 4860 1470 4914; x_wconf 89' lang='lat' dir='ltr'><strong>scandalis</strong></span> <span class='ocrx_word' id='word_1_428' title='bbox 1504 4860 1718 4934; x_wconf 81' lang='lat' dir='ltr'><strong>(Matth.</strong></span> <span class='ocrx_word' id='word_1_429' title='bbox 1763 4881 1886 4918; x_wconf 79' lang='lat' dir='ltr'><strong>xvnt</strong></span> <span class='ocrx_word' id='word_1_430' title='bbox 1910 4904 1926 4930; x_wconf 90' lang='lat'><strong>,</strong></span> <span class='ocrx_word' id='word_1_431' title='bbox 1957 4865 2055 4936; x_wconf 82' lang='lat'><strong>7)?</strong></span> 
     </span>
    </p>
   </div>
   <div class='ocr_carea' id='block_1_50' title="bbox 478 4949 2054 5025">
    <p class='ocr_par' dir='ltr' id='par_1_50' title="bbox 478 4949 2054 5025">
     <span class='ocr_line' id='line_1_50' title="bbox 478 4949 2054 5025; baseline 0.004 -22"><span class='ocrx_word' id='word_1_432' title='bbox 478 4949 591 5003; x_wconf 86' lang='lat' dir='ltr'><strong>Non</strong></span> <span class='ocrx_word' id='word_1_433' title='bbox 620 4952 1008 5014; x_wconf 84' lang='lat' dir='ltr'><strong>contremiseis,</strong></span> <span class='ocrx_word' id='word_1_434' title='bbox 1040 4967 1104 5005; x_wconf 87' lang='lat' dir='ltr'><strong>ne</strong></span> <span class='ocrx_word' id='word_1_435' title='bbox 1130 4952 1400 5020; x_wconf 85' lang='lat' dir='ltr'><strong>deputeris</strong></span> <span class='ocrx_word' id='word_1_436' title='bbox 1427 4952 1478 5006; x_wconf 91' lang='lat' dir='ltr'><strong>in</strong></span> <span class='ocrx_word' id='word_1_437' title='bbox 1511 4954 1691 5008; x_wconf 89' lang='lat' dir='ltr'><strong>multis</strong></span> <span class='ocrx_word' id='word_1_438' title='bbox 1719 4971 1940 5025; x_wconf 84' lang='lat' dir='ltr'><strong>quorum</strong></span> <span class='ocrx_word' id='word_1_439' title='bbox 1967 4974 2054 5010; x_wconf 88' lang='lat' dir='ltr'><strong>re-</strong></span> 
     </span>
    </p>
   </div>
   <div class='ocr_carea' id='block_1_51' title="bbox 479 5040 2049 5117">
    <p class='ocr_par' dir='ltr' id='par_1_51' title="bbox 479 5040 2049 5117">
     <span class='ocr_line' id='line_1_51' title="bbox 479 5040 2049 5117; baseline 0.006 -25"><span class='ocrx_word' id='word_1_440' title='bbox 479 5040 696 5109; x_wconf 75' lang='lat' dir='ltr'><strong>frigescit</strong></span> <span class='ocrx_word' id='word_1_441' title='bbox 722 5043 962 5105; x_wconf 89' lang='lat' dir='ltr'><strong>charitas,</strong></span> <span class='ocrx_word' id='word_1_442' title='bbox 993 5041 1230 5109; x_wconf 88' lang='lat' dir='ltr'><strong>quoniam</strong></span> <span class='ocrx_word' id='word_1_443' title='bbox 1255 5041 1476 5094; x_wconf 84' lang='lat' dir='ltr'><strong>abundat</strong></span> <span class='ocrx_word' id='word_1_444' title='bbox 1506 5043 1744 5112; x_wconf 82' lang='lat' dir='ltr'><strong>iniquitas</strong></span> <span class='ocrx_word' id='word_1_445' title='bbox 1767 5043 1877 5117; x_wconf 84' lang='lat' dir='ltr'><strong>(Id.</strong></span> <span class='ocrx_word' id='word_1_446' title='bbox 1903 5063 2049 5112; x_wconf 75' lang='lat' dir='ltr'><strong>xxw,</strong></span> 
     </span>
    </p>
   </div>
   <div class='ocr_carea' id='block_1_52' title="bbox 480 5131 2056 5210">
    <p class='ocr_par' dir='ltr' id='par_1_52' title="bbox 480 5131 2056 5210">
     <span class='ocr_line' id='line_1_52' title="bbox 480 5131 2056 5210; baseline 0.005 -24"><span class='ocrx_word' id='word_1_447' title='bbox 480 5131 610 5203; x_wconf 74' lang='lat' dir='ltr'><strong>t2)?</strong></span> <span class='ocrx_word' id='word_1_448' title='bbox 638 5132 750 5186; x_wconf 77' lang='lat' dir='ltr'><strong>Non</strong></span> <span class='ocrx_word' id='word_1_449' title='bbox 775 5133 1004 5204; x_wconf 88' lang='lat' dir='ltr'><strong>percutis</strong></span> <span class='ocrx_word' id='word_1_450' title='bbox 1031 5140 1214 5202; x_wconf 89' lang='lat' dir='ltr'><strong>pectus</strong></span> <span class='ocrx_word' id='word_1_451' title='bbox 1243 5148 1362 5186; x_wconf 90' lang='lat' dir='ltr'><strong>cum</strong></span> <span class='ocrx_word' id='word_1_452' title='bbox 1387 5134 1559 5200; x_wconf 88' lang='lat' dir='ltr'><strong>audis,</strong></span> <span class='ocrx_word' id='word_1_453' title='bbox 1591 5135 1929 5207; x_wconf 79' lang='lat' dir='ltr'><strong>Quapropter,</strong></span> <span class='ocrx_word' id='word_1_454' title='bbox 1970 5142 2056 5210; x_wconf 87' lang='lat' dir='ltr'><strong>qui</strong></span> 
     </span>
    </p>
   </div>
   <div class='ocr_carea' id='block_1_53' title="bbox 476 5222 2054 5300">
    <p class='ocr_par' dir='ltr' id='par_1_53' title="bbox 476 5222 2054 5300">
     <span class='ocr_line' id='line_1_53' title="bbox 476 5222 2054 5300; baseline 0.008 -25"><span class='ocrx_word' id='word_1_455' title='bbox 476 5237 528 5276; x_wconf 82' lang='lat' dir='ltr'><strong>se</strong></span> <span class='ocrx_word' id='word_1_456' title='bbox 558 5232 696 5292; x_wconf 86' lang='lat' dir='ltr'><strong>putat</strong></span> <span class='ocrx_word' id='word_1_457' title='bbox 722 5233 874 5288; x_wconf 87' lang='lat' dir='ltr'><strong>stare,</strong></span> <span class='ocrx_word' id='word_1_458' title='bbox 907 5223 1071 5277; x_wconf 82' lang='lat' dir='ltr'><strong>videat</strong></span> <span class='ocrx_word' id='word_1_459' title='bbox 1100 5222 1121 5254; x_wconf 88' lang='grc'><em>³</em></span> <span class='ocrx_word' id='word_1_460' title='bbox 1149 5241 1210 5278; x_wconf 83' lang='lat' dir='ltr'><strong>tte</strong></span> <span class='ocrx_word' id='word_1_461' title='bbox 1233 5227 1380 5280; x_wconf 87' lang='lat' dir='ltr'><strong>cadat</strong></span> <span class='ocrx_word' id='word_1_462' title='bbox 1409 5226 1448 5299; x_wconf 89' lang='grc'><strong>(1</strong></span> <span class='ocrx_word' id='word_1_463' title='bbox 1485 5226 1602 5283; x_wconf 89' lang='lat' dir='ltr'><strong>Cor.</strong></span> <span class='ocrx_word' id='word_1_464' title='bbox 1638 5244 1672 5282; x_wconf 77' lang='grc' dir='ltr'>χ</span> <span class='ocrx_word' id='word_1_465' title='bbox 1696 5271 1710 5294; x_wconf 90' lang='grc'><strong>,</strong></span> <span class='ocrx_word' id='word_1_466' title='bbox 1753 5231 1886 5300; x_wconf 74' lang='lat' dir='ltr'><strong>l2)?</strong></span> <span class='ocrx_word' id='word_1_467' title='bbox 1912 5231 2054 5288; x_wconf 88' lang='lat' dir='ltr'><strong>Inter</strong></span> 
     </span>
    </p>
   </div>
   <div class='ocr_carea' id='block_1_54' title="bbox 476 5314 2050 5390">
    <p class='ocr_par' dir='ltr' id='par_1_54' title="bbox 476 5314 2050 5390">
     <span class='ocr_line' id='line_1_54' title="bbox 476 5314 2050 5390; baseline 0.011 -23"><span class='ocrx_word' id='word_1_468' title='bbox 476 5314 592 5370; x_wconf 69' lang='lat' dir='ltr'><strong>hare</strong></span> <span class='ocrx_word' id='word_1_469' title='bbox 614 5316 792 5371; x_wconf 87' lang='lat' dir='ltr'><strong>divina</strong></span> <span class='ocrx_word' id='word_1_470' title='bbox 821 5319 1015 5372; x_wconf 90' lang='lat' dir='ltr'><strong>monita</strong></span> <span class='ocrx_word' id='word_1_471' title='bbox 1047 5326 1100 5372; x_wconf 92' lang='lat' dir='ltr'><strong>et</strong></span> <span class='ocrx_word' id='word_1_472' title='bbox 1128 5319 1354 5374; x_wconf 85' lang='lat' dir='ltr'><strong>humana</strong></span> <span class='ocrx_word' id='word_1_473' title='bbox 1396 5321 1632 5390; x_wconf 87' lang='lat' dir='ltr'><strong>pericula</strong></span> <span class='ocrx_word' id='word_1_474' title='bbox 1655 5365 1676 5387; x_wconf 91' lang='lat'><strong>,_</strong></span> <span class='ocrx_word' id='word_1_475' title='bbox 1700 5325 1840 5380; x_wconf 86' lang='lat' dir='ltr'><strong>itane</strong></span> <span class='ocrx_word' id='word_1_476' title='bbox 1877 5326 2050 5384; x_wconf 83' lang='lat' dir='ltr'><strong>adhuc</strong></span> 
     </span>
    </p>
   </div>
   <div class='ocr_carea' id='block_1_55' title="bbox 476 5407 2049 5484">
    <p class='ocr_par' dir='ltr' id='par_1_55' title="bbox 476 5407 2049 5484">
     <span class='ocr_line' id='line_1_55' title="bbox 476 5407 2049 5484; baseline 0.01 -24"><span class='ocrx_word' id='word_1_477' title='bbox 476 5407 770 5475; x_wconf 82' lang='lat' dir='ltr'><strong>virginibus</strong></span> <span class='ocrx_word' id='word_1_478' title='bbox 818 5410 1017 5465; x_wconf 85' lang='lat' dir='ltr'><strong>sanctis</strong></span> <span class='ocrx_word' id='word_1_479' title='bbox 1069 5410 1424 5468; x_wconf 84' lang='lat' dir='ltr'><strong>humilitatem</strong></span> <span class='ocrx_word' id='word_1_480' title='bbox 1468 5417 1791 5484; x_wconf 82' lang='lat' dir='ltr'><strong>persuadere</strong></span> <span class='ocrx_word' id='word_1_481' title='bbox 1838 5421 2049 5475; x_wconf 80' lang='lat' dir='ltr'><strong>labem-</strong></span> 
     </span>
    </p>
   </div>
   <div class='ocr_carea' id='block_1_56' title="bbox 476 5498 632 5554">
    <p class='ocr_par' dir='ltr' id='par_1_56' title="bbox 476 5498 632 5554">
     <span class='ocr_line' id='line_1_56' title="bbox 476 5498 632 5554; baseline -0.032 0"><span class='ocrx_word' id='word_1_482' title='bbox 476 5498 632 5554; x_wconf 78' lang='lat' dir='ltr'><strong>mus?</strong></span> 
     </span>
    </p>
   </div>
   <div class='ocr_carea' id='block_1_57' title="bbox 539 5628 2056 5702">
    <p class='ocr_par' dir='ltr' id='par_1_57' title="bbox 539 5628 2056 5702">
     <span class='ocr_line' id='line_1_57' title="bbox 539 5628 2056 5702; baseline 0.017 -26"><span class='ocrx_word' id='word_1_483' title='bbox 539 5630 558 5662; x_wconf 78' lang='grc' dir='ltr'>ί</span> <span class='ocrx_word' id='word_1_484' title='bbox 577 5628 960 5702; x_wconf 62' lang='lat' dir='ltr'><strong>mitl,_protegar</strong></span> <span class='ocrx_word' id='word_1_485' title='bbox 993 5646 1025 5682; x_wconf 81' lang='grc' dir='ltr'><em>α</em></span> <span class='ocrx_word' id='word_1_486' title='bbox 1047 5637 1220 5702; x_wconf 77' lang='lat' dir='ltr'><strong>templo</strong></span> <span class='ocrx_word' id='word_1_487' title='bbox 1239 5639 1362 5702; x_wconf 83' lang='lat' dir='ltr'><strong>ejus.</strong></span> <span class='ocrx_word' id='word_1_488' title='bbox 1386 5649 1441 5693; x_wconf 80' lang='lat' dir='ltr'><strong>At</strong></span> <span class='ocrx_word' id='word_1_489' title='bbox 1463 5651 1567 5696; x_wconf 75' lang='lat' dir='ltr'><strong>Mss.</strong></span> <span class='ocrx_word' id='word_1_490' title='bbox 1600 5645 1678 5695; x_wconf 86' lang='lat' dir='ltr'><strong>hic</strong></span> <span class='ocrx_word' id='word_1_491' title='bbox 1697 5656 1748 5698; x_wconf 87' lang='lat' dir='ltr'><strong>et</strong></span> <span class='ocrx_word' id='word_1_492' title='bbox 1776 5649 1826 5696; x_wconf 86' lang='lat' dir='ltr'><strong>in</strong></span> <span class='ocrx_word' id='word_1_493' title='bbox 1860 5655 2056 5701; x_wconf 82' lang='lat' dir='ltr'><strong>Enarra-</strong></span> 
     </span>
    </p>
   </div>
   <div class='ocr_carea' id='block_1_58' title="bbox 477 5691 2053 5819">
    <p class='ocr_par' dir='ltr' id='par_1_58' title="bbox 477 5691 2053 5819">
     <span class='ocr_line' id='line_1_58' title="bbox 477 5691 2053 5819; baseline -0.018 -15"><span class='ocrx_word' id='word_1_494' title='bbox 917 5691 1151 5758; x_wconf 42' lang='lat' dir='ltr'><strong>lemplmn&#39;</strong></span> <span class='ocrx_word' id='word_1_495' title='bbox 1168 5691 1278 5764; x_wconf 51' lang='grc' dir='ltr'><strong>(Μ</strong></span> <span class='ocrx_word' id='word_1_496' title='bbox 1297 5716 1313 5753; x_wconf 73' lang='grc'><em>³</em></span> <span class='ocrx_word' id='word_1_497' title='bbox 1335 5713 1386 5755; x_wconf 71' lang='grc' dir='ltr'><strong>θι</strong></span> <span class='ocrx_word' id='word_1_498' title='bbox 1407 5691 2053 5776; x_wconf 51' lang='grc' dir='ltr'><strong>¹έ¹⁰⁰Ῑ1²¹ἶιὲἇᾶίῖιιῖτῆπῖθ</strong></span> 
     </span>
    </p>
   </div>
   <div class='ocr_carea' id='block_1_59' title="bbox 472 5811 1600 5892">
    <p class='ocr_par' dir='ltr' id='par_1_59' title="bbox 472 5811 1600 5892">
     <span class='ocr_line' id='line_1_59' title="bbox 472 5811 1600 5892; baseline 0.025 -36"><span class='ocrx_word' id='word_1_499' title='bbox 472 5846 484 5855; x_wconf 89' lang='grc'><em>.</em></span> <span class='ocrx_word' id='word_1_500' title='bbox 539 5811 719 5892; x_wconf 51' lang='lat' dir='ltr'><strong>tuitur,</strong></span> <span class='ocrx_word' id='word_1_501' title='bbox 743 5811 1106 5892; x_wconf 74' lang='lat' dir='ltr'><strong>non&quot;lmtruerat.</strong></span> <span class='ocrx_word' id='word_1_502' title='bbox 1123 5830 1423 5892; x_wconf 83' lang='lat' dir='ltr'><strong>Castigantur</strong></span> <span class='ocrx_word' id='word_1_503' title='bbox 1439 5842 1468 5880; x_wconf 85' lang='lat' dir='ltr'><strong>a</strong></span> <span class='ocrx_word' id='word_1_504' title='bbox 1492 5839 1600 5883; x_wconf 71' lang='lat' dir='ltr'><strong>Mss.</strong></span> 
     </span>
    </p>
   </div>
   <div class='ocr_carea' id='block_1_60' title="bbox 540 5878 982 5944">
    <p class='ocr_par' dir='ltr' id='par_1_60' title="bbox 540 5878 982 5944">
     <span class='ocr_line' id='line_1_60' title="bbox 540 5878 982 5944; baseline 0.011 -17"><span class='ocrx_word' id='word_1_505' title='bbox 540 5878 561 5911; x_wconf 86' lang='grc'><strong><em>⁸</em></strong></span> <span class='ocrx_word' id='word_1_506' title='bbox 583 5883 633 5927; x_wconf 84' lang='grc' dir='ltr'><strong>ιιι</strong></span> <span class='ocrx_word' id='word_1_507' title='bbox 656 5887 781 5944; x_wconf 74' lang='lat' dir='ltr'><strong>uss.,</strong></span> <span class='ocrx_word' id='word_1_508' title='bbox 803 5890 982 5935; x_wconf 76' lang='lat' dir='ltr'><strong>caveat.</strong></span> 
     </span>
    </p>
   </div>
   <div class='ocr_carea' id='block_1_61' title="bbox 1393 403 2783 511">
    <p class='ocr_par' dir='ltr' id='par_1_61' title="bbox 1393 403 2783 511">
     <span class='ocr_line' id='line_1_61' title="bbox 1393 403 2783 511; baseline -0.006 -5"><span class='ocrx_word' id='word_1_509' title='bbox 1393 450 1479 506; x_wconf 81' lang='lat' dir='ltr'><strong>ns</strong></span> <span class='ocrx_word' id='word_1_510' title='bbox 1517 447 1780 507; x_wconf 62' lang='lat' dir='ltr'><strong>severs</strong></span> <span class='ocrx_word' id='word_1_511' title='bbox 1818 403 2277 511; x_wconf 69' lang='lat' dir='ltr'><strong>motuum,</strong></span> <span class='ocrx_word' id='word_1_512' title='bbox 2318 443 2375 499; x_wconf 91' lang='lat' dir='ltr'><strong>s.</strong></span> <span class='ocrx_word' id='word_1_513' title='bbox 2419 443 2783 502; x_wconf 65' lang='lat' dir='ltr'><strong>sucusrnu</strong></span> 
     </span>
    </p>
   </div>
   <div class='ocr_carea' id='block_1_62' title="bbox 3613 435 3724 497">
    <p class='ocr_par' dir='ltr' id='par_1_62' title="bbox 3613 435 3724 497">
     <span class='ocr_line' id='line_1_62' title="bbox 3613 435 3724 497; baseline 0.009 -1"><span class='ocrx_word' id='word_1_514' title='bbox 3613 435 3724 497; x_wconf 57' lang='lat'><strong>£20</strong></span> 
     </span>
    </p>
   </div>
   <div class='ocr_carea' id='block_1_63' title="bbox 2220 553 3722 620">
    <p class='ocr_par' dir='ltr' id='par_1_63' title="bbox 2220 553 3722 620">
     <span class='ocr_line' id='line_1_63' title="bbox 2220 553 3722 620; baseline 0 -10"><span class='ocrx_word' id='word_1_515' title='bbox 2220 554 2443 611; x_wconf 79' lang='lat' dir='ltr'><strong>CAPUT</strong></span> <span class='ocrx_word' id='word_1_516' title='bbox 2484 555 2593 610; x_wconf 83' lang='lat' dir='ltr'><strong>XL.</strong></span> <span class='ocrx_word' id='word_1_517' title='bbox 2630 585 2702 596; x_wconf 89' lang='lat'><strong>--</strong></span> <span class='ocrx_word' id='word_1_518' title='bbox 2728 556 2818 610; x_wconf 75' lang='lat' dir='ltr'><strong>M.</strong></span> <span class='ocrx_word' id='word_1_519' title='bbox 2854 553 3015 609; x_wconf 76' lang='lat' dir='ltr'><strong>Iustis</strong></span> <span class='ocrx_word' id='word_1_520' title='bbox 3049 556 3318 610; x_wconf 86' lang='lat' dir='ltr'><strong>miscentur</strong></span> <span class='ocrx_word' id='word_1_521' title='bbox 3345 556 3511 609; x_wconf 86' lang='lat' dir='ltr'><strong>casuri</strong></span> <span class='ocrx_word' id='word_1_522' title='bbox 3534 598 3549 620; x_wconf 89' lang='lat'><strong>,</strong></span> <span class='ocrx_word' id='word_1_523' title='bbox 3579 567 3634 609; x_wconf 90' lang='lat' dir='ltr'><strong>ut</strong></span> <span class='ocrx_word' id='word_1_524' title='bbox 3661 573 3722 610; x_wconf 73' lang='lat' dir='ltr'><strong>ex</strong></span> 
     </span>
    </p>
   </div>
   <div class='ocr_carea' id='block_1_64' title="bbox 2149 646 3722 716">
    <p class='ocr_par' dir='ltr' id='par_1_64' title="bbox 2149 646 3722 716">
     <span class='ocr_line' id='line_1_64' title="bbox 2149 646 3722 716; baseline 0.001 -17"><span class='ocrx_word' id='word_1_525' title='bbox 2149 647 2326 700; x_wconf 88' lang='lat' dir='ltr'><strong>horum</strong></span> <span class='ocrx_word' id='word_1_526' title='bbox 2362 664 2480 701; x_wconf 88' lang='lat' dir='ltr'><strong>casu</strong></span> <span class='ocrx_word' id='word_1_527' title='bbox 2505 649 2653 701; x_wconf 88' lang='lat' dir='ltr'><strong>timor</strong></span> <span class='ocrx_word' id='word_1_528' title='bbox 2680 657 2940 716; x_wconf 88' lang='lat' dir='ltr'><strong>augeatur.</strong></span> <span class='ocrx_word' id='word_1_529' title='bbox 2970 646 3148 700; x_wconf 84' lang='lat' dir='ltr'><strong>Justus</strong></span> <span class='ocrx_word' id='word_1_530' title='bbox 3178 664 3277 700; x_wconf 92' lang='lat' dir='ltr'><strong>non</strong></span> <span class='ocrx_word' id='word_1_531' title='bbox 3309 657 3440 716; x_wconf 88' lang='lat' dir='ltr'><strong>putet</strong></span> <span class='ocrx_word' id='word_1_532' title='bbox 3469 649 3722 701; x_wconf 88' lang='lat' dir='ltr'><strong>modicum</strong></span> 
     </span>
    </p>
   </div>
   <div class='ocr_carea' id='block_1_65' title="bbox 2146 737 3720 809">
    <p class='ocr_par' dir='ltr' id='par_1_65' title="bbox 2146 737 3720 809">
     <span class='ocr_line' id='line_1_65' title="bbox 2146 737 3720 809; baseline 0.002 -17"><span class='ocrx_word' id='word_1_533' title='bbox 2146 739 2244 792; x_wconf 77' lang='lat' dir='ltr'><strong>sibi</strong></span> <span class='ocrx_word' id='word_1_534' title='bbox 2277 739 2570 804; x_wconf 83' lang='lat' dir='ltr'><strong>dimissum,</strong></span> <span class='ocrx_word' id='word_1_535' title='bbox 2613 750 2666 793; x_wconf 89' lang='lat' dir='ltr'><strong>ut</strong></span> <span class='ocrx_word' id='word_1_536' title='bbox 2693 740 2942 792; x_wconf 87' lang='lat' dir='ltr'><strong>modicum</strong></span> <span class='ocrx_word' id='word_1_537' title='bbox 2972 740 3167 809; x_wconf 84' lang='lat' dir='ltr'><strong>diligat.</strong></span> <span class='ocrx_word' id='word_1_538' title='bbox 3213 737 3486 794; x_wconf 83' lang='lat' dir='ltr'><strong>Dimissum</strong></span> <span class='ocrx_word' id='word_1_539' title='bbox 3516 741 3720 809; x_wconf 84' lang='lat' dir='ltr'><strong>deputet</strong></span> 
     </span>
    </p>
   </div>
   <div class='ocr_carea' id='block_1_66' title="bbox 2147 831 3724 902">
    <p class='ocr_par' dir='ltr' id='par_1_66' title="bbox 2147 831 3724 902">
     <span class='ocr_line' id='line_1_66' title="bbox 2147 831 3724 902; baseline 0.002 -19"><span class='ocrx_word' id='word_1_540' title='bbox 2147 832 2392 898; x_wconf 85' lang='lat' dir='ltr'><strong>quidquid</strong></span> <span class='ocrx_word' id='word_1_541' title='bbox 2415 831 2535 884; x_wconf 90' lang='lat' dir='ltr'><strong>mali</strong></span> <span class='ocrx_word' id='word_1_542' title='bbox 2563 850 2592 884; x_wconf 83' lang='grc' dir='ltr'><strong>α</strong></span> <span class='ocrx_word' id='word_1_543' title='bbox 2616 850 2668 886; x_wconf 85' lang='lat' dir='ltr'><strong>se</strong></span> <span class='ocrx_word' id='word_1_544' title='bbox 2692 849 2791 885; x_wconf 91' lang='lat' dir='ltr'><strong>non</strong></span> <span class='ocrx_word' id='word_1_545' title='bbox 2811 840 2882 884; x_wconf 90' lang='lat' dir='ltr'><strong>est</strong></span> <span class='ocrx_word' id='word_1_546' title='bbox 2901 832 3234 886; x_wconf 85' lang='lat' dir='ltr'><strong>commissum.</strong></span> <span class='ocrx_word' id='word_1_547' title='bbox 3257 832 3335 884; x_wconf 87' lang='lat' dir='ltr'><strong>An</strong></span> <span class='ocrx_word' id='word_1_548' title='bbox 3356 849 3482 885; x_wconf 91' lang='lat' dir='ltr'><strong>vero</strong></span> <span class='ocrx_word' id='word_1_549' title='bbox 3504 845 3724 902; x_wconf 89' lang='lat' dir='ltr'><strong>propter</strong></span> 
     </span>
    </p>
   </div>
   <div class='ocr_carea' id='block_1_67' title="bbox 2149 913 3725 994">
    <p class='ocr_par' dir='ltr' id='par_1_67' title="bbox 2149 913 3725 994">
     <span class='ocr_line' id='line_1_67' title="bbox 2149 913 3725 994; baseline 0.001 -17"><span class='ocrx_word' id='word_1_550' title='bbox 2149 923 2289 978; x_wconf 91' lang='lat' dir='ltr'><strong>aliud</strong></span> <span class='ocrx_word' id='word_1_551' title='bbox 2319 924 2641 978; x_wconf 87' lang='lat' dir='ltr'><strong>credendum</strong></span> <span class='ocrx_word' id='word_1_552' title='bbox 2667 931 2765 988; x_wconf 91' lang='lat' dir='ltr'><strong>est,</strong></span> <span class='ocrx_word' id='word_1_553' title='bbox 2793 925 3101 994; x_wconf 85' lang='lat' dir='ltr'><strong>permittere</strong></span> <span class='ocrx_word' id='word_1_554' title='bbox 3124 913 3288 977; x_wconf 87' lang='lat' dir='ltr'><strong>Deum</strong></span> <span class='ocrx_word' id='word_1_555' title='bbox 3315 933 3374 978; x_wconf 93' lang='lat' dir='ltr'><strong>ut</strong></span> <span class='ocrx_word' id='word_1_556' title='bbox 3399 925 3725 979; x_wconf 85' lang='lat' dir='ltr'><strong>misceantur</strong></span> 
     </span>
    </p>
   </div>
   <div class='ocr_carea' id='block_1_68' title="bbox 2149 1015 3725 1084">
    <p class='ocr_par' dir='ltr' id='par_1_68' title="bbox 2149 1015 3725 1084">
     <span class='ocr_line' id='line_1_68' title="bbox 2149 1015 3725 1084; baseline 0.001 -15"><span class='ocrx_word' id='word_1_557' title='bbox 2149 1030 2370 1069; x_wconf 88' lang='lat' dir='ltr'><strong>numero</strong></span> <span class='ocrx_word' id='word_1_558' title='bbox 2397 1015 2739 1084; x_wconf 82' lang='lat' dir='ltr'><strong>professionis</strong></span> <span class='ocrx_word' id='word_1_559' title='bbox 2776 1023 2965 1070; x_wconf 75' lang='lat' dir='ltr'><strong>vestra:</strong></span> <span class='ocrx_word' id='word_1_560' title='bbox 2996 1017 3142 1070; x_wconf 91' lang='lat' dir='ltr'><strong>multi</strong></span> <span class='ocrx_word' id='word_1_561' title='bbox 3173 1027 3226 1070; x_wconf 90' lang='lat' dir='ltr'><strong>et</strong></span> <span class='ocrx_word' id='word_1_562' title='bbox 3251 1017 3430 1071; x_wconf 68' lang='lat' dir='ltr'><strong>multm</strong></span> <span class='ocrx_word' id='word_1_563' title='bbox 3455 1019 3628 1072; x_wconf 88' lang='lat' dir='ltr'><strong>casuri</strong></span> <span class='ocrx_word' id='word_1_564' title='bbox 3669 1027 3725 1071; x_wconf 89' lang='lat' dir='ltr'><strong>et</strong></span> 
     </span>
    </p>
   </div>
   <div class='ocr_carea' id='block_1_69' title="bbox 2148 1105 3722 1176">
    <p class='ocr_par' dir='ltr' id='par_1_69' title="bbox 2148 1105 3722 1176">
     <span class='ocr_line' id='line_1_69' title="bbox 2148 1105 3722 1176; baseline 0 -16"><span class='ocrx_word' id='word_1_565' title='bbox 2148 1118 2370 1171; x_wconf 71' lang='lat' dir='ltr'><strong>Casurae,</strong></span> <span class='ocrx_word' id='word_1_566' title='bbox 2403 1105 2503 1158; x_wconf 84' lang='lat' dir='ltr'><strong>nisi</strong></span> <span class='ocrx_word' id='word_1_567' title='bbox 2533 1113 2590 1159; x_wconf 89' lang='lat' dir='ltr'><strong>ut</strong></span> <span class='ocrx_word' id='word_1_568' title='bbox 2619 1105 2700 1158; x_wconf 86' lang='lat' dir='ltr'><strong>his</strong></span> <span class='ocrx_word' id='word_1_569' title='bbox 2722 1105 3033 1160; x_wconf 83' lang='lat' dir='ltr'><strong>cadentibus</strong></span> <span class='ocrx_word' id='word_1_570' title='bbox 3055 1107 3212 1160; x_wconf 90' lang='lat' dir='ltr'><strong>timor</strong></span> <span class='ocrx_word' id='word_1_571' title='bbox 3239 1116 3415 1162; x_wconf 90' lang='lat' dir='ltr'><strong>vester</strong></span> <span class='ocrx_word' id='word_1_572' title='bbox 3443 1117 3722 1176; x_wconf 79' lang='lat' dir='ltr'><strong>augeatur,</strong></span> 
     </span>
    </p>
   </div>
   <div class='ocr_carea' id='block_1_70' title="bbox 2149 1196 3728 1266">
    <p class='ocr_par' dir='ltr' id='par_1_70' title="bbox 2149 1196 3728 1266">
     <span class='ocr_line' id='line_1_70' title="bbox 2149 1196 3728 1266; baseline 0.003 -18"><span class='ocrx_word' id='word_1_573' title='bbox 2149 1209 2254 1265; x_wconf 91' lang='lat' dir='ltr'><strong>quo</strong></span> <span class='ocrx_word' id='word_1_574' title='bbox 2293 1196 2537 1263; x_wconf 89' lang='lat' dir='ltr'><strong>superbia</strong></span> <span class='ocrx_word' id='word_1_575' title='bbox 2566 1197 2982 1266; x_wconf 88' lang='lat' dir='ltr'><strong>comprimatur;</strong></span> <span class='ocrx_word' id='word_1_576' title='bbox 3013 1212 3169 1265; x_wconf 89' lang='lat' dir='ltr'><strong>quam</strong></span> <span class='ocrx_word' id='word_1_577' title='bbox 3211 1197 3286 1251; x_wconf 92' lang='lat' dir='ltr'><strong>sic</strong></span> <span class='ocrx_word' id='word_1_578' title='bbox 3315 1199 3425 1252; x_wconf 85' lang='lat' dir='ltr'><strong>odit</strong></span> <span class='ocrx_word' id='word_1_579' title='bbox 3461 1197 3600 1252; x_wconf 89' lang='lat' dir='ltr'><strong>Deus</strong></span> <span class='ocrx_word' id='word_1_580' title='bbox 3620 1240 3634 1262; x_wconf 93' lang='lat'><strong>,</strong></span> <span class='ocrx_word' id='word_1_581' title='bbox 3667 1209 3728 1252; x_wconf 88' lang='lat' dir='ltr'><strong>ut</strong></span> 
     </span>
    </p>
   </div>
   <div class='ocr_carea' id='block_1_71' title="bbox 2149 1285 3727 1349">
    <p class='ocr_par' dir='ltr' id='par_1_71' title="bbox 2149 1285 3727 1349">
     <span class='ocr_line' id='line_1_71' title="bbox 2149 1285 3727 1349; baseline 0.003 -11"><span class='ocrx_word' id='word_1_582' title='bbox 2149 1294 2331 1339; x_wconf 88' lang='lat' dir='ltr'><strong>contra</strong></span> <span class='ocrx_word' id='word_1_583' title='bbox 2378 1288 2512 1339; x_wconf 88' lang='lat' dir='ltr'><strong>hanc</strong></span> <span class='ocrx_word' id='word_1_584' title='bbox 2552 1302 2706 1340; x_wconf 88' lang='lat' dir='ltr'><strong>unam</strong></span> <span class='ocrx_word' id='word_1_585' title='bbox 2736 1301 2793 1341; x_wconf 88' lang='lat' dir='ltr'><strong>se</strong></span> <span class='ocrx_word' id='word_1_586' title='bbox 2823 1295 3023 1340; x_wconf 88' lang='lat' dir='ltr'><strong>tantum</strong></span> <span class='ocrx_word' id='word_1_587' title='bbox 3055 1285 3354 1349; x_wconf 83' lang='lat' dir='ltr'><strong>humiliaret</strong></span> <span class='ocrx_word' id='word_1_588' title='bbox 3382 1289 3681 1343; x_wconf 87' lang='lat' dir='ltr'><strong>Altissimus</strong></span> <span class='ocrx_word' id='word_1_589' title='bbox 3701 1289 3727 1342; x_wconf 68' lang='grc' dir='ltr'><strong>’ἔ</strong></span> 
     </span>
    </p>
   </div>
   <div class='ocr_carea' id='block_1_72' title="bbox 2149 1376 3729 1451">
    <p class='ocr_par' dir='ltr' id='par_1_72' title="bbox 2149 1376 3729 1451">
     <span class='ocr_line' id='line_1_72' title="bbox 2149 1376 3729 1451; baseline 0.003 -20"><span class='ocrx_word' id='word_1_590' title='bbox 2149 1376 2257 1431; x_wconf 85' lang='lat' dir='ltr'><strong>Nisi</strong></span> <span class='ocrx_word' id='word_1_591' title='bbox 2287 1377 2421 1431; x_wconf 79' lang='lat' dir='ltr'><strong>forte</strong></span> <span class='ocrx_word' id='word_1_592' title='bbox 2452 1393 2635 1433; x_wconf 90' lang='lat' dir='ltr'><strong>revera</strong></span> <span class='ocrx_word' id='word_1_593' title='bbox 2668 1378 2787 1432; x_wconf 87' lang='lat' dir='ltr'><strong>ideo</strong></span> <span class='ocrx_word' id='word_1_594' title='bbox 2815 1380 2987 1432; x_wconf 90' lang='lat' dir='ltr'><strong>minus</strong></span> <span class='ocrx_word' id='word_1_595' title='bbox 3018 1379 3249 1444; x_wconf 83' lang='lat' dir='ltr'><strong>timebis,</strong></span> <span class='ocrx_word' id='word_1_596' title='bbox 3278 1381 3547 1451; x_wconf 83' lang='lat' dir='ltr'><strong>magisque</strong></span> <span class='ocrx_word' id='word_1_597' title='bbox 3573 1381 3729 1436; x_wconf 85' lang='lat' dir='ltr'><strong>inﬂa-</strong></span> 
     </span>
    </p>
   </div>
   <div class='ocr_carea' id='block_1_73' title="bbox 2149 1467 3722 1540">
    <p class='ocr_par' dir='ltr' id='par_1_73' title="bbox 2149 1467 3722 1540">
     <span class='ocr_line' id='line_1_73' title="bbox 2149 1467 3722 1540; baseline 0.003 -18"><span class='ocrx_word' id='word_1_598' title='bbox 2149 1467 2312 1532; x_wconf 88' lang='lat' dir='ltr'><strong>beris,</strong></span> <span class='ocrx_word' id='word_1_599' title='bbox 2347 1478 2401 1522; x_wconf 88' lang='lat' dir='ltr'><strong>ut</strong></span> <span class='ocrx_word' id='word_1_600' title='bbox 2430 1470 2694 1524; x_wconf 88' lang='lat' dir='ltr'><strong>modicum</strong></span> <span class='ocrx_word' id='word_1_601' title='bbox 2721 1469 2910 1538; x_wconf 86' lang='lat' dir='ltr'><strong>diligas</strong></span> <span class='ocrx_word' id='word_1_602' title='bbox 2936 1487 3055 1524; x_wconf 88' lang='lat' dir='ltr'><strong>eum</strong></span> <span class='ocrx_word' id='word_1_603' title='bbox 3085 1473 3172 1540; x_wconf 89' lang='lat' dir='ltr'><strong>qui</strong></span> <span class='ocrx_word' id='word_1_604' title='bbox 3201 1479 3249 1526; x_wconf 84' lang='lat' dir='ltr'><strong>t’e</strong></span> <span class='ocrx_word' id='word_1_605' title='bbox 3282 1483 3482 1526; x_wconf 87' lang='lat' dir='ltr'><strong>tantum</strong></span> <span class='ocrx_word' id='word_1_606' title='bbox 3513 1474 3722 1538; x_wconf 77' lang='lat' dir='ltr'><strong>dilexit,</strong></span> 
     </span>
    </p>
   </div>
   <div class='ocr_carea' id='block_1_74' title="bbox 2151 1563 3725 1636">
    <p class='ocr_par' dir='ltr' id='par_1_74' title="bbox 2151 1563 3725 1636">
     <span class='ocr_line' id='line_1_74' title="bbox 2151 1563 3725 1636; baseline 0.003 -21"><span class='ocrx_word' id='word_1_607' title='bbox 2151 1571 2208 1615; x_wconf 90' lang='lat' dir='ltr'><strong>ut</strong></span> <span class='ocrx_word' id='word_1_608' title='bbox 2236 1563 2462 1617; x_wconf 87' lang='lat' dir='ltr'><strong>traderet</strong></span> <span class='ocrx_word' id='word_1_609' title='bbox 2489 1566 2831 1633; x_wconf 86' lang='lat' dir='ltr'><strong>semetipsum</strong></span> <span class='ocrx_word' id='word_1_610' title='bbox 2878 1581 2974 1634; x_wconf 89' lang='lat' dir='ltr'><strong>pro</strong></span> <span class='ocrx_word' id='word_1_611' title='bbox 3002 1573 3051 1618; x_wconf 88' lang='lat' dir='ltr'><strong>te</strong></span> <span class='ocrx_word' id='word_1_612' title='bbox 3092 1563 3287 1632; x_wconf 83' lang='lat' dir='ltr'><strong>(Galat.</strong></span> <span class='ocrx_word' id='word_1_613' title='bbox 3331 1582 3364 1618; x_wconf 89' lang='grc' dir='ltr'><strong>ιι</strong></span> <span class='ocrx_word' id='word_1_614' title='bbox 3391 1608 3406 1627; x_wconf 97' lang='grc'><strong>,</strong></span> <span class='ocrx_word' id='word_1_615' title='bbox 3441 1567 3531 1636; x_wconf 75' lang='lat'><strong>20)</strong></span> <span class='ocrx_word' id='word_1_616' title='bbox 3559 1608 3571 1628; x_wconf 91' lang='lat'><strong>,</strong></span> <span class='ocrx_word' id='word_1_617' title='bbox 3599 1568 3725 1635; x_wconf 86' lang='lat' dir='ltr'><strong>quia</strong></span> 
     </span>
    </p>
   </div>
   <div class='ocr_carea' id='block_1_75' title="bbox 2151 1653 3730 1724">
    <p class='ocr_par' dir='ltr' id='par_1_75' title="bbox 2151 1653 3730 1724">
     <span class='ocr_line' id='line_1_75' title="bbox 2151 1653 3730 1724; baseline 0.003 -20"><span class='ocrx_word' id='word_1_618' title='bbox 2151 1653 2412 1706; x_wconf 89' lang='lat' dir='ltr'><strong>modicum</strong></span> <span class='ocrx_word' id='word_1_619' title='bbox 2441 1655 2533 1707; x_wconf 88' lang='lat' dir='ltr'><strong>tibi</strong></span> <span class='ocrx_word' id='word_1_620' title='bbox 2561 1655 2775 1719; x_wconf 90' lang='lat' dir='ltr'><strong>dimisit,</strong></span> <span class='ocrx_word' id='word_1_621' title='bbox 2808 1656 3004 1708; x_wconf 77' lang='lat' dir='ltr'><strong>viventi</strong></span> <span class='ocrx_word' id='word_1_622' title='bbox 3025 1655 3270 1709; x_wconf 81' lang='lat' dir='ltr'><strong>videlicet</strong></span> <span class='ocrx_word' id='word_1_623' title='bbox 3297 1673 3323 1707; x_wconf 89' lang='lat' dir='ltr'><strong>a</strong></span> <span class='ocrx_word' id='word_1_624' title='bbox 3347 1657 3571 1724; x_wconf 86' lang='lat' dir='ltr'><strong>pueritia</strong></span> <span class='ocrx_word' id='word_1_625' title='bbox 3601 1657 3730 1710; x_wconf 87' lang='lat' dir='ltr'><strong>reli-</strong></span> 
     </span>
    </p>
   </div>
   <div class='ocr_carea' id='block_1_76' title="bbox 2148 1743 3724 1816">
    <p class='ocr_par' dir='ltr' id='par_1_76' title="bbox 2148 1743 3724 1816">
     <span class='ocr_line' id='line_1_76' title="bbox 2148 1743 3724 1816; baseline 0.006 -24"><span class='ocrx_word' id='word_1_626' title='bbox 2148 1743 2336 1810; x_wconf 85' lang='lat' dir='ltr'><strong>giose,</strong></span> <span class='ocrx_word' id='word_1_627' title='bbox 2389 1743 2596 1810; x_wconf 90' lang='lat' dir='ltr'><strong>pudice,</strong></span> <span class='ocrx_word' id='word_1_628' title='bbox 2646 1745 2726 1812; x_wconf 89' lang='lat' dir='ltr'><strong>pia</strong></span> <span class='ocrx_word' id='word_1_629' title='bbox 2775 1746 3020 1799; x_wconf 84' lang='lat' dir='ltr'><strong>castitate</strong></span> <span class='ocrx_word' id='word_1_630' title='bbox 3051 1746 3104 1809; x_wconf 88' lang='grc'>¹,</span> <span class='ocrx_word' id='word_1_631' title='bbox 3151 1745 3350 1799; x_wconf 88' lang='lat' dir='ltr'><strong>illibata</strong></span> <span class='ocrx_word' id='word_1_632' title='bbox 3401 1746 3724 1816; x_wconf 77' lang='lat' dir='ltr'><strong>virginitate.</strong></span> 
     </span>
    </p>
   </div>
   <div class='ocr_carea' id='block_1_77' title="bbox 2148 1833 3728 1908">
    <p class='ocr_par' dir='ltr' id='par_1_77' title="bbox 2148 1833 3728 1908">
     <span class='ocr_line' id='line_1_77' title="bbox 2148 1833 3728 1908; baseline 0.004 -22"><span class='ocrx_word' id='word_1_633' title='bbox 2148 1833 2307 1898; x_wconf 85' lang='lat' dir='ltr'><strong>Quasi</strong></span> <span class='ocrx_word' id='word_1_634' title='bbox 2351 1848 2478 1888; x_wconf 88' lang='lat' dir='ltr'><strong>vero</strong></span> <span class='ocrx_word' id='word_1_635' title='bbox 2518 1849 2620 1888; x_wconf 92' lang='lat' dir='ltr'><strong>non</strong></span> <span class='ocrx_word' id='word_1_636' title='bbox 2666 1845 2720 1888; x_wconf 88' lang='lat' dir='ltr'><strong>tu</strong></span> <span class='ocrx_word' id='word_1_637' title='bbox 2761 1837 2926 1889; x_wconf 92' lang='lat' dir='ltr'><strong>multo</strong></span> <span class='ocrx_word' id='word_1_638' title='bbox 2963 1837 3234 1890; x_wconf 90' lang='lat' dir='ltr'><strong>ardentius</strong></span> <span class='ocrx_word' id='word_1_639' title='bbox 3277 1837 3497 1908; x_wconf 77' lang='lat' dir='ltr'><strong>diligere</strong></span> <span class='ocrx_word' id='word_1_640' title='bbox 3527 1839 3728 1893; x_wconf 89' lang='lat' dir='ltr'><strong>debeas</strong></span> 
     </span>
    </p>
   </div>
   <div class='ocr_carea' id='block_1_78' title="bbox 2149 1923 3728 1998">
    <p class='ocr_par' dir='ltr' id='par_1_78' title="bbox 2149 1923 3728 1998">
     <span class='ocr_line' id='line_1_78' title="bbox 2149 1923 3728 1998; baseline 0.003 -21"><span class='ocrx_word' id='word_1_641' title='bbox 2149 1939 2302 1989; x_wconf 82' lang='lat' dir='ltr'><strong>eum,</strong></span> <span class='ocrx_word' id='word_1_642' title='bbox 2334 1925 2421 1994; x_wconf 85' lang='lat' dir='ltr'><strong>qui</strong></span> <span class='ocrx_word' id='word_1_643' title='bbox 2450 1923 2722 1994; x_wconf 85' lang='lat' dir='ltr'><strong>ﬂagitiosis</strong></span> <span class='ocrx_word' id='word_1_644' title='bbox 2751 1925 2816 1980; x_wconf 91' lang='lat' dir='ltr'><strong>ad</strong></span> <span class='ocrx_word' id='word_1_645' title='bbox 2861 1942 2919 1981; x_wconf 88' lang='lat' dir='ltr'><strong>se</strong></span> <span class='ocrx_word' id='word_1_646' title='bbox 2948 1928 3221 1982; x_wconf 85' lang='lat' dir='ltr'><strong>cenversis</strong></span> <span class='ocrx_word' id='word_1_647' title='bbox 3259 1943 3602 1998; x_wconf 65' lang='lat' dir='ltr'><strong>quaecumque</strong></span> <span class='ocrx_word' id='word_1_648' title='bbox 3641 1928 3728 1982; x_wconf 89' lang='lat' dir='ltr'><strong>di-</strong></span> 
     </span>
    </p>
   </div>
   <div class='ocr_carea' id='block_1_79' title="bbox 2150 2015 3728 2088">
    <p class='ocr_par' dir='ltr' id='par_1_79' title="bbox 2150 2015 3728 2088">
     <span class='ocr_line' id='line_1_79' title="bbox 2150 2015 3728 2088; baseline 0.004 -21"><span class='ocrx_word' id='word_1_649' title='bbox 2150 2015 2330 2080; x_wconf 89' lang='lat' dir='ltr'><strong>misit,</strong></span> <span class='ocrx_word' id='word_1_650' title='bbox 2373 2017 2422 2068; x_wconf 92' lang='lat' dir='ltr'><strong>in</strong></span> <span class='ocrx_word' id='word_1_651' title='bbox 2467 2032 2526 2069; x_wconf 90' lang='lat' dir='ltr'><strong>ea</strong></span> <span class='ocrx_word' id='word_1_652' title='bbox 2561 2025 2610 2070; x_wconf 90' lang='lat' dir='ltr'><strong>te</strong></span> <span class='ocrx_word' id='word_1_653' title='bbox 2635 2017 2826 2072; x_wconf 85' lang='lat' dir='ltr'><strong>cadere</strong></span> <span class='ocrx_word' id='word_1_654' title='bbox 2857 2033 2960 2072; x_wconf 91' lang='lat' dir='ltr'><strong>non</strong></span> <span class='ocrx_word' id='word_1_655' title='bbox 3003 2020 3279 2088; x_wconf 78' lang='lat' dir='ltr'><strong>permisit?</strong></span> <span class='ocrx_word' id='word_1_656' title='bbox 3318 2021 3424 2073; x_wconf 82' lang='lat' dir='ltr'><strong>Aut</strong></span> <span class='ocrx_word' id='word_1_657' title='bbox 3464 2034 3589 2074; x_wconf 89' lang='lat' dir='ltr'><strong>vero</strong></span> <span class='ocrx_word' id='word_1_658' title='bbox 3636 2020 3728 2074; x_wconf 89' lang='lat' dir='ltr'><strong>ille</strong></span> 
     </span>
    </p>
   </div>
   <div class='ocr_carea' id='block_1_80' title="bbox 2151 2107 3730 2180">
    <p class='ocr_par' dir='ltr' id='par_1_80' title="bbox 2151 2107 3730 2180">
     <span class='ocr_line' id='line_1_80' title="bbox 2151 2107 3730 2180; baseline 0.005 -22"><span class='ocrx_word' id='word_1_659' title='bbox 2151 2107 2478 2176; x_wconf 68' lang='lat' dir='ltr'><strong>pharisaeus,</strong></span> <span class='ocrx_word' id='word_1_660' title='bbox 2511 2110 2602 2178; x_wconf 84' lang='lat' dir='ltr'><strong>qui</strong></span> <span class='ocrx_word' id='word_1_661' title='bbox 2643 2120 2918 2180; x_wconf 87' lang='lat' dir='ltr'><strong>propterea</strong></span> <span class='ocrx_word' id='word_1_662' title='bbox 2967 2113 3230 2166; x_wconf 82' lang='lat' dir='ltr'><strong>modicum</strong></span> <span class='ocrx_word' id='word_1_663' title='bbox 3272 2111 3561 2180; x_wconf 82' lang='lat' dir='ltr'><strong>diligebat,</strong></span> <span class='ocrx_word' id='word_1_664' title='bbox 3603 2112 3730 2180; x_wconf 89' lang='lat' dir='ltr'><strong>quia</strong></span> 
     </span>
    </p>
   </div>
   <div class='ocr_carea' id='block_1_81' title="bbox 2151 2197 3724 2272">
    <p class='ocr_par' dir='ltr' id='par_1_81' title="bbox 2151 2197 3724 2272">
     <span class='ocr_line' id='line_1_81' title="bbox 2151 2197 3724 2272; baseline 0.003 -22"><span class='ocrx_word' id='word_1_665' title='bbox 2151 2197 2416 2251; x_wconf 88' lang='lat' dir='ltr'><strong>modicum</strong></span> <span class='ocrx_word' id='word_1_666' title='bbox 2457 2198 2554 2251; x_wconf 90' lang='lat' dir='ltr'><strong>sibi</strong></span> <span class='ocrx_word' id='word_1_667' title='bbox 2583 2199 2776 2253; x_wconf 89' lang='lat' dir='ltr'><strong>dimitti</strong></span> <span class='ocrx_word' id='word_1_668' title='bbox 2806 2202 3140 2254; x_wconf 83' lang='lat' dir='ltr'><strong>existimabat</strong></span> <span class='ocrx_word' id='word_1_669' title='bbox 3183 2199 3329 2272; x_wconf 90' lang='lat' dir='ltr'><strong>(Luc.</strong></span> <span class='ocrx_word' id='word_1_670' title='bbox 3359 2215 3428 2254; x_wconf 87' lang='lat' dir='ltr'><strong>vn</strong></span> <span class='ocrx_word' id='word_1_671' title='bbox 3453 2244 3466 2264; x_wconf 88' lang='lat'><strong>,</strong></span> <span class='ocrx_word' id='word_1_672' title='bbox 3495 2200 3683 2272; x_wconf 64' lang='lat'><strong>56-47)</strong></span> <span class='ocrx_word' id='word_1_673' title='bbox 3707 2243 3724 2266; x_wconf 88' lang='lat'><strong>,</strong></span> 
     </span>
    </p>
   </div>
   <div class='ocr_carea' id='block_1_82' title="bbox 2151 2289 3734 2364">
    <p class='ocr_par' dir='ltr' id='par_1_82' title="bbox 2151 2289 3734 2364">
     <span class='ocr_line' id='line_1_82' title="bbox 2151 2289 3734 2364; baseline 0.004 -21"><span class='ocrx_word' id='word_1_674' title='bbox 2151 2289 2220 2343; x_wconf 91' lang='lat' dir='ltr'><strong>ob</strong></span> <span class='ocrx_word' id='word_1_675' title='bbox 2245 2289 2386 2342; x_wconf 84' lang='lat' dir='ltr'><strong>aliud</strong></span> <span class='ocrx_word' id='word_1_676' title='bbox 2416 2289 2514 2343; x_wconf 94' lang='lat' dir='ltr'><strong>hoc</strong></span> <span class='ocrx_word' id='word_1_677' title='bbox 2541 2306 2722 2346; x_wconf 90' lang='lat' dir='ltr'><strong>errore</strong></span> <span class='ocrx_word' id='word_1_678' title='bbox 2747 2294 3064 2359; x_wconf 70' lang='lat' dir='ltr'><strong>ert-cabatur,</strong></span> <span class='ocrx_word' id='word_1_679' title='bbox 3095 2293 3193 2346; x_wconf 90' lang='lat' dir='ltr'><strong>nisi</strong></span> <span class='ocrx_word' id='word_1_680' title='bbox 3215 2295 3337 2363; x_wconf 88' lang='lat' dir='ltr'><strong>quia</strong></span> <span class='ocrx_word' id='word_1_681' title='bbox 3365 2295 3610 2364; x_wconf 84' lang='lat' dir='ltr'><strong>ignorans</strong></span> <span class='ocrx_word' id='word_1_682' title='bbox 3633 2293 3734 2349; x_wconf 84' lang='lat' dir='ltr'><strong>Dei</strong></span> 
     </span>
    </p>
   </div>
   <div class='ocr_carea' id='block_1_83' title="bbox 2146 2371 3734 2455">
    <p class='ocr_par' dir='ltr' id='par_1_83' title="bbox 2146 2371 3734 2455">
     <span class='ocr_line' id='line_1_83' title="bbox 2146 2371 3734 2455; baseline 0.006 -24"><span class='ocrx_word' id='word_1_683' title='bbox 2146 2377 2428 2447; x_wconf 87' lang='lat' dir='ltr'><strong>justitiam,</strong></span> <span class='ocrx_word' id='word_1_684' title='bbox 2456 2389 2510 2434; x_wconf 90' lang='lat' dir='ltr'><strong>et</strong></span> <span class='ocrx_word' id='word_1_685' title='bbox 2537 2397 2688 2436; x_wconf 88' lang='lat' dir='ltr'><strong>suam</strong></span> <span class='ocrx_word' id='word_1_686' title='bbox 2716 2399 2961 2453; x_wconf 84' lang='lat' dir='ltr'><strong>quaerens</strong></span> <span class='ocrx_word' id='word_1_687' title='bbox 2997 2386 3318 2440; x_wconf 87' lang='lat' dir='ltr'><strong>constituere</strong></span> <span class='ocrx_word' id='word_1_688' title='bbox 3338 2429 3351 2451; x_wconf 89' lang='lat'><strong>,</strong></span> <span class='ocrx_word' id='word_1_689' title='bbox 3376 2386 3594 2455; x_wconf 73' lang='lat' dir='ltr'><strong>justitiu:</strong></span> <span class='ocrx_word' id='word_1_690' title='bbox 3624 2371 3734 2442; x_wconf 78' lang='lat' dir='ltr'><strong>Dei</strong></span> 
     </span>
    </p>
   </div>
   <div class='ocr_carea' id='block_1_84' title="bbox 2151 2470 3731 2547">
    <p class='ocr_par' dir='ltr' id='par_1_84' title="bbox 2151 2470 3731 2547">
     <span class='ocr_line' id='line_1_84' title="bbox 2151 2470 3731 2547; baseline 0.006 -25"><span class='ocrx_word' id='word_1_691' title='bbox 2151 2470 2421 2539; x_wconf 87' lang='lat' dir='ltr'><strong>subjectus</strong></span> <span class='ocrx_word' id='word_1_692' title='bbox 2452 2488 2554 2526; x_wconf 91' lang='lat' dir='ltr'><strong>non</strong></span> <span class='ocrx_word' id='word_1_693' title='bbox 2587 2485 2698 2528; x_wconf 86' lang='lat' dir='ltr'><strong>erat</strong></span> <span class='ocrx_word' id='word_1_694' title='bbox 2726 2475 2898 2546; x_wconf 84' lang='lat' dir='ltr'><strong>(Rom.</strong></span> <span class='ocrx_word' id='word_1_695' title='bbox 2944 2489 2978 2530; x_wconf 71' lang='grc' dir='ltr'><strong>ι</strong></span> <span class='ocrx_word' id='word_1_696' title='bbox 3005 2517 3019 2541; x_wconf 96' lang='grc'><strong>,</strong></span> <span class='ocrx_word' id='word_1_697' title='bbox 3064 2475 3168 2545; x_wconf 76' lang='lat'><strong>5)?</strong></span> <span class='ocrx_word' id='word_1_698' title='bbox 3207 2477 3314 2531; x_wconf 83' lang='lat' dir='ltr'><strong>Vos</strong></span> <span class='ocrx_word' id='word_1_699' title='bbox 3344 2483 3519 2532; x_wconf 81' lang='lat' dir='ltr'><strong>autem</strong></span> <span class='ocrx_word' id='word_1_700' title='bbox 3561 2477 3731 2547; x_wconf 78' lang='lat' dir='ltr'><strong>genus</strong></span> 
     </span>
    </p>
   </div>
   <div class='ocr_carea' id='block_1_85' title="bbox 2151 2562 3734 2640">
    <p class='ocr_par' dir='ltr' id='par_1_85' title="bbox 2151 2562 3734 2640">
     <span class='ocr_line' id='line_1_85' title="bbox 2151 2562 3734 2640; baseline 0.006 -25"><span class='ocrx_word' id='word_1_701' title='bbox 2151 2562 2402 2626; x_wconf 84' lang='lat' dir='ltr'><strong>electum,</strong></span> <span class='ocrx_word' id='word_1_702' title='bbox 2431 2573 2483 2618; x_wconf 90' lang='lat' dir='ltr'><strong>et</strong></span> <span class='ocrx_word' id='word_1_703' title='bbox 2513 2567 2566 2620; x_wconf 87' lang='lat' dir='ltr'><strong>in</strong></span> <span class='ocrx_word' id='word_1_704' title='bbox 2589 2567 2774 2623; x_wconf 89' lang='lat' dir='ltr'><strong>electis</strong></span> <span class='ocrx_word' id='word_1_705' title='bbox 2799 2570 3038 2632; x_wconf 87' lang='lat' dir='ltr'><strong>electius,</strong></span> <span class='ocrx_word' id='word_1_706' title='bbox 3069 2570 3285 2638; x_wconf 85' lang='lat' dir='ltr'><strong>virginei</strong></span> <span class='ocrx_word' id='word_1_707' title='bbox 3313 2571 3464 2624; x_wconf 89' lang='lat' dir='ltr'><strong>chori</strong></span> <span class='ocrx_word' id='word_1_708' title='bbox 3502 2587 3734 2640; x_wconf 87' lang='lat' dir='ltr'><strong>sequen-</strong></span> 
     </span>
    </p>
   </div>
   <div class='ocr_carea' id='block_1_86' title="bbox 2153 2655 3734 2735">
    <p class='ocr_par' dir='ltr' id='par_1_86' title="bbox 2153 2655 3734 2735">
     <span class='ocr_line' id='line_1_86' title="bbox 2153 2655 3734 2735; baseline 0.007 -28"><span class='ocrx_word' id='word_1_709' title='bbox 2153 2662 2233 2708; x_wconf 89' lang='lat' dir='ltr'><strong>tes</strong></span> <span class='ocrx_word' id='word_1_710' title='bbox 2260 2655 2488 2725; x_wconf 74' lang='lat' dir='ltr'><strong>Agnum,</strong></span> <span class='ocrx_word' id='word_1_711' title='bbox 2518 2660 2674 2713; x_wconf 90' lang='lat' dir='ltr'><strong>etiam</strong></span> <span class='ocrx_word' id='word_1_712' title='bbox 2701 2674 2795 2713; x_wconf 91' lang='lat' dir='ltr'><strong>vos</strong></span> <span class='ocrx_word' id='word_1_713' title='bbox 2817 2663 2978 2731; x_wconf 86' lang='lat' dir='ltr'><strong>gratia</strong></span> <span class='ocrx_word' id='word_1_714' title='bbox 3000 2663 3127 2715; x_wconf 83' lang='lat' dir='ltr'><strong>salvi</strong></span> <span class='ocrx_word' id='word_1_715' title='bbox 3145 2663 3268 2730; x_wconf 81' lang='lat' dir='ltr'><strong>[acti</strong></span> <span class='ocrx_word' id='word_1_716' title='bbox 3285 2665 3404 2717; x_wconf 83' lang='lat' dir='ltr'><strong>estis</strong></span> <span class='ocrx_word' id='word_1_717' title='bbox 3423 2681 3511 2735; x_wconf 89' lang='lat' dir='ltr'><strong>per</strong></span> <span class='ocrx_word' id='word_1_718' title='bbox 3530 2665 3684 2734; x_wconf 81' lang='lat' dir='ltr'><strong>ﬁdem</strong></span> <span class='ocrx_word' id='word_1_719' title='bbox 3711 2682 3734 2720; x_wconf 93' lang='lat'><strong><em>:</em></strong></span> 
     </span>
    </p>
   </div>
   <div class='ocr_carea' id='block_1_87' title="bbox 2152 2749 3731 2828">
    <p class='ocr_par' dir='ltr' id='par_1_87' title="bbox 2152 2749 3731 2828">
     <span class='ocr_line' id='line_1_87' title="bbox 2152 2749 3731 2828; baseline 0.004 -24"><span class='ocrx_word' id='word_1_720' title='bbox 2152 2758 2200 2804; x_wconf 86' lang='lat' dir='ltr'><strong>et</strong></span> <span class='ocrx_word' id='word_1_721' title='bbox 2229 2749 2324 2803; x_wconf 79' lang='lat' dir='ltr'><strong>hoc</strong></span> <span class='ocrx_word' id='word_1_722' title='bbox 2352 2767 2451 2803; x_wconf 92' lang='lat' dir='ltr'><strong>non</strong></span> <span class='ocrx_word' id='word_1_723' title='bbox 2478 2767 2540 2805; x_wconf 71' lang='lat' dir='ltr'><strong>ea:</strong></span> <span class='ocrx_word' id='word_1_724' title='bbox 2562 2752 2717 2818; x_wconf 68' lang='lat' dir='ltr'><strong>vobis,</strong></span> <span class='ocrx_word' id='word_1_725' title='bbox 2758 2753 2848 2806; x_wconf 84' lang='lat' dir='ltr'><strong>sed</strong></span> <span class='ocrx_word' id='word_1_726' title='bbox 2875 2753 2966 2806; x_wconf 85' lang='lat' dir='ltr'><strong>Dei</strong></span> <span class='ocrx_word' id='word_1_727' title='bbox 2994 2754 3180 2808; x_wconf 85' lang='lat' dir='ltr'><strong>donum</strong></span> <span class='ocrx_word' id='word_1_728' title='bbox 3206 2766 3312 2819; x_wconf 87' lang='lat' dir='ltr'><strong>est;</strong></span> <span class='ocrx_word' id='word_1_729' title='bbox 3342 2774 3440 2810; x_wconf 87' lang='lat' dir='ltr'><strong>non</strong></span> <span class='ocrx_word' id='word_1_730' title='bbox 3470 2774 3531 2810; x_wconf 74' lang='lat' dir='ltr'><strong>ex</strong></span> <span class='ocrx_word' id='word_1_731' title='bbox 3558 2759 3731 2828; x_wconf 88' lang='lat' dir='ltr'><strong>operi-</strong></span> 
     </span>
    </p>
   </div>
   <div class='ocr_carea' id='block_1_88' title="bbox 2153 2839 3734 2918">
    <p class='ocr_par' dir='ltr' id='par_1_88' title="bbox 2153 2839 3734 2918">
     <span class='ocr_line' id='line_1_88' title="bbox 2153 2839 3734 2918; baseline 0.005 -26"><span class='ocrx_word' id='word_1_732' title='bbox 2153 2839 2263 2906; x_wconf 75' lang='lat' dir='ltr'><strong>lms,</strong></span> <span class='ocrx_word' id='word_1_733' title='bbox 2293 2855 2356 2893; x_wconf 86' lang='lat' dir='ltr'><strong>ne</strong></span> <span class='ocrx_word' id='word_1_734' title='bbox 2376 2841 2504 2912; x_wconf 76' lang='lat' dir='ltr'><strong>forte</strong></span> <span class='ocrx_word' id='word_1_735' title='bbox 2522 2842 2632 2909; x_wconf 89' lang='lat' dir='ltr'><strong>quis</strong></span> <span class='ocrx_word' id='word_1_736' title='bbox 2651 2843 2939 2896; x_wconf 74' lang='lat' dir='ltr'><strong>extollatur.</strong></span> <span class='ocrx_word' id='word_1_737' title='bbox 2966 2843 3139 2914; x_wconf 81' lang='lat' dir='ltr'><strong>Ipsius</strong></span> <span class='ocrx_word' id='word_1_738' title='bbox 3167 2847 3297 2898; x_wconf 87' lang='lat' dir='ltr'><strong>enim</strong></span> <span class='ocrx_word' id='word_1_739' title='bbox 3324 2845 3498 2900; x_wconf 84' lang='lat' dir='ltr'><strong>sumus</strong></span> <span class='ocrx_word' id='word_1_740' title='bbox 3518 2845 3734 2918; x_wconf 78' lang='lat' dir='ltr'><strong>ﬁgmen-</strong></span> 
     </span>
    </p>
   </div>
   <div class='ocr_carea' id='block_1_89' title="bbox 2153 2930 3734 3008">
    <p class='ocr_par' dir='ltr' id='par_1_89' title="bbox 2153 2930 3734 3008">
     <span class='ocr_line' id='line_1_89' title="bbox 2153 2930 3734 3008; baseline 0.006 -26"><span class='ocrx_word' id='word_1_741' title='bbox 2153 2939 2278 2997; x_wconf 89' lang='lat' dir='ltr'><strong>tum,</strong></span> <span class='ocrx_word' id='word_1_742' title='bbox 2308 2932 2462 2984; x_wconf 89' lang='lat' dir='ltr'><strong>creati</strong></span> <span class='ocrx_word' id='word_1_743' title='bbox 2487 2933 2537 2985; x_wconf 90' lang='lat' dir='ltr'><strong>in</strong></span> <span class='ocrx_word' id='word_1_744' title='bbox 2562 2930 2760 2987; x_wconf 85' lang='lat' dir='ltr'><strong>Christo</strong></span> <span class='ocrx_word' id='word_1_745' title='bbox 2788 2933 2912 2988; x_wconf 84' lang='lat' dir='ltr'><strong>Jesu</strong></span> <span class='ocrx_word' id='word_1_746' title='bbox 2939 2936 2990 2988; x_wconf 91' lang='lat' dir='ltr'><strong>in</strong></span> <span class='ocrx_word' id='word_1_747' title='bbox 3015 2937 3245 3005; x_wconf 81' lang='lat' dir='ltr'><strong>operibus</strong></span> <span class='ocrx_word' id='word_1_748' title='bbox 3271 2937 3430 3001; x_wconf 89' lang='lat' dir='ltr'><strong>bonis,</strong></span> <span class='ocrx_word' id='word_1_749' title='bbox 3461 2953 3571 3007; x_wconf 74' lang='lat' dir='ltr'><strong>qua:</strong></span> <span class='ocrx_word' id='word_1_750' title='bbox 3596 2939 3734 3008; x_wconf 78' lang='lat' dir='ltr'><strong>pra:-</strong></span> 
     </span>
    </p>
   </div>
   <div class='ocr_carea' id='block_1_90' title="bbox 2155 3022 3730 3106">
    <p class='ocr_par' dir='ltr' id='par_1_90' title="bbox 2155 3022 3730 3106">
     <span class='ocr_line' id='line_1_90' title="bbox 2155 3022 3730 3106; baseline 0.009 -33"><span class='ocrx_word' id='word_1_751' title='bbox 2155 3022 2350 3091; x_wconf 65' lang='grc' dir='ltr'><strong>ραι-ανῆ</strong></span> <span class='ocrx_word' id='word_1_752' title='bbox 2387 3022 2524 3076; x_wconf 86' lang='lat' dir='ltr'><strong>Deus</strong></span> <span class='ocrx_word' id='word_1_753' title='bbox 2560 3031 2617 3076; x_wconf 80' lang='lat' dir='ltr'><strong>ut</strong></span> <span class='ocrx_word' id='word_1_754' title='bbox 2652 3024 2704 3077; x_wconf 89' lang='lat' dir='ltr'><strong>in</strong></span> <span class='ocrx_word' id='word_1_755' title='bbox 2735 3025 2840 3078; x_wconf 82' lang='lat' dir='ltr'><strong>illis</strong></span> <span class='ocrx_word' id='word_1_756' title='bbox 2865 3027 3173 3082; x_wconf 87' lang='lat' dir='ltr'><strong>ambulemus</strong></span> <span class='ocrx_word' id='word_1_757' title='bbox 3203 3027 3417 3098; x_wconf 81' lang='lat' dir='ltr'><strong>(Ephes.</strong></span> <span class='ocrx_word' id='word_1_758' title='bbox 3445 3047 3512 3094; x_wconf 83' lang='lat' dir='ltr'><strong>ll,</strong></span> <span class='ocrx_word' id='word_1_759' title='bbox 3550 3027 3730 3106; x_wconf 86' lang='grc'><strong>8-10).</strong></span> 
     </span>
    </p>
   </div>
   <div class='ocr_carea' id='block_1_91' title="bbox 2156 3111 3738 3188">
    <p class='ocr_par' dir='ltr' id='par_1_91' title="bbox 2156 3111 3738 3188">
     <span class='ocr_line' id='line_1_91' title="bbox 2156 3111 3738 3188; baseline 0.009 -22"><span class='ocrx_word' id='word_1_760' title='bbox 2156 3111 2368 3182; x_wconf 81' lang='lat' dir='ltr'><strong>Ergone</strong></span> <span class='ocrx_word' id='word_1_761' title='bbox 2394 3114 2534 3169; x_wconf 78' lang='lat' dir='ltr'><strong>hanc</strong></span> <span class='ocrx_word' id='word_1_762' title='bbox 2557 3127 2756 3185; x_wconf 87' lang='lat' dir='ltr'><strong>quanto</strong></span> <span class='ocrx_word' id='word_1_763' title='bbox 2775 3117 2888 3186; x_wconf 86' lang='lat' dir='ltr'><strong>ejus</strong></span> <span class='ocrx_word' id='word_1_764' title='bbox 2911 3117 3064 3173; x_wconf 91' lang='lat' dir='ltr'><strong>donis</strong></span> <span class='ocrx_word' id='word_1_765' title='bbox 3085 3123 3380 3176; x_wconf 85' lang='lat' dir='ltr'><strong>ornatiores</strong></span> <span class='ocrx_word' id='word_1_766' title='bbox 3406 3123 3552 3188; x_wconf 82' lang='lat' dir='ltr'><strong>estis,</strong></span> <span class='ocrx_word' id='word_1_767' title='bbox 3580 3113 3738 3180; x_wconf 82' lang='lat' dir='ltr'><strong>tanto</strong></span> 
     </span>
    </p>
   </div>
   <div class='ocr_carea' id='block_1_92' title="bbox 2157 3204 3734 3285">
    <p class='ocr_par' dir='ltr' id='par_1_92' title="bbox 2157 3204 3734 3285">
     <span class='ocr_line' id='line_1_92' title="bbox 2157 3204 3734 3285; baseline 0.008 -27"><span class='ocrx_word' id='word_1_768' title='bbox 2157 3207 2330 3260; x_wconf 88' lang='lat' dir='ltr'><strong>minus</strong></span> <span class='ocrx_word' id='word_1_769' title='bbox 2357 3209 2644 3262; x_wconf 81' lang='lat' dir='ltr'><strong>amabilis?</strong></span> <span class='ocrx_word' id='word_1_770' title='bbox 2675 3212 2937 3264; x_wconf 83' lang='lat' dir='ltr'><strong>Averterit</strong></span> <span class='ocrx_word' id='word_1_771' title='bbox 2982 3223 3086 3265; x_wconf 88' lang='lat' dir='ltr'><strong>tam</strong></span> <span class='ocrx_word' id='word_1_772' title='bbox 3128 3204 3442 3268; x_wconf 88' lang='lat' dir='ltr'><strong>horrendam</strong></span> <span class='ocrx_word' id='word_1_773' title='bbox 3475 3217 3584 3285; x_wconf 89' lang='lat' dir='ltr'><strong>ipse</strong></span> <span class='ocrx_word' id='word_1_774' title='bbox 3627 3217 3734 3271; x_wconf 87' lang='lat' dir='ltr'><strong>de-</strong></span> 
     </span>
    </p>
   </div>
   <div class='ocr_carea' id='block_1_93' title="bbox 2155 3299 3730 3376">
    <p class='ocr_par' dir='ltr' id='par_1_93' title="bbox 2155 3299 3730 3376">
     <span class='ocr_line' id='line_1_93' title="bbox 2155 3299 3730 3376; baseline 0.006 -24"><span class='ocrx_word' id='word_1_775' title='bbox 2155 3300 2442 3354; x_wconf 83' lang='lat' dir='ltr'><strong>mentiam!</strong></span> <span class='ocrx_word' id='word_1_776' title='bbox 2494 3299 2724 3355; x_wconf 78' lang='lat' dir='ltr'><strong>Proinde</strong></span> <span class='ocrx_word' id='word_1_777' title='bbox 2773 3304 3020 3372; x_wconf 83' lang='lat' dir='ltr'><strong>quoniam</strong></span> <span class='ocrx_word' id='word_1_778' title='bbox 3070 3321 3253 3359; x_wconf 87' lang='lat' dir='ltr'><strong>vermn</strong></span> <span class='ocrx_word' id='word_1_779' title='bbox 3301 3307 3507 3361; x_wconf 78' lang='lat' dir='ltr'><strong>Veritas</strong></span> <span class='ocrx_word' id='word_1_780' title='bbox 3554 3308 3730 3376; x_wconf 87' lang='lat' dir='ltr'><strong>dixit,</strong></span> 
     </span>
    </p>
   </div>
   <div class='ocr_carea' id='block_1_94' title="bbox 2157 3393 3730 3471">
    <p class='ocr_par' dir='ltr' id='par_1_94' title="bbox 2157 3393 3730 3471">
     <span class='ocr_line' id='line_1_94' title="bbox 2157 3393 3730 3471; baseline 0.006 -27"><span class='ocrx_word' id='word_1_781' title='bbox 2157 3393 2298 3462; x_wconf 84' lang='lat' dir='ltr'><strong>quod</strong></span> <span class='ocrx_word' id='word_1_782' title='bbox 2327 3394 2414 3448; x_wconf 89' lang='lat' dir='ltr'><strong>ille</strong></span> <span class='ocrx_word' id='word_1_783' title='bbox 2456 3394 2546 3448; x_wconf 81' lang='lat' dir='ltr'><strong>cui</strong></span> <span class='ocrx_word' id='word_1_784' title='bbox 2577 3396 2848 3452; x_wconf 85' lang='lat' dir='ltr'><strong>modicum</strong></span> <span class='ocrx_word' id='word_1_785' title='bbox 2875 3397 3154 3451; x_wconf 88' lang='lat' dir='ltr'><strong>dimittitur</strong></span> <span class='ocrx_word' id='word_1_786' title='bbox 3179 3439 3192 3462; x_wconf 94' lang='lat'><strong>,</strong></span> <span class='ocrx_word' id='word_1_787' title='bbox 3225 3399 3488 3453; x_wconf 88' lang='lat' dir='ltr'><strong>modicum</strong></span> <span class='ocrx_word' id='word_1_788' title='bbox 3517 3399 3688 3471; x_wconf 85' lang='lat' dir='ltr'><strong>diligit</strong></span> <span class='ocrx_word' id='word_1_789' title='bbox 3713 3419 3730 3467; x_wconf 86' lang='lat'><strong>;</strong></span> 
     </span>
    </p>
   </div>
   <div class='ocr_carea' id='block_1_95' title="bbox 2156 3487 3734 3561">
    <p class='ocr_par' dir='ltr' id='par_1_95' title="bbox 2156 3487 3734 3561">
     <span class='ocr_line' id='line_1_95' title="bbox 2156 3487 3734 3561; baseline 0.006 -24"><span class='ocrx_word' id='word_1_790' title='bbox 2156 3498 2251 3538; x_wconf 78' lang='lat' dir='ltr'><strong>vos</strong></span> <span class='ocrx_word' id='word_1_791' title='bbox 2291 3494 2347 3538; x_wconf 91' lang='lat' dir='ltr'><strong>ut</strong></span> <span class='ocrx_word' id='word_1_792' title='bbox 2373 3487 2740 3542; x_wconf 73' lang='lat' dir='ltr'><strong>ardentis~ime</strong></span> <span class='ocrx_word' id='word_1_793' title='bbox 2771 3488 3004 3557; x_wconf 78' lang='lat' dir='ltr'><strong>diligatis</strong></span> <span class='ocrx_word' id='word_1_794' title='bbox 3025 3532 3038 3552; x_wconf 89' lang='lat'><strong>,</strong></span> <span class='ocrx_word' id='word_1_795' title='bbox 3071 3491 3153 3544; x_wconf 88' lang='lat' dir='ltr'><strong>cui</strong></span> <span class='ocrx_word' id='word_1_796' title='bbox 3189 3490 3456 3558; x_wconf 88' lang='lat' dir='ltr'><strong>diligendo</strong></span> <span class='ocrx_word' id='word_1_797' title='bbox 3485 3508 3513 3546; x_wconf 91' lang='lat' dir='ltr'><strong>a</strong></span> <span class='ocrx_word' id='word_1_798' title='bbox 3545 3494 3734 3561; x_wconf 71' lang='lat' dir='ltr'><strong>eunju-</strong></span> 
     </span>
    </p>
   </div>
   <div class='ocr_carea' id='block_1_96' title="bbox 2157 3575 3734 3652">
    <p class='ocr_par' dir='ltr' id='par_1_96' title="bbox 2157 3575 3734 3652">
     <span class='ocr_line' id='line_1_96' title="bbox 2157 3575 3734 3652; baseline 0.007 -24"><span class='ocrx_word' id='word_1_799' title='bbox 2157 3577 2360 3645; x_wconf 87' lang='lat' dir='ltr'><strong>giorum</strong></span> <span class='ocrx_word' id='word_1_800' title='bbox 2383 3579 2606 3631; x_wconf 82' lang='lat' dir='ltr'><strong>nexibus</strong></span> <span class='ocrx_word' id='word_1_801' title='bbox 2625 3579 2776 3632; x_wconf 84' lang='lat' dir='ltr'><strong>liberi</strong></span> <span class='ocrx_word' id='word_1_802' title='bbox 2796 3583 3012 3642; x_wconf 82' lang='lat' dir='ltr'><strong>vacatis,</strong></span> <span class='ocrx_word' id='word_1_803' title='bbox 3037 3575 3286 3647; x_wconf 76' lang='lat' dir='ltr'><strong>deputata</strong></span> <span class='ocrx_word' id='word_1_804' title='bbox 3312 3583 3459 3635; x_wconf 88' lang='lat' dir='ltr'><strong>vobis</strong></span> <span class='ocrx_word' id='word_1_805' title='bbox 3486 3595 3734 3652; x_wconf 75' lang='lat' dir='ltr'><strong>tanquam</strong></span> 
     </span>
    </p>
   </div>
   <div class='ocr_carea' id='block_1_97' title="bbox 2157 3671 3734 3740">
    <p class='ocr_par' dir='ltr' id='par_1_97' title="bbox 2157 3671 3734 3740">
     <span class='ocr_line' id='line_1_97' title="bbox 2157 3671 3734 3740; baseline 0.004 -17"><span class='ocrx_word' id='word_1_806' title='bbox 2157 3671 2375 3723; x_wconf 88' lang='lat' dir='ltr'><strong>omnino</strong></span> <span class='ocrx_word' id='word_1_807' title='bbox 2402 3671 2698 3734; x_wconf 88' lang='lat' dir='ltr'><strong>dimissum,</strong></span> <span class='ocrx_word' id='word_1_808' title='bbox 2730 3671 2984 3740; x_wconf 88' lang='lat' dir='ltr'><strong>quidquid</strong></span> <span class='ocrx_word' id='word_1_809' title='bbox 3013 3673 3134 3725; x_wconf 87' lang='lat' dir='ltr'><strong>mali</strong></span> <span class='ocrx_word' id='word_1_810' title='bbox 3170 3691 3196 3725; x_wconf 87' lang='lat' dir='ltr'><strong>a</strong></span> <span class='ocrx_word' id='word_1_811' title='bbox 3226 3674 3373 3727; x_wconf 88' lang='lat' dir='ltr'><strong>vobis</strong></span> <span class='ocrx_word' id='word_1_812' title='bbox 3402 3689 3507 3728; x_wconf 89' lang='lat' dir='ltr'><strong>non</strong></span> <span class='ocrx_word' id='word_1_813' title='bbox 3534 3686 3609 3728; x_wconf 91' lang='lat' dir='ltr'><strong>est</strong></span> <span class='ocrx_word' id='word_1_814' title='bbox 3641 3677 3734 3730; x_wconf 91' lang='lat' dir='ltr'><strong>illo</strong></span> 
     </span>
    </p>
   </div>
   <div class='ocr_carea' id='block_1_98' title="bbox 2159 3761 3734 3836">
    <p class='ocr_par' dir='ltr' id='par_1_98' title="bbox 2159 3761 3734 3836">
     <span class='ocr_line' id='line_1_98' title="bbox 2159 3761 3734 3836; baseline 0.004 -22"><span class='ocrx_word' id='word_1_815' title='bbox 2159 3771 2374 3831; x_wconf 83' lang='lat' dir='ltr'><strong>regente</strong></span> <span class='ocrx_word' id='word_1_816' title='bbox 2399 3763 2758 3816; x_wconf 90' lang='lat' dir='ltr'><strong>commissum.</strong></span> <span class='ocrx_word' id='word_1_817' title='bbox 2797 3761 2944 3816; x_wconf 86' lang='lat' dir='ltr'><strong>Oculi</strong></span> <span class='ocrx_word' id='word_1_818' title='bbox 2969 3766 3106 3817; x_wconf 89' lang='lat' dir='ltr'><strong>enim</strong></span> <span class='ocrx_word' id='word_1_819' title='bbox 3135 3766 3283 3819; x_wconf 79' lang='lat' dir='ltr'><strong>vestri</strong></span> <span class='ocrx_word' id='word_1_820' title='bbox 3309 3784 3501 3836; x_wconf 83' lang='lat' dir='ltr'><strong>semper</strong></span> <span class='ocrx_word' id='word_1_821' title='bbox 3525 3767 3592 3819; x_wconf 87' lang='lat' dir='ltr'><strong>ad</strong></span> <span class='ocrx_word' id='word_1_822' title='bbox 3621 3767 3734 3820; x_wconf 88' lang='lat' dir='ltr'><strong>Do-</strong></span> 
     </span>
    </p>
   </div>
   <div class='ocr_carea' id='block_1_99' title="bbox 2159 3855 3736 3927">
    <p class='ocr_par' dir='ltr' id='par_1_99' title="bbox 2159 3855 3736 3927">
     <span class='ocr_line' id='line_1_99' title="bbox 2159 3855 3736 3927; baseline 0.003 -20"><span class='ocrx_word' id='word_1_823' title='bbox 2159 3855 2370 3920; x_wconf 85' lang='lat' dir='ltr'><strong>minum,</strong></span> <span class='ocrx_word' id='word_1_824' title='bbox 2415 3855 2650 3922; x_wconf 86' lang='lat' dir='ltr'><strong>quoniam</strong></span> <span class='ocrx_word' id='word_1_825' title='bbox 2693 3855 2802 3925; x_wconf 87' lang='lat' dir='ltr'><strong>ipse</strong></span> <span class='ocrx_word' id='word_1_826' title='bbox 2839 3855 3010 3909; x_wconf 88' lang='lat' dir='ltr'><strong>evellet</strong></span> <span class='ocrx_word' id='word_1_827' title='bbox 3048 3856 3109 3908; x_wconf 88' lang='lat' dir='ltr'><strong>de</strong></span> <span class='ocrx_word' id='word_1_828' title='bbox 3153 3860 3329 3927; x_wconf 88' lang='lat' dir='ltr'><strong>laqueo</strong></span> <span class='ocrx_word' id='word_1_829' title='bbox 3373 3858 3519 3926; x_wconf 81' lang='lat' dir='ltr'><strong>pedes</strong></span> <span class='ocrx_word' id='word_1_830' title='bbox 3547 3868 3736 3912; x_wconf 80' lang='lat' dir='ltr'><strong>vestros</strong></span> 
     </span>
    </p>
   </div>
   <div class='ocr_carea' id='block_1_100' title="bbox 2166 3944 3737 4017">
    <p class='ocr_par' dir='ltr' id='par_1_100' title="bbox 2166 3944 3737 4017">
     <span class='ocr_line' id='line_1_100' title="bbox 2166 3944 3737 4017; baseline 0.004 -20"><span class='ocrx_word' id='word_1_831' title='bbox 2166 3944 2328 4017; x_wconf 86' lang='lat' dir='ltr'><strong>(Psal.</strong></span> <span class='ocrx_word' id='word_1_832' title='bbox 2357 3961 2506 4011; x_wconf 70' lang='lat' dir='ltr'><strong>XXIV,</strong></span> <span class='ocrx_word' id='word_1_833' title='bbox 2539 3947 2625 4016; x_wconf 85' lang='grc'><strong>15)</strong></span> <span class='ocrx_word' id='word_1_834' title='bbox 2660 3963 2674 4000; x_wconf 92' lang='lat'><strong>:</strong></span> <span class='ocrx_word' id='word_1_835' title='bbox 2705 3957 2754 4000; x_wconf 87' lang='lat' dir='ltr'><strong>et</strong></span> <span class='ocrx_word' id='word_1_836' title='bbox 2778 3989 2790 4010; x_wconf 91' lang='lat'><strong>,</strong></span> <span class='ocrx_word' id='word_1_837' title='bbox 2825 3947 2937 4000; x_wconf 85' lang='lat' dir='ltr'><strong>Nisi</strong></span> <span class='ocrx_word' id='word_1_838' title='bbox 2969 3945 3208 4001; x_wconf 86' lang='lat' dir='ltr'><strong>Dominus</strong></span> <span class='ocrx_word' id='word_1_839' title='bbox 3236 3945 3528 4002; x_wconf 83' lang='lat' dir='ltr'><strong>custodierit</strong></span> <span class='ocrx_word' id='word_1_840' title='bbox 3557 3953 3737 4004; x_wconf 75' lang='lat' dir='ltr'><strong>civita-</strong></span> 
     </span>
    </p>
   </div>
   <div class='ocr_carea' id='block_1_101' title="bbox 2161 4037 3733 4109">
    <p class='ocr_par' dir='ltr' id='par_1_101' title="bbox 2161 4037 3733 4109">
     <span class='ocr_line' id='line_1_101' title="bbox 2161 4037 3733 4109; baseline 0.005 -22"><span class='ocrx_word' id='word_1_841' title='bbox 2161 4045 2277 4101; x_wconf 82' lang='lat' dir='ltr'><strong>tem,</strong></span> <span class='ocrx_word' id='word_1_842' title='bbox 2303 4037 2354 4089; x_wconf 89' lang='lat' dir='ltr'><strong>in</strong></span> <span class='ocrx_word' id='word_1_843' title='bbox 2377 4053 2558 4090; x_wconf 87' lang='lat' dir='ltr'><strong>vanum</strong></span> <span class='ocrx_word' id='word_1_844' title='bbox 2587 4037 2806 4107; x_wconf 84' lang='lat' dir='ltr'><strong>vigilavit</strong></span> <span class='ocrx_word' id='word_1_845' title='bbox 2829 4039 2914 4108; x_wconf 88' lang='lat' dir='ltr'><strong>qui</strong></span> <span class='ocrx_word' id='word_1_846' title='bbox 2935 4041 3153 4092; x_wconf 84' lang='lat' dir='ltr'><strong>custodit</strong></span> <span class='ocrx_word' id='word_1_847' title='bbox 3177 4057 3284 4093; x_wconf 77' lang='lat' dir='ltr'><strong>eain</strong></span> <span class='ocrx_word' id='word_1_848' title='bbox 3317 4039 3486 4108; x_wconf 87' lang='lat' dir='ltr'><strong>(Psal.</strong></span> <span class='ocrx_word' id='word_1_849' title='bbox 3524 4057 3693 4095; x_wconf 73' lang='lat' dir='ltr'><strong>cxxw</strong></span> <span class='ocrx_word' id='word_1_850' title='bbox 3715 4084 3733 4109; x_wconf 81' lang='lat'><strong>,</strong></span> 
     </span>
    </p>
   </div>
   <div class='ocr_carea' id='block_1_102' title="bbox 2161 4126 3730 4201">
    <p class='ocr_par' dir='ltr' id='par_1_102' title="bbox 2161 4126 3730 4201">
     <span class='ocr_line' id='line_1_102' title="bbox 2161 4126 3730 4201; baseline 0.003 -19"><span class='ocrx_word' id='word_1_851' title='bbox 2161 4126 2238 4199; x_wconf 83' lang='grc'><strong>1).</strong></span> <span class='ocrx_word' id='word_1_852' title='bbox 2273 4128 2337 4181; x_wconf 88' lang='lat' dir='ltr'><strong>Et</strong></span> <span class='ocrx_word' id='word_1_853' title='bbox 2379 4128 2445 4181; x_wconf 88' lang='lat' dir='ltr'><strong>de</strong></span> <span class='ocrx_word' id='word_1_854' title='bbox 2486 4129 2596 4196; x_wconf 85' lang='lat' dir='ltr'><strong>ipsa</strong></span> <span class='ocrx_word' id='word_1_855' title='bbox 2645 4130 2968 4182; x_wconf 76' lang='lat' dir='ltr'><strong>cominentia</strong></span> <span class='ocrx_word' id='word_1_856' title='bbox 3017 4129 3240 4200; x_wconf 82' lang='lat' dir='ltr'><strong>loquens</strong></span> <span class='ocrx_word' id='word_1_857' title='bbox 3286 4133 3569 4201; x_wconf 67' lang='lat' dir='ltr'><strong>Apostolus</strong></span> <span class='ocrx_word' id='word_1_858' title='bbox 3611 4134 3730 4186; x_wconf 84' lang='lat' dir='ltr'><strong>ait:</strong></span> 
     </span>
    </p>
   </div>
   <div class='ocr_carea' id='block_1_103' title="bbox 2168 4216 3737 4292">
    <p class='ocr_par' dir='ltr' id='par_1_103' title="bbox 2168 4216 3737 4292">
     <span class='ocr_line' id='line_1_103' title="bbox 2168 4216 3737 4292; baseline 0.004 -21"><span class='ocrx_word' id='word_1_859' title='bbox 2168 4216 2294 4271; x_wconf 75' lang='lat' dir='ltr'><strong>Volo</strong></span> <span class='ocrx_word' id='word_1_860' title='bbox 2319 4227 2484 4270; x_wconf 88' lang='lat' dir='ltr'><strong>autem</strong></span> <span class='ocrx_word' id='word_1_861' title='bbox 2528 4233 2698 4271; x_wconf 89' lang='lat' dir='ltr'><strong>omnes</strong></span> <span class='ocrx_word' id='word_1_862' title='bbox 2735 4222 2959 4273; x_wconf 82' lang='lat' dir='ltr'><strong>homines</strong></span> <span class='ocrx_word' id='word_1_863' title='bbox 2997 4237 3102 4274; x_wconf 87' lang='lat' dir='ltr'><strong>esse</strong></span> <span class='ocrx_word' id='word_1_864' title='bbox 3128 4223 3256 4275; x_wconf 88' lang='lat' dir='ltr'><strong>sicut</strong></span> <span class='ocrx_word' id='word_1_865' title='bbox 3286 4239 3362 4276; x_wconf 87' lang='lat' dir='ltr'><strong>me</strong></span> <span class='ocrx_word' id='word_1_866' title='bbox 3403 4224 3566 4292; x_wconf 88' lang='lat' dir='ltr'><strong>ipsum</strong></span> <span class='ocrx_word' id='word_1_867' title='bbox 3597 4240 3616 4276; x_wconf 90' lang='lat'><strong><em>:</em></strong></span> <span class='ocrx_word' id='word_1_868' title='bbox 3645 4226 3737 4278; x_wconf 84' lang='lat' dir='ltr'><strong>sed</strong></span> 
     </span>
    </p>
   </div>
   <div class='ocr_carea' id='block_1_104' title="bbox 2158 4313 3731 4382">
    <p class='ocr_par' dir='ltr' id='par_1_104' title="bbox 2158 4313 3731 4382">
     <span class='ocr_line' id='line_1_104' title="bbox 2158 4313 3731 4382; baseline 0.003 -18"><span class='ocrx_word' id='word_1_869' title='bbox 2158 4313 2498 4382; x_wconf 73' lang='lat' dir='ltr'><strong>unusquisque</strong></span> <span class='ocrx_word' id='word_1_870' title='bbox 2522 4313 2782 4381; x_wconf 87' lang='lat' dir='ltr'><strong>proprium</strong></span> <span class='ocrx_word' id='word_1_871' title='bbox 2822 4313 3008 4367; x_wconf 86' lang='lat' dir='ltr'><strong>donum</strong></span> <span class='ocrx_word' id='word_1_872' title='bbox 3045 4314 3191 4368; x_wconf 86' lang='lat' dir='ltr'><strong>habet</strong></span> <span class='ocrx_word' id='word_1_873' title='bbox 3229 4332 3259 4367; x_wconf 92' lang='lat' dir='ltr'><strong>a</strong></span> <span class='ocrx_word' id='word_1_874' title='bbox 3290 4313 3433 4380; x_wconf 87' lang='lat' dir='ltr'><strong>Deo;</strong></span> <span class='ocrx_word' id='word_1_875' title='bbox 3463 4317 3592 4370; x_wconf 88' lang='lat' dir='ltr'><strong>alius</strong></span> <span class='ocrx_word' id='word_1_876' title='bbox 3617 4334 3691 4369; x_wconf 82' lang='lat' dir='ltr'><strong>sic</strong></span> <span class='ocrx_word' id='word_1_877' title='bbox 3714 4358 3731 4382; x_wconf 91' lang='lat'><strong>,</strong></span> 
     </span>
    </p>
   </div>
   <div class='ocr_carea' id='block_1_105' title="bbox 2157 4403 3736 4478">
    <p class='ocr_par' dir='ltr' id='par_1_105' title="bbox 2157 4403 3736 4478">
     <span class='ocr_line' id='line_1_105' title="bbox 2157 4403 3736 4478; baseline 0.004 -20"><span class='ocrx_word' id='word_1_878' title='bbox 2157 4403 2293 4458; x_wconf 80' lang='lat' dir='ltr'><strong>alius</strong></span> <span class='ocrx_word' id='word_1_879' title='bbox 2319 4413 2481 4456; x_wconf 89' lang='lat' dir='ltr'><strong>autem</strong></span> <span class='ocrx_word' id='word_1_880' title='bbox 2504 4405 2576 4458; x_wconf 87' lang='lat' dir='ltr'><strong>sic</strong></span> <span class='ocrx_word' id='word_1_881' title='bbox 2603 4404 2642 4474; x_wconf 84' lang='lat' dir='ltr'><strong>(l</strong></span> <span class='ocrx_word' id='word_1_882' title='bbox 2672 4404 2788 4459; x_wconf 88' lang='lat' dir='ltr'><strong>Cor.</strong></span> <span class='ocrx_word' id='word_1_883' title='bbox 2825 4421 2900 4459; x_wconf 80' lang='lat' dir='ltr'><strong>vn</strong></span> <span class='ocrx_word' id='word_1_884' title='bbox 2919 4449 2933 4470; x_wconf 89' lang='lat'><strong>,</strong></span> <span class='ocrx_word' id='word_1_885' title='bbox 2963 4407 3035 4478; x_wconf 93' lang='lat'><strong>7).</strong></span> <span class='ocrx_word' id='word_1_886' title='bbox 3077 4405 3206 4474; x_wconf 87' lang='lat' dir='ltr'><strong>Quis</strong></span> <span class='ocrx_word' id='word_1_887' title='bbox 3247 4423 3371 4477; x_wconf 89' lang='lat' dir='ltr'><strong>ergo</strong></span> <span class='ocrx_word' id='word_1_888' title='bbox 3399 4409 3559 4461; x_wconf 86' lang='lat' dir='ltr'><strong>donat</strong></span> <span class='ocrx_word' id='word_1_889' title='bbox 3591 4410 3688 4464; x_wconf 86' lang='lat' dir='ltr'><strong>ista</strong></span> <span class='ocrx_word' id='word_1_890' title='bbox 3711 4411 3736 4463; x_wconf 85' lang='lat'><strong>?</strong></span> 
     </span>
    </p>
   </div>
   <div class='ocr_carea' id='block_1_106' title="bbox 2157 4494 3732 4571">
    <p class='ocr_par' dir='ltr' id='par_1_106' title="bbox 2157 4494 3732 4571">
     <span class='ocr_line' id='line_1_106' title="bbox 2157 4494 3732 4571; baseline 0.006 -27"><span class='ocrx_word' id='word_1_891' title='bbox 2157 4495 2274 4563; x_wconf 86' lang='lat' dir='ltr'><strong>quis</strong></span> <span class='ocrx_word' id='word_1_892' title='bbox 2306 4494 2570 4548; x_wconf 89' lang='lat' dir='ltr'><strong>distribuit</strong></span> <span class='ocrx_word' id='word_1_893' title='bbox 2611 4497 2823 4564; x_wconf 86' lang='lat' dir='ltr'><strong>prepria</strong></span> <span class='ocrx_word' id='word_1_894' title='bbox 2864 4497 3144 4566; x_wconf 85' lang='lat' dir='ltr'><strong>unicuique</strong></span> <span class='ocrx_word' id='word_1_895' title='bbox 3179 4498 3310 4552; x_wconf 90' lang='lat' dir='ltr'><strong>sicut</strong></span> <span class='ocrx_word' id='word_1_896' title='bbox 3339 4499 3445 4552; x_wconf 89' lang='lat' dir='ltr'><strong>vult</strong></span> <span class='ocrx_word' id='word_1_897' title='bbox 3475 4497 3583 4571; x_wconf 89' lang='lat' dir='ltr'><strong>(Id.</strong></span> <span class='ocrx_word' id='word_1_898' title='bbox 3615 4516 3688 4553; x_wconf 73' lang='grc' dir='ltr'><strong>ιιι</strong></span> <span class='ocrx_word' id='word_1_899' title='bbox 3716 4543 3732 4568; x_wconf 90' lang='grc'><strong>,</strong></span> 
     </span>
    </p>
   </div>
   <div class='ocr_carea' id='block_1_107' title="bbox 2159 4583 3732 4660">
    <p class='ocr_par' dir='ltr' id='par_1_107' title="bbox 2159 4583 3732 4660">
     <span class='ocr_line' id='line_1_107' title="bbox 2159 4583 3732 4660; baseline 0.004 -23"><span class='ocrx_word' id='word_1_900' title='bbox 2159 4583 2247 4656; x_wconf 89' lang='grc'><strong>11)</strong></span> <span class='ocrx_word' id='word_1_901' title='bbox 2269 4585 2292 4637; x_wconf 91' lang='lat'><strong>?</strong></span> <span class='ocrx_word' id='word_1_902' title='bbox 2311 4585 2511 4653; x_wconf 85' lang='lat' dir='ltr'><strong>Nempe</strong></span> <span class='ocrx_word' id='word_1_903' title='bbox 2537 4587 2691 4647; x_wconf 89' lang='lat' dir='ltr'><strong>Deus.</strong></span> <span class='ocrx_word' id='word_1_904' title='bbox 2716 4587 2853 4655; x_wconf 86' lang='lat' dir='ltr'><strong>apud</strong></span> <span class='ocrx_word' id='word_1_905' title='bbox 2877 4603 3032 4656; x_wconf 83' lang='lat' dir='ltr'><strong>quem</strong></span> <span class='ocrx_word' id='word_1_906' title='bbox 3060 4604 3160 4642; x_wconf 92' lang='lat' dir='ltr'><strong>non</strong></span> <span class='ocrx_word' id='word_1_907' title='bbox 3185 4599 3262 4642; x_wconf 92' lang='lat' dir='ltr'><strong>est</strong></span> <span class='ocrx_word' id='word_1_908' title='bbox 3287 4591 3528 4659; x_wconf 87' lang='lat' dir='ltr'><strong>iniquitas</strong></span> <span class='ocrx_word' id='word_1_909' title='bbox 3554 4590 3732 4660; x_wconf 79' lang='lat' dir='ltr'><strong>(Rom.</strong></span> 
     </span>
    </p>
   </div>
   <div class='ocr_carea' id='block_1_108' title="bbox 2159 4677 3733 4749">
    <p class='ocr_par' dir='ltr' id='par_1_108' title="bbox 2159 4677 3733 4749">
     <span class='ocr_line' id='line_1_108' title="bbox 2159 4677 3733 4749; baseline 0.004 -19"><span class='ocrx_word' id='word_1_910' title='bbox 2159 4691 2238 4742; x_wconf 83' lang='lat' dir='ltr'><strong>Ix,</strong></span> <span class='ocrx_word' id='word_1_911' title='bbox 2273 4677 2380 4748; x_wconf 71' lang='lat' dir='ltr'><strong>lt).</strong></span> <span class='ocrx_word' id='word_1_912' title='bbox 2416 4680 2490 4731; x_wconf 83' lang='lat' dir='ltr'><strong>Ac</strong></span> <span class='ocrx_word' id='word_1_913' title='bbox 2520 4691 2612 4746; x_wconf 90' lang='lat' dir='ltr'><strong>per</strong></span> <span class='ocrx_word' id='word_1_914' title='bbox 2644 4678 2744 4733; x_wconf 92' lang='lat' dir='ltr'><strong>hoc</strong></span> <span class='ocrx_word' id='word_1_915' title='bbox 2770 4695 2869 4748; x_wconf 88' lang='lat' dir='ltr'><strong>qua</strong></span> <span class='ocrx_word' id='word_1_916' title='bbox 2892 4680 3138 4749; x_wconf 80' lang='lat' dir='ltr'><strong>aequitate</strong></span> <span class='ocrx_word' id='word_1_917' title='bbox 3168 4681 3256 4733; x_wconf 89' lang='lat' dir='ltr'><strong>ille</strong></span> <span class='ocrx_word' id='word_1_918' title='bbox 3283 4679 3439 4734; x_wconf 85' lang='lat' dir='ltr'><strong>l‘aciat</strong></span> <span class='ocrx_word' id='word_1_919' title='bbox 3469 4681 3601 4734; x_wconf 85' lang='lat' dir='ltr'><strong>alios</strong></span> <span class='ocrx_word' id='word_1_920' title='bbox 3631 4683 3733 4748; x_wconf 86' lang='lat' dir='ltr'><strong>sic,</strong></span> 
     </span>
    </p>
   </div>
   <div class='ocr_carea' id='block_1_109' title="bbox 2157 4767 3737 4840">
    <p class='ocr_par' dir='ltr' id='par_1_109' title="bbox 2157 4767 3737 4840">
     <span class='ocr_line' id='line_1_109' title="bbox 2157 4767 3737 4840; baseline 0.004 -19"><span class='ocrx_word' id='word_1_921' title='bbox 2157 4767 2290 4821; x_wconf 88' lang='lat' dir='ltr'><strong>alios</strong></span> <span class='ocrx_word' id='word_1_922' title='bbox 2317 4777 2489 4822; x_wconf 84' lang='lat' dir='ltr'><strong>autem</strong></span> <span class='ocrx_word' id='word_1_923' title='bbox 2520 4770 2629 4835; x_wconf 89' lang='lat' dir='ltr'><strong>sic,</strong></span> <span class='ocrx_word' id='word_1_924' title='bbox 2674 4769 2875 4823; x_wconf 87' lang='lat' dir='ltr'><strong>homini</strong></span> <span class='ocrx_word' id='word_1_925' title='bbox 2921 4785 3077 4824; x_wconf 90' lang='lat' dir='ltr'><strong>nosse</strong></span> <span class='ocrx_word' id='word_1_926' title='bbox 3120 4781 3210 4824; x_wconf 87' lang='lat' dir='ltr'><strong>aut</strong></span> <span class='ocrx_word' id='word_1_927' title='bbox 3251 4773 3575 4840; x_wconf 78' lang='lat' dir='ltr'><strong>impossibile</strong></span> <span class='ocrx_word' id='word_1_928' title='bbox 3600 4814 3614 4836; x_wconf 89' lang='lat'><strong>,</strong></span> <span class='ocrx_word' id='word_1_929' title='bbox 3642 4782 3737 4828; x_wconf 87' lang='lat' dir='ltr'><strong>aut</strong></span> 
     </span>
    </p>
   </div>
   <div class='ocr_carea' id='block_1_110' title="bbox 2157 4864 3741 4935">
    <p class='ocr_par' dir='ltr' id='par_1_110' title="bbox 2157 4864 3741 4935">
     <span class='ocr_line' id='line_1_110' title="bbox 2157 4864 3741 4935; baseline 0.001 -17"><span class='ocrx_word' id='word_1_930' title='bbox 2157 4864 2376 4918; x_wconf 89' lang='lat' dir='ltr'><strong>omnino</strong></span> <span class='ocrx_word' id='word_1_931' title='bbox 2405 4865 2620 4920; x_wconf 78' lang='lat' dir='ltr'><strong>difﬁcile</strong></span> <span class='ocrx_word' id='word_1_932' title='bbox 2651 4876 2732 4919; x_wconf 83' lang='lat' dir='ltr'><strong>est</strong></span> <span class='ocrx_word' id='word_1_933' title='bbox 2763 4883 2775 4918; x_wconf 96' lang='lat'>:</span> <span class='ocrx_word' id='word_1_934' title='bbox 2808 4866 2932 4934; x_wconf 90' lang='lat' dir='ltr'><strong>quin</strong></span> <span class='ocrx_word' id='word_1_935' title='bbox 2960 4875 3131 4919; x_wconf 82' lang='lat' dir='ltr'><strong>tamen</strong></span> <span class='ocrx_word' id='word_1_936' title='bbox 3161 4866 3408 4935; x_wconf 69' lang='lat' dir='ltr'><strong>mquitate</strong></span> <span class='ocrx_word' id='word_1_937' title='bbox 3435 4865 3610 4932; x_wconf 83' lang='lat' dir='ltr'><strong>faciat,</strong></span> <span class='ocrx_word' id='word_1_938' title='bbox 3639 4867 3741 4920; x_wconf 89' lang='lat' dir='ltr'><strong>du-</strong></span> 
     </span>
    </p>
   </div>
   <div class='ocr_carea' id='block_1_111' title="bbox 2157 4953 3740 5030">
    <p class='ocr_par' dir='ltr' id='par_1_111' title="bbox 2157 4953 3740 5030">
     <span class='ocr_line' id='line_1_111' title="bbox 2157 4953 3740 5030; baseline 0.001 -19"><span class='ocrx_word' id='word_1_939' title='bbox 2157 4956 2326 5011; x_wconf 84' lang='lat' dir='ltr'><strong>bitare</strong></span> <span class='ocrx_word' id='word_1_940' title='bbox 2351 4953 2428 5010; x_wconf 83' lang='lat' dir='ltr'><strong>fas</strong></span> <span class='ocrx_word' id='word_1_941' title='bbox 2461 4972 2564 5010; x_wconf 86' lang='lat' dir='ltr'><strong>non</strong></span> <span class='ocrx_word' id='word_1_942' title='bbox 2592 4967 2692 5010; x_wconf 87' lang='lat' dir='ltr'><strong>est.</strong></span> <span class='ocrx_word' id='word_1_943' title='bbox 2740 4957 2877 5020; x_wconf 83' lang='lat' dir='ltr'><strong>Quid</strong></span> <span class='ocrx_word' id='word_1_944' title='bbox 2909 4958 3082 5026; x_wconf 81' lang='lat' dir='ltr'><strong>itaque</strong></span> <span class='ocrx_word' id='word_1_945' title='bbox 3109 4958 3258 5012; x_wconf 88' lang='lat' dir='ltr'><strong>habes</strong></span> <span class='ocrx_word' id='word_1_946' title='bbox 3285 4958 3417 5027; x_wconf 87' lang='lat' dir='ltr'><strong>quod</strong></span> <span class='ocrx_word' id='word_1_947' title='bbox 3457 4977 3555 5030; x_wconf 83' lang='lat' dir='ltr'><strong>non</strong></span> <span class='ocrx_word' id='word_1_948' title='bbox 3599 4977 3740 5012; x_wconf 84' lang='lat' dir='ltr'><strong>ncce-</strong></span> 
     </span>
    </p>
   </div>
   <div class='ocr_carea' id='block_1_112' title="bbox 2159 5046 3732 5120">
    <p class='ocr_par' dir='ltr' id='par_1_112' title="bbox 2159 5046 3732 5120">
     <span class='ocr_line' id='line_1_112' title="bbox 2159 5046 3732 5120; baseline 0.003 -20"><span class='ocrx_word' id='word_1_949' title='bbox 2159 5049 2280 5119; x_wconf 89' lang='lat' dir='ltr'><strong>pisti</strong></span> <span class='ocrx_word' id='word_1_950' title='bbox 2305 5048 2348 5114; x_wconf 89' lang='lat' dir='ltr'><strong>(l</strong></span> <span class='ocrx_word' id='word_1_951' title='bbox 2378 5046 2496 5102; x_wconf 86' lang='lat' dir='ltr'><strong>Cor.</strong></span> <span class='ocrx_word' id='word_1_952' title='bbox 2527 5061 2595 5111; x_wconf 89' lang='lat' dir='ltr'><strong>tv,</strong></span> <span class='ocrx_word' id='word_1_953' title='bbox 2629 5046 2721 5117; x_wconf 86' lang='lat'><strong>7)?</strong></span> <span class='ocrx_word' id='word_1_954' title='bbox 2741 5057 2830 5100; x_wconf 89' lang='lat' dir='ltr'><strong>aut</strong></span> <span class='ocrx_word' id='word_1_955' title='bbox 2851 5065 2949 5115; x_wconf 88' lang='lat' dir='ltr'><strong>qua</strong></span> <span class='ocrx_word' id='word_1_956' title='bbox 2973 5047 3316 5119; x_wconf 86' lang='lat' dir='ltr'><strong>perversitate</strong></span> <span class='ocrx_word' id='word_1_957' title='bbox 3341 5051 3514 5104; x_wconf 90' lang='lat' dir='ltr'><strong>minus</strong></span> <span class='ocrx_word' id='word_1_958' title='bbox 3535 5051 3732 5120; x_wconf 87' lang='lat' dir='ltr'><strong>diligis,</strong></span> 
     </span>
    </p>
   </div>
   <div class='ocr_carea' id='block_1_113' title="bbox 2157 5139 2890 5209">
    <p class='ocr_par' dir='ltr' id='par_1_113' title="bbox 2157 5139 2890 5209">
     <span class='ocr_line' id='line_1_113' title="bbox 2157 5139 2890 5209; baseline 0 -16"><span class='ocrx_word' id='word_1_959' title='bbox 2157 5155 2188 5193; x_wconf 86' lang='lat' dir='ltr'><strong>a</strong></span> <span class='ocrx_word' id='word_1_960' title='bbox 2213 5155 2319 5209; x_wconf 86' lang='lat' dir='ltr'><strong>quo</strong></span> <span class='ocrx_word' id='word_1_961' title='bbox 2347 5141 2571 5208; x_wconf 81' lang='lat' dir='ltr'><strong>am‘pliu‘s</strong></span> <span class='ocrx_word' id='word_1_962' title='bbox 2597 5139 2890 5206; x_wconf 85' lang='lat' dir='ltr'><strong>accepisti?</strong></span> 
     </span>
    </p>
   </div>
   <div class='ocr_carea' id='block_1_114' title="bbox 2227 5229 3737 5302">
    <p class='ocr_par' dir='ltr' id='par_1_114' title="bbox 2227 5229 3737 5302">
     <span class='ocr_line' id='line_1_114' title="bbox 2227 5229 3737 5302; baseline 0 -16"><span class='ocrx_word' id='word_1_963' title='bbox 2227 5231 2451 5286; x_wconf 80' lang='lat' dir='ltr'><strong>CAPUT</strong></span> <span class='ocrx_word' id='word_1_964' title='bbox 2491 5229 2623 5285; x_wconf 78' lang='lat' dir='ltr'><strong>XLI.</strong></span> <span class='ocrx_word' id='word_1_965' title='bbox 2669 5259 2740 5270; x_wconf 90' lang='lat'><strong>—</strong></span> <span class='ocrx_word' id='word_1_966' title='bbox 2777 5230 2864 5284; x_wconf 69' lang='grc'><strong>42.</strong></span> <span class='ocrx_word' id='word_1_967' title='bbox 2899 5229 3075 5285; x_wconf 87' lang='lat' dir='ltr'><strong>Prima</strong></span> <span class='ocrx_word' id='word_1_968' title='bbox 3117 5231 3418 5287; x_wconf 81' lang='lat' dir='ltr'><strong>humilitatis</strong></span> <span class='ocrx_word' id='word_1_969' title='bbox 3455 5233 3693 5302; x_wconf 84' lang='lat' dir='ltr'><strong>cogitatio</strong></span> <span class='ocrx_word' id='word_1_970' title='bbox 3721 5277 3737 5300; x_wconf 96' lang='lat'><strong>,</strong></span> 
     </span>
    </p>
   </div>
   <div class='ocr_carea' id='block_1_115' title="bbox 2156 5319 3743 5394">
    <p class='ocr_par' dir='ltr' id='par_1_115' title="bbox 2156 5319 3743 5394">
     <span class='ocr_line' id='line_1_115' title="bbox 2156 5319 3743 5394; baseline 0.001 -17"><span class='ocrx_word' id='word_1_971' title='bbox 2156 5322 2488 5393; x_wconf 74' lang='lat' dir='ltr'><strong>virginitatem</strong></span> <span class='ocrx_word' id='word_1_972' title='bbox 2529 5321 2699 5375; x_wconf 87' lang='lat' dir='ltr'><strong>haberi</strong></span> <span class='ocrx_word' id='word_1_973' title='bbox 2735 5337 2798 5375; x_wconf 78' lang='lat' dir='ltr'><strong>ex</strong></span> <span class='ocrx_word' id='word_1_974' title='bbox 2835 5319 2930 5376; x_wconf 85' lang='lat' dir='ltr'><strong>Dei</strong></span> <span class='ocrx_word' id='word_1_975' title='bbox 2967 5322 3118 5379; x_wconf 80' lang='lat' dir='ltr'><strong>dono.</strong></span> <span class='ocrx_word' id='word_1_976' title='bbox 3172 5321 3435 5394; x_wconf 74' lang='lat' dir='ltr'><strong>Prtecepta</strong></span> <span class='ocrx_word' id='word_1_977' title='bbox 3478 5341 3578 5378; x_wconf 91' lang='lat' dir='ltr'><strong>non</strong></span> <span class='ocrx_word' id='word_1_978' title='bbox 3628 5323 3743 5390; x_wconf 81' lang='lat' dir='ltr'><strong>ﬁeri</strong></span> 
     </span>
    </p>
   </div>
   <div class='ocr_carea' id='block_1_116' title="bbox 2157 5417 3741 5490">
    <p class='ocr_par' dir='ltr' id='par_1_116' title="bbox 2157 5417 3741 5490">
     <span class='ocr_line' id='line_1_116' title="bbox 2157 5417 3741 5490; baseline 0 -18"><span class='ocrx_word' id='word_1_979' title='bbox 2157 5418 2254 5472; x_wconf 85' lang='lat' dir='ltr'><strong>nisi</strong></span> <span class='ocrx_word' id='word_1_980' title='bbox 2279 5434 2337 5471; x_wconf 90' lang='lat' dir='ltr'><strong>eo</strong></span> <span class='ocrx_word' id='word_1_981' title='bbox 2365 5417 2514 5470; x_wconf 91' lang='lat' dir='ltr'><strong>dante</strong></span> <span class='ocrx_word' id='word_1_982' title='bbox 2542 5417 2629 5487; x_wconf 88' lang='lat' dir='ltr'><strong>qui</strong></span> <span class='ocrx_word' id='word_1_983' title='bbox 2653 5417 2898 5488; x_wconf 66' lang='lat' dir='ltr'><strong>praecipit.</strong></span> <span class='ocrx_word' id='word_1_984' title='bbox 2921 5417 3214 5473; x_wconf 87' lang='lat' dir='ltr'><strong>Obedientia</strong></span> <span class='ocrx_word' id='word_1_985' title='bbox 3251 5427 3296 5474; x_wconf 90' lang='lat' dir='ltr'><strong>et</strong></span> <span class='ocrx_word' id='word_1_986' title='bbox 3324 5421 3615 5490; x_wconf 70' lang='lat' dir='ltr'><strong>pwnitentia</strong></span> <span class='ocrx_word' id='word_1_987' title='bbox 3646 5437 3741 5489; x_wconf 88' lang='lat' dir='ltr'><strong>pa-</strong></span> 
     </span>
    </p>
   </div>
   <div class='ocr_carea' id='block_1_117' title="bbox 2157 5508 3738 5581">
    <p class='ocr_par' dir='ltr' id='par_1_117' title="bbox 2157 5508 3738 5581">
     <span class='ocr_line' id='line_1_117' title="bbox 2157 5508 3738 5581; baseline 0.003 -17"><span class='ocrx_word' id='word_1_988' title='bbox 2157 5511 2279 5565; x_wconf 87' lang='lat' dir='ltr'><strong>riter</strong></span> <span class='ocrx_word' id='word_1_989' title='bbox 2318 5511 2450 5564; x_wconf 81' lang='lat' dir='ltr'><strong>doau</strong></span> <span class='ocrx_word' id='word_1_990' title='bbox 2494 5508 2608 5562; x_wconf 91' lang='lat' dir='ltr'><strong>Dei.</strong></span> <span class='ocrx_word' id='word_1_991' title='bbox 2637 5508 2972 5580; x_wconf 85' lang='lat' dir='ltr'><strong>Quapropter</strong></span> <span class='ocrx_word' id='word_1_992' title='bbox 2999 5512 3112 5566; x_wconf 74' lang='lat' dir='ltr'><strong>hzec</strong></span> <span class='ocrx_word' id='word_1_993' title='bbox 3148 5513 3315 5581; x_wconf 89' lang='lat' dir='ltr'><strong>prima</strong></span> <span class='ocrx_word' id='word_1_994' title='bbox 3355 5513 3423 5568; x_wconf 80' lang='lat' dir='ltr'><strong>s&#39;it</strong></span> <span class='ocrx_word' id='word_1_995' title='bbox 3452 5513 3738 5569; x_wconf 62' lang='lat' dir='ltr'><strong>induenda}</strong></span> 
     </span>
    </p>
   </div>
   <div class='ocr_carea' id='block_1_118' title="bbox 2158 5603 3744 5678">
    <p class='ocr_par' dir='ltr' id='par_1_118' title="bbox 2158 5603 3744 5678">
     <span class='ocr_line' id='line_1_118' title="bbox 2158 5603 3744 5678; baseline 0.004 -20"><span class='ocrx_word' id='word_1_996' title='bbox 2158 5603 2468 5658; x_wconf 85' lang='lat' dir='ltr'><strong>humilitatis</strong></span> <span class='ocrx_word' id='word_1_997' title='bbox 2488 5605 2757 5675; x_wconf 87' lang='lat' dir='ltr'><strong>cogitatio,</strong></span> <span class='ocrx_word' id='word_1_998' title='bbox 2787 5619 2853 5660; x_wconf 88' lang='lat' dir='ltr'><strong>ne</strong></span> <span class='ocrx_word' id='word_1_999' title='bbox 2881 5622 2910 5658; x_wconf 88' lang='lat' dir='ltr'><strong>a</strong></span> <span class='ocrx_word' id='word_1_1000' title='bbox 2935 5619 2994 5661; x_wconf 89' lang='lat' dir='ltr'><strong>se</strong></span> <span class='ocrx_word' id='word_1_1001' title='bbox 3021 5605 3118 5661; x_wconf 83' lang='lat' dir='ltr'><strong>sibi</strong></span> <span class='ocrx_word' id='word_1_1002' title='bbox 3145 5617 3292 5678; x_wconf 85' lang='lat' dir='ltr'><strong>putet</strong></span> <span class='ocrx_word' id='word_1_1003' title='bbox 3320 5625 3441 5664; x_wconf 86' lang='lat' dir='ltr'><strong>esse</strong></span> <span class='ocrx_word' id='word_1_1004' title='bbox 3470 5607 3560 5663; x_wconf 90' lang='lat' dir='ltr'><strong>Dei</strong></span> <span class='ocrx_word' id='word_1_1005' title='bbox 3589 5608 3744 5678; x_wconf 86' lang='lat' dir='ltr'><strong>virgo</strong></span> 
     </span>
    </p>
   </div>
   <div class='ocr_carea' id='block_1_119' title="bbox 2157 5695 3741 5770">
    <p class='ocr_par' dir='ltr' id='par_1_119' title="bbox 2157 5695 3741 5770">
     <span class='ocr_line' id='line_1_119' title="bbox 2157 5695 3741 5770; baseline 0.005 -23"><span class='ocrx_word' id='word_1_1006' title='bbox 2157 5695 2297 5765; x_wconf 89' lang='lat' dir='ltr'><strong>quod</strong></span> <span class='ocrx_word' id='word_1_1007' title='bbox 2326 5696 2441 5750; x_wconf 87' lang='lat' dir='ltr'><strong>talis</strong></span> <span class='ocrx_word' id='word_1_1008' title='bbox 2467 5708 2569 5760; x_wconf 86' lang='lat' dir='ltr'><strong>est,</strong></span> <span class='ocrx_word' id='word_1_1009' title='bbox 2602 5714 2664 5753; x_wconf 90' lang='lat' dir='ltr'><strong>ac</strong></span> <span class='ocrx_word' id='word_1_1010' title='bbox 2690 5714 2792 5752; x_wconf 91' lang='lat' dir='ltr'><strong>non</strong></span> <span class='ocrx_word' id='word_1_1011' title='bbox 2818 5699 2992 5766; x_wconf 86' lang='lat' dir='ltr'><strong>potius</strong></span> <span class='ocrx_word' id='word_1_1012' title='bbox 3012 5699 3112 5754; x_wconf 90' lang='lat' dir='ltr'><strong>hoc</strong></span> <span class='ocrx_word' id='word_1_1013' title='bbox 3138 5701 3336 5754; x_wconf 88' lang='lat' dir='ltr'><strong>donum</strong></span> <span class='ocrx_word' id='word_1_1014' title='bbox 3360 5701 3618 5770; x_wconf 90' lang='lat' dir='ltr'><strong>optimum</strong></span> <span class='ocrx_word' id='word_1_1015' title='bbox 3642 5700 3741 5755; x_wconf 86' lang='lat' dir='ltr'><strong>de-</strong></span> 
     </span>
    </p>
   </div>
   <div class='ocr_carea' id='block_1_120' title="bbox 2159 5787 3738 5864">
    <p class='ocr_par' dir='ltr' id='par_1_120' title="bbox 2159 5787 3738 5864">
     <span class='ocr_line' id='line_1_120' title="bbox 2159 5787 3738 5864; baseline 0.004 -24"><span class='ocrx_word' id='word_1_1016' title='bbox 2159 5800 2318 5855; x_wconf 88' lang='lat' dir='ltr'><strong>super</strong></span> <span class='ocrx_word' id='word_1_1017' title='bbox 2343 5787 2668 5844; x_wconf 88' lang='lat' dir='ltr'><strong>descendere</strong></span> <span class='ocrx_word' id='word_1_1018' title='bbox 2692 5807 2719 5843; x_wconf 88' lang='lat' dir='ltr'><strong>a</strong></span> <span class='ocrx_word' id='word_1_1019' title='bbox 2750 5791 2905 5846; x_wconf 86' lang='lat' dir='ltr'><strong>Patre</strong></span> <span class='ocrx_word' id='word_1_1020' title='bbox 2944 5793 3222 5859; x_wconf 88' lang='lat' dir='ltr'><strong>luminum,</strong></span> <span class='ocrx_word' id='word_1_1021' title='bbox 3252 5793 3392 5864; x_wconf 85' lang='lat' dir='ltr'><strong>apud</strong></span> <span class='ocrx_word' id='word_1_1022' title='bbox 3430 5809 3590 5863; x_wconf 86' lang='lat' dir='ltr'><strong>quem</strong></span> <span class='ocrx_word' id='word_1_1023' title='bbox 3627 5809 3738 5854; x_wconf 80' lang='lat' dir='ltr'><strong>non</strong></span> 
     </span>
    </p>
   </div>
   <div class='ocr_carea' id='block_1_121' title="bbox 2228 5901 2970 5968">
    <p class='ocr_par' dir='ltr' id='par_1_121' title="bbox 2228 5901 2970 5968">
     <span class='ocr_line' id='line_1_121' title="bbox 2228 5901 2970 5968; baseline 0.004 -15"><span class='ocrx_word' id='word_1_1024' title='bbox 2228 5901 2970 5968; x_wconf 67' lang='grc' dir='ltr'><strong>ιεοιιαιιιιοων.,μιυ,ωεω.</strong></span> 
     </span>
    </p>
   </div>
  </div>
