4070 6334
268 459 357 517 421

274 585 344 629 est
371 571 780 640 transmutatio,
810 584 910 625 nec
937 539 1192 624 momenti
1219 564 1554 620 obumbratio
1580 562 1783 634 (Jacobi
1815 579 1852 629 1,

279 667 378 737 17).
405 663 481 720 Ita
508 665 659 719 enim
698 680 807 719 non
850 661 1050 732 putabit
1087 659 1352 715 modicum
1383 658 1481 712 sibi
1525 671 1643 710 esse
1669 655 1858 710 dimis-

279 775 406 818 sum,
443 767 502 811 ut
527 756 808 812 modicum
836 756 1018 826 diligat
1037 795 1050 814 .
1077 762 1132 807 et
1161 754 1408 823 ignorans
1435 750 1525 804 Dei
1554 749 1813 818 justitiam
1839 787 1855 814 ,

279 865 332 903 ac
353 864 499 903 suam
525 849 717 903 volens
742 848 1090 906 constituere.
1114 845 1334 915 justitize
1365 843 1454 896 Dei
1479 857 1582 895 non
1613 840 1860 909 subjicia-

281 951 372 995 tur.
406 939 460 992 ln
488 955 595 1009 quo
621 939 758 994 vitio
783 947 898 992 erat
916 937 1100 992 Simon
1131 937 1240 1001 ille,
1267 949 1422 1004 quem
1444 931 1714 1002 superavit
1743 947 1859 983 mu-

280 1033 372 1087 lier
395 1032 480 1086 cui
506 1031 729 1086 dimissa
761 1039 884 1084 sunt
923 1037 1138 1098 peccata
1182 1027 1364 1088 multa,
1395 1023 1642 1093 quoniam
1670 1021 1856 1075 dilexit

277 1127 517 1182 multum.
544 1123 652 1180 Sed
677 1123 888 1179 cautius
922 1131 975 1176 et
999 1122 1176 1175 verius
1201 1118 1454 1189 cogitabit
1480 1158 1494 1183 ,
1523 1116 1698 1169 omnia
1729 1129 1857 1183 pec—

277 1227 386 1272 cata
413 1217 494 1271 sic
520 1215 765 1270 habenda
793 1225 1042 1282 tanquam
1063 1213 1418 1274 dimittantur,
1450 1225 1478 1262 a
1503 1210 1693 1279 quibus
1720 1207 1858 1263 Deus

277 1310 500 1364 custodit
531 1309 1046 1364 ne'committantur.
1071 1303 1263 1361 Testes
1289 1313 1410 1360 sunt
1451 1317 1609 1357 voces
1653 1301 1854 1370 piarum

276 1401 704 1470 deprecationum
732 1399 784 1453 in
811 1399 1099 1468 Scripturis
1137 1396 1367 1463 sanctis,
1397 1395 1591 1464 quibus
1617 1391 1856 1445 ostendi-

276 1500 374 1553 tur,
400 1508 462 1545 ea
488 1493 600 1561 ipsa
625 1508 746 1561 qua:
776 1490 1156 1560 praecipiuntur
1197 1503 1226 1541 a
1259 1489 1388 1548 Deo,
1437 1500 1543 1538 non
1597 1484 1712 1538 fieri
1755 1479 1856 1536 nisi

274 1581 428 1636 dante
453 1591 613 1654 atque
638 1569 920 1651 adjuvante
952 1581 1040 1651 qui
1070 1580 1326 1649 prmcipit.
1367 1576 1687 1630 Mendaciler
1713 1575 1857 1628 enim

274 1684 541 1744 petuntur,
565 1675 609 1730 si
630 1691 693 1728 ea
715 1691 821 1728 non
843 1674 1128 1742 adjuvante
1149 1674 1263 1741 ejus
1285 1671 1450 1740 gratia
1475 1670 1647 1724 facere
1675 1683 1857 1736 posse-

276 1782 407 1821 mus.
448 1767 586 1834 Quid
629 1776 734 1820 tam
778 1766 1099 1834 generaliter
1136 1763 1470 1830 maximeque
1516 1760 1851 1830 prmcipitnr,

273 1871 424 1924 quam
451 1857 752 1914 obedientia
782 1872 884 1925 qua
913 1853 1286 1909 custodiuntur
1322 1851 1570 1905 mandata
1613 1851 1746 1903 Dci‘t
1789 1850 1856 1904 Et

275 1954 444 2000 tamen
473 1944 610 1999 hanc
641 1947 946 2000 invenimus
976 1945 1146 2015 optari
1178 1961 1192 1998 :
1221 1942 1321 2009 Tu,
1352 1942 1544 2012 inquit,
1575 1941 1856 2011 praecepisti

273 2035 508 2088 mandata
531 2047 616 2088 tua
646 2035 889 2102 custodiri
913 2035 1081 2088 nimis.
1111 2033 1315 2087 Deinde
1336 2033 1575 2100 sequitur
1606 2049 1616 2083 :
1647 2029 1692 2085 U
1698 2033 1856 2084 tinam

273 2126 554 2197 dirigantur
599 2128 694 2181 vite
743 2143 904 2190 ntere,
956 2127 1022 2178 at!
1068 2125 1422 2178 custodiendas
1463 2123 1855 2194 justiﬁcatioues

274 2227 381 2270 tuas
410 2233 430 2267 :
458 2227 577 2269 tunc
602 2235 702 2270 non
729 2218 1038 2288 confundor,
1070 2218 1190 2268 dum
1213 2215 1424 2284 inspicio
1446 2215 1496 2266 in
1527 2215 1694 2267 omnia
1721 2231 1874 2284 man-ﬁ

274 2307 386 2358 data
417 2317 504 2359 tua
545 2305 714 2376 (Psal.
747 2323 924 2372 cxvnt,
969 2307 1113 2376 4-6).
1146 2305 1296 2374 Quod
1333 2305 1496 2359 Deum
1538 2305 1856 2373 praecepisse

273 2412 426 2467 supra
457 2399 668 2467 posuit,
700 2398 803 2451 hoc
844 2408 896 2450 111
925 2415 952 2450 a
985 2415 1042 2452 se
1085 2398 1391 2466 impleretur
1436 2396 1453 2428 ¹
1487 2395 1705 2466 optavit.
1747 2395 1854 2449 lloc

273 2488 326 2541 ﬁt
348 2490 532 2558 utique
563 2504 629 2543 ne
662 2498 908 2558 peccetur
941 2506 954 2542 :
987 2488 1126 2558 quod
1149 2490 1190 2541 si
1219 2496 1491 2557 peccatum
1521 2487 1695 2550 fuerit,
1725 2503 1855 2554 pra:-

271 2578 461 2647 cipitur
514 2587 571 2632 ut
615 2579 904 2648 poeniteat;
948 2594 1016 2632 ne
1057 2578 1367 2632 defensione
1411 2589 1462 2632 et
1513 2578 1854 2631 excusatione

275 2670 472 2738 peccati
520 2679 706 2738 pereat
741 2667 1096 2738 superbiendo
1121 2670 1208 2738 qui
1239 2667 1395 2731 fecit,
1423 2667 1546 2721 dum
1596 2683 1700 2721 non
1739 2667 1856 2720 vult

273 2761 578 2829 pmnitendo
607 2763 782 2831 perire
811 2762 951 2830 quod
984 2761 1127 2816 fecit.
1171 2761 1346 2814 Etiam
1377 2761 1476 2814 hoc
1515 2775 1545 2813 a
1579 2759 1688 2813 Deo
1713 2759 1853 2829 peti-

271 2863 372 2919 tur,
407 2864 466 2908 ut
493 2855 826 2924 intelligatur
855 2869 958 2907 non
991 2853 1128 2918 fieri,
1155 2854 1256 2908 nisi
1279 2869 1344 2908 eo
1369 2861 1657 2923 przestante
1687 2867 1717 2905 a
1746 2867 1854 2922 quo

273 2948 481 3015 petitur.
509 2943 675 3013 Pone,
699 2945 897 3016 inquit,
932 2946 1145 2999 Domine
1164 2987 1178 3011 ,
1214 2946 1496 3000 custodiam
1525 2947 1600 2999 ori
1624 2962 1732 2999 meo
1752 2987 1766 3011 ,
1805 2955 1854 2999 et

273 3041 447 3093 ostium
487 3041 812 3094 continentia:
848 3040 1036 3092 circum
1064 3039 1197 3092 labia
1224 3055 1336 3091 mea
1363 3055 1382 3093 .'
1410 3055 1471 3092 ne
1512 3038 1729 3092 declines
1768 3054 1856 3090 cor

274 3147 430 3183 meum
468 3131 521 3184 in
559 3129 707 3183 verba
739 3132 962 3201 maligna
985 3171 1000 3196 ,
1044 3129 1112 3183 ad
1139 3130 1483 3183 excusandum
1509 3132 1854 3183 excusationes

273 3222 322 3275 in
369 3223 626 3290 peccatis,
677 3238 794 3276 cum
839 3222 1118 3276 hominibus
1170 3221 1493 3291 operantibus
1541 3221 1854 3289 iniquttatem

272 3313 436 3382 (Psal.
460 3329 585 3376 cn,
607 3315 663 3380 5,
691 3315 772 3384 4).
803 3313 857 3368 Si
883 3329 1008 3384 ergo
1033 3321 1086 3367 et
1114 3313 1414 3367 obedientia
1437 3327 1534 3381 qua
1567 3311 1683 3380 ejus
1707 3325 1856 3364 man-

273 3407 386 3460 data
411 3421 711 3472 servamus,
744 3417 796 3461 et
825 3407 1134 3475 paenitentia
1164 3422 1265 3476 qua
1295 3414 1512 3474 peccata
1537 3412 1715 3458 nostra
1746 3418 1853 3457 non

272 3513 608 3565 excusantus,
647 3499 741 3554 sed
772 3513 1107 3564 accusamus,
1148 3509 1364 3568 Optatnr
1393 3509 1444 3552 et
1473 3499 1701 3569 petitur;
1745 3513 1856 3550 ma-

273 3591 516 3643 nifestum
547 3601 631 3644 est
656 3591 778 3659 quia
806 3606 927 3645 cum
957 3592 1036 3657 lit,
1069 3591 1160 3644 illo
1180 3591 1340 3644 dante
1369 3589 1615 3653 habetur,
1642 3589 1733 3644 illo
1761 3587 1856 3642 ad-

269 3682 482 3750 juvante
529 3683 850 3752 completur.
902 3684 1152 3752 Apertius
1196 3683 1354 3737 etiam
1398 3683 1590 3736 dicitur
1640 3690 1856 3750 propter

273 3775 650 3839 obedientiam,
687 3775 724 3826 Α
763 3773 974 3828 Domino
999 3791 1196 3846 gressus
1220 3775 1440 3828 hominis
1463 3775 1772 3844 diriguntur,
1809 3781 1858 3828 et

273 3867 396 3918 riam
423 3869 534 3938 ejus
569 3867 696 3919 volet
744 3864 917 3937 (Psal.
961 3881 1124 3921 xxxvi
1149 3908 1162 3930 ,
1202 3866 1294 3937 25)
1330 3885 1342 3920 :
1373 3866 1520 3920 etde
1547 3866 1856 3936 paenitentia

271 3956 392 4010 dicit
433 3958 756 4025 Apostolus,
801 3955 886 4010 Ne
915 3959 1044 4029 forte
1081 3957 1164 4012 det
1191 3955 1297 4012 illis
1333 3955 1471 4012 Deus
1511 3957 1857 4028 paenitentiam

277 4047 338 4116 (ll
363 4047 494 4100 Tim.
520 4064 586 4112 u,
614 4047 728 4118 25).

338 4142 426 4195 65.
461 4141 538 4194 De
559 4143 670 4209 ipsa
695 4141 852 4194 etiam
883 4141 1204 4195 continentia
1226 4156 1402 4196 nonne
1423 4143 1755 4211 apertissime
1775 4141 1856 4195 di-

271 4244 408 4287 ctum
431 4243 547 4288 est:
578 4233 641 4287 Et
663 4251 776 4288 cum
798 4235 971 4288 scirem
991 4235 1109 4303 quia
1130 4250 1273 4288 nemo
1294 4245 1450 4306 potest
1473 4251 1578 4290 esse
1598 4237 1855 4290 continens

275 4328 368 4380 nisi
391 4327 530 4381 Deus
559 4328 642 4380 det
663 4370 675 4390 ,
708 4337 753 4380 et
777 4329 872 4380 hoc
899 4329 1067 4397 ipsum
1109 4340 1214 4382 erat
1239 4330 1500 4398 sapientia?
1517 4373 1531 4396 ,
1559 4332 1688 4385 scire
1713 4331 1858 4402 cujus

275 4427 392 4471 esset
421 4421 517 4470 hoc
547 4418 736 4470 donum
763 4415 914 4486 (Sap.
946 4434 1032 4472 vtu
1055 4461 1067 4482 ,
1098 4418 1232 4489 2|)?

344 4507 572 4564 CAPUT
606 4507 760 4562 XLII.
793 4539 861 4548 -—
888 4507 1207 4563 Continentia
1231 4511 1349 4563 item
1377 4520 1424 4564 et
1451 4513 1698 4581 sapientia
1727 4528 1857 4565 non-

277 4601 414 4653 nisia
434 4599 540 4654 Deo
566 4611 884 4668 praestantur.
915 4601 1019 4656 Sed
1042 4603 1176 4656 forte
1203 4604 1524 4658 continentia
1547 4605 1742 4658 donum
1763 4604 1859 4658 Dei

279 4703 386 4756 est,
414 4695 732 4764 sapientiam
766 4709 892 4748 vero
918 4694 1013 4748 sibi
1059 4695 1168 4764 ipse
1201 4695 1359 4748 1101110
1391 4706 1606 4765 [1111³51111
1627 4739 1641 4760 ,
1673 4714 1771 4767 qua
1801 4697 1862 4751 il-

279 4785 360 4837 Iud
387 4786 588 4840 donum
618 4803 720 4840 non
753 4803 907 4841 suum
930 4831 943 4853 ,
974 4790 1067 4843 sed
1095 4789 1186 4844 Dei
1230 4806 1346 4844 05M:
1376 4805 1677 4862 cognoscat.
1709 4795 1819 4848 lmo
1842 4837 1858 4861 ,

279 4874 526 4932 Dominus
549 4880 800 4951 sapientes
829 4877 950 4947 facit
976 4897 1130 4935 ctecos
1156 4881 1323 4955 (I’sal.
1355 4898 1514 4946 CXLV,
1549 4883 1602 4955 8)
1629 4902 1640 4947 ;
1669 4895 1741 4948 et,
1765 4883 1862 4939 Te-

278 4971 568 5024 stimonium
594 4961 804 5024 Domini
848 4971 1026 5040 ﬁdele,
1060 4974 1359 5043 sapientiam
1403 4983 1609 5046 privstat
1639 4974 1862 5045 parvulis

281 5062 447 5132 (Psal.
481 5079 606 5117 xvm
629 5106 643 5129 ,
689 5063 782 5134 8);
816 5073 904 5130 et,
934 5065 993 5118 Si
1016 5066 1126 5132 quis
1155 5066 1342 5135 indiget
1371 5066 1618 5136 sapientia
1638 5108 1652 5132 ,
1683 5077 1861 5137 postu-

281 5155 345 5207 let
373 5172 404 5208 a
433 5155 542 5209 Deo
565 5197 579 5219 ,
612 5156 697 5224 qui
721 5155 812 5208 dat
839 5155 1068 5209 omnibus
1093 5157 1348 5226 affluenter
1366 5198 1382 5223 ,
1416 5167 1462 5210 et
1484 5175 1581 5211 non
1605 5159 1861 5229 imprope-

281 5255 394 5309 rat;
422 5257 467 5300 et
495 5247 698 5299 dubitur
727 5245 772 5299 ei
801 5243 1000 5317 (Jacobi
1029 5261 1076 5309 1,
1110 5246 1187 5317 5).
1234 5247 1509 5317 Sapientes
1539 5259 1715 5304 autem
1745 5265 1864 5305 esse

283 5333 514 5406 virgines
561 5336 746 5401 decet,
799 5351 865 5389 ne
913 5337 1185 5406 lampades
1232 5353 1411 5391 earnm
1460 5341 1866 5410 exstinguantur

285 5425 494 5496 (Matth.
527 5443 660 5494 xxv,
684 5427 758 5497 4).
784 5426 1062 5495 Quomodo
1089 5430 1374 5499 sapientes,
1408 5431 1508 5484 nisi
1536 5449 1634 5485 non
1656 5433 1760 5485 alta
1782 5447 1865 5485 sa-

187 5549 194 5560 ι
284 5521 490 5589 pientes,
512 5521 602 5575 sed
626 5521 900 5574 humilibus
925 5524 1280 5576 consentientes
1305 5523 1478 5592 (Rom.
1508 5539 1600 5591 xu,
1628 5523 1752 5597 16)?
1775 5525 1866 5579 [11-

283 5613 358 5664 xit
384 5613 524 5667 enim
557 5612 750 5666 homini
775 5613 884 5681 ipsa
913 5615 1199 5682 Sapientia,
1230 5614 1360 5669 Ecce
1384 5617 1542 5687 pietas
1572 5626 1643 5670 est
1666 5619 1867 5687 sapien-

287 5707 358 5759 tia
381 5707 500 5776 (Job
521 5724 704 5771 xxvm,
737 5708 854 5776 28).
887 5707 942 5762 Si
968 5723 1092 5778 ergo
1121 5709 1250 5763 nihil
1285 5709 1447 5764 habes
1473 5709 1611 5778 quod
1640 5725 1742 5764 non
1771 5726 1862 5765 ac-

287 5798 504 5866 cepisti,
535 5798 640 5853 noli
664 5800 828 5852 altum
845 5816 1058 5865 sapere,
1083 5800 1170 5854 sed
1193 5801 1310 5854 time
1335 5801 1510 5868 (Rom.
1539 5817 1592 5854 st
1611 5843 1626 5867 ,
1658 5802 1770 5872 20).
1799 5801 1869 5858 Et

355 5910 1348 5976 'Sichueditbutinseimpleretur.

1690 445 1892 504 LIBER
1931 443 2128 504 UNUS.

3442 453 3550 515 4'29

1969 561 2076 616 noli
2102 561 2368 620 modicum
2396 562 2615 637 diligere
2635 609 2649 632 ,
2677 567 2827 637 quasi
2855 581 2884 621 a
2910 584 3016 638 quo
3049 569 3142 625 tibi
3171 569 3436 629 modicum
3461 576 3548 630 di-

1966 657 2186 712 missum
2213 669 2292 713 cst
2313 678 2326 715 :
2348 660 2441 715 sed
2471 661 2644 729 potius
2672 661 2895 715 multum
2923 662 3104 732 dilige,
3125 680 3277 734 aquo
3306 667 3396 721 tibi
3415 668 3549 722 ntul-

1967 757 2077 801 tum
2111 749 2360 804 tributmn
2390 761 2488 806 est.
2521 752 2574 808 Si
2608 753 2747 807 enim
2779 753 2967 825 diligit,
2987 756 3072 810 cui
3097 755 3348 812 donatum
3381 770 3549 816 estne

1966 838 2246 903 redderet;
2278 851 2475 909 quanto
2507 845 2673 913 magis
2698 843 2856 898 debet
2884 845 3139 915 diligere,
3182 849 3263 901 cui
3294 849 3546 904 donatum

1965 939 2046 983 est
2074 940 2129 983 ut
2159 931 2556 987 liaberet?Nam
2587 943 2639 987 et
2668 937 2907 1006 quisquis
2931 937 2998 989 ab
3016 938 3164 992 initio
3191 942 3552 1010 pudicusper-

1965 1033 2160 1090 manet,
2191 1026 2257 1078 ab
2289 1025 2375 1078 illo
2403 1028 2634 1096 regitur;
2665 1036 2718 1081 et
2741 1030 2982 1098 quisquis
3007 1045 3072 1083 ex
3102 1031 3367 1100 impudico
3393 1033 3547 1103 pudi-

1963 1129 2056 1168 cus
2089 1114 2165 1178 fit,
2196 1115 2262 1169 ab
2291 1117 2379 1171 illo
2408 1119 2723 1190 corrigitur;
2756 1130 2808 1174 et
2836 1121 3074 1190 quisquis
3108 1141 3273 1194 usque
3305 1125 3354 1179 111
3389 1125 3548 1180 linem

1965 1205 2260 1274 impudicus
2285 1217 2400 1273 est,
2431 1210 2496 1263 ab
2537 1211 2628 1266 illo
2655 1209 2938 1266 deseritur.
2975 1213 3086 1267 IIoc
3120 1225 3295 1269 autem
3329 1215 3415 1269 ille
3453 1232 3548 1270 oe—

1963 1299 2106 1351 culto
2127 1298 2327 1368 judicio
2356 1299 2526 1356 facere
2559 1311 2752 1372 potest,
2775 1304 2954 1373 iniquo
2982 1321 3085 1357 non
3118 1313 3293 1376 potest
3325 1323 3338 1358 :
3371 1307 3550 1361 ell'or-

1965 1395 2104 1441 tasse.
2136 1389 2254 1443 ideo
2295 1392 2452 1458 latet,
2490 1403 2539 1447 ut
2575 1394 2690 1463 plus
2737 1395 3017 1461 timeatur,
3049 1403 3103 1450 et
3147 1397 3323 1452 minus
3353 1413 3545 1468 super-

1962 1479 2156 1534 biatur.

2031 1571 2256 1627 CAPUT
2286 1571 2467 1627 XLIII.
2501 1604 2572 1614 —
2599 1576 2687 1630 41.
2724 1573 2800 1629 De
2841 1575 2951 1645 ipso
2991 1575 3086 1630 Dei
3117 1577 3250 1630 dono
3287 1589 3350 1630 ne
3373 1595 3427 1632 se
3456 1594 3544 1631 ex-

1961 1662 2139 1715 tollant
2183 1665 2415 1734 virgines.
2452 1666 2650 1720 Dcinde
2675 1667 2783 1737 jam
2827 1668 3003 1722 sciens
3034 1667 3226 1734 homo,
3256 1671 3422 1739 gratia
3454 1671 3546 1726 Dei

1962 1769 2018 1807 se
2057 1769 2174 1808 esse
2203 1755 2340 1824 quod
2373 1765 2453 1810 est
2475 1798 2487 1821 ,
2534 1774 2639 1811 non
2672 1757 2866 1812 incidat
2895 1761 2945 1812 in
2987 1761 3148 1813 alium
3179 1763 3439 1829 superbiae
3473 1763 3549 1816 la-

1960 1858 2186 1913 queum,
2233 1857 2289 1898 ut
2319 1845 2384 1899 tle
2412 1845 2521 1914 ipsa
2555 1847 2645 1902 Dei
2690 1851 2855 1919 gratia
2895 1865 2952 1903 se
2982 1852 3287 1905 extollendo
3330 1863 3547 1922 spernat

1959 1947 2201 1991 Caeteros.
2235 1939 2352 2006 Quo
2378 1941 2505 1994 vitio
2533 1941 2667 1995 alius
2689 1943 2706 1974 ¹
2740 1941 2827 1996 11111
2855 1943 3149 2012 pharisaeus
3169 1986 3184 2008 ,
3213 1955 3266 1999 et
3295 1945 3362 1999 de
3388 1947 3546 2001 bonis

1959 2043 2076 2096 qua:
2104 2027 2331 2083 habebat
2373 2031 2478 2083 Deo
2505 2033 2701 2100 gratias
2741 2033 2962 2102 agebat,
2991 2043 3043 2088 et
3071 2043 3246 2088 tamen
3293 2051 3349 2088 se
3387 2051 3548 2104 super

1961 2122 2296 2190 publicanum
2317 2133 2527 2191 peccata
2552 2125 2892 2180 conﬁtentem
2915 2127 3206 2180 extollebat
3227 2126 3374 2198 (Luc.
3395 2144 3543 2194 xvnt,

1961 2213 2171 2282 IO-M).
2212 2213 2347 2280 Quid
2379 2214 2536 2284 igitur
2576 2214 2731 2270 facim
2759 2217 2940 2286 virgo,
2973 2217 3097 2286 quid
3127 2220 3358 2288 cogitet,
3393 2234 3461 2273 ne
3487 2234 3547 2275 se

1959 2299 2179 2357 extonat
2204 2319 2364 2373 super
2389 2320 2482 2358 eos
2510 2305 2594 2360 vel
2638 2323 2729 2361 eas
2754 2323 2872 2376 qua:
2905 2306 3006 2361 hoc
3034 2317 3138 2361 tam
3171 2325 3361 2378 magno
3404 2309 3546 2364 dono

1959 2395 2177 2448 carent?
2202 2393 2385 2464 Neque
2414 2396 2556 2450 enim
2588 2397 2840 2452 simulare
2866 2398 3026 2452 debet
3050 2398 3420 2466 humilitatem,
3451 2401 3548 2455 sed

1959 2487 2208 2541 exhibere
2244 2506 2255 2540 :
2290 2505 2408 2541 nam
2441 2490 2707 2544 simulatio
2739 2489 3052 2545 humilitatis
3097 2492 3268 2562 major
3297 2493 3546 2563 superbia

1959 2589 2059 2632 est.
2094 2579 2601 2649 ldcirco‘Scriptura
2629 2583 2812 2637 volens
2838 2583 3120 2638 ostendere
3153 2600 3395 2639 veracem
3442 2583 3545 2638 1111-

1962 2670 2234 2723 tnilitatem
2265 2686 2381 2725 esse
2413 2682 2660 2741 nportere
2681 2715 2694 2738 ,
2741 2689 2862 2727 cum
2893 2673 3150 2740 dixisset,
3185 2673 3387 2742 Quanto
3431 2692 3546 2728 ma-

1957 2779 2085 2832 gnus
2127 2778 2216 2827 es,
2273 2771 2411 2816 lauto
2460 2763 2672 2818 humilia
2721 2775 2767 2817 te
2817 2767 2870 2819 in
2920 2765 3190 2830 omnibus;
3239 2783 3363 2823 mox
3409 2781 3545 2837 quo-

1957 2870 2061 2923 que
2089 2854 2352 2920 subdidit,
2406 2864 2451 2907 et
2479 2873 2650 2910 coram
2693 2855 2802 2909 Deo
2831 2857 3049 2911 invenies
3077 2859 3293 2928 gratiam
3337 2855 3543 2931 (Eccli.

1960 2962 2063 3012 111,
2113 2945 2232 3019 20)
2279 2963 2293 2999 :
2345 2948 2525 3018 utique
2568 2950 2656 3004 ubi
2706 2964 2763 3003 se
2810 2945 3072 3005 fallaciter
3115 2949 3391 3005 humiliare
3438 2965 3546 3006 non

1958 3051 2157 3111 posset.

2028 3131 2256 3186 CAPUT
2285 3131 2467 3185 XLIV.
2503 3145 2569 3171 —‘-
2597 3133 2685 3186 45.
2724 3132 2861 3198 Quid
2889 3132 3210 3201 cogitandum
3239 3133 3423 3202 virgini
3443 3173 3456 3196 ,
3490 3141 3547 3187 ut

1958 3223 2196 3290 veraciter
2224 3240 2276 3276 se
2302 3239 2400 3276 non
2427 3222 2611 3275 audeat
2642 3225 2839 3275 mulieri
2865 3225 2939 3276 vel
2965 3225 3250 3295 conjugutte
3278 3227 3540 3295 praeferre.

1959 3314 2188 3368 Proinde
2216 3315 2340 3384 quid
2371 3316 2648 3370 dicemus?
2677 3315 2843 3370 Estne
2872 3317 3068 3386 aliquid
3099 3317 3237 3387 quod
3268 3319 3414 3387 virgo
3453 3315 3544 3373 Dei

1959 3407 2218 3462 veraciter
2245 3409 2472 3478 cogitet,
2505 3407 2644 3461 unde
2670 3424 2727 3461 se
2761 3408 2899 3461 lldeli
2932 3409 3139 3462 iuulicri
3163 3452 3175 3474 ,
3207 3425 3312 3464 non
3341 3420 3544 3464 tantum

1959 3499 2149 3562 vidum,
2180 3516 2361 3552 verum
2392 3501 2549 3551 etiam
2577 3500 2871 3569 conjngatae
2905 3497 3154 3568 pra-ferre
3186 3516 3288 3554 11011
3316 3501 3546 3554 audeat?

1958 3589 2072 3646 Non
2101 3606 2201 3660 ego
2237 3589 2516 3659 reprobant
2545 3591 2666 3642 dico
2701 3608 2712 3643 :
2749 3606 2869 3644 nam
2901 3591 3018 3658 quis
3058 3592 3260 3645 neseiat
3287 3591 3546 3645 obedien-

1961 3693 2066 3739 tem
2098 3685 2375 3738 mulierem
2405 3683 2726 3737 inobedienti
2753 3683 2942 3751 virgini
2974 3679 3418 3753 pra-ponendam?
3441 3683 3544 3738 Sed

1959 3791 2078 3830 cum
2107 3775 2278 3828 amba:
2309 3783 2430 3828 sunt
2455 3773 2769 3828 obedien'tcs
2794 3774 3073 3845 prteceptis
3104 3774 3227 3841 Dei,
3272 3774 3412 3829 itane
3443 3786 3548 3829 tre-

1960 3867 2164 3939 pidabit
2205 3876 2440 3920 sanctam
2472 3865 2827 3934 virginitatem
2858 3865 3018 3920 etiam
3065 3866 3225 3919 castis
3254 3867 3448 3934 nuptiis
3494 3877 3548 3921 et

1961 3962 2339 4015 continentiam
2373 3959 2623 4028 praeferre
2660 3960 2926 4014 connubio
2947 4001 2960 4025 ,
3005 3958 3231 4013 fructum
3261 3969 3546 4014 centenum

1903 4109 1908 4114 _
1963 4053 2150 4121 przeire
2198 4052 2436 4105 triceno?
2466 4051 2577 4104 Imo
2605 4067 2734 4104 vero
2778 4066 2883 4104 non
2915 4050 3119 4104 dubitet
3159 4049 3296 4104 hanc
3330 4067 3439 4105 rem
3473 4051 3546 4104 illi

1961 4145 2038 4200 rei
2067 4160 2390 4214 prarponere.
2423 4144 2544 4198 1111111
2579 4153 2751 4197 tamen
2785 4143 2866 4196 vel
2901 4144 3010 4196 haec
3041 4144 3186 4212 virgo
3213 4143 3464 4198 obediens
3497 4154 3548 4197 et

1965 4235 2129 4288 Deum
2163 4233 2352 4287 timens
2373 4276 2386 4297 ,
2419 4234 2493 4287 illi
2523 4235 2600 4286 vel
2643 4235 2716 4287 illi
2751 4233 2955 4290 mulieri
2985 4234 3251 4287 obedienti
3294 4246 3347 4287 et
3379 4234 3544 4288 Deum

1966 4326 2168 4382 timenti
2189 4343 2245 4381 se
2268 4325 2533 4380 anteferre
2555 4342 2660 4379 non
2689 4326 2879 4378 audeat
2903 4341 2915 4376 :
2941 4325 3170 4393 alioquin
3202 4341 3307 4377 non
3330 4325 3548 4379 111111111-

1965 4421 2124 4484 milis,
2144 4430 2196 4474 et
2223 4419 2358 4473 Deus
2382 4419 2610 4488 superbis
2636 4419 2822 4472 resistit
2842 4416 3047 4485 (Jacobi
3075 4433 3146 4482 tv,
3167 4417 3239 4485 6).
3271 4417 3404 4485 Quid
3423 4433 3550 4487 ergo

1965 4511 2487 4581 cogitabil?0ceulta
2519 4509 2724 4564 scilicet
2753 4510 2890 4564 dona
2923 4509 3045 4573 Dei,
3079 4525 3197 4579 qua:
3229 4511 3437 4562 nonnisi
3471 4509 3551 4562 in-

1967 4609 2252 4678 terrogatio
2281 4608 2587 4662 tentationis
2607 4649 2620 4672 ,
2653 4608 2811 4661 etiam
2845 4607 2896 4658 in
2920 4607 3238 4674 semetipso,
3268 4605 3552 4674 unicuique

1966 4701 2261 4756 declarat’.
2295 4699 2364 4755 Ut
2393 4700 2531 4752 enim
2561 4706 2752 4753 czrtera
2785 4707 3023 4762 taceam;
3059 4697 3197 4751 unde
3223 4697 3323 4751 scit
3363 4696 3510 4766 virgo
3539 4740 3550 4758 ,

1967 4794 2206 4860 quamvis
2233 4792 2454 4845 sollicita
2488 4807 2605 4860 quae
2634 4800 2757 4842 sunt
2785 4789 2987 4842 Domini
3010 4831 3023 4854 ,
3054 4788 3321 4857 qutnnodo
3348 4787 3554 4856 placeat

1968 4883 2193 4938 Domino
2221 4881 2260 4952 (I
2287 4882 2403 4937 Cor.
2432 4899 2524 4946 vu,
2557 4879 2668 4952 35!),
2701 4897 2768 4934 ne
2799 4882 2930 4935 forte
2957 4889 3172 4950 propter
3196 4881 3422 4948 aliquam
3447 4875 3550 4930 sibi

1937 4967 1941 4969 ’
1969 4975 2286 5044 incognitam
2315 4973 2506 5028 mentis
2536 4973 2894 5027 inﬁrmitatem
2916 5014 2931 5038 ,
2976 4971 3208 5026 nondum
3250 4969 3316 5023 sit
3343 4975 3548 5021 matura

1969 5069 2254 5140 martyrio,
2288 5068 2374 5122 illa
2402 5082 2529 5120 vero
2560 5067 2748 5120 mulier
2772 5067 2858 5119 cui
2883 5081 2940 5119 se
2971 5064 3222 5134 praeferre
3249 5059 3548 5131 gestiebat,

1964 5161 2074 5230 jam
2099 5159 2260 5229 possit
2285 5159 2468 5213 bibere
2495 5158 2712 5212 calicem
2732 5157 3012 5211 dominica:
3043 5153 3370 5215 humilitatis,
3389 5151 3552 5222 quem

1971 5255 2117 5323 prius
2169 5252 2453 5307 bibendmn
2508 5251 2784 5319 disripnlis
2833 5249 3156 5302 amatoribus
3212 5246 3554 5302 sublimitatis

1970 5347 2216 5416 opposuit
2259 5343 2484 5418 (Matth.
2520 5359 2586 5397 xx
2609 5384 2624 5410 ,
2647 5343 2718 5395 ‘22
2743 5342 2806 5409 )‘?
2848 5339 3016 5404 Unde,
3055 5340 3284 5409 inquam,
3321 5338 3458 5404 scit,
3485 5355 3551 5395 ne

1972 5438 2108 5494 forte
2158 5439 2269 5507 ipsa
2323 5435 2556 5492 nondum
2608 5434 2678 5490 sit
2722 5432 2938 5498 Thecla,
2987 5430 3100 5500 jam
3146 5432 3216 5486 sit
3267 5431 3356 5486 illa
3401 5428 3554 5486 Cris-

1973 5531 2095 5602 pina
2127 5528 2253 5604 (a)?

2036 5668 2050 5699 ¹
2079 5662 2298 5715 Nonnulli
2322 5671 2450 5722 Mss,
2467 5659 2594 5711 altus

2035 5731 2056 5760 ί
2080 5729 2217 5787 Editi,
2249 5737 2362 5788 qua:
2599 5719 2970 5788 interrogatione
3003 5721 3270 5772 tentattmn's
3306 5721 3454 5773 etiam
3483 5723 3557 5772 se;

1973 5785 2226 5848 metipsum
2249 5785 2502 5848 unicuique
2528 5785 2797 5835 declarant.
2820 5787 3120 5847 Castigantur
3147 5798 3208 5833 ex

2038 5847 2108 5913 (a)
2143 5849 2318 5900 Thecla
2342 5847 2477 5913 n'rgo
2502 5848 2824 5913 percelebris,
2851 5861 2960 5910 (μην
2980 5848 3072 5895 sub
3095 5855 3290 5913 Nerone
3308 5847 3449 5907 ignes
3470 5857 3558 5913 pro

2189 5926 2245 5964 ac
2480 5906 2610 5962 vicit.
2643 5906 3008 5975 (Irtsyiha'vero
3043 5906 3219 5958 mulier
3240 5906 3559 5970 Tbagarenlil
