  <div class='ocr_page' id='page_1' title='image "/cluster/home/n/w/nwhite01/storage/ocr_20150623/40/hvd.32044024147290/217.png"; bbox 0 0 4070 6334; ppageno 0'>
   <div class='ocr_carea' id='block_1_1' title="bbox 469 393 581 453">
    <p class='ocr_par' dir='ltr' id='par_1_1' title="bbox 469 393 581 453">
     <span class='ocr_line' id='line_1_1' title="bbox 469 393 581 453; baseline 0.027 -3"><span class='ocrx_word' id='word_1_1' title='bbox 469 393 581 453; x_wconf 63' lang='grc'><strong>823</strong></span> 
     </span>
    </p>
   </div>
   <div class='ocr_carea' id='block_1_2' title="bbox 540 478 2066 570">
    <p class='ocr_par' dir='ltr' id='par_1_2' title="bbox 540 478 2066 570">
     <span class='ocr_line' id='line_1_2' title="bbox 540 478 2066 570; baseline -0.01 -6"><span class='ocrx_word' id='word_1_2' title='bbox 540 502 768 565; x_wconf 83' lang='lat' dir='ltr'><strong>CAPUT</strong></span> <span class='ocrx_word' id='word_1_3' title='bbox 796 500 958 559; x_wconf 78' lang='lat' dir='ltr'><strong>XLV.</strong></span> <span class='ocrx_word' id='word_1_4' title='bbox 989 529 1061 542; x_wconf 91' lang='lat'><strong>—-</strong></span> <span class='ocrx_word' id='word_1_5' title='bbox 1088 498 1309 555; x_wconf 75' lang='lat' dir='ltr'><strong><em>Fructus</em></strong></span> <span class='ocrx_word' id='word_1_6' title='bbox 1331 510 1587 565; x_wconf 88' lang='lat' dir='ltr'><strong>centenus,</strong></span> <span class='ocrx_word' id='word_1_7' title='bbox 1608 514 1884 570; x_wconf 74' lang='lat' dir='ltr'><strong>sexagenus</strong></span> <span class='ocrx_word' id='word_1_8' title='bbox 1904 478 1949 551; x_wconf 83' lang='lat' dir='ltr'><strong>et</strong></span> <span class='ocrx_word' id='word_1_9' title='bbox 1973 495 2066 550; x_wconf 85' lang='lat' dir='ltr'><strong>tri-</strong></span> 
     </span>
    </p>
   </div>
   <div class='ocr_carea' id='block_1_3' title="bbox 469 589 2065 658">
    <p class='ocr_par' dir='ltr' id='par_1_3' title="bbox 469 589 2065 658">
     <span class='ocr_line' id='line_1_3' title="bbox 469 589 2065 658; baseline -0.01 0"><span class='ocrx_word' id='word_1_10' title='bbox 469 618 621 658; x_wconf 84' lang='lat' dir='ltr'><strong>cenas</strong></span> <span class='ocrx_word' id='word_1_11' title='bbox 645 598 782 655; x_wconf 83' lang='lat' dir='ltr'><strong>varie</strong></span> <span class='ocrx_word' id='word_1_12' title='bbox 809 595 1108 651; x_wconf 87' lang='lat' dir='ltr'><strong>intellectus.</strong></span> <span class='ocrx_word' id='word_1_13' title='bbox 1139 594 1298 649; x_wconf 89' lang='lat' dir='ltr'><strong>Certe</strong></span> <span class='ocrx_word' id='word_1_14' title='bbox 1328 593 1431 647; x_wconf 89' lang='lat' dir='ltr'><strong>nisi</strong></span> <span class='ocrx_word' id='word_1_15' title='bbox 1456 592 1595 648; x_wconf 89' lang='lat' dir='ltr'><strong>adsit</strong></span> <span class='ocrx_word' id='word_1_16' title='bbox 1630 592 1888 658; x_wconf 90' lang='lat' dir='ltr'><strong>tentatio,</strong></span> <span class='ocrx_word' id='word_1_17' title='bbox 1919 589 2065 645; x_wconf 89' lang='lat' dir='ltr'><strong>nulla</strong></span> 
     </span>
    </p>
   </div>
   <div class='ocr_carea' id='block_1_4' title="bbox 470 688 1285 763">
    <p class='ocr_par' dir='ltr' id='par_1_4' title="bbox 470 688 1285 763">
     <span class='ocr_line' id='line_1_4' title="bbox 470 688 1285 763; baseline -0.012 -13"><span class='ocrx_word' id='word_1_18' title='bbox 470 695 597 751; x_wconf 89' lang='lat' dir='ltr'><strong>doni</strong></span> <span class='ocrx_word' id='word_1_19' title='bbox 620 692 778 763; x_wconf 85' lang='lat' dir='ltr'><strong>hujus</strong></span> <span class='ocrx_word' id='word_1_20' title='bbox 802 690 859 744; x_wconf 90' lang='lat' dir='ltr'><strong>fit</strong></span> <span class='ocrx_word' id='word_1_21' title='bbox 878 688 1285 744; x_wconf 75' lang='lat' dir='ltr'><strong>demonstratio.</strong></span> 
     </span>
    </p>
   </div>
   <div class='ocr_carea' id='block_1_5' title="bbox 543 777 2070 849">
    <p class='ocr_par' dir='ltr' id='par_1_5' title="bbox 543 777 2070 849">
     <span class='ocr_line' id='line_1_5' title="bbox 543 777 2070 849; baseline -0.007 -7"><span class='ocrx_word' id='word_1_22' title='bbox 543 786 634 843; x_wconf 69' lang='grc'><strong>46.</strong></span> <span class='ocrx_word' id='word_1_23' title='bbox 668 785 781 840; x_wconf 83' lang='lat' dir='ltr'><strong>Hoc</strong></span> <span class='ocrx_word' id='word_1_24' title='bbox 804 790 983 837; x_wconf 90' lang='lat' dir='ltr'><strong>autem</strong></span> <span class='ocrx_word' id='word_1_25' title='bbox 1023 789 1131 836; x_wconf 89' lang='lat' dir='ltr'><strong>tam</strong></span> <span class='ocrx_word' id='word_1_26' title='bbox 1160 795 1410 849; x_wconf 88' lang='lat' dir='ltr'><strong>magnum</strong></span> <span class='ocrx_word' id='word_1_27' title='bbox 1439 788 1555 846; x_wconf 92' lang='lat' dir='ltr'><strong>est,</strong></span> <span class='ocrx_word' id='word_1_28' title='bbox 1589 787 1647 835; x_wconf 85' lang='lat' dir='ltr'><strong>ut</strong></span> <span class='ocrx_word' id='word_1_29' title='bbox 1683 793 1807 834; x_wconf 92' lang='lat' dir='ltr'><strong>eum</strong></span> <span class='ocrx_word' id='word_1_30' title='bbox 1837 777 2070 832; x_wconf 92' lang='lat' dir='ltr'><strong>fructum</strong></span> 
     </span>
    </p>
   </div>
   <div class='ocr_carea' id='block_1_6' title="bbox 474 876 2070 951">
    <p class='ocr_par' dir='ltr' id='par_1_6' title="bbox 474 876 2070 951">
     <span class='ocr_line' id='line_1_6' title="bbox 474 876 2070 951; baseline -0.005 -15"><span class='ocrx_word' id='word_1_31' title='bbox 474 889 759 937; x_wconf 75' lang='lat' dir='ltr'><strong>centenum</strong></span> <span class='ocrx_word' id='word_1_32' title='bbox 784 880 999 951; x_wconf 90' lang='lat' dir='ltr'><strong>quidam</strong></span> <span class='ocrx_word' id='word_1_33' title='bbox 1026 878 1323 949; x_wconf 74' lang='lat' dir='ltr'><strong>intelligant</strong></span> <span class='ocrx_word' id='word_1_34' title='bbox 1344 877 1441 950; x_wconf 94' lang='lat' dir='ltr'><strong>(a).</strong></span> <span class='ocrx_word' id='word_1_35' title='bbox 1475 877 1730 932; x_wconf 85' lang='lat' dir='ltr'><strong>Perhibet</strong></span> <span class='ocrx_word' id='word_1_36' title='bbox 1753 876 1899 931; x_wconf 91' lang='lat' dir='ltr'><strong>enim</strong></span> <span class='ocrx_word' id='word_1_37' title='bbox 1932 889 2070 945; x_wconf 72' lang='lat' dir='ltr'><strong>prat-</strong></span> 
     </span>
    </p>
   </div>
   <div class='ocr_carea' id='block_1_7' title="bbox 475 965 2070 1032">
    <p class='ocr_par' dir='ltr' id='par_1_7' title="bbox 475 965 2070 1032">
     <span class='ocr_line' id='line_1_7' title="bbox 475 965 2070 1032; baseline -0.006 -3"><span class='ocrx_word' id='word_1_38' title='bbox 475 973 832 1030; x_wconf 88' lang='lat' dir='ltr'><strong>clarissimum</strong></span> <span class='ocrx_word' id='word_1_39' title='bbox 863 972 1223 1028; x_wconf 90' lang='lat' dir='ltr'><strong>testimonium</strong></span> <span class='ocrx_word' id='word_1_40' title='bbox 1256 970 1614 1025; x_wconf 88' lang='lat' dir='ltr'><strong>ecclesiastica</strong></span> <span class='ocrx_word' id='word_1_41' title='bbox 1655 967 1946 1023; x_wconf 84' lang='lat' dir='ltr'><strong>auctoritas</strong></span> <span class='ocrx_word' id='word_1_42' title='bbox 1967 1007 1981 1032; x_wconf 92' lang='lat'><strong>,</strong></span> <span class='ocrx_word' id='word_1_43' title='bbox 2014 965 2070 1020; x_wconf 91' lang='lat' dir='ltr'><strong>in</strong></span> 
     </span>
    </p>
   </div>
   <div class='ocr_carea' id='block_1_8' title="bbox 475 1062 2071 1136">
    <p class='ocr_par' dir='ltr' id='par_1_8' title="bbox 475 1062 2071 1136">
     <span class='ocr_line' id='line_1_8' title="bbox 475 1062 2071 1136; baseline -0.004 -18"><span class='ocrx_word' id='word_1_44' title='bbox 475 1080 578 1136; x_wconf 89' lang='lat' dir='ltr'><strong>qua</strong></span> <span class='ocrx_word' id='word_1_45' title='bbox 606 1064 852 1120; x_wconf 85' lang='lat' dir='ltr'><strong>fidelibus</strong></span> <span class='ocrx_word' id='word_1_46' title='bbox 897 1072 1082 1118; x_wconf 92' lang='lat' dir='ltr'><strong>notum</strong></span> <span class='ocrx_word' id='word_1_47' title='bbox 1109 1071 1223 1128; x_wconf 92' lang='lat' dir='ltr'><strong>est,</strong></span> <span class='ocrx_word' id='word_1_48' title='bbox 1255 1077 1363 1133; x_wconf 92' lang='lat' dir='ltr'><strong>quo</strong></span> <span class='ocrx_word' id='word_1_49' title='bbox 1391 1062 1510 1116; x_wconf 89' lang='lat' dir='ltr'><strong>loco</strong></span> <span class='ocrx_word' id='word_1_50' title='bbox 1536 1069 1799 1131; x_wconf 85' lang='lat' dir='ltr'><strong>martyres</strong></span> <span class='ocrx_word' id='word_1_51' title='bbox 1818 1101 1834 1127; x_wconf 95' lang='lat'><strong>,</strong></span> <span class='ocrx_word' id='word_1_52' title='bbox 1866 1067 1922 1114; x_wconf 88' lang='lat' dir='ltr'><strong>et</strong></span> <span class='ocrx_word' id='word_1_53' title='bbox 1964 1071 2071 1128; x_wconf 93' lang='lat' dir='ltr'><strong>quo</strong></span> 
     </span>
    </p>
   </div>
   <div class='ocr_carea' id='block_1_9' title="bbox 476 1148 2073 1213">
    <p class='ocr_par' dir='ltr' id='par_1_9' title="bbox 476 1148 2073 1213">
     <span class='ocr_line' id='line_1_9' title="bbox 476 1148 2073 1213; baseline -0.005 -4"><span class='ocrx_word' id='word_1_54' title='bbox 476 1155 741 1211; x_wconf 80' lang='lat' dir='ltr'><strong>defunctae</strong></span> <span class='ocrx_word' id='word_1_55' title='bbox 785 1155 1216 1210; x_wconf 88' lang='lat' dir='ltr'><strong>sanctimoniales</strong></span> <span class='ocrx_word' id='word_1_56' title='bbox 1250 1152 1319 1207; x_wconf 88' lang='lat' dir='ltr'><strong>ad</strong></span> <span class='ocrx_word' id='word_1_57' title='bbox 1348 1153 1529 1213; x_wconf 84' lang='lat' dir='ltr'><strong>altaris</strong></span> <span class='ocrx_word' id='word_1_58' title='bbox 1569 1159 1904 1206; x_wconf 89' lang='lat' dir='ltr'><strong>sacramenta</strong></span> <span class='ocrx_word' id='word_1_59' title='bbox 1933 1148 2073 1204; x_wconf 88' lang='lat' dir='ltr'><strong>reci-</strong></span> 
     </span>
    </p>
   </div>
   <div class='ocr_carea' id='block_1_10' title="bbox 478 1240 2073 1318">
    <p class='ocr_par' dir='ltr' id='par_1_10' title="bbox 478 1240 2073 1318">
     <span class='ocr_line' id='line_1_10' title="bbox 478 1240 2073 1318; baseline -0.006 -15"><span class='ocrx_word' id='word_1_60' title='bbox 478 1257 656 1304; x_wconf 89' lang='lat' dir='ltr'><strong>teutur</strong></span> <span class='ocrx_word' id='word_1_61' title='bbox 677 1248 775 1318; x_wconf 91' lang='lat' dir='ltr'><strong>(b).</strong></span> <span class='ocrx_word' id='word_1_62' title='bbox 805 1248 911 1303; x_wconf 88' lang='lat' dir='ltr'><strong>Sed</strong></span> <span class='ocrx_word' id='word_1_63' title='bbox 937 1246 1062 1317; x_wconf 93' lang='lat' dir='ltr'><strong>quid</strong></span> <span class='ocrx_word' id='word_1_64' title='bbox 1105 1245 1366 1316; x_wconf 90' lang='lat' dir='ltr'><strong>significet</strong></span> <span class='ocrx_word' id='word_1_65' title='bbox 1395 1243 1735 1300; x_wconf 80' lang='lat' dir='ltr'><strong>fecunditatis</strong></span> <span class='ocrx_word' id='word_1_66' title='bbox 1779 1241 1868 1295; x_wconf 89' lang='lat' dir='ltr'><strong>illa</strong></span> <span class='ocrx_word' id='word_1_67' title='bbox 1896 1240 2073 1295; x_wconf 83' lang='lat' dir='ltr'><strong>diver-</strong></span> 
     </span>
    </p>
   </div>
   <div class='ocr_carea' id='block_1_11' title="bbox 480 1334 2069 1412">
    <p class='ocr_par' dir='ltr' id='par_1_11' title="bbox 480 1334 2069 1412">
     <span class='ocr_line' id='line_1_11' title="bbox 480 1334 2069 1412; baseline -0.007 -15"><span class='ocrx_word' id='word_1_68' title='bbox 480 1343 611 1397; x_wconf 83' lang='lat' dir='ltr'><strong>sitas</strong></span> <span class='ocrx_word' id='word_1_69' title='bbox 634 1385 649 1409; x_wconf 92' lang='lat'><strong>,</strong></span> <span class='ocrx_word' id='word_1_70' title='bbox 675 1342 907 1398; x_wconf 84' lang='lat' dir='ltr'><strong>viderint</strong></span> <span class='ocrx_word' id='word_1_71' title='bbox 934 1342 1022 1412; x_wconf 92' lang='lat' dir='ltr'><strong>qui</strong></span> <span class='ocrx_word' id='word_1_72' title='bbox 1050 1340 1165 1394; x_wconf 78' lang='lat' dir='ltr'><strong>hzec</strong></span> <span class='ocrx_word' id='word_1_73' title='bbox 1190 1339 1382 1394; x_wconf 90' lang='lat' dir='ltr'><strong>melius</strong></span> <span class='ocrx_word' id='word_1_74' title='bbox 1408 1352 1566 1408; x_wconf 89' lang='lat' dir='ltr'><strong>quam</strong></span> <span class='ocrx_word' id='word_1_75' title='bbox 1604 1351 1702 1391; x_wconf 91' lang='lat' dir='ltr'><strong>nos</strong></span> <span class='ocrx_word' id='word_1_76' title='bbox 1731 1334 2029 1403; x_wconf 86' lang='lat' dir='ltr'><strong>intelligunt</strong></span> <span class='ocrx_word' id='word_1_77' title='bbox 2053 1349 2069 1399; x_wconf 89' lang='lat'><strong>;</strong></span> 
     </span>
    </p>
   </div>
   <div class='ocr_carea' id='block_1_12' title="bbox 478 1427 2071 1504">
    <p class='ocr_par' dir='ltr' id='par_1_12' title="bbox 478 1427 2071 1504">
     <span class='ocr_line' id='line_1_12' title="bbox 478 1427 2071 1504; baseline -0.006 -16"><span class='ocrx_word' id='word_1_78' title='bbox 478 1435 590 1489; x_wconf 83' lang='lat' dir='ltr'><strong>sive</strong></span> <span class='ocrx_word' id='word_1_79' title='bbox 618 1434 892 1504; x_wconf 82' lang='lat' dir='ltr'><strong>virginalis</strong></span> <span class='ocrx_word' id='word_1_80' title='bbox 919 1434 1024 1486; x_wconf 83' lang='lat' dir='ltr'><strong>vita</strong></span> <span class='ocrx_word' id='word_1_81' title='bbox 1055 1432 1106 1485; x_wconf 91' lang='lat' dir='ltr'><strong>in</strong></span> <span class='ocrx_word' id='word_1_82' title='bbox 1135 1438 1360 1485; x_wconf 88' lang='lat' dir='ltr'><strong>centeno</strong></span> <span class='ocrx_word' id='word_1_83' title='bbox 1388 1430 1561 1483; x_wconf 88' lang='lat' dir='ltr'><strong>fructu</strong></span> <span class='ocrx_word' id='word_1_84' title='bbox 1588 1429 1694 1493; x_wconf 92' lang='lat' dir='ltr'><strong>sit,</strong></span> <span class='ocrx_word' id='word_1_85' title='bbox 1728 1427 1781 1480; x_wconf 92' lang='lat' dir='ltr'><strong>in</strong></span> <span class='ocrx_word' id='word_1_86' title='bbox 1806 1439 2071 1495; x_wconf 80' lang='lat' dir='ltr'><strong>sexageno</strong></span> 
     </span>
    </p>
   </div>
   <div class='ocr_carea' id='block_1_13' title="bbox 480 1518 2073 1591">
    <p class='ocr_par' dir='ltr' id='par_1_13' title="bbox 480 1518 2073 1591">
     <span class='ocr_line' id='line_1_13' title="bbox 480 1518 2073 1591; baseline -0.006 -12"><span class='ocrx_word' id='word_1_87' title='bbox 480 1525 740 1591; x_wconf 90' lang='lat' dir='ltr'><strong>vidualis,</strong></span> <span class='ocrx_word' id='word_1_88' title='bbox 770 1526 824 1580; x_wconf 89' lang='lat' dir='ltr'><strong>in</strong></span> <span class='ocrx_word' id='word_1_89' title='bbox 869 1524 1074 1578; x_wconf 91' lang='lat' dir='ltr'><strong>triceno</strong></span> <span class='ocrx_word' id='word_1_90' title='bbox 1113 1531 1291 1577; x_wconf 90' lang='lat' dir='ltr'><strong>autem</strong></span> <span class='ocrx_word' id='word_1_91' title='bbox 1328 1520 1623 1590; x_wconf 89' lang='lat' dir='ltr'><strong>conjugalis</strong></span> <span class='ocrx_word' id='word_1_92' title='bbox 1656 1536 1669 1571; x_wconf 89' lang='lat'><strong>:</strong></span> <span class='ocrx_word' id='word_1_93' title='bbox 1703 1518 1819 1572; x_wconf 83' lang='lat' dir='ltr'><strong>sive</strong></span> <span class='ocrx_word' id='word_1_94' title='bbox 1846 1523 2073 1572; x_wconf 89' lang='lat' dir='ltr'><strong>centena</strong></span> 
     </span>
    </p>
   </div>
   <div class='ocr_carea' id='block_1_14' title="bbox 477 1608 2073 1688">
    <p class='ocr_par' dir='ltr' id='par_1_14' title="bbox 477 1608 2073 1688">
     <span class='ocr_line' id='line_1_14' title="bbox 477 1608 2073 1688; baseline -0.005 -18"><span class='ocrx_word' id='word_1_95' title='bbox 477 1615 723 1673; x_wconf 79' lang='lat' dir='ltr'><strong>fertilitas</strong></span> <span class='ocrx_word' id='word_1_96' title='bbox 752 1617 1008 1688; x_wconf 83' lang='lat' dir='ltr'><strong>martyrio</strong></span> <span class='ocrx_word' id='word_1_97' title='bbox 1037 1616 1211 1686; x_wconf 88' lang='lat' dir='ltr'><strong>potius</strong></span> <span class='ocrx_word' id='word_1_98' title='bbox 1241 1615 1564 1685; x_wconf 88' lang='lat' dir='ltr'><strong>imputetur,</strong></span> <span class='ocrx_word' id='word_1_99' title='bbox 1594 1625 1857 1681; x_wconf 74' lang='lat' dir='ltr'><strong>sexagena</strong></span> <span class='ocrx_word' id='word_1_100' title='bbox 1901 1608 2073 1664; x_wconf 87' lang='lat' dir='ltr'><strong>conti-</strong></span> 
     </span>
    </p>
   </div>
   <div class='ocr_carea' id='block_1_15' title="bbox 477 1700 2072 1775">
    <p class='ocr_par' dir='ltr' id='par_1_15' title="bbox 477 1700 2072 1775">
     <span class='ocr_line' id='line_1_15' title="bbox 477 1700 2072 1775; baseline -0.003 -14"><span class='ocrx_word' id='word_1_101' title='bbox 477 1709 708 1775; x_wconf 65' lang='lat' dir='ltr'><strong>nentiat,</strong></span> <span class='ocrx_word' id='word_1_102' title='bbox 742 1708 939 1763; x_wconf 85' lang='lat' dir='ltr'><strong>tricena</strong></span> <span class='ocrx_word' id='word_1_103' title='bbox 984 1707 1285 1772; x_wconf 90' lang='lat' dir='ltr'><strong>connubio;</strong></span> <span class='ocrx_word' id='word_1_104' title='bbox 1331 1707 1443 1761; x_wconf 88' lang='lat' dir='ltr'><strong>sive</strong></span> <span class='ocrx_word' id='word_1_105' title='bbox 1469 1704 1745 1773; x_wconf 89' lang='lat' dir='ltr'><strong>virginitas</strong></span> <span class='ocrx_word' id='word_1_106' title='bbox 1783 1700 2072 1757; x_wconf 82' lang='lat' dir='ltr'><strong>accedente</strong></span> 
     </span>
    </p>
   </div>
   <div class='ocr_carea' id='block_1_16' title="bbox 476 1794 2071 1871">
    <p class='ocr_par' dir='ltr' id='par_1_16' title="bbox 476 1794 2071 1871">
     <span class='ocr_line' id='line_1_16' title="bbox 476 1794 2071 1871; baseline -0.006 -18"><span class='ocrx_word' id='word_1_107' title='bbox 476 1802 734 1871; x_wconf 83' lang='lat' dir='ltr'><strong>martyrio</strong></span> <span class='ocrx_word' id='word_1_108' title='bbox 750 1809 1037 1855; x_wconf 88' lang='lat' dir='ltr'><strong>centenum</strong></span> <span class='ocrx_word' id='word_1_109' title='bbox 1061 1798 1291 1853; x_wconf 90' lang='lat' dir='ltr'><strong>fructum</strong></span> <span class='ocrx_word' id='word_1_110' title='bbox 1322 1796 1560 1866; x_wconf 87' lang='lat' dir='ltr'><strong>impleat,</strong></span> <span class='ocrx_word' id='word_1_111' title='bbox 1579 1794 1689 1849; x_wconf 89' lang='lat' dir='ltr'><strong>sola</strong></span> <span class='ocrx_word' id='word_1_112' title='bbox 1714 1808 1841 1848; x_wconf 91' lang='lat' dir='ltr'><strong>vero</strong></span> <span class='ocrx_word' id='word_1_113' title='bbox 1858 1794 1911 1846; x_wconf 92' lang='lat' dir='ltr'><strong>in</strong></span> <span class='ocrx_word' id='word_1_114' title='bbox 1926 1805 2071 1847; x_wconf 81' lang='lat' dir='ltr'><strong>sexa-</strong></span> 
     </span>
    </p>
   </div>
   <div class='ocr_carea' id='block_1_17' title="bbox 474 1883 2073 1960">
    <p class='ocr_par' dir='ltr' id='par_1_17' title="bbox 474 1883 2073 1960">
     <span class='ocr_line' id='line_1_17' title="bbox 474 1883 2073 1960; baseline -0.006 -15"><span class='ocrx_word' id='word_1_115' title='bbox 474 1905 615 1960; x_wconf 91' lang='lat' dir='ltr'><strong>geno</strong></span> <span class='ocrx_word' id='word_1_116' title='bbox 640 1892 746 1958; x_wconf 86' lang='lat' dir='ltr'><strong>sit,</strong></span> <span class='ocrx_word' id='word_1_117' title='bbox 773 1891 1039 1960; x_wconf 86' lang='lat' dir='ltr'><strong>conjugati</strong></span> <span class='ocrx_word' id='word_1_118' title='bbox 1066 1900 1243 1945; x_wconf 89' lang='lat' dir='ltr'><strong>autem</strong></span> <span class='ocrx_word' id='word_1_119' title='bbox 1273 1888 1536 1942; x_wconf 91' lang='lat' dir='ltr'><strong>tricenum</strong></span> <span class='ocrx_word' id='word_1_120' title='bbox 1567 1887 1798 1941; x_wconf 90' lang='lat' dir='ltr'><strong>ferentes</strong></span> <span class='ocrx_word' id='word_1_121' title='bbox 1823 1883 1890 1937; x_wconf 91' lang='lat' dir='ltr'><strong>ad</strong></span> <span class='ocrx_word' id='word_1_122' title='bbox 1918 1896 2073 1937; x_wconf 85' lang='lat' dir='ltr'><strong>sexa-</strong></span> 
     </span>
    </p>
   </div>
   <div class='ocr_carea' id='block_1_18' title="bbox 474 1974 2073 2052">
    <p class='ocr_par' dir='ltr' id='par_1_18' title="bbox 474 1974 2073 2052">
     <span class='ocr_line' id='line_1_18' title="bbox 474 1974 2073 2052; baseline -0.006 -15"><span class='ocrx_word' id='word_1_123' title='bbox 474 1997 668 2052; x_wconf 86' lang='lat' dir='ltr'><strong>genum</strong></span> <span class='ocrx_word' id='word_1_124' title='bbox 698 1983 1006 2051; x_wconf 83' lang='lat' dir='ltr'><strong>perveniant</strong></span> <span class='ocrx_word' id='word_1_125' title='bbox 1033 1982 1077 2035; x_wconf 91' lang='lat' dir='ltr'><strong>si</strong></span> <span class='ocrx_word' id='word_1_126' title='bbox 1104 1992 1366 2051; x_wconf 85' lang='lat' dir='ltr'><strong>martyres</strong></span> <span class='ocrx_word' id='word_1_127' title='bbox 1390 1978 1589 2033; x_wconf 85' lang='lat' dir='ltr'><strong>fuerint</strong></span> <span class='ocrx_word' id='word_1_128' title='bbox 1614 1994 1626 2030; x_wconf 91' lang='lat'>:</span> <span class='ocrx_word' id='word_1_129' title='bbox 1651 1977 1763 2031; x_wconf 90' lang='lat' dir='ltr'><strong>sive</strong></span> <span class='ocrx_word' id='word_1_130' title='bbox 1784 1974 1927 2046; x_wconf 89' lang='lat' dir='ltr'><strong>quod</strong></span> <span class='ocrx_word' id='word_1_131' title='bbox 1947 1988 2073 2043; x_wconf 85' lang='lat' dir='ltr'><strong>pro-</strong></span> 
     </span>
    </p>
   </div>
   <div class='ocr_carea' id='block_1_19' title="bbox 474 2065 2071 2141">
    <p class='ocr_par' dir='ltr' id='par_1_19' title="bbox 474 2065 2071 2141">
     <span class='ocr_line' id='line_1_19' title="bbox 474 2065 2071 2141; baseline -0.005 -14"><span class='ocrx_word' id='word_1_132' title='bbox 474 2072 702 2128; x_wconf 88' lang='lat' dir='ltr'><strong>habilius</strong></span> <span class='ocrx_word' id='word_1_133' title='bbox 730 2073 859 2127; x_wconf 90' lang='lat' dir='ltr'><strong>mihi</strong></span> <span class='ocrx_word' id='word_1_134' title='bbox 900 2072 1144 2135; x_wconf 88' lang='lat' dir='ltr'><strong>videtur,</strong></span> <span class='ocrx_word' id='word_1_135' title='bbox 1176 2071 1427 2141; x_wconf 88' lang='lat' dir='ltr'><strong>quoniam</strong></span> <span class='ocrx_word' id='word_1_136' title='bbox 1457 2069 1651 2123; x_wconf 68' lang='lat' dir='ltr'><strong>divina:</strong></span> <span class='ocrx_word' id='word_1_137' title='bbox 1689 2067 1875 2138; x_wconf 82' lang='lat' dir='ltr'><strong>gratiae</strong></span> <span class='ocrx_word' id='word_1_138' title='bbox 1904 2065 2071 2120; x_wconf 88' lang='lat' dir='ltr'><strong>multa</strong></span> 
     </span>
    </p>
   </div>
   <div class='ocr_carea' id='block_1_20' title="bbox 476 2155 2071 2231">
    <p class='ocr_par' dir='ltr' id='par_1_20' title="bbox 476 2155 2071 2231">
     <span class='ocr_line' id='line_1_20' title="bbox 476 2155 2071 2231; baseline -0.004 -14"><span class='ocrx_word' id='word_1_139' title='bbox 476 2173 604 2218; x_wconf 85' lang='lat' dir='ltr'><strong>sunt</strong></span> <span class='ocrx_word' id='word_1_140' title='bbox 629 2180 869 2227; x_wconf 86' lang='lat' dir='ltr'><strong>munera,</strong></span> <span class='ocrx_word' id='word_1_141' title='bbox 898 2173 953 2218; x_wconf 91' lang='lat' dir='ltr'><strong>et</strong></span> <span class='ocrx_word' id='word_1_142' title='bbox 980 2173 1065 2219; x_wconf 90' lang='lat' dir='ltr'><strong>est</strong></span> <span class='ocrx_word' id='word_1_143' title='bbox 1090 2162 1237 2217; x_wconf 92' lang='lat' dir='ltr'><strong>aliud</strong></span> <span class='ocrx_word' id='word_1_144' title='bbox 1266 2162 1371 2216; x_wconf 89' lang='lat' dir='ltr'><strong>alio</strong></span> <span class='ocrx_word' id='word_1_145' title='bbox 1398 2160 1570 2231; x_wconf 90' lang='lat' dir='ltr'><strong>majus</strong></span> <span class='ocrx_word' id='word_1_146' title='bbox 1594 2174 1657 2214; x_wconf 91' lang='lat' dir='ltr'><strong>ac</strong></span> <span class='ocrx_word' id='word_1_147' title='bbox 1686 2158 1896 2221; x_wconf 90' lang='lat' dir='ltr'><strong>melius,</strong></span> <span class='ocrx_word' id='word_1_148' title='bbox 1928 2155 2071 2211; x_wconf 90' lang='lat' dir='ltr'><strong>unde</strong></span> 
     </span>
    </p>
   </div>
   <div class='ocr_carea' id='block_1_21' title="bbox 475 2246 2072 2324">
    <p class='ocr_par' dir='ltr' id='par_1_21' title="bbox 475 2246 2072 2324">
     <span class='ocr_line' id='line_1_21' title="bbox 475 2246 2072 2324; baseline -0.004 -17"><span class='ocrx_word' id='word_1_149' title='bbox 475 2252 605 2308; x_wconf 89' lang='lat' dir='ltr'><strong>dicit</strong></span> <span class='ocrx_word' id='word_1_150' title='bbox 644 2255 933 2324; x_wconf 79' lang='lat' dir='ltr'><strong>Apostolus</strong></span> <span class='ocrx_word' id='word_1_151' title='bbox 953 2296 966 2316; x_wconf 93' lang='lat'><strong>,</strong></span> <span class='ocrx_word' id='word_1_152' title='bbox 998 2251 1381 2307; x_wconf 65' lang='lat' dir='ltr'><strong>xEmulamini1</strong></span> <span class='ocrx_word' id='word_1_153' title='bbox 1413 2262 1580 2304; x_wconf 87' lang='lat' dir='ltr'><strong>autem</strong></span> <span class='ocrx_word' id='word_1_154' title='bbox 1607 2250 1741 2304; x_wconf 85' lang='lat' dir='ltr'><strong>dona</strong></span> <span class='ocrx_word' id='word_1_155' title='bbox 1778 2249 1987 2303; x_wconf 79' lang='lat' dir='ltr'><strong>meliora</strong></span> <span class='ocrx_word' id='word_1_156' title='bbox 2024 2246 2072 2317; x_wconf 86' lang='grc' dir='ltr'><strong>(Ι</strong></span> 
     </span>
    </p>
   </div>
   <div class='ocr_carea' id='block_1_22' title="bbox 476 2342 2070 2414">
    <p class='ocr_par' dir='ltr' id='par_1_22' title="bbox 476 2342 2070 2414">
     <span class='ocr_line' id='line_1_22' title="bbox 476 2342 2070 2414; baseline -0.005 -15"><span class='ocrx_word' id='word_1_157' title='bbox 476 2343 596 2399; x_wconf 86' lang='lat' dir='ltr'><strong>Cor.</strong></span> <span class='ocrx_word' id='word_1_158' title='bbox 629 2360 735 2409; x_wconf 85' lang='lat' dir='ltr'><strong>xu,</strong></span> <span class='ocrx_word' id='word_1_159' title='bbox 762 2346 886 2414; x_wconf 78' lang='lat'><strong>51);</strong></span> <span class='ocrx_word' id='word_1_160' title='bbox 917 2343 1317 2412; x_wconf 88' lang='lat' dir='ltr'><strong>intelligendum</strong></span> <span class='ocrx_word' id='word_1_161' title='bbox 1345 2351 1427 2397; x_wconf 90' lang='lat' dir='ltr'><strong>est</strong></span> <span class='ocrx_word' id='word_1_162' title='bbox 1454 2342 1605 2412; x_wconf 89' lang='lat' dir='ltr'><strong>plura</strong></span> <span class='ocrx_word' id='word_1_163' title='bbox 1632 2356 1785 2405; x_wconf 88' lang='lat' dir='ltr'><strong>esse,</strong></span> <span class='ocrx_word' id='word_1_164' title='bbox 1815 2354 1974 2409; x_wconf 87' lang='lat' dir='ltr'><strong>quam</strong></span> <span class='ocrx_word' id='word_1_165' title='bbox 2012 2345 2070 2392; x_wconf 91' lang='lat' dir='ltr'><strong>ut</strong></span> 
     </span>
    </p>
   </div>
   <div class='ocr_carea' id='block_1_23' title="bbox 475 2433 2072 2503">
    <p class='ocr_par' dir='ltr' id='par_1_23' title="bbox 475 2433 2072 2503">
     <span class='ocr_line' id='line_1_23' title="bbox 475 2433 2072 2503; baseline -0.004 -14"><span class='ocrx_word' id='word_1_166' title='bbox 475 2435 529 2489; x_wconf 92' lang='lat' dir='ltr'><strong>in</strong></span> <span class='ocrx_word' id='word_1_167' title='bbox 560 2445 670 2490; x_wconf 90' lang='lat' dir='ltr'><strong>tres</strong></span> <span class='ocrx_word' id='word_1_168' title='bbox 694 2435 1021 2489; x_wconf 72' lang='lat' dir='ltr'><strong>differentias</strong></span> <span class='ocrx_word' id='word_1_169' title='bbox 1043 2434 1289 2489; x_wconf 86' lang='lat' dir='ltr'><strong>distribui</strong></span> <span class='ocrx_word' id='word_1_170' title='bbox 1322 2434 1545 2503; x_wconf 90' lang='lat' dir='ltr'><strong>possint.</strong></span> <span class='ocrx_word' id='word_1_171' title='bbox 1577 2433 1835 2495; x_wconf 88' lang='lat' dir='ltr'><strong>Primum,</strong></span> <span class='ocrx_word' id='word_1_172' title='bbox 1855 2445 1922 2484; x_wconf 93' lang='lat' dir='ltr'><strong>ne</strong></span> <span class='ocrx_word' id='word_1_173' title='bbox 1941 2444 2072 2484; x_wconf 88' lang='lat' dir='ltr'><strong>con-</strong></span> 
     </span>
    </p>
   </div>
   <div class='ocr_carea' id='block_1_24' title="bbox 474 2524 2067 2589">
    <p class='ocr_par' dir='ltr' id='par_1_24' title="bbox 474 2524 2067 2589">
     <span class='ocr_line' id='line_1_24' title="bbox 474 2524 2067 2589; baseline -0.002 -10"><span class='ocrx_word' id='word_1_174' title='bbox 474 2526 751 2582; x_wconf 88' lang='lat' dir='ltr'><strong>tinentiam</strong></span> <span class='ocrx_word' id='word_1_175' title='bbox 781 2527 1047 2581; x_wconf 83' lang='lat' dir='ltr'><strong>vidualem</strong></span> <span class='ocrx_word' id='word_1_176' title='bbox 1071 2535 1163 2580; x_wconf 93' lang='lat' dir='ltr'><strong>aut</strong></span> <span class='ocrx_word' id='word_1_177' title='bbox 1188 2528 1240 2580; x_wconf 95' lang='lat' dir='ltr'><strong>in</strong></span> <span class='ocrx_word' id='word_1_178' title='bbox 1268 2527 1411 2581; x_wconf 89' lang='lat' dir='ltr'><strong>nullo</strong></span> <span class='ocrx_word' id='word_1_179' title='bbox 1442 2526 1613 2579; x_wconf 91' lang='lat' dir='ltr'><strong>fructu</strong></span> <span class='ocrx_word' id='word_1_180' title='bbox 1640 2524 2025 2587; x_wconf 80' lang='lat' dir='ltr'><strong>constituamus</strong></span> <span class='ocrx_word' id='word_1_181' title='bbox 2048 2563 2067 2589; x_wconf 92' lang='lat'><strong>,</strong></span> 
     </span>
    </p>
   </div>
   <div class='ocr_carea' id='block_1_25' title="bbox 473 2614 2071 2688">
    <p class='ocr_par' dir='ltr' id='par_1_25' title="bbox 473 2614 2071 2688">
     <span class='ocr_line' id='line_1_25' title="bbox 473 2614 2071 2688; baseline -0.002 -18"><span class='ocrx_word' id='word_1_182' title='bbox 473 2626 563 2671; x_wconf 92' lang='lat' dir='ltr'><strong>aut</strong></span> <span class='ocrx_word' id='word_1_183' title='bbox 586 2618 655 2683; x_wconf 85' lang='lat' dir='ltr'><strong>ad</strong></span> <span class='ocrx_word' id='word_1_184' title='bbox 685 2619 978 2688; x_wconf 77' lang='lat' dir='ltr'><strong>conjugulis</strong></span> <span class='ocrx_word' id='word_1_185' title='bbox 1006 2614 1275 2687; x_wconf 83' lang='lat' dir='ltr'><strong>pudicitiae</strong></span> <span class='ocrx_word' id='word_1_186' title='bbox 1304 2618 1552 2672; x_wconf 90' lang='lat' dir='ltr'><strong>meritum</strong></span> <span class='ocrx_word' id='word_1_187' title='bbox 1581 2615 1909 2685; x_wconf 90' lang='lat' dir='ltr'><strong>deponamus</strong></span> <span class='ocrx_word' id='word_1_188' title='bbox 1930 2656 1945 2681; x_wconf 89' lang='lat'><strong>,</strong></span> <span class='ocrx_word' id='word_1_189' title='bbox 1977 2620 2071 2668; x_wconf 90' lang='lat' dir='ltr'><strong>aut</strong></span> 
     </span>
    </p>
   </div>
   <div class='ocr_carea' id='block_1_26' title="bbox 474 2706 2069 2780">
    <p class='ocr_par' dir='ltr' id='par_1_26' title="bbox 474 2706 2069 2780">
     <span class='ocr_line' id='line_1_26' title="bbox 474 2706 2069 2780; baseline 0.001 -21"><span class='ocrx_word' id='word_1_190' title='bbox 474 2708 715 2778; x_wconf 78' lang='lat' dir='ltr'><strong>virginali</strong></span> <span class='ocrx_word' id='word_1_191' title='bbox 737 2710 921 2780; x_wconf 75' lang='lat' dir='ltr'><strong>gloria:</strong></span> <span class='ocrx_word' id='word_1_192' title='bbox 942 2723 1283 2779; x_wconf 70' lang='lat' dir='ltr'><strong>coxequemus</strong></span> <span class='ocrx_word' id='word_1_193' title='bbox 1300 2726 1315 2774; x_wconf 91' lang='lat'><strong>;</strong></span> <span class='ocrx_word' id='word_1_194' title='bbox 1333 2718 1425 2763; x_wconf 91' lang='lat' dir='ltr'><strong>aut</strong></span> <span class='ocrx_word' id='word_1_195' title='bbox 1448 2723 1701 2763; x_wconf 89' lang='lat' dir='ltr'><strong>coronam</strong></span> <span class='ocrx_word' id='word_1_196' title='bbox 1725 2708 1962 2777; x_wconf 88' lang='lat' dir='ltr'><strong>martyrii</strong></span> <span class='ocrx_word' id='word_1_197' title='bbox 1985 2706 2069 2761; x_wconf 91' lang='lat' dir='ltr'><strong>vel</strong></span> 
     </span>
    </p>
   </div>
   <div class='ocr_carea' id='block_1_27' title="bbox 472 2798 2068 2867">
    <p class='ocr_par' dir='ltr' id='par_1_27' title="bbox 472 2798 2068 2867">
     <span class='ocr_line' id='line_1_27' title="bbox 472 2798 2068 2867; baseline -0.001 -15"><span class='ocrx_word' id='word_1_198' title='bbox 472 2799 526 2853; x_wconf 90' lang='lat' dir='ltr'><strong>in</strong></span> <span class='ocrx_word' id='word_1_199' title='bbox 556 2800 738 2855; x_wconf 90' lang='lat' dir='ltr'><strong>habitu</strong></span> <span class='ocrx_word' id='word_1_200' title='bbox 767 2802 952 2867; x_wconf 89' lang='lat' dir='ltr'><strong>animi,</strong></span> <span class='ocrx_word' id='word_1_201' title='bbox 977 2802 1184 2856; x_wconf 90' lang='lat' dir='ltr'><strong>etiamsi</strong></span> <span class='ocrx_word' id='word_1_202' title='bbox 1213 2801 1351 2856; x_wconf 89' lang='lat' dir='ltr'><strong>desit</strong></span> <span class='ocrx_word' id='word_1_203' title='bbox 1382 2800 1687 2856; x_wconf 89' lang='lat' dir='ltr'><strong>tentationis</strong></span> <span class='ocrx_word' id='word_1_204' title='bbox 1712 2813 1959 2863; x_wconf 81' lang='lat' dir='ltr'><strong>examen,</strong></span> <span class='ocrx_word' id='word_1_205' title='bbox 1982 2798 2068 2852; x_wconf 85' lang='lat' dir='ltr'><strong>vel</strong></span> 
     </span>
    </p>
   </div>
   <div class='ocr_carea' id='block_1_28' title="bbox 473 2887 2069 2961">
    <p class='ocr_par' dir='ltr' id='par_1_28' title="bbox 473 2887 2069 2961">
     <span class='ocr_line' id='line_1_28' title="bbox 473 2887 2069 2961; baseline -0.001 -19"><span class='ocrx_word' id='word_1_206' title='bbox 473 2888 529 2943; x_wconf 90' lang='lat' dir='ltr'><strong>in</strong></span> <span class='ocrx_word' id='word_1_207' title='bbox 570 2891 683 2959; x_wconf 85' lang='lat' dir='ltr'><strong>ipsa</strong></span> <span class='ocrx_word' id='word_1_208' title='bbox 712 2892 976 2961; x_wconf 88' lang='lat' dir='ltr'><strong>passionis</strong></span> <span class='ocrx_word' id='word_1_209' title='bbox 1005 2892 1334 2961; x_wconf 78' lang='lat' dir='ltr'><strong>experientia</strong></span> <span class='ocrx_word' id='word_1_210' title='bbox 1363 2892 1705 2945; x_wconf 89' lang='lat' dir='ltr'><strong>constitutam</strong></span> <span class='ocrx_word' id='word_1_211' title='bbox 1724 2930 1740 2955; x_wconf 96' lang='lat'><strong>,</strong></span> <span class='ocrx_word' id='word_1_212' title='bbox 1768 2888 1984 2944; x_wconf 90' lang='lat' dir='ltr'><strong>cuilibet</strong></span> <span class='ocrx_word' id='word_1_213' title='bbox 2003 2887 2069 2941; x_wconf 90' lang='lat' dir='ltr'><strong>il-</strong></span> 
     </span>
    </p>
   </div>
   <div class='ocr_carea' id='block_1_29' title="bbox 472 2980 2068 3040">
    <p class='ocr_par' dir='ltr' id='par_1_29' title="bbox 472 2980 2068 3040">
     <span class='ocr_line' id='line_1_29' title="bbox 472 2980 2068 3040; baseline -0.002 -3"><span class='ocrx_word' id='word_1_214' title='bbox 472 2980 647 3037; x_wconf 81' lang='lat' dir='ltr'><strong>larum</strong></span> <span class='ocrx_word' id='word_1_215' title='bbox 674 2984 833 3038; x_wconf 89' lang='lat' dir='ltr'><strong>trium</strong></span> <span class='ocrx_word' id='word_1_216' title='bbox 874 2985 1103 3039; x_wconf 84' lang='lat' dir='ltr'><strong>castitati</strong></span> <span class='ocrx_word' id='word_1_217' title='bbox 1129 2986 1244 3040; x_wconf 85' lang='lat' dir='ltr'><strong>sine</strong></span> <span class='ocrx_word' id='word_1_218' title='bbox 1273 2984 1384 3039; x_wconf 94' lang='lat' dir='ltr'><strong>ullo</strong></span> <span class='ocrx_word' id='word_1_219' title='bbox 1423 2985 1754 3039; x_wconf 88' lang='lat' dir='ltr'><strong>incremento</strong></span> <span class='ocrx_word' id='word_1_220' title='bbox 1780 2982 2068 3036; x_wconf 88' lang='lat' dir='ltr'><strong>fertilitatis</strong></span> 
     </span>
    </p>
   </div>
   <div class='ocr_carea' id='block_1_30' title="bbox 471 3072 2068 3145">
    <p class='ocr_par' dir='ltr' id='par_1_30' title="bbox 471 3072 2068 3145">
     <span class='ocr_line' id='line_1_30' title="bbox 471 3072 2068 3145; baseline -0.003 -14"><span class='ocrx_word' id='word_1_221' title='bbox 471 3074 726 3133; x_wconf 83' lang='lat' dir='ltr'><strong>accedere</strong></span> <span class='ocrx_word' id='word_1_222' title='bbox 740 3077 1125 3131; x_wconf 79' lang='lat' dir='ltr'><strong>existimemus.</strong></span> <span class='ocrx_word' id='word_1_223' title='bbox 1146 3075 1369 3142; x_wconf 89' lang='lat' dir='ltr'><strong>Deinde,</strong></span> <span class='ocrx_word' id='word_1_224' title='bbox 1389 3075 1483 3137; x_wconf 56' lang='lat' dir='ltr'><strong>ubi,</strong></span> <span class='ocrx_word' id='word_1_225' title='bbox 1492 3077 1739 3145; x_wconf 88' lang='lat' dir='ltr'><strong>ponimus</strong></span> <span class='ocrx_word' id='word_1_226' title='bbox 1754 3072 1895 3144; x_wconf 89' lang='lat' dir='ltr'><strong>quod</strong></span> <span class='ocrx_word' id='word_1_227' title='bbox 1914 3072 2068 3126; x_wconf 90' lang='lat' dir='ltr'><strong>multi</strong></span> 
     </span>
    </p>
   </div>
   <div class='ocr_carea' id='block_1_31' title="bbox 470 3166 2070 3237">
    <p class='ocr_par' dir='ltr' id='par_1_31' title="bbox 470 3166 2070 3237">
     <span class='ocr_line' id='line_1_31' title="bbox 470 3166 2070 3237; baseline -0.001 -16"><span class='ocrx_word' id='word_1_228' title='bbox 470 3180 534 3221; x_wconf 73' lang='lat' dir='ltr'><strong>ac</strong></span> <span class='ocrx_word' id='word_1_229' title='bbox 576 3167 758 3221; x_wconf 74' lang='lat' dir='ltr'><strong>multa:</strong></span> <span class='ocrx_word' id='word_1_230' title='bbox 787 3167 858 3221; x_wconf 88' lang='lat' dir='ltr'><strong>ita</strong></span> <span class='ocrx_word' id='word_1_231' title='bbox 885 3168 1190 3223; x_wconf 86' lang='lat' dir='ltr'><strong>custodiunt</strong></span> <span class='ocrx_word' id='word_1_232' title='bbox 1215 3167 1598 3222; x_wconf 89' lang='lat' dir='ltr'><strong>continentiam</strong></span> <span class='ocrx_word' id='word_1_233' title='bbox 1628 3166 1941 3237; x_wconf 85' lang='lat' dir='ltr'><strong>virginalem</strong></span> <span class='ocrx_word' id='word_1_234' title='bbox 1961 3206 1977 3232; x_wconf 92' lang='lat'><strong>,</strong></span> <span class='ocrx_word' id='word_1_235' title='bbox 2011 3172 2070 3220; x_wconf 84' lang='lat' dir='ltr'><strong>ut</strong></span> 
     </span>
    </p>
   </div>
   <div class='ocr_carea' id='block_1_32' title="bbox 470 3257 2066 3329">
    <p class='ocr_par' dir='ltr' id='par_1_32' title="bbox 470 3257 2066 3329">
     <span class='ocr_line' id='line_1_32' title="bbox 470 3257 2066 3329; baseline -0.001 -17"><span class='ocrx_word' id='word_1_236' title='bbox 470 3264 651 3315; x_wconf 84' lang='lat' dir='ltr'><strong>tamen</strong></span> <span class='ocrx_word' id='word_1_237' title='bbox 694 3274 799 3313; x_wconf 91' lang='lat' dir='ltr'><strong>non</strong></span> <span class='ocrx_word' id='word_1_238' title='bbox 828 3260 1023 3313; x_wconf 86' lang='lat' dir='ltr'><strong>faciant</strong></span> <span class='ocrx_word' id='word_1_239' title='bbox 1047 3275 1165 3329; x_wconf 73' lang='lat' dir='ltr'><strong>qua:</strong></span> <span class='ocrx_word' id='word_1_240' title='bbox 1192 3258 1450 3312; x_wconf 87' lang='lat' dir='ltr'><strong>Dominus</strong></span> <span class='ocrx_word' id='word_1_241' title='bbox 1474 3258 1582 3324; x_wconf 92' lang='lat' dir='ltr'><strong>ait,</strong></span> <span class='ocrx_word' id='word_1_242' title='bbox 1616 3257 1677 3313; x_wconf 90' lang='lat' dir='ltr'><strong>Si</strong></span> <span class='ocrx_word' id='word_1_243' title='bbox 1717 3258 1788 3311; x_wconf 85' lang='lat' dir='ltr'><strong>vis</strong></span> <span class='ocrx_word' id='word_1_244' title='bbox 1818 3274 1922 3311; x_wconf 90' lang='lat' dir='ltr'><strong>esse</strong></span> <span class='ocrx_word' id='word_1_245' title='bbox 1947 3274 2066 3327; x_wconf 87' lang='lat' dir='ltr'><strong>per-</strong></span> 
     </span>
    </p>
   </div>
   <div class='ocr_carea' id='block_1_33' title="bbox 471 3348 2065 3421">
    <p class='ocr_par' dir='ltr' id='par_1_33' title="bbox 471 3348 2065 3421">
     <span class='ocr_line' id='line_1_33' title="bbox 471 3348 2065 3421; baseline 0.001 -19"><span class='ocrx_word' id='word_1_246' title='bbox 471 3350 651 3419; x_wconf 76' lang='lat' dir='ltr'><strong>fectus,</strong></span> <span class='ocrx_word' id='word_1_247' title='bbox 678 3350 823 3417; x_wconf 83' lang='lat' dir='ltr'><strong>vade,</strong></span> <span class='ocrx_word' id='word_1_248' title='bbox 851 3351 1008 3404; x_wconf 82' lang='lat' dir='ltr'><strong>vende</strong></span> <span class='ocrx_word' id='word_1_249' title='bbox 1030 3351 1201 3405; x_wconf 83' lang='lat' dir='ltr'><strong>omnia</strong></span> <span class='ocrx_word' id='word_1_250' title='bbox 1226 3365 1338 3419; x_wconf 71' lang='lat' dir='ltr'><strong>qua:</strong></span> <span class='ocrx_word' id='word_1_251' title='bbox 1365 3348 1535 3415; x_wconf 90' lang='lat' dir='ltr'><strong>habes,</strong></span> <span class='ocrx_word' id='word_1_252' title='bbox 1570 3359 1619 3404; x_wconf 91' lang='lat' dir='ltr'><strong>et</strong></span> <span class='ocrx_word' id='word_1_253' title='bbox 1644 3350 1712 3403; x_wconf 85' lang='lat' dir='ltr'><strong>da</strong></span> <span class='ocrx_word' id='word_1_254' title='bbox 1740 3350 2065 3421; x_wconf 80' lang='lat' dir='ltr'><strong>pauperibus,</strong></span> 
     </span>
    </p>
   </div>
   <div class='ocr_carea' id='block_1_34' title="bbox 470 3441 2065 3515">
    <p class='ocr_par' dir='ltr' id='par_1_34' title="bbox 470 3441 2065 3515">
     <span class='ocr_line' id='line_1_34' title="bbox 470 3441 2065 3515; baseline 0.002 -21"><span class='ocrx_word' id='word_1_255' title='bbox 470 3449 518 3495; x_wconf 87' lang='lat' dir='ltr'><strong>et</strong></span> <span class='ocrx_word' id='word_1_256' title='bbox 543 3441 743 3497; x_wconf 85' lang='lat' dir='ltr'><strong>habebis</strong></span> <span class='ocrx_word' id='word_1_257' title='bbox 768 3443 1059 3497; x_wconf 82' lang='lat' dir='ltr'><strong>thesaurum</strong></span> <span class='ocrx_word' id='word_1_258' title='bbox 1081 3445 1133 3498; x_wconf 90' lang='lat' dir='ltr'><strong>in</strong></span> <span class='ocrx_word' id='word_1_259' title='bbox 1149 3443 1297 3509; x_wconf 76' lang='lat' dir='ltr'><strong>caelo;</strong></span> <span class='ocrx_word' id='word_1_260' title='bbox 1314 3452 1360 3497; x_wconf 91' lang='lat' dir='ltr'><strong>et</strong></span> <span class='ocrx_word' id='word_1_261' title='bbox 1384 3444 1515 3509; x_wconf 83' lang='lat' dir='ltr'><strong>veni,</strong></span> <span class='ocrx_word' id='word_1_262' title='bbox 1533 3460 1737 3514; x_wconf 87' lang='lat' dir='ltr'><strong>sequere</strong></span> <span class='ocrx_word' id='word_1_263' title='bbox 1750 3460 1828 3497; x_wconf 90' lang='lat' dir='ltr'><strong>me</strong></span> <span class='ocrx_word' id='word_1_264' title='bbox 1854 3443 2065 3515; x_wconf 81' lang='lat' dir='ltr'><strong>(Matth.</strong></span> 
     </span>
    </p>
   </div>
   <div class='ocr_carea' id='block_1_35' title="bbox 470 3534 2064 3604">
    <p class='ocr_par' dir='ltr' id='par_1_35' title="bbox 470 3534 2064 3604">
     <span class='ocr_line' id='line_1_35' title="bbox 470 3534 2064 3604; baseline 0.002 -19"><span class='ocrx_word' id='word_1_265' title='bbox 470 3545 594 3597; x_wconf 76' lang='lat' dir='ltr'><strong>xxx,</strong></span> <span class='ocrx_word' id='word_1_266' title='bbox 625 3534 755 3604; x_wconf 73' lang='lat'><strong>21);</strong></span> <span class='ocrx_word' id='word_1_267' title='bbox 802 3549 899 3590; x_wconf 91' lang='lat' dir='ltr'><strong>nec</strong></span> <span class='ocrx_word' id='word_1_268' title='bbox 928 3535 1160 3590; x_wconf 86' lang='lat' dir='ltr'><strong>audeant</strong></span> <span class='ocrx_word' id='word_1_269' title='bbox 1185 3550 1370 3590; x_wconf 92' lang='lat' dir='ltr'><strong>eorum</strong></span> <span class='ocrx_word' id='word_1_270' title='bbox 1408 3534 1788 3589; x_wconf 90' lang='lat' dir='ltr'><strong>cohabitationi</strong></span> <span class='ocrx_word' id='word_1_271' title='bbox 1832 3535 2064 3601; x_wconf 89' lang='lat' dir='ltr'><strong>sociari,</strong></span> 
     </span>
    </p>
   </div>
   <div class='ocr_carea' id='block_1_36' title="bbox 471 3622 2068 3699">
    <p class='ocr_par' dir='ltr' id='par_1_36' title="bbox 471 3622 2068 3699">
     <span class='ocr_line' id='line_1_36' title="bbox 471 3622 2068 3699; baseline 0.001 -20"><span class='ocrx_word' id='word_1_272' title='bbox 471 3623 525 3679; x_wconf 89' lang='lat' dir='ltr'><strong>in</strong></span> <span class='ocrx_word' id='word_1_273' title='bbox 556 3627 749 3696; x_wconf 89' lang='lat' dir='ltr'><strong>quibus</strong></span> <span class='ocrx_word' id='word_1_274' title='bbox 789 3644 947 3683; x_wconf 90' lang='lat' dir='ltr'><strong>nemo</strong></span> <span class='ocrx_word' id='word_1_275' title='bbox 975 3628 1104 3682; x_wconf 91' lang='lat' dir='ltr'><strong>dicit</strong></span> <span class='ocrx_word' id='word_1_276' title='bbox 1130 3628 1332 3699; x_wconf 90' lang='lat' dir='ltr'><strong>aliquid</strong></span> <span class='ocrx_word' id='word_1_277' title='bbox 1360 3622 1671 3697; x_wconf 78' lang='lat' dir='ltr'><strong>proprium,</strong></span> <span class='ocrx_word' id='word_1_278' title='bbox 1702 3627 1796 3681; x_wconf 90' lang='lat' dir='ltr'><strong>sed</strong></span> <span class='ocrx_word' id='word_1_279' title='bbox 1824 3636 1948 3681; x_wconf 90' lang='lat' dir='ltr'><strong>sunt</strong></span> <span class='ocrx_word' id='word_1_280' title='bbox 1989 3628 2068 3682; x_wconf 88' lang='lat' dir='ltr'><strong>eis</strong></span> 
     </span>
    </p>
   </div>
   <div class='ocr_carea' id='block_1_37' title="bbox 472 3716 2067 3787">
    <p class='ocr_par' dir='ltr' id='par_1_37' title="bbox 472 3716 2067 3787">
     <span class='ocr_line' id='line_1_37' title="bbox 472 3716 2067 3787; baseline 0.001 -17"><span class='ocrx_word' id='word_1_281' title='bbox 472 3716 652 3770; x_wconf 91' lang='lat' dir='ltr'><strong>omnia</strong></span> <span class='ocrx_word' id='word_1_282' title='bbox 678 3718 980 3771; x_wconf 90' lang='lat' dir='ltr'><strong>communia</strong></span> <span class='ocrx_word' id='word_1_283' title='bbox 1008 3718 1145 3787; x_wconf 81' lang='lat' dir='ltr'><strong>(Act.</strong></span> <span class='ocrx_word' id='word_1_284' title='bbox 1175 3733 1232 3782; x_wconf 87' lang='grc' dir='ltr'><strong>ιι,</strong></span> <span class='ocrx_word' id='word_1_285' title='bbox 1263 3718 1354 3784; x_wconf 68' lang='grc'><strong>44,</strong></span> <span class='ocrx_word' id='word_1_286' title='bbox 1385 3726 1432 3771; x_wconf 91' lang='lat' dir='ltr'><strong>et</strong></span> <span class='ocrx_word' id='word_1_287' title='bbox 1465 3733 1538 3782; x_wconf 81' lang='grc' dir='ltr'>ιν,</span> <span class='ocrx_word' id='word_1_288' title='bbox 1568 3717 1658 3786; x_wconf 74' lang='grc'><strong>52)</strong></span> <span class='ocrx_word' id='word_1_289' title='bbox 1692 3734 1705 3769; x_wconf 89' lang='lat'><strong>:</strong></span> <span class='ocrx_word' id='word_1_290' title='bbox 1739 3716 1941 3770; x_wconf 82' lang='lat' dir='ltr'><strong>nihilne</strong></span> <span class='ocrx_word' id='word_1_291' title='bbox 1967 3732 2067 3785; x_wconf 90' lang='lat' dir='ltr'><strong>pu-</strong></span> 
     </span>
    </p>
   </div>
   <div class='ocr_carea' id='block_1_38' title="bbox 471 3807 2068 3880">
    <p class='ocr_par' dir='ltr' id='par_1_38' title="bbox 471 3807 2068 3880">
     <span class='ocr_line' id='line_1_38' title="bbox 471 3807 2068 3880; baseline 0.003 -18"><span class='ocrx_word' id='word_1_292' title='bbox 471 3814 645 3862; x_wconf 87' lang='lat' dir='ltr'><strong>tamus</strong></span> <span class='ocrx_word' id='word_1_293' title='bbox 664 3807 1083 3863; x_wconf 89' lang='lat' dir='ltr'><strong>fructificatiouis</strong></span> <span class='ocrx_word' id='word_1_294' title='bbox 1100 3809 1356 3865; x_wconf 87' lang='lat' dir='ltr'><strong>accedere</strong></span> <span class='ocrx_word' id='word_1_295' title='bbox 1375 3810 1662 3880; x_wconf 90' lang='lat' dir='ltr'><strong>virginibus</strong></span> <span class='ocrx_word' id='word_1_296' title='bbox 1690 3810 1806 3876; x_wconf 89' lang='lat' dir='ltr'><strong>Dei,</strong></span> <span class='ocrx_word' id='word_1_297' title='bbox 1825 3825 1946 3864; x_wconf 92' lang='lat' dir='ltr'><strong>cum</strong></span> <span class='ocrx_word' id='word_1_298' title='bbox 1969 3812 2068 3867; x_wconf 86' lang='lat' dir='ltr'><strong>hoc</strong></span> 
     </span>
    </p>
   </div>
   <div class='ocr_carea' id='block_1_39' title="bbox 470 3899 2067 3972">
    <p class='ocr_par' dir='ltr' id='par_1_39' title="bbox 470 3899 2067 3972">
     <span class='ocr_line' id='line_1_39' title="bbox 470 3899 2067 3972; baseline 0.002 -18"><span class='ocrx_word' id='word_1_299' title='bbox 470 3899 705 3956; x_wconf 82' lang='lat' dir='ltr'><strong>faciunt?</strong></span> <span class='ocrx_word' id='word_1_300' title='bbox 722 3910 813 3956; x_wconf 92' lang='lat' dir='ltr'><strong>aut</strong></span> <span class='ocrx_word' id='word_1_301' title='bbox 838 3902 955 3958; x_wconf 90' lang='lat' dir='ltr'><strong>sine</strong></span> <span class='ocrx_word' id='word_1_302' title='bbox 981 3902 1089 3957; x_wconf 93' lang='lat' dir='ltr'><strong>ullo</strong></span> <span class='ocrx_word' id='word_1_303' title='bbox 1117 3902 1292 3957; x_wconf 89' lang='lat' dir='ltr'><strong>fructu</strong></span> <span class='ocrx_word' id='word_1_304' title='bbox 1321 3916 1441 3957; x_wconf 91' lang='lat' dir='ltr'><strong>esse</strong></span> <span class='ocrx_word' id='word_1_305' title='bbox 1461 3902 1696 3972; x_wconf 90' lang='lat' dir='ltr'><strong>virgines</strong></span> <span class='ocrx_word' id='word_1_306' title='bbox 1718 3902 1835 3971; x_wconf 89' lang='lat' dir='ltr'><strong>Dei,</strong></span> <span class='ocrx_word' id='word_1_307' title='bbox 1858 3903 2067 3959; x_wconf 89' lang='lat' dir='ltr'><strong>etiamsi</strong></span> 
     </span>
    </p>
   </div>
   <div class='ocr_carea' id='block_1_40' title="bbox 471 3989 1413 4069">
    <p class='ocr_par' dir='ltr' id='par_1_40' title="bbox 471 3989 1413 4069">
     <span class='ocr_line' id='line_1_40' title="bbox 471 3989 1413 4069; baseline 0.003 -24"><span class='ocrx_word' id='word_1_308' title='bbox 471 3989 573 4047; x_wconf 90' lang='lat' dir='ltr'><strong>hoc</strong></span> <span class='ocrx_word' id='word_1_309' title='bbox 599 4009 703 4048; x_wconf 91' lang='lat' dir='ltr'><strong>non</strong></span> <span class='ocrx_word' id='word_1_310' title='bbox 728 3993 964 4049; x_wconf 81' lang='lat' dir='ltr'><strong>faciunt?</strong></span> <span class='ocrx_word' id='word_1_311' title='bbox 1410 4066 1413 4069; x_wconf 18' lang='grc' dir='ltr'><strong><em>γ</em></strong></span> 
     </span>
    </p>
   </div>
   <div class='ocr_carea' id='block_1_41' title="bbox 540 4082 2066 4142">
    <p class='ocr_par' dir='ltr' id='par_1_41' title="bbox 540 4082 2066 4142">
     <span class='ocr_line' id='line_1_41' title="bbox 540 4082 2066 4142; baseline 0.002 -3"><span class='ocrx_word' id='word_1_312' title='bbox 540 4082 768 4139; x_wconf 81' lang='lat' dir='ltr'><strong>CAPUT</strong></span> <span class='ocrx_word' id='word_1_313' title='bbox 797 4084 983 4139; x_wconf 82' lang='lat' dir='ltr'><strong>XLVI.</strong></span> <span class='ocrx_word' id='word_1_314' title='bbox 1013 4115 1083 4126; x_wconf 92' lang='lat'><strong><em>—</em></strong></span> <span class='ocrx_word' id='word_1_315' title='bbox 1120 4084 1239 4139; x_wconf 83' lang='lat' dir='ltr'><strong>Vita</strong></span> <span class='ocrx_word' id='word_1_316' title='bbox 1285 4086 1562 4139; x_wconf 85' lang='lat' dir='ltr'><strong>communis</strong></span> <span class='ocrx_word' id='word_1_317' title='bbox 1605 4087 2066 4142; x_wconf 83' lang='lat' dir='ltr'><strong>sanctimonialium</strong></span> 
     </span>
    </p>
   </div>
   <div class='ocr_carea' id='block_1_42' title="bbox 471 4170 2064 4246">
    <p class='ocr_par' dir='ltr' id='par_1_42' title="bbox 471 4170 2064 4246">
     <span class='ocr_line' id='line_1_42' title="bbox 471 4170 2064 4246; baseline 0.003 -15"><span class='ocrx_word' id='word_1_318' title='bbox 471 4176 812 4231; x_wconf 68' lang='lat' dir='ltr'><strong>excellentior.</strong></span> <span class='ocrx_word' id='word_1_319' title='bbox 845 4176 1004 4230; x_wconf 85' lang='lat' dir='ltr'><strong>Multa</strong></span> <span class='ocrx_word' id='word_1_320' title='bbox 1035 4192 1162 4246; x_wconf 88' lang='lat' dir='ltr'><strong>ergo</strong></span> <span class='ocrx_word' id='word_1_321' title='bbox 1204 4185 1327 4231; x_wconf 91' lang='lat' dir='ltr'><strong>sunt</strong></span> <span class='ocrx_word' id='word_1_322' title='bbox 1357 4176 1495 4232; x_wconf 86' lang='lat' dir='ltr'><strong>dona</strong></span> <span class='ocrx_word' id='word_1_323' title='bbox 1518 4218 1533 4243; x_wconf 91' lang='lat'><strong>,</strong></span> <span class='ocrx_word' id='word_1_324' title='bbox 1566 4170 1621 4233; x_wconf 86' lang='lat' dir='ltr'><strong>et</strong></span> <span class='ocrx_word' id='word_1_325' title='bbox 1649 4179 1766 4233; x_wconf 91' lang='lat' dir='ltr'><strong>aliis</strong></span> <span class='ocrx_word' id='word_1_326' title='bbox 1807 4179 1908 4232; x_wconf 89' lang='lat' dir='ltr'><strong>alia</strong></span> <span class='ocrx_word' id='word_1_327' title='bbox 1953 4181 2064 4235; x_wconf 80' lang='lat' dir='ltr'><strong>cla~</strong></span> 
     </span>
    </p>
   </div>
   <div class='ocr_carea' id='block_1_43' title="bbox 471 4268 2066 4341">
    <p class='ocr_par' dir='ltr' id='par_1_43' title="bbox 471 4268 2066 4341">
     <span class='ocr_line' id='line_1_43' title="bbox 471 4268 2066 4341; baseline 0.003 -19"><span class='ocrx_word' id='word_1_328' title='bbox 471 4268 613 4324; x_wconf 90' lang='lat' dir='ltr'><strong>riora</strong></span> <span class='ocrx_word' id='word_1_329' title='bbox 643 4284 706 4324; x_wconf 93' lang='lat' dir='ltr'><strong>ac</strong></span> <span class='ocrx_word' id='word_1_330' title='bbox 732 4268 1007 4339; x_wconf 86' lang='lat' dir='ltr'><strong>superiora</strong></span> <span class='ocrx_word' id='word_1_331' title='bbox 1027 4310 1042 4338; x_wconf 90' lang='lat'><strong>,</strong></span> <span class='ocrx_word' id='word_1_332' title='bbox 1072 4269 1293 4339; x_wconf 88' lang='lat' dir='ltr'><strong>singulis</strong></span> <span class='ocrx_word' id='word_1_333' title='bbox 1321 4270 1546 4339; x_wconf 86' lang='lat' dir='ltr'><strong>singula.</strong></span> <span class='ocrx_word' id='word_1_334' title='bbox 1582 4269 1649 4324; x_wconf 86' lang='lat' dir='ltr'><strong>Et</strong></span> <span class='ocrx_word' id='word_1_335' title='bbox 1673 4271 1959 4341; x_wconf 87' lang='lat' dir='ltr'><strong>aliquando</strong></span> <span class='ocrx_word' id='word_1_336' title='bbox 1988 4272 2066 4326; x_wconf 94' lang='lat' dir='ltr'><strong>al-</strong></span> 
     </span>
    </p>
   </div>
   <div class='ocr_carea' id='block_1_44' title="bbox 471 4362 2061 4433">
    <p class='ocr_par' dir='ltr' id='par_1_44' title="bbox 471 4362 2061 4433">
     <span class='ocr_line' id='line_1_44' title="bbox 471 4362 2061 4433; baseline 0.002 -16"><span class='ocrx_word' id='word_1_337' title='bbox 471 4370 555 4417; x_wconf 87' lang='lat' dir='ltr'><strong>ter</strong></span> <span class='ocrx_word' id='word_1_338' title='bbox 583 4363 883 4418; x_wconf 89' lang='lat' dir='ltr'><strong>fructuosus</strong></span> <span class='ocrx_word' id='word_1_339' title='bbox 909 4372 991 4418; x_wconf 89' lang='lat' dir='ltr'><strong>est</strong></span> <span class='ocrx_word' id='word_1_340' title='bbox 1014 4362 1169 4418; x_wconf 93' lang='lat' dir='ltr'><strong>donis</strong></span> <span class='ocrx_word' id='word_1_341' title='bbox 1212 4363 1547 4432; x_wconf 90' lang='lat' dir='ltr'><strong>paucioribus</strong></span> <span class='ocrx_word' id='word_1_342' title='bbox 1566 4405 1582 4430; x_wconf 91' lang='lat'><strong>,</strong></span> <span class='ocrx_word' id='word_1_343' title='bbox 1611 4363 1704 4418; x_wconf 91' lang='lat' dir='ltr'><strong>sed</strong></span> <span class='ocrx_word' id='word_1_344' title='bbox 1731 4364 2021 4433; x_wconf 87' lang='lat' dir='ltr'><strong>potioribus</strong></span> <span class='ocrx_word' id='word_1_345' title='bbox 2045 4382 2061 4431; x_wconf 89' lang='lat'><strong>;</strong></span> 
     </span>
    </p>
   </div>
   <div class='ocr_carea' id='block_1_45' title="bbox 470 4452 2065 4523">
    <p class='ocr_par' dir='ltr' id='par_1_45' title="bbox 470 4452 2065 4523">
     <span class='ocr_line' id='line_1_45' title="bbox 470 4452 2065 4523; baseline 0.002 -16"><span class='ocrx_word' id='word_1_346' title='bbox 470 4452 606 4507; x_wconf 82' lang='lat' dir='ltr'><strong>alter</strong></span> <span class='ocrx_word' id='word_1_347' title='bbox 634 4454 988 4519; x_wconf 89' lang='lat' dir='ltr'><strong>inferioribus,</strong></span> <span class='ocrx_word' id='word_1_348' title='bbox 1011 4452 1105 4507; x_wconf 90' lang='lat' dir='ltr'><strong>sed</strong></span> <span class='ocrx_word' id='word_1_349' title='bbox 1132 4453 1389 4523; x_wconf 87' lang='lat' dir='ltr'><strong>pluribus.</strong></span> <span class='ocrx_word' id='word_1_350' title='bbox 1412 4454 1477 4507; x_wconf 85' lang='lat' dir='ltr'><strong>Et</strong></span> <span class='ocrx_word' id='word_1_351' title='bbox 1505 4454 1953 4522; x_wconf 88' lang='lat' dir='ltr'><strong>quemadmodum</strong></span> <span class='ocrx_word' id='word_1_352' title='bbox 1983 4456 2065 4510; x_wconf 86' lang='lat' dir='ltr'><strong>iu-</strong></span> 
     </span>
    </p>
   </div>
   <div class='ocr_carea' id='block_1_46' title="bbox 469 4545 2064 4616">
    <p class='ocr_par' dir='ltr' id='par_1_46' title="bbox 469 4545 2064 4616">
     <span class='ocr_line' id='line_1_46' title="bbox 469 4545 2064 4616; baseline 0 -15"><span class='ocrx_word' id='word_1_353' title='bbox 469 4554 553 4601; x_wconf 81' lang='lat' dir='ltr'><strong>ter</strong></span> <span class='ocrx_word' id='word_1_354' title='bbox 575 4561 633 4599; x_wconf 90' lang='lat' dir='ltr'><strong>se</strong></span> <span class='ocrx_word' id='word_1_355' title='bbox 658 4546 740 4600; x_wconf 89' lang='lat' dir='ltr'><strong>vel</strong></span> <span class='ocrx_word' id='word_1_356' title='bbox 761 4554 1107 4615; x_wconf 67' lang='lat' dir='ltr'><strong>coaaquentur</strong></span> <span class='ocrx_word' id='word_1_357' title='bbox 1129 4546 1215 4600; x_wconf 86' lang='lat' dir='ltr'><strong>vel</strong></span> <span class='ocrx_word' id='word_1_358' title='bbox 1242 4545 1633 4615; x_wconf 88' lang='lat' dir='ltr'><strong>distinguantur</strong></span> <span class='ocrx_word' id='word_1_359' title='bbox 1660 4546 1712 4600; x_wconf 93' lang='lat' dir='ltr'><strong>in</strong></span> <span class='ocrx_word' id='word_1_360' title='bbox 1739 4546 2064 4616; x_wconf 87' lang='lat' dir='ltr'><strong>accipiendis</strong></span> 
     </span>
    </p>
   </div>
   <div class='ocr_carea' id='block_1_47' title="bbox 470 4638 2064 4709">
    <p class='ocr_par' dir='ltr' id='par_1_47' title="bbox 470 4638 2064 4709">
     <span class='ocr_line' id='line_1_47' title="bbox 470 4638 2064 4709; baseline -0.001 -16"><span class='ocrx_word' id='word_1_361' title='bbox 470 4639 689 4694; x_wconf 78' lang='lat' dir='ltr'><strong>:eternis</strong></span> <span class='ocrx_word' id='word_1_362' title='bbox 718 4638 1043 4704; x_wconf 88' lang='lat' dir='ltr'><strong>honoribus,</strong></span> <span class='ocrx_word' id='word_1_363' title='bbox 1085 4638 1204 4708; x_wconf 90' lang='lat' dir='ltr'><strong>quis</strong></span> <span class='ocrx_word' id='word_1_364' title='bbox 1236 4638 1511 4692; x_wconf 87' lang='lat' dir='ltr'><strong>hominum</strong></span> <span class='ocrx_word' id='word_1_365' title='bbox 1550 4639 1743 4694; x_wconf 88' lang='lat' dir='ltr'><strong>audeat</strong></span> <span class='ocrx_word' id='word_1_366' title='bbox 1778 4638 2064 4709; x_wconf 83' lang='lat' dir='ltr'><strong>judicare?</strong></span> 
     </span>
    </p>
   </div>
   <div class='ocr_carea' id='block_1_48' title="bbox 469 4728 2061 4795">
    <p class='ocr_par' dir='ltr' id='par_1_48' title="bbox 469 4728 2061 4795">
     <span class='ocr_line' id='line_1_48' title="bbox 469 4728 2061 4795; baseline 0.001 -11"><span class='ocrx_word' id='word_1_367' title='bbox 469 4728 595 4785; x_wconf 92' lang='lat' dir='ltr'><strong>dum</strong></span> <span class='ocrx_word' id='word_1_368' title='bbox 620 4738 795 4784; x_wconf 91' lang='lat' dir='ltr'><strong>tamen</strong></span> <span class='ocrx_word' id='word_1_369' title='bbox 822 4737 1032 4784; x_wconf 90' lang='lat' dir='ltr'><strong>constet</strong></span> <span class='ocrx_word' id='word_1_370' title='bbox 1058 4738 1113 4785; x_wconf 92' lang='lat' dir='ltr'><strong>et</strong></span> <span class='ocrx_word' id='word_1_371' title='bbox 1136 4729 1302 4783; x_wconf 88' lang='lat' dir='ltr'><strong>multa</strong></span> <span class='ocrx_word' id='word_1_372' title='bbox 1328 4745 1447 4785; x_wconf 89' lang='lat' dir='ltr'><strong>esse</strong></span> <span class='ocrx_word' id='word_1_373' title='bbox 1479 4730 1578 4784; x_wconf 85' lang='lat' dir='ltr'><strong>ista</strong></span> <span class='ocrx_word' id='word_1_374' title='bbox 1603 4729 1809 4785; x_wconf 90' lang='lat' dir='ltr'><strong>diversa</strong></span> <span class='ocrx_word' id='word_1_375' title='bbox 1831 4770 1845 4795; x_wconf 91' lang='lat'><strong>,</strong></span> <span class='ocrx_word' id='word_1_376' title='bbox 1874 4739 1928 4785; x_wconf 89' lang='lat' dir='ltr'><strong>et</strong></span> <span class='ocrx_word' id='word_1_377' title='bbox 1953 4746 2061 4785; x_wconf 92' lang='lat' dir='ltr'><strong>non</strong></span> 
     </span>
    </p>
   </div>
   <div class='ocr_carea' id='block_1_49' title="bbox 468 4820 2058 4892">
    <p class='ocr_par' dir='ltr' id='par_1_49' title="bbox 468 4820 2058 4892">
     <span class='ocr_line' id='line_1_49' title="bbox 468 4820 2058 4892; baseline 0.003 -16"><span class='ocrx_word' id='word_1_378' title='bbox 468 4820 536 4876; x_wconf 89' lang='lat' dir='ltr'><strong>ad</strong></span> <span class='ocrx_word' id='word_1_379' title='bbox 580 4838 817 4892; x_wconf 61' lang='lat' dir='ltr'><strong>praesens</strong></span> <span class='ocrx_word' id='word_1_380' title='bbox 846 4831 1090 4891; x_wconf 90' lang='lat' dir='ltr'><strong>tempus,</strong></span> <span class='ocrx_word' id='word_1_381' title='bbox 1123 4821 1221 4878; x_wconf 90' lang='lat' dir='ltr'><strong>sed</strong></span> <span class='ocrx_word' id='word_1_382' title='bbox 1261 4822 1315 4877; x_wconf 91' lang='lat' dir='ltr'><strong>in</strong></span> <span class='ocrx_word' id='word_1_383' title='bbox 1344 4832 1604 4879; x_wconf 66' lang='lat' dir='ltr'><strong>aeternum</strong></span> <span class='ocrx_word' id='word_1_384' title='bbox 1650 4823 1903 4892; x_wconf 86' lang='lat' dir='ltr'><strong>prodesse</strong></span> <span class='ocrx_word' id='word_1_385' title='bbox 1940 4839 2058 4879; x_wconf 89' lang='lat' dir='ltr'><strong>me-</strong></span> 
     </span>
    </p>
   </div>
   <div class='ocr_carea' id='block_1_50' title="bbox 533 4934 1205 4996">
    <p class='ocr_par' dir='ltr' id='par_1_50' title="bbox 533 4934 1205 4996">
     <span class='ocr_line' id='line_1_50' title="bbox 533 4934 1205 4996; baseline 0 -10"><span class='ocrx_word' id='word_1_386' title='bbox 533 4937 552 4968; x_wconf 76' lang='grc' dir='ltr'><strong>ι</strong></span> <span class='ocrx_word' id='word_1_387' title='bbox 575 4944 754 4987; x_wconf 87' lang='lat' dir='ltr'><strong>Omnes</strong></span> <span class='ocrx_word' id='word_1_388' title='bbox 773 4943 903 4996; x_wconf 57' lang='lat' dir='ltr'><strong>Mss,</strong></span> <span class='ocrx_word' id='word_1_389' title='bbox 931 4934 1205 4988; x_wconf 70' lang='lat' dir='ltr'><strong>Imitandus”.</strong></span> 
     </span>
    </p>
   </div>
   <div class='ocr_carea' id='block_1_51' title="bbox 469 4995 2057 5065">
    <p class='ocr_par' dir='ltr' id='par_1_51' title="bbox 469 4995 2057 5065">
     <span class='ocr_line' id='line_1_51' title="bbox 469 4995 2057 5065; baseline 0.005 -21"><span class='ocrx_word' id='word_1_390' title='bbox 469 4995 562 5065; x_wconf 78' lang='lat' dir='ltr'><strong>(sic</strong></span> <span class='ocrx_word' id='word_1_391' title='bbox 586 4998 694 5065; x_wconf 84' lang='lat' dir='ltr'><strong>ejus</strong></span> <span class='ocrx_word' id='word_1_392' title='bbox 717 5006 826 5047; x_wconf 78' lang='lat' dir='ltr'><strong>Acta</strong></span> <span class='ocrx_word' id='word_1_393' title='bbox 856 4995 909 5065; x_wconf 78' lang='lat' dir='ltr'><strong>in</strong></span> <span class='ocrx_word' id='word_1_394' title='bbox 932 4999 1312 5065; x_wconf 77' lang='lat' dir='ltr'><strong>Theodericensi</strong></span> <span class='ocrx_word' id='word_1_395' title='bbox 1342 5008 1422 5049; x_wconf 85' lang='lat' dir='ltr'><strong>Ms.</strong></span> <span class='ocrx_word' id='word_1_396' title='bbox 1445 5000 1575 5065; x_wconf 82' lang='lat' dir='ltr'><strong>forte</strong></span> <span class='ocrx_word' id='word_1_397' title='bbox 1596 5014 1685 5063; x_wconf 89' lang='lat' dir='ltr'><strong>pro</strong></span> <span class='ocrx_word' id='word_1_398' title='bbox 1712 4999 2057 5065; x_wconf 78' lang='lat' dir='ltr'><strong>Thagastensis,</strong></span> 
     </span>
    </p>
   </div>
   <div class='ocr_carea' id='block_1_52' title="bbox 469 5057 2059 5123">
    <p class='ocr_par' dir='ltr' id='par_1_52' title="bbox 469 5057 2059 5123">
     <span class='ocr_line' id='line_1_52' title="bbox 469 5057 2059 5123; baseline 0.006 -19"><span class='ocrx_word' id='word_1_399' title='bbox 469 5057 552 5123; x_wconf 75' lang='lat' dir='ltr'><strong>vel</strong></span> <span class='ocrx_word' id='word_1_400' title='bbox 581 5057 913 5123; x_wconf 69' lang='lat' dir='ltr'><strong>ﬁmgurensis)</strong></span> <span class='ocrx_word' id='word_1_401' title='bbox 937 5058 1096 5121; x_wconf 87' lang='lat' dir='ltr'><strong>gladio</strong></span> <span class='ocrx_word' id='word_1_402' title='bbox 1112 5073 1341 5123; x_wconf 85' lang='lat' dir='ltr'><strong>percussa</strong></span> <span class='ocrx_word' id='word_1_403' title='bbox 1360 5057 1705 5113; x_wconf 79' lang='lat' dir='ltr'><strong>est&#39;rhebéstae</strong></span> <span class='ocrx_word' id='word_1_404' title='bbox 1722 5064 1772 5111; x_wconf 92' lang='lat' dir='ltr'><strong>in</strong></span> <span class='ocrx_word' id='word_1_405' title='bbox 1796 5057 1946 5114; x_wconf 66' lang='lat' dir='ltr'><strong>Africa</strong></span> <span class='ocrx_word' id='word_1_406' title='bbox 1966 5057 2059 5115; x_wconf 78' lang='lat' dir='ltr'><strong>sub</strong></span> 
     </span>
    </p>
   </div>
   <div class='ocr_carea' id='block_1_53' title="bbox 468 5118 2060 5185">
    <p class='ocr_par' dir='ltr' id='par_1_53' title="bbox 468 5118 2060 5185">
     <span class='ocr_line' id='line_1_53' title="bbox 468 5118 2060 5185; baseline 0.006 -18"><span class='ocrx_word' id='word_1_407' title='bbox 468 5118 762 5185; x_wconf 67' lang='lat' dir='ltr'><strong>Diocletiano</strong></span> <span class='ocrx_word' id='word_1_408' title='bbox 779 5118 1154 5185; x_wconf 60' lang='lat' dir='ltr'><strong>etstaiimiano,</strong></span> <span class='ocrx_word' id='word_1_409' title='bbox 1182 5122 1380 5173; x_wconf 76' lang='lat' dir='ltr'><strong>Anulino</strong></span> <span class='ocrx_word' id='word_1_410' title='bbox 1404 5124 1709 5185; x_wconf 68' lang='lat' dir='ltr'><strong>proconsule.</strong></span> <span class='ocrx_word' id='word_1_411' title='bbox 1736 5126 1851 5177; x_wconf 85' lang='lat' dir='ltr'><strong>Inde</strong></span> <span class='ocrx_word' id='word_1_412' title='bbox 1867 5140 2060 5176; x_wconf 89' lang='lat' dir='ltr'><strong>rursum</strong></span> 
     </span>
    </p>
   </div>
   <div class='ocr_carea' id='block_1_54' title="bbox 469 5180 2057 5249">
    <p class='ocr_par' dir='ltr' id='par_1_54' title="bbox 469 5180 2057 5249">
     <span class='ocr_line' id='line_1_54' title="bbox 469 5180 2057 5249; baseline 0.006 -21"><span class='ocrx_word' id='word_1_413' title='bbox 469 5180 520 5229; x_wconf 87' lang='lat' dir='ltr'><strong>in</strong></span> <span class='ocrx_word' id='word_1_414' title='bbox 542 5194 768 5249; x_wconf 81' lang='lat' dir='ltr'><strong>sermone</strong></span> <span class='ocrx_word' id='word_1_415' title='bbox 786 5182 895 5241; x_wconf 68' lang='grc' dir='ltr'>δεδι,</span> <span class='ocrx_word' id='word_1_416' title='bbox 920 5183 978 5231; x_wconf 92' lang='lat' dir='ltr'><strong>ad</strong></span> <span class='ocrx_word' id='word_1_417' title='bbox 997 5186 1330 5249; x_wconf 81' lang='lat' dir='ltr'><strong>(:ontineutes,</strong></span> <span class='ocrx_word' id='word_1_418' title='bbox 1350 5180 1456 5235; x_wconf 56' lang='grc' dir='ltr'><strong>οἶδ</strong></span> <span class='ocrx_word' id='word_1_419' title='bbox 1478 5200 1490 5235; x_wconf 90' lang='lat'><strong>:</strong></span> <span class='ocrx_word' id='word_1_420' title='bbox 1522 5204 1544 5233; x_wconf 65' lang='grc' dir='ltr'><strong>α</strong></span> <span class='ocrx_word' id='word_1_421' title='bbox 1561 5192 1807 5249; x_wconf 78' lang='lat' dir='ltr'><strong>Cogitate,</strong></span> <span class='ocrx_word' id='word_1_422' title='bbox 1832 5190 1916 5248; x_wconf 88' lang='lat' dir='ltr'><strong>ait,</strong></span> <span class='ocrx_word' id='word_1_423' title='bbox 1943 5202 2057 5249; x_wconf 87' lang='lat' dir='ltr'><strong>per-</strong></span> 
     </span>
    </p>
   </div>
   <div class='ocr_carea' id='block_1_55' title="bbox 476 5244 2059 5310">
    <p class='ocr_par' dir='ltr' id='par_1_55' title="bbox 476 5244 2059 5310">
     <span class='ocr_line' id='line_1_55' title="bbox 476 5244 2059 5310; baseline 0.009 -23"><span class='ocrx_word' id='word_1_424' title='bbox 476 5258 499 5287; x_wconf 74' lang='grc' dir='ltr'><strong><em>α</em></strong></span> <span class='ocrx_word' id='word_1_425' title='bbox 520 5244 1143 5310; x_wconf 68' lang='lat' dir='ltr'><strong>secutionistemporenon</strong></span> <span class='ocrx_word' id='word_1_426' title='bbox 1181 5244 1349 5310; x_wconf 79' lang='lat' dir='ltr'><strong>solum</strong></span> <span class='ocrx_word' id='word_1_427' title='bbox 1385 5255 1553 5310; x_wconf 81' lang='lat' dir='ltr'><strong>Agncn</strong></span> <span class='ocrx_word' id='word_1_428' title='bbox 1590 5244 1741 5298; x_wconf 82' lang='lat' dir='ltr'><strong>fuisse</strong></span> <span class='ocrx_word' id='word_1_429' title='bbox 1783 5244 2059 5301; x_wconf 78' lang='lat' dir='ltr'><strong>coronatam</strong></span> 
     </span>
    </p>
   </div>
   <div class='ocr_carea' id='block_1_56' title="bbox 475 5305 2059 5375">
    <p class='ocr_par' dir='ltr' id='par_1_56' title="bbox 475 5305 2059 5375">
     <span class='ocr_line' id='line_1_56' title="bbox 475 5305 2059 5375; baseline 0.008 -25"><span class='ocrx_word' id='word_1_430' title='bbox 475 5318 500 5349; x_wconf 78' lang='grc' dir='ltr'><strong>ι</strong></span> <span class='ocrx_word' id='word_1_431' title='bbox 523 5305 777 5375; x_wconf 72' lang='lat' dir='ltr'><strong>virginem,</strong></span> <span class='ocrx_word' id='word_1_432' title='bbox 792 5305 890 5375; x_wconf 69' lang='lat' dir='ltr'><strong>sed</strong></span> <span class='ocrx_word' id='word_1_433' title='bbox 899 5305 953 5356; x_wconf 85' lang='lat' dir='ltr'><strong>et</strong></span> <span class='ocrx_word' id='word_1_434' title='bbox 964 5307 1234 5375; x_wconf 82' lang='lat' dir='ltr'><strong>_Crispina_m</strong></span> <span class='ocrx_word' id='word_1_435' title='bbox 1256 5305 1550 5375; x_wconf 66' lang='lat' dir='ltr'><strong>mulier&#39;em;</strong></span> <span class='ocrx_word' id='word_1_436' title='bbox 1580 5318 1631 5360; x_wconf 89' lang='lat' dir='ltr'><strong>et</strong></span> <span class='ocrx_word' id='word_1_437' title='bbox 1647 5313 1790 5375; x_wconf 82' lang='lat' dir='ltr'><strong>forte,</strong></span> <span class='ocrx_word' id='word_1_438' title='bbox 1812 5313 1941 5375; x_wconf 93' lang='lat' dir='ltr'><strong>quod</strong></span> <span class='ocrx_word' id='word_1_439' title='bbox 1961 5326 2059 5362; x_wconf 90' lang='lat' dir='ltr'><strong>non</strong></span> 
     </span>
    </p>
   </div>
   <div class='ocr_carea' id='block_1_57' title="bbox 476 5363 2059 5435">
    <p class='ocr_par' dir='ltr' id='par_1_57' title="bbox 476 5363 2059 5435">
     <span class='ocr_line' id='line_1_57' title="bbox 476 5363 2059 5435; baseline 0.009 -24"><span class='ocrx_word' id='word_1_440' title='bbox 476 5381 500 5411; x_wconf 72' lang='grc' dir='ltr'><strong>ι</strong></span> <span class='ocrx_word' id='word_1_441' title='bbox 518 5363 791 5435; x_wconf 69' lang='lat' dir='ltr'><strong>dubitatur,</strong></span> <span class='ocrx_word' id='word_1_442' title='bbox 831 5365 977 5435; x_wconf 79' lang='lat' dir='ltr'><strong>aliqui</strong></span> <span class='ocrx_word' id='word_1_443' title='bbox 996 5363 1135 5435; x_wconf 62' lang='grc' dir='ltr'><strong>Διιιίιιι</strong></span> <span class='ocrx_word' id='word_1_444' title='bbox 1157 5369 1221 5418; x_wconf 91' lang='lat' dir='ltr'><strong>de</strong></span> <span class='ocrx_word' id='word_1_445' title='bbox 1265 5372 1627 5421; x_wconf 85' lang='lat' dir='ltr'><strong>continentibus</strong></span> <span class='ocrx_word' id='word_1_446' title='bbox 1648 5363 1966 5435; x_wconf 72' lang='lat' dir='ltr'><strong>defecerunt,</strong></span> <span class='ocrx_word' id='word_1_447' title='bbox 2005 5382 2059 5425; x_wconf 88' lang='lat' dir='ltr'><strong>et</strong></span> 
     </span>
    </p>
   </div>
   <div class='ocr_carea' id='block_1_58' title="bbox 476 5424 1963 5508">
    <p class='ocr_par' dir='ltr' id='par_1_58' title="bbox 476 5424 1963 5508">
     <span class='ocr_line' id='line_1_58' title="bbox 476 5424 1963 5508; baseline 0.01 -36"><span class='ocrx_word' id='word_1_448' title='bbox 476 5440 500 5471; x_wconf 75' lang='grc' dir='ltr'><strong>ι</strong></span> <span class='ocrx_word' id='word_1_449' title='bbox 520 5424 1036 5508; x_wconf 39' lang='lat' dir='ltr'><strong>de‘conjuga‘tis</strong></span> <span class='ocrx_word' id='word_1_450' title='bbox 1057 5441 1394 5508; x_wconf 65' lang='lat' dir='ltr'><strong>pugnaverunt</strong></span> <span class='ocrx_word' id='word_1_451' title='bbox 1416 5441 1563 5496; x_wconf 85' lang='lat' dir='ltr'><strong>atque</strong></span> <span class='ocrx_word' id='word_1_452' title='bbox 1587 5437 1872 5508; x_wconf 41' lang='lat' dir='ltr'><strong>viceruntz.’</strong></span> 
     </span>
    </p>
   </div>
   <div class='ocr_carea' id='block_1_59' title="bbox 468 5486 2057 5621">
    <p class='ocr_par' dir='ltr' id='par_1_59' title="bbox 468 5486 2057 5621">
     <span class='ocr_line' id='line_1_59' title="bbox 530 5486 2057 5595; baseline 0.007 -61"><span class='ocrx_word' id='word_1_453' title='bbox 530 5486 602 5595; x_wconf 77' lang='lat' dir='ltr'><strong>(a)</strong></span> <span class='ocrx_word' id='word_1_454' title='bbox 635 5493 763 5538; x_wconf 83' lang='lat' dir='ltr'><strong>Hanc</strong></span> <span class='ocrx_word' id='word_1_455' title='bbox 792 5486 1088 5539; x_wconf 72' lang='lat' dir='ltr'><strong>sententiam</strong></span> <span class='ocrx_word' id='word_1_456' title='bbox 1109 5486 1266 5541; x_wconf 58' lang='lat' dir='ltr'><strong>r&#39;efert</strong></span> <span class='ocrx_word' id='word_1_457' title='bbox 1296 5486 1497 5544; x_wconf 64' lang='lat' dir='ltr'><strong>Hieron&#39;</strong></span> <span class='ocrx_word' id='word_1_458' title='bbox 1555 5508 1638 5556; x_wconf 90' lang='lat' dir='ltr'><strong>us,</strong></span> <span class='ocrx_word' id='word_1_459' title='bbox 1672 5497 1761 5546; x_wconf 90' lang='lat' dir='ltr'><strong>sed</strong></span> <span class='ocrx_word' id='word_1_460' title='bbox 1784 5497 1926 5546; x_wconf 90' lang='lat' dir='ltr'><strong>aliam</strong></span> <span class='ocrx_word' id='word_1_461' title='bbox 1950 5497 2057 5558; x_wconf 84' lang='lat' dir='ltr'><strong>ipse</strong></span> 
     </span>
     <span class='ocr_line' id='line_1_60' title="bbox 468 5509 2055 5621; baseline 0.009 -27"><span class='ocrx_word' id='word_1_462' title='bbox 468 5548 616 5621; x_wconf 49' lang='lat' dir='ltr'><strong>iii-ib.</strong></span> <span class='ocrx_word' id='word_1_463' title='bbox 644 5548 858 5621; x_wconf 75' lang='lat' dir='ltr'><strong>l_contra</strong></span> <span class='ocrx_word' id='word_1_464' title='bbox 880 5553 1197 5621; x_wconf 75' lang='lat' dir='ltr'><strong>Jovinianum,</strong></span> <span class='ocrx_word' id='word_1_465' title='bbox 1223 5560 1276 5605; x_wconf 90' lang='lat' dir='ltr'><strong>et</strong></span> <span class='ocrx_word' id='word_1_466' title='bbox 1298 5556 1347 5621; x_wconf 83' lang='lat' dir='ltr'><strong>in</strong></span> <span class='ocrx_word' id='word_1_467' title='bbox 1361 5509 1554 5621; x_wconf 42' lang='lat' dir='ltr'><strong>Metti?“</strong></span> <span class='ocrx_word' id='word_1_468' title='bbox 1546 5571 1652 5619; x_wconf 83' lang='lat' dir='ltr'><strong>cap.</strong></span> <span class='ocrx_word' id='word_1_469' title='bbox 1684 5560 1741 5606; x_wconf 82' lang='grc'><strong>13</strong></span> <span class='ocrx_word' id='word_1_470' title='bbox 1763 5558 1919 5621; x_wconf 82' lang='lat' dir='ltr'><strong>eligit,</strong></span> <span class='ocrx_word' id='word_1_471' title='bbox 1944 5572 2055 5621; x_wconf 67' lang='lat' dir='ltr'><strong>quae</strong></span> 
     </span>
    </p>
   </div>
   <div class='ocr_carea' id='block_1_60' title="bbox 469 5607 2054 5683">
    <p class='ocr_par' dir='ltr' id='par_1_60' title="bbox 469 5607 2054 5683">
     <span class='ocr_line' id='line_1_61' title="bbox 469 5607 2054 5683; baseline 0.008 -26"><span class='ocrx_word' id='word_1_472' title='bbox 469 5607 705 5683; x_wconf 55' lang='lat' dir='ltr'><strong>videlicet</strong></span> <span class='ocrx_word' id='word_1_473' title='bbox 727 5613 1047 5682; x_wconf 79' lang='lat' dir='ltr'><strong>centesimum</strong></span> <span class='ocrx_word' id='word_1_474' title='bbox 1067 5607 1279 5683; x_wconf 78' lang='lat' dir='ltr'><strong>fructum</strong></span> <span class='ocrx_word' id='word_1_475' title='bbox 1300 5618 1582 5683; x_wconf 78' lang='lat' dir='ltr'><strong>virginibus,</strong></span> <span class='ocrx_word' id='word_1_476' title='bbox 1602 5607 2054 5683; x_wconf 57' lang='lat' dir='ltr'><strong>sexagesimum&#39;vi;</strong></span> 
     </span>
    </p>
   </div>
   <div class='ocr_carea' id='block_1_61' title="bbox 468 5670 1681 5741">
    <p class='ocr_par' dir='ltr' id='par_1_61' title="bbox 468 5670 1681 5741">
     <span class='ocr_line' id='line_1_62' title="bbox 468 5670 1681 5741; baseline 0.008 -24"><span class='ocrx_word' id='word_1_477' title='bbox 619 5676 672 5741; x_wconf 79' lang='lat' dir='ltr'><strong>et</strong></span> <span class='ocrx_word' id='word_1_478' title='bbox 693 5672 1162 5741; x_wconf 30' lang='lat' dir='ltr'><strong>trigesimum.</strong></span> <span class='ocrx_word' id='word_1_479' title='bbox 1177 5670 1445 5741; x_wconf 61' lang='lat' dir='ltr'><strong>coniugatis</strong></span> <span class='ocrx_word' id='word_1_480' title='bbox 1463 5670 1681 5741; x_wconf 79' lang='lat' dir='ltr'><strong>deputat.</strong></span> 
     </span>
    </p>
   </div>
   <div class='ocr_carea' id='block_1_62' title="bbox 530 5695 2055 5808">
    <p class='ocr_par' dir='ltr' id='par_1_62' title="bbox 530 5695 2055 5808">
     <span class='ocr_line' id='line_1_63' title="bbox 530 5695 1681 5741; baseline 0.008 -23"><span class='ocrx_word' id='word_1_481' title='bbox 530 5695 592 5730; x_wconf 68' lang='grc' dir='ltr'>ιω,</span> <span class='ocrx_word' id='word_1_482' title='bbox 619 5695 672 5720; x_wconf 69' lang='grc' dir='ltr'>σι</span> <span class='ocrx_word' id='word_1_483' title='bbox 695 5695 996 5733; x_wconf 60' lang='lat' dir='ltr'><strong>unguuntqu</strong></span> <span class='ocrx_word' id='word_1_484' title='bbox 1017 5695 1162 5726; x_wconf 74' lang='lat' dir='ltr'><strong>casus</strong></span> <span class='ocrx_word' id='word_1_485' title='bbox 1177 5695 1445 5741; x_wconf 77' lang='lat' dir='ltr'><strong>conjugaus</strong></span> <span class='ocrx_word' id='word_1_486' title='bbox 1463 5695 1527 5728; x_wconf 85' lang='lat' dir='ltr'><strong>ae</strong></span> <span class='ocrx_word' id='word_1_487' title='bbox 1562 5695 1681 5730; x_wconf 73' lang='lat' dir='ltr'><strong>mat.</strong></span> 
     </span>
     <span class='ocr_line' id='line_1_64' title="bbox 530 5695 2055 5808; baseline 0.01 -29"><span class='ocrx_word' id='word_1_488' title='bbox 636 5740 737 5782; x_wconf 84' lang='lat' dir='ltr'><strong>Huc</strong></span> <span class='ocrx_word' id='word_1_489' title='bbox 758 5735 971 5808; x_wconf 65' lang='lat' dir='ltr'><strong>pertinet</strong></span> <span class='ocrx_word' id='word_1_490' title='bbox 991 5735 1111 5808; x_wconf 80' lang='lat' dir='ltr'><strong>illud</strong></span> <span class='ocrx_word' id='word_1_491' title='bbox 1129 5739 1197 5808; x_wconf 82' lang='lat' dir='ltr'><strong>_in</strong></span> <span class='ocrx_word' id='word_1_492' title='bbox 1212 5753 1441 5808; x_wconf 82' lang='lat' dir='ltr'><strong>sermone</strong></span> <span class='ocrx_word' id='word_1_493' title='bbox 1463 5695 1561 5808; x_wconf 26' lang='lat'><strong>‘155</strong></span> <span class='ocrx_word' id='word_1_494' title='bbox 1577 5778 1591 5801; x_wconf 91' lang='lat'><strong>,</strong></span> <span class='ocrx_word' id='word_1_495' title='bbox 1610 5756 1661 5791; x_wconf 88' lang='grc' dir='ltr'>ιι.</span> <span class='ocrx_word' id='word_1_496' title='bbox 1692 5744 1755 5808; x_wconf 82' lang='lat' dir='ltr'><strong>l_:</strong></span> <span class='ocrx_word' id='word_1_497' title='bbox 1787 5759 1809 5788; x_wconf 72' lang='grc' dir='ltr'><strong>α</strong></span> <span class='ocrx_word' id='word_1_498' title='bbox 1826 5749 2055 5808; x_wconf 76' lang='lat' dir='ltr'><strong>Martyres</strong></span> 
     </span>
    </p>
   </div>
   <div class='ocr_carea' id='block_1_63' title="bbox 475 5791 2049 5876">
    <p class='ocr_par' dir='ltr' id='par_1_63' title="bbox 475 5791 2049 5876">
     <span class='ocr_line' id='line_1_65' title="bbox 475 5791 2049 5876; baseline 0.003 0"><span class='ocrx_word' id='word_1_499' title='bbox 475 5791 995 5876; x_wconf 59' lang='lat'><strong>39:10:29</strong></span> <span class='ocrx_word' id='word_1_500' title='bbox 1016 5798 1252 5876; x_wconf 55' lang='lat' dir='ltr'><strong>adstare</strong></span> <span class='ocrx_word' id='word_1_501' title='bbox 1273 5802 1375 5876; x_wconf 46' lang='lat' dir='ltr'><strong>De.</strong></span> <span class='ocrx_word' id='word_1_502' title='bbox 1389 5791 1705 5876; x_wconf 43' lang='lat' dir='ltr'><strong>manem</strong></span> <span class='ocrx_word' id='word_1_503' title='bbox 1719 5806 1836 5867; x_wconf 71' lang='lat' dir='ltr'><strong>ipsis</strong></span> <span class='ocrx_word' id='word_1_504' title='bbox 1857 5791 2049 5862; x_wconf 58' lang='lat' dir='ltr'><strong>diéiiu‘i</strong></span> 
     </span>
    </p>
   </div>
   <div class='ocr_carea' id='block_1_64' title="bbox 473 5863 1905 5920">
    <p class='ocr_par' dir='ltr' id='par_1_64' title="bbox 473 5863 1905 5920">
     <span class='ocr_line' id='line_1_66' title="bbox 473 5863 1905 5920; baseline 0.007 -13"><span class='ocrx_word' id='word_1_505' title='bbox 473 5871 501 5909; x_wconf 85' lang='lat' dir='ltr'><strong>s</strong></span> <span class='ocrx_word' id='word_1_506' title='bbox 516 5868 604 5920; x_wconf 83' lang='lat' dir='ltr'><strong>pro</strong></span> <span class='ocrx_word' id='word_1_507' title='bbox 624 5863 819 5908; x_wconf 78' lang='lat' dir='ltr'><strong>caeteris</strong></span> <span class='ocrx_word' id='word_1_508' title='bbox 833 5867 1000 5912; x_wconf 84' lang='lat' dir='ltr'><strong>autem</strong></span> <span class='ocrx_word' id='word_1_509' title='bbox 1022 5865 1407 5915; x_wconf 73' lang='lat' dir='ltr'><strong>commemoratis</strong></span> <span class='ocrx_word' id='word_1_510' title='bbox 1419 5863 1663 5917; x_wconf 81' lang='lat' dir='ltr'><strong>defunctis</strong></span> <span class='ocrx_word' id='word_1_511' title='bbox 1682 5863 1864 5919; x_wconf 70' lang='lat' dir='ltr'><strong>oratiu.</strong></span> <span class='ocrx_word' id='word_1_512' title='bbox 1881 5885 1905 5916; x_wconf 71' lang='grc' dir='ltr'><strong>ι</strong></span> 
     </span>
    </p>
   </div>
   <div class='ocr_carea' id='block_1_65' title="bbox 1402 376 2818 449">
    <p class='ocr_par' dir='ltr' id='par_1_65' title="bbox 1402 376 2818 449">
     <span class='ocr_line' id='line_1_67' title="bbox 1402 376 2818 449; baseline -0.003 -8"><span class='ocrx_word' id='word_1_513' title='bbox 1402 383 1491 442; x_wconf 86' lang='lat' dir='ltr'><strong>DE</strong></span> <span class='ocrx_word' id='word_1_514' title='bbox 1525 381 1795 443; x_wconf 82' lang='lat' dir='ltr'><strong>SANC&#39;I‘A</strong></span> <span class='ocrx_word' id='word_1_515' title='bbox 1834 376 2305 449; x_wconf 80' lang='lat' dir='ltr'><strong>VIRGINITA&#39;I‘E,</strong></span> <span class='ocrx_word' id='word_1_516' title='bbox 2348 379 2407 436; x_wconf 95' lang='lat' dir='ltr'><strong>S.</strong></span> <span class='ocrx_word' id='word_1_517' title='bbox 2448 378 2818 439; x_wconf 83' lang='lat' dir='ltr'><strong>AUGUSTINI</strong></span> 
     </span>
    </p>
   </div>
   <div class='ocr_carea' id='block_1_66' title="bbox 3649 377 3761 434">
    <p class='ocr_par' dir='ltr' id='par_1_66' title="bbox 3649 377 3761 434">
     <span class='ocr_line' id='line_1_68' title="bbox 3649 377 3761 434; baseline 0 0"><span class='ocrx_word' id='word_1_518' title='bbox 3649 377 3761 434; x_wconf 64' lang='grc'><strong>421</strong></span> 
     </span>
    </p>
   </div>
   <div class='ocr_carea' id='block_1_67' title="bbox 2178 488 3764 550">
    <p class='ocr_par' dir='ltr' id='par_1_67' title="bbox 2178 488 3764 550">
     <span class='ocr_line' id='line_1_69' title="bbox 2178 488 3764 550; baseline -0.004 0"><span class='ocrx_word' id='word_1_519' title='bbox 2178 495 2331 550; x_wconf 88' lang='lat' dir='ltr'><strong>liora.</strong></span> <span class='ocrx_word' id='word_1_520' title='bbox 2360 493 2463 549; x_wconf 87' lang='lat' dir='ltr'><strong>Sed</strong></span> <span class='ocrx_word' id='word_1_521' title='bbox 2491 493 2773 549; x_wconf 91' lang='lat' dir='ltr'><strong>Dominum</strong></span> <span class='ocrx_word' id='word_1_522' title='bbox 2804 502 2916 549; x_wconf 88' lang='lat' dir='ltr'><strong>tres</strong></span> <span class='ocrx_word' id='word_1_523' title='bbox 2958 489 3187 547; x_wconf 89' lang='lat' dir='ltr'><strong>arbitror</strong></span> <span class='ocrx_word' id='word_1_524' title='bbox 3211 488 3446 545; x_wconf 83' lang='lat' dir='ltr'><strong>voluisse</strong></span> <span class='ocrx_word' id='word_1_525' title='bbox 3468 488 3764 545; x_wconf 84' lang='lat' dir='ltr'><strong>fructiﬁca-</strong></span> 
     </span>
    </p>
   </div>
   <div class='ocr_carea' id='block_1_68' title="bbox 2175 583 3765 655">
    <p class='ocr_par' dir='ltr' id='par_1_68' title="bbox 2175 583 3765 655">
     <span class='ocr_line' id='line_1_70' title="bbox 2175 583 3765 655; baseline -0.003 -13"><span class='ocrx_word' id='word_1_526' title='bbox 2175 588 2336 642; x_wconf 92' lang='lat' dir='ltr'><strong>tionis</strong></span> <span class='ocrx_word' id='word_1_527' title='bbox 2361 602 2783 643; x_wconf 90' lang='lat' dir='ltr'><strong>commemorare</strong></span> <span class='ocrx_word' id='word_1_528' title='bbox 2806 585 3131 641; x_wconf 70' lang='lat' dir='ltr'><strong>differentias</strong></span> <span class='ocrx_word' id='word_1_529' title='bbox 3158 584 3373 655; x_wconf 81' lang='lat' dir='ltr'><strong>(Matth.</strong></span> <span class='ocrx_word' id='word_1_530' title='bbox 3404 599 3519 648; x_wconf 83' lang='lat' dir='ltr'><strong>xm,</strong></span> <span class='ocrx_word' id='word_1_531' title='bbox 3549 583 3628 653; x_wconf 89' lang='grc'><strong>8),</strong></span> <span class='ocrx_word' id='word_1_532' title='bbox 3659 598 3765 638; x_wconf 74' lang='lat' dir='ltr'><strong>cce-</strong></span> 
     </span>
    </p>
   </div>
   <div class='ocr_carea' id='block_1_69' title="bbox 2175 675 3763 750">
    <p class='ocr_par' dir='ltr' id='par_1_69' title="bbox 2175 675 3763 750">
     <span class='ocr_line' id='line_1_71' title="bbox 2175 675 3763 750; baseline -0.002 -16"><span class='ocrx_word' id='word_1_533' title='bbox 2175 686 2317 734; x_wconf 87' lang='lat' dir='ltr'><strong>teras</strong></span> <span class='ocrx_word' id='word_1_534' title='bbox 2346 679 2759 750; x_wconf 88' lang='lat' dir='ltr'><strong>intelligentibus</strong></span> <span class='ocrx_word' id='word_1_535' title='bbox 2789 677 3085 749; x_wconf 89' lang='lat' dir='ltr'><strong>reliquisse.</strong></span> <span class='ocrx_word' id='word_1_536' title='bbox 3116 676 3246 731; x_wconf 87' lang='lat' dir='ltr'><strong>Nam</strong></span> <span class='ocrx_word' id='word_1_537' title='bbox 3289 684 3343 731; x_wconf 91' lang='lat' dir='ltr'><strong>et</strong></span> <span class='ocrx_word' id='word_1_538' title='bbox 3368 675 3505 729; x_wconf 91' lang='lat' dir='ltr'><strong>alius</strong></span> <span class='ocrx_word' id='word_1_539' title='bbox 3532 690 3763 745; x_wconf 85' lang='lat' dir='ltr'><strong>evange-</strong></span> 
     </span>
    </p>
   </div>
   <div class='ocr_carea' id='block_1_70' title="bbox 2176 767 3763 840">
    <p class='ocr_par' dir='ltr' id='par_1_70' title="bbox 2176 767 3763 840">
     <span class='ocr_line' id='line_1_72' title="bbox 2176 767 3763 840; baseline -0.002 -13"><span class='ocrx_word' id='word_1_540' title='bbox 2176 771 2295 827; x_wconf 91' lang='lat' dir='ltr'><strong>lista</strong></span> <span class='ocrx_word' id='word_1_541' title='bbox 2323 774 2496 828; x_wconf 88' lang='lat' dir='ltr'><strong>solum</strong></span> <span class='ocrx_word' id='word_1_542' title='bbox 2520 772 2959 828; x_wconf 90' lang='lat' dir='ltr'><strong>commemoravit</strong></span> <span class='ocrx_word' id='word_1_543' title='bbox 2984 769 3289 840; x_wconf 89' lang='lat' dir='ltr'><strong>centuplum</strong></span> <span class='ocrx_word' id='word_1_544' title='bbox 3318 768 3469 837; x_wconf 89' lang='lat' dir='ltr'><strong>(Luc.</strong></span> <span class='ocrx_word' id='word_1_545' title='bbox 3503 783 3594 823; x_wconf 88' lang='lat' dir='ltr'><strong>vm</strong></span> <span class='ocrx_word' id='word_1_546' title='bbox 3615 809 3630 833; x_wconf 91' lang='lat'><strong>,</strong></span> <span class='ocrx_word' id='word_1_547' title='bbox 3662 767 3718 838; x_wconf 91' lang='lat'><strong>8)</strong></span> <span class='ocrx_word' id='word_1_548' title='bbox 3747 785 3763 824; x_wconf 89' lang='lat'><strong>:</strong></span> 
     </span>
    </p>
   </div>
   <div class='ocr_carea' id='block_1_71' title="bbox 2177 861 3768 937">
    <p class='ocr_par' dir='ltr' id='par_1_71' title="bbox 2177 861 3768 937">
     <span class='ocr_line' id='line_1_73' title="bbox 2177 861 3768 937; baseline -0.004 -16"><span class='ocrx_word' id='word_1_549' title='bbox 2177 867 2433 937; x_wconf 90' lang='lat' dir='ltr'><strong>numquid</strong></span> <span class='ocrx_word' id='word_1_550' title='bbox 2485 867 2605 922; x_wconf 92' lang='lat' dir='ltr'><strong>ideo</strong></span> <span class='ocrx_word' id='word_1_551' title='bbox 2657 865 2922 937; x_wconf 90' lang='lat' dir='ltr'><strong>putandus</strong></span> <span class='ocrx_word' id='word_1_552' title='bbox 2969 874 3052 920; x_wconf 91' lang='lat' dir='ltr'><strong>est</strong></span> <span class='ocrx_word' id='word_1_553' title='bbox 3103 863 3204 917; x_wconf 90' lang='lat' dir='ltr'><strong>alia</strong></span> <span class='ocrx_word' id='word_1_554' title='bbox 3258 862 3365 918; x_wconf 93' lang='lat' dir='ltr'><strong>duo</strong></span> <span class='ocrx_word' id='word_1_555' title='bbox 3417 862 3503 918; x_wconf 91' lang='lat' dir='ltr'><strong>vel</strong></span> <span class='ocrx_word' id='word_1_556' title='bbox 3554 861 3768 932; x_wconf 83' lang='lat' dir='ltr'><strong>impro-</strong></span> 
     </span>
    </p>
   </div>
   <div class='ocr_carea' id='block_1_72' title="bbox 2177 952 3768 1031">
    <p class='ocr_par' dir='ltr' id='par_1_72' title="bbox 2177 952 3768 1031">
     <span class='ocr_line' id='line_1_74' title="bbox 2177 952 3768 1031; baseline -0.005 -16"><span class='ocrx_word' id='word_1_557' title='bbox 2177 959 2333 1015; x_wconf 88' lang='lat' dir='ltr'><strong>basse</strong></span> <span class='ocrx_word' id='word_1_558' title='bbox 2362 959 2446 1015; x_wconf 91' lang='lat' dir='ltr'><strong>vel</strong></span> <span class='ocrx_word' id='word_1_559' title='bbox 2476 961 2746 1031; x_wconf 83' lang='lat' dir='ltr'><strong>ignorasse</strong></span> <span class='ocrx_word' id='word_1_560' title='bbox 2770 1001 2785 1028; x_wconf 88' lang='lat'><strong>,</strong></span> <span class='ocrx_word' id='word_1_561' title='bbox 2824 974 2887 1015; x_wconf 90' lang='lat' dir='ltr'><strong>ac</strong></span> <span class='ocrx_word' id='word_1_562' title='bbox 2917 973 3022 1013; x_wconf 92' lang='lat' dir='ltr'><strong>non</strong></span> <span class='ocrx_word' id='word_1_563' title='bbox 3054 956 3232 1027; x_wconf 90' lang='lat' dir='ltr'><strong>potius</strong></span> <span class='ocrx_word' id='word_1_564' title='bbox 3262 953 3603 1026; x_wconf 90' lang='lat' dir='ltr'><strong>intelligenda</strong></span> <span class='ocrx_word' id='word_1_565' title='bbox 3633 952 3768 1009; x_wconf 87' lang='lat' dir='ltr'><strong>reli-</strong></span> 
     </span>
    </p>
   </div>
   <div class='ocr_carea' id='block_1_73' title="bbox 2177 1052 2398 1123">
    <p class='ocr_par' dir='ltr' id='par_1_73' title="bbox 2177 1052 2398 1123">
     <span class='ocr_line' id='line_1_75' title="bbox 2177 1052 2398 1123; baseline -0.005 -18"><span class='ocrx_word' id='word_1_566' title='bbox 2177 1052 2398 1123; x_wconf 82' lang='lat' dir='ltr'><strong>quisse?</strong></span> 
     </span>
    </p>
   </div>
   <div class='ocr_carea' id='block_1_74' title="bbox 2248 1138 3767 1212">
    <p class='ocr_par' dir='ltr' id='par_1_74' title="bbox 2248 1138 3767 1212">
     <span class='ocr_line' id='line_1_76' title="bbox 2248 1138 3767 1212; baseline -0.004 -13"><span class='ocrx_word' id='word_1_567' title='bbox 2248 1145 2338 1199; x_wconf 75' lang='grc'><strong>47.</strong></span> <span class='ocrx_word' id='word_1_568' title='bbox 2369 1143 2473 1199; x_wconf 86' lang='lat' dir='ltr'><strong>Sed</strong></span> <span class='ocrx_word' id='word_1_569' title='bbox 2503 1152 2560 1197; x_wconf 91' lang='lat' dir='ltr'><strong>ut</strong></span> <span class='ocrx_word' id='word_1_570' title='bbox 2581 1142 2763 1199; x_wconf 90' lang='lat' dir='ltr'><strong>dicere</strong></span> <span class='ocrx_word' id='word_1_571' title='bbox 2805 1157 3071 1212; x_wconf 72' lang='lat' dir='ltr'><strong>cmperam</strong></span> <span class='ocrx_word' id='word_1_572' title='bbox 3093 1182 3107 1207; x_wconf 92' lang='lat'><strong>,</strong></span> <span class='ocrx_word' id='word_1_573' title='bbox 3134 1143 3245 1197; x_wconf 87' lang='lat' dir='ltr'><strong>sive</strong></span> <span class='ocrx_word' id='word_1_574' title='bbox 3274 1150 3531 1196; x_wconf 84' lang='lat' dir='ltr'><strong>centenus</strong></span> <span class='ocrx_word' id='word_1_575' title='bbox 3558 1138 3767 1195; x_wconf 90' lang='lat' dir='ltr'><strong>fructus</strong></span> 
     </span>
    </p>
   </div>
   <div class='ocr_carea' id='block_1_75' title="bbox 2177 1231 3765 1305">
    <p class='ocr_par' dir='ltr' id='par_1_75' title="bbox 2177 1231 3765 1305">
     <span class='ocr_line' id='line_1_77' title="bbox 2177 1231 3765 1305; baseline -0.003 -14"><span class='ocrx_word' id='word_1_576' title='bbox 2177 1235 2247 1291; x_wconf 92' lang='lat' dir='ltr'><strong>sit</strong></span> <span class='ocrx_word' id='word_1_577' title='bbox 2273 1235 2383 1291; x_wconf 88' lang='lat' dir='ltr'><strong>Deo</strong></span> <span class='ocrx_word' id='word_1_578' title='bbox 2422 1235 2613 1290; x_wconf 90' lang='lat' dir='ltr'><strong>devota</strong></span> <span class='ocrx_word' id='word_1_579' title='bbox 2639 1234 2910 1305; x_wconf 85' lang='lat' dir='ltr'><strong>virginitas</strong></span> <span class='ocrx_word' id='word_1_580' title='bbox 2932 1276 2947 1302; x_wconf 92' lang='lat'><strong>,</strong></span> <span class='ocrx_word' id='word_1_581' title='bbox 2977 1235 3089 1288; x_wconf 89' lang='lat' dir='ltr'><strong>sive</strong></span> <span class='ocrx_word' id='word_1_582' title='bbox 3116 1234 3220 1287; x_wconf 89' lang='lat' dir='ltr'><strong>alio</strong></span> <span class='ocrx_word' id='word_1_583' title='bbox 3245 1233 3423 1302; x_wconf 90' lang='lat' dir='ltr'><strong>aliquo</strong></span> <span class='ocrx_word' id='word_1_584' title='bbox 3452 1231 3612 1286; x_wconf 90' lang='lat' dir='ltr'><strong>modo</strong></span> <span class='ocrx_word' id='word_1_585' title='bbox 3631 1273 3646 1298; x_wconf 92' lang='lat'><strong>,</strong></span> <span class='ocrx_word' id='word_1_586' title='bbox 3679 1234 3765 1287; x_wconf 89' lang='lat' dir='ltr'><strong>vel</strong></span> 
     </span>
    </p>
   </div>
   <div class='ocr_carea' id='block_1_76' title="bbox 2178 1326 3770 1399">
    <p class='ocr_par' dir='ltr' id='par_1_76' title="bbox 2178 1326 3770 1399">
     <span class='ocr_line' id='line_1_78' title="bbox 2178 1326 3770 1399; baseline -0.003 -17"><span class='ocrx_word' id='word_1_587' title='bbox 2178 1343 2337 1399; x_wconf 91' lang='lat' dir='ltr'><strong>quem</strong></span> <span class='ocrx_word' id='word_1_588' title='bbox 2377 1326 2910 1382; x_wconf 91' lang='lat' dir='ltr'><strong>commemoravimus</strong></span> <span class='ocrx_word' id='word_1_589' title='bbox 2931 1367 2947 1392; x_wconf 95' lang='lat'><strong>,</strong></span> <span class='ocrx_word' id='word_1_590' title='bbox 2979 1326 3064 1380; x_wconf 86' lang='lat' dir='ltr'><strong>vel</strong></span> <span class='ocrx_word' id='word_1_591' title='bbox 3106 1339 3261 1394; x_wconf 89' lang='lat' dir='ltr'><strong>quem</strong></span> <span class='ocrx_word' id='word_1_592' title='bbox 3299 1340 3404 1378; x_wconf 91' lang='lat' dir='ltr'><strong>non</strong></span> <span class='ocrx_word' id='word_1_593' title='bbox 3434 1338 3770 1378; x_wconf 82' lang='lat' dir='ltr'><strong>commemo-</strong></span> 
     </span>
    </p>
   </div>
   <div class='ocr_carea' id='block_1_77' title="bbox 2177 1413 3768 1484">
    <p class='ocr_par' dir='ltr' id='par_1_77' title="bbox 2177 1413 3768 1484">
     <span class='ocr_line' id='line_1_79' title="bbox 2177 1413 3768 1484; baseline -0.004 -12"><span class='ocrx_word' id='word_1_594' title='bbox 2177 1418 2447 1482; x_wconf 89' lang='lat' dir='ltr'><strong>ravimus,</strong></span> <span class='ocrx_word' id='word_1_595' title='bbox 2497 1417 2568 1471; x_wconf 89' lang='lat' dir='ltr'><strong>sit</strong></span> <span class='ocrx_word' id='word_1_596' title='bbox 2614 1416 2701 1471; x_wconf 89' lang='lat' dir='ltr'><strong>illa</strong></span> <span class='ocrx_word' id='word_1_597' title='bbox 2748 1415 3035 1471; x_wconf 90' lang='lat' dir='ltr'><strong>fertilitatis</strong></span> <span class='ocrx_word' id='word_1_598' title='bbox 3085 1414 3425 1484; x_wconf 90' lang='lat' dir='ltr'><strong>intelligenda</strong></span> <span class='ocrx_word' id='word_1_599' title='bbox 3470 1413 3768 1478; x_wconf 88' lang='lat' dir='ltr'><strong>distantia;</strong></span> 
     </span>
    </p>
   </div>
   <div class='ocr_carea' id='block_1_78' title="bbox 2179 1504 3763 1580">
    <p class='ocr_par' dir='ltr' id='par_1_78' title="bbox 2179 1504 3763 1580">
     <span class='ocr_line' id='line_1_80' title="bbox 2179 1504 3763 1580; baseline -0.003 -17"><span class='ocrx_word' id='word_1_600' title='bbox 2179 1524 2337 1565; x_wconf 90' lang='lat' dir='ltr'><strong>nemo</strong></span> <span class='ocrx_word' id='word_1_601' title='bbox 2388 1518 2605 1576; x_wconf 88' lang='lat' dir='ltr'><strong>tamen,</strong></span> <span class='ocrx_word' id='word_1_602' title='bbox 2657 1516 2913 1580; x_wconf 89' lang='lat' dir='ltr'><strong>quantum</strong></span> <span class='ocrx_word' id='word_1_603' title='bbox 2961 1516 3128 1579; x_wconf 90' lang='lat' dir='ltr'><strong>puto,</strong></span> <span class='ocrx_word' id='word_1_604' title='bbox 3182 1522 3343 1563; x_wconf 89' lang='lat' dir='ltr'><strong>ausus</strong></span> <span class='ocrx_word' id='word_1_605' title='bbox 3392 1506 3554 1561; x_wconf 90' lang='lat' dir='ltr'><strong>fuerit</strong></span> <span class='ocrx_word' id='word_1_606' title='bbox 3597 1504 3763 1576; x_wconf 88' lang='lat' dir='ltr'><strong>virgi-</strong></span> 
     </span>
    </p>
   </div>
   <div class='ocr_carea' id='block_1_79' title="bbox 2177 1597 3773 1671">
    <p class='ocr_par' dir='ltr' id='par_1_79' title="bbox 2177 1597 3773 1671">
     <span class='ocr_line' id='line_1_81' title="bbox 2177 1597 3773 1671; baseline 0 -16"><span class='ocrx_word' id='word_1_607' title='bbox 2177 1602 2398 1656; x_wconf 87' lang='lat' dir='ltr'><strong>nitatem</strong></span> <span class='ocrx_word' id='word_1_608' title='bbox 2449 1603 2701 1671; x_wconf 71' lang='lat' dir='ltr'><strong>prazferre</strong></span> <span class='ocrx_word' id='word_1_609' title='bbox 2752 1600 3008 1671; x_wconf 84' lang='lat' dir='ltr'><strong>martyrio</strong></span> <span class='ocrx_word' id='word_1_610' title='bbox 3041 1640 3057 1667; x_wconf 92' lang='lat'><strong>,</strong></span> <span class='ocrx_word' id='word_1_611' title='bbox 3115 1613 3178 1654; x_wconf 90' lang='lat' dir='ltr'><strong>ac</strong></span> <span class='ocrx_word' id='word_1_612' title='bbox 3229 1613 3391 1654; x_wconf 89' lang='lat' dir='ltr'><strong>nemo</strong></span> <span class='ocrx_word' id='word_1_613' title='bbox 3443 1597 3773 1654; x_wconf 81' lang='lat' dir='ltr'><strong>dubitaverit</strong></span> 
     </span>
    </p>
   </div>
   <div class='ocr_carea' id='block_1_80' title="bbox 2177 1692 3771 1759">
    <p class='ocr_par' dir='ltr' id='par_1_80' title="bbox 2177 1692 3771 1759">
     <span class='ocr_line' id='line_1_82' title="bbox 2177 1692 3771 1759; baseline -0.002 -10"><span class='ocrx_word' id='word_1_614' title='bbox 2177 1693 2279 1749; x_wconf 90' lang='lat' dir='ltr'><strong>hoc</strong></span> <span class='ocrx_word' id='word_1_615' title='bbox 2304 1694 2502 1749; x_wconf 89' lang='lat' dir='ltr'><strong>donum</strong></span> <span class='ocrx_word' id='word_1_616' title='bbox 2546 1696 2807 1751; x_wconf 90' lang='lat' dir='ltr'><strong>occultum</strong></span> <span class='ocrx_word' id='word_1_617' title='bbox 2836 1708 2956 1751; x_wconf 91' lang='lat' dir='ltr'><strong>esse</strong></span> <span class='ocrx_word' id='word_1_618' title='bbox 2975 1734 2990 1759; x_wconf 91' lang='lat'><strong>,</strong></span> <span class='ocrx_word' id='word_1_619' title='bbox 3017 1694 3061 1749; x_wconf 93' lang='lat' dir='ltr'><strong>si</strong></span> <span class='ocrx_word' id='word_1_620' title='bbox 3088 1693 3441 1749; x_wconf 79' lang='lat' dir='ltr'><strong>examinatrix</strong></span> <span class='ocrx_word' id='word_1_621' title='bbox 3467 1692 3608 1749; x_wconf 91' lang='lat' dir='ltr'><strong>desit</strong></span> <span class='ocrx_word' id='word_1_622' title='bbox 3648 1702 3771 1748; x_wconf 85' lang='lat' dir='ltr'><strong>ten-</strong></span> 
     </span>
    </p>
   </div>
   <div class='ocr_carea' id='block_1_81' title="bbox 2176 1787 2326 1840">
    <p class='ocr_par' dir='ltr' id='par_1_81' title="bbox 2176 1787 2326 1840">
     <span class='ocr_line' id='line_1_83' title="bbox 2176 1787 2326 1840; baseline -0.013 0"><span class='ocrx_word' id='word_1_623' title='bbox 2176 1787 2326 1840; x_wconf 89' lang='lat' dir='ltr'><strong>tatio.</strong></span> 
     </span>
    </p>
   </div>
   <div class='ocr_carea' id='block_1_82' title="bbox 2198 1795 3770 1951">
    <p class='ocr_par' dir='ltr' id='par_1_82' title="bbox 2198 1795 3770 1951">
     <span class='ocr_line' id='line_1_84' title="bbox 2198 1795 3770 1951; baseline -0.004 -16"><span class='ocrx_word' id='word_1_624' title='bbox 2198 1795 2473 1935; x_wconf 55' lang='grc' dir='ltr'><strong>³ιὲἷλΡΗΤ</strong></span> <span class='ocrx_word' id='word_1_625' title='bbox 2502 1877 2709 1934; x_wconf 82' lang='lat' dir='ltr'><strong>XLVII.</strong></span> <span class='ocrx_word' id='word_1_626' title='bbox 2742 1910 2812 1919; x_wconf 92' lang='lat'><strong>—</strong></span> <span class='ocrx_word' id='word_1_627' title='bbox 2844 1879 2911 1935; x_wconf 91' lang='lat' dir='ltr'><strong>Ut</strong></span> <span class='ocrx_word' id='word_1_628' title='bbox 2937 1896 3037 1934; x_wconf 92' lang='lat' dir='ltr'><strong>non</strong></span> <span class='ocrx_word' id='word_1_629' title='bbox 3063 1880 3268 1951; x_wconf 80' lang='lat' dir='ltr'><strong>inﬂetur</strong></span> <span class='ocrx_word' id='word_1_630' title='bbox 3296 1879 3435 1950; x_wconf 83' lang='lat' dir='ltr'><strong>virgo</strong></span> <span class='ocrx_word' id='word_1_631' title='bbox 3455 1919 3469 1941; x_wconf 92' lang='lat'><strong>,</strong></span> <span class='ocrx_word' id='word_1_632' title='bbox 3501 1878 3681 1948; x_wconf 85' lang='lat' dir='ltr'><strong>cogitet</strong></span> <span class='ocrx_word' id='word_1_633' title='bbox 3710 1891 3770 1930; x_wconf 84' lang='lat' dir='ltr'><strong>se</strong></span> 
     </span>
    </p>
   </div>
   <div class='ocr_carea' id='block_1_83' title="bbox 2177 1978 3764 2051">
    <p class='ocr_par' dir='ltr' id='par_1_83' title="bbox 2177 1978 3764 2051">
     <span class='ocr_line' id='line_1_85' title="bbox 2177 1978 3764 2051; baseline 0 -20"><span class='ocrx_word' id='word_1_634' title='bbox 2177 1981 2305 2048; x_wconf 79' lang='lat' dir='ltr'><strong>forte</strong></span> <span class='ocrx_word' id='word_1_635' title='bbox 2328 1995 2429 2033; x_wconf 91' lang='lat' dir='ltr'><strong>non</strong></span> <span class='ocrx_word' id='word_1_636' title='bbox 2455 1994 2600 2048; x_wconf 83' lang='lat' dir='ltr'><strong>posse</strong></span> <span class='ocrx_word' id='word_1_637' title='bbox 2629 1995 2720 2048; x_wconf 87' lang='lat' dir='ltr'><strong>pro</strong></span> <span class='ocrx_word' id='word_1_638' title='bbox 2746 1978 2944 2033; x_wconf 85' lang='lat' dir='ltr'><strong>Christo</strong></span> <span class='ocrx_word' id='word_1_639' title='bbox 2969 1980 3095 2050; x_wconf 85' lang='lat' dir='ltr'><strong>pati,</strong></span> <span class='ocrx_word' id='word_1_640' title='bbox 3120 1980 3255 2051; x_wconf 85' lang='lat' dir='ltr'><strong>quod</strong></span> <span class='ocrx_word' id='word_1_641' title='bbox 3280 1981 3437 2051; x_wconf 86' lang='lat' dir='ltr'><strong>possit</strong></span> <span class='ocrx_word' id='word_1_642' title='bbox 3463 1980 3764 2049; x_wconf 87' lang='lat' dir='ltr'><strong>conjugata.</strong></span> 
     </span>
    </p>
   </div>
   <div class='ocr_carea' id='block_1_84' title="bbox 2176 2070 3770 2143">
    <p class='ocr_par' dir='ltr' id='par_1_84' title="bbox 2176 2070 3770 2143">
     <span class='ocr_line' id='line_1_86' title="bbox 2176 2070 3770 2143; baseline -0.001 -16"><span class='ocrx_word' id='word_1_643' title='bbox 2176 2071 2349 2128; x_wconf 84' lang='lat' dir='ltr'><strong>Habet</strong></span> <span class='ocrx_word' id='word_1_644' title='bbox 2374 2074 2549 2142; x_wconf 87' lang='lat' dir='ltr'><strong>itaque</strong></span> <span class='ocrx_word' id='word_1_645' title='bbox 2570 2072 2718 2142; x_wconf 90' lang='lat' dir='ltr'><strong>virgo</strong></span> <span class='ocrx_word' id='word_1_646' title='bbox 2737 2073 2879 2143; x_wconf 90' lang='lat' dir='ltr'><strong>quod</strong></span> <span class='ocrx_word' id='word_1_647' title='bbox 2902 2074 3098 2143; x_wconf 84' lang='lat' dir='ltr'><strong>cogitet</strong></span> <span class='ocrx_word' id='word_1_648' title='bbox 3121 2070 3339 2143; x_wconf 76' lang='lat' dir='ltr'><strong>quod&#39;e-i</strong></span> <span class='ocrx_word' id='word_1_649' title='bbox 3368 2072 3533 2142; x_wconf 91' lang='lat' dir='ltr'><strong>prosit</strong></span> <span class='ocrx_word' id='word_1_650' title='bbox 3559 2071 3625 2125; x_wconf 91' lang='lat' dir='ltr'><strong>ad</strong></span> <span class='ocrx_word' id='word_1_651' title='bbox 3650 2086 3770 2126; x_wconf 83' lang='lat' dir='ltr'><strong>ser—</strong></span> 
     </span>
    </p>
   </div>
   <div class='ocr_carea' id='block_1_85' title="bbox 2176 2162 3766 2233">
    <p class='ocr_par' dir='ltr' id='par_1_85' title="bbox 2176 2162 3766 2233">
     <span class='ocr_line' id='line_1_87' title="bbox 2176 2162 3766 2233; baseline -0.001 -16"><span class='ocrx_word' id='word_1_652' title='bbox 2176 2162 2401 2218; x_wconf 89' lang='lat' dir='ltr'><strong>vandam</strong></span> <span class='ocrx_word' id='word_1_653' title='bbox 2432 2163 2781 2218; x_wconf 90' lang='lat' dir='ltr'><strong>humilitatem</strong></span> <span class='ocrx_word' id='word_1_654' title='bbox 2803 2206 2817 2231; x_wconf 93' lang='lat'><strong>,</strong></span> <span class='ocrx_word' id='word_1_655' title='bbox 2846 2180 2913 2218; x_wconf 91' lang='lat' dir='ltr'><strong>ne</strong></span> <span class='ocrx_word' id='word_1_656' title='bbox 2939 2164 3100 2218; x_wconf 90' lang='lat' dir='ltr'><strong>violet</strong></span> <span class='ocrx_word' id='word_1_657' title='bbox 3145 2164 3290 2217; x_wconf 90' lang='lat' dir='ltr'><strong>illam</strong></span> <span class='ocrx_word' id='word_1_658' title='bbox 3315 2179 3435 2233; x_wconf 72' lang='lat' dir='ltr'><strong>quae</strong></span> <span class='ocrx_word' id='word_1_659' title='bbox 3460 2162 3766 2233; x_wconf 88' lang='lat' dir='ltr'><strong>superemi-</strong></span> 
     </span>
    </p>
   </div>
   <div class='ocr_carea' id='block_1_86' title="bbox 2175 2253 3768 2325">
    <p class='ocr_par' dir='ltr' id='par_1_86' title="bbox 2175 2253 3768 2325">
     <span class='ocr_line' id='line_1_88' title="bbox 2175 2253 3768 2325; baseline 0 -17"><span class='ocrx_word' id='word_1_660' title='bbox 2175 2262 2267 2308; x_wconf 89' lang='lat' dir='ltr'><strong>net</strong></span> <span class='ocrx_word' id='word_1_661' title='bbox 2291 2253 2446 2309; x_wconf 92' lang='lat' dir='ltr'><strong>donis</strong></span> <span class='ocrx_word' id='word_1_662' title='bbox 2475 2254 2723 2309; x_wconf 90' lang='lat' dir='ltr'><strong>omnibus</strong></span> <span class='ocrx_word' id='word_1_663' title='bbox 2748 2256 3061 2309; x_wconf 89' lang='lat' dir='ltr'><strong>charitatem</strong></span> <span class='ocrx_word' id='word_1_664' title='bbox 3083 2296 3097 2321; x_wconf 96' lang='lat'><strong>,</strong></span> <span class='ocrx_word' id='word_1_665' title='bbox 3128 2256 3242 2310; x_wconf 90' lang='lat' dir='ltr'><strong>sine</strong></span> <span class='ocrx_word' id='word_1_666' title='bbox 3267 2271 3371 2325; x_wconf 88' lang='lat' dir='ltr'><strong>qua</strong></span> <span class='ocrx_word' id='word_1_667' title='bbox 3410 2256 3591 2325; x_wconf 88' lang='lat' dir='ltr'><strong>utique</strong></span> <span class='ocrx_word' id='word_1_668' title='bbox 3614 2269 3768 2324; x_wconf 71' lang='lat' dir='ltr'><strong>qure-</strong></span> 
     </span>
    </p>
   </div>
   <div class='ocr_carea' id='block_1_87' title="bbox 2174 2344 3764 2419">
    <p class='ocr_par' dir='ltr' id='par_1_87' title="bbox 2174 2344 3764 2419">
     <span class='ocr_line' id='line_1_89' title="bbox 2174 2344 3764 2419; baseline 0.001 -21"><span class='ocrx_word' id='word_1_669' title='bbox 2174 2357 2402 2415; x_wconf 90' lang='lat' dir='ltr'><strong>cumque</strong></span> <span class='ocrx_word' id='word_1_670' title='bbox 2428 2344 2530 2419; x_wconf 82' lang='lat' dir='ltr'><strong>alia</strong></span> <span class='ocrx_word' id='word_1_671' title='bbox 2558 2346 2642 2400; x_wconf 92' lang='lat' dir='ltr'><strong>vel</strong></span> <span class='ocrx_word' id='word_1_672' title='bbox 2667 2360 2831 2415; x_wconf 88' lang='lat' dir='ltr'><strong>pauca</strong></span> <span class='ocrx_word' id='word_1_673' title='bbox 2860 2347 2946 2401; x_wconf 90' lang='lat' dir='ltr'><strong>vel</strong></span> <span class='ocrx_word' id='word_1_674' title='bbox 2984 2348 3133 2416; x_wconf 89' lang='lat' dir='ltr'><strong>plura</strong></span> <span class='ocrx_word' id='word_1_675' title='bbox 3157 2347 3241 2401; x_wconf 88' lang='lat' dir='ltr'><strong>vel</strong></span> <span class='ocrx_word' id='word_1_676' title='bbox 3268 2362 3456 2417; x_wconf 88' lang='lat' dir='ltr'><strong>magna</strong></span> <span class='ocrx_word' id='word_1_677' title='bbox 3484 2346 3569 2401; x_wconf 92' lang='lat' dir='ltr'><strong>vel</strong></span> <span class='ocrx_word' id='word_1_678' title='bbox 3595 2359 3764 2415; x_wconf 84' lang='lat' dir='ltr'><strong>parva</strong></span> 
     </span>
    </p>
   </div>
   <div class='ocr_carea' id='block_1_88' title="bbox 2174 2433 3769 2509">
    <p class='ocr_par' dir='ltr' id='par_1_88' title="bbox 2174 2433 3769 2509">
     <span class='ocr_line' id='line_1_90' title="bbox 2174 2433 3769 2509; baseline 0.003 -21"><span class='ocrx_word' id='word_1_679' title='bbox 2174 2433 2421 2491; x_wconf 89' lang='lat' dir='ltr'><strong>habuerit</strong></span> <span class='ocrx_word' id='word_1_680' title='bbox 2439 2478 2454 2501; x_wconf 86' lang='lat'><strong>,</strong></span> <span class='ocrx_word' id='word_1_681' title='bbox 2484 2437 2614 2491; x_wconf 90' lang='lat' dir='ltr'><strong>nihil</strong></span> <span class='ocrx_word' id='word_1_682' title='bbox 2643 2445 2744 2492; x_wconf 89' lang='lat' dir='ltr'><strong>est.</strong></span> <span class='ocrx_word' id='word_1_683' title='bbox 2792 2436 2993 2502; x_wconf 84' lang='lat' dir='ltr'><strong>liabet,</strong></span> <span class='ocrx_word' id='word_1_684' title='bbox 3022 2439 3236 2508; x_wconf 89' lang='lat' dir='ltr'><strong>inquam</strong></span> <span class='ocrx_word' id='word_1_685' title='bbox 3257 2480 3272 2505; x_wconf 89' lang='lat'><strong>,</strong></span> <span class='ocrx_word' id='word_1_686' title='bbox 3299 2438 3440 2508; x_wconf 92' lang='lat' dir='ltr'><strong>quod</strong></span> <span class='ocrx_word' id='word_1_687' title='bbox 3468 2438 3661 2509; x_wconf 88' lang='lat' dir='ltr'><strong>cogitet</strong></span> <span class='ocrx_word' id='word_1_688' title='bbox 3702 2445 3769 2492; x_wconf 86' lang='lat' dir='ltr'><strong>ut</strong></span> 
     </span>
    </p>
   </div>
   <div class='ocr_carea' id='block_1_89' title="bbox 2177 2528 3769 2594">
    <p class='ocr_par' dir='ltr' id='par_1_89' title="bbox 2177 2528 3769 2594">
     <span class='ocr_line' id='line_1_91' title="bbox 2177 2528 3769 2594; baseline -0.003 -10"><span class='ocrx_word' id='word_1_689' title='bbox 2177 2543 2285 2585; x_wconf 91' lang='lat' dir='ltr'><strong>non</strong></span> <span class='ocrx_word' id='word_1_690' title='bbox 2306 2528 2537 2594; x_wconf 85' lang='lat' dir='ltr'><strong>inﬂetur,</strong></span> <span class='ocrx_word' id='word_1_691' title='bbox 2558 2543 2665 2583; x_wconf 90' lang='lat' dir='ltr'><strong>non</strong></span> <span class='ocrx_word' id='word_1_692' title='bbox 2697 2529 3001 2593; x_wconf 71' lang='lat' dir='ltr'><strong>azmuletur;</strong></span> <span class='ocrx_word' id='word_1_693' title='bbox 3027 2529 3098 2583; x_wconf 90' lang='lat' dir='ltr'><strong>ita</strong></span> <span class='ocrx_word' id='word_1_694' title='bbox 3127 2545 3185 2583; x_wconf 91' lang='lat' dir='ltr'><strong>se</strong></span> <span class='ocrx_word' id='word_1_695' title='bbox 3212 2529 3409 2584; x_wconf 89' lang='lat' dir='ltr'><strong>scilicet</strong></span> <span class='ocrx_word' id='word_1_696' title='bbox 3441 2528 3637 2582; x_wconf 87' lang='lat' dir='ltr'><strong>bonum</strong></span> <span class='ocrx_word' id='word_1_697' title='bbox 3657 2529 3769 2581; x_wconf 88' lang='lat' dir='ltr'><strong>vir-</strong></span> 
     </span>
    </p>
   </div>
   <div class='ocr_carea' id='block_1_90' title="bbox 2172 2619 3770 2695">
    <p class='ocr_par' dir='ltr' id='par_1_90' title="bbox 2172 2619 3770 2695">
     <span class='ocr_line' id='line_1_92' title="bbox 2172 2619 3770 2695; baseline -0.003 -18"><span class='ocrx_word' id='word_1_698' title='bbox 2172 2623 2347 2695; x_wconf 82' lang='lat' dir='ltr'><strong>ginale</strong></span> <span class='ocrx_word' id='word_1_699' title='bbox 2369 2622 2632 2693; x_wconf 77' lang='lat' dir='ltr'><strong>coniugali</strong></span> <span class='ocrx_word' id='word_1_700' title='bbox 2669 2622 2811 2677; x_wconf 92' lang='lat' dir='ltr'><strong>bono</strong></span> <span class='ocrx_word' id='word_1_701' title='bbox 2834 2623 3003 2677; x_wconf 91' lang='lat' dir='ltr'><strong>multo</strong></span> <span class='ocrx_word' id='word_1_702' title='bbox 3030 2623 3259 2692; x_wconf 86' lang='lat' dir='ltr'><strong>amplius</strong></span> <span class='ocrx_word' id='word_1_703' title='bbox 3287 2631 3341 2676; x_wconf 91' lang='lat' dir='ltr'><strong>et</strong></span> <span class='ocrx_word' id='word_1_704' title='bbox 3382 2620 3571 2676; x_wconf 89' lang='lat' dir='ltr'><strong>melius</strong></span> <span class='ocrx_word' id='word_1_705' title='bbox 3597 2619 3770 2689; x_wconf 84' lang='lat' dir='ltr'><strong>profi-</strong></span> 
     </span>
    </p>
   </div>
   <div class='ocr_carea' id='block_1_91' title="bbox 2173 2713 3765 2784">
    <p class='ocr_par' dir='ltr' id='par_1_91' title="bbox 2173 2713 3765 2784">
     <span class='ocr_line' id='line_1_93' title="bbox 2173 2713 3765 2784; baseline -0.003 -11"><span class='ocrx_word' id='word_1_706' title='bbox 2173 2717 2295 2782; x_wconf 87' lang='lat' dir='ltr'><strong>teri,</strong></span> <span class='ocrx_word' id='word_1_707' title='bbox 2314 2725 2371 2771; x_wconf 90' lang='lat' dir='ltr'><strong>ut</strong></span> <span class='ocrx_word' id='word_1_708' title='bbox 2395 2726 2571 2772; x_wconf 85' lang='lat' dir='ltr'><strong>tamen</strong></span> <span class='ocrx_word' id='word_1_709' title='bbox 2599 2717 2801 2772; x_wconf 88' lang='lat' dir='ltr'><strong>nesciat</strong></span> <span class='ocrx_word' id='word_1_710' title='bbox 2828 2727 3001 2771; x_wconf 89' lang='lat' dir='ltr'><strong>utrum</strong></span> <span class='ocrx_word' id='word_1_711' title='bbox 3022 2716 3109 2769; x_wconf 85' lang='lat' dir='ltr'><strong>illa</strong></span> <span class='ocrx_word' id='word_1_712' title='bbox 3137 2714 3220 2768; x_wconf 91' lang='lat' dir='ltr'><strong>vel</strong></span> <span class='ocrx_word' id='word_1_713' title='bbox 3248 2715 3335 2769; x_wconf 88' lang='lat' dir='ltr'><strong>illa</strong></span> <span class='ocrx_word' id='word_1_714' title='bbox 3353 2717 3631 2784; x_wconf 89' lang='lat' dir='ltr'><strong>conjugata</strong></span> <span class='ocrx_word' id='word_1_715' title='bbox 3647 2713 3765 2782; x_wconf 84' lang='lat' dir='ltr'><strong>jam</strong></span> 
     </span>
    </p>
   </div>
   <div class='ocr_carea' id='block_1_92' title="bbox 2172 2805 3761 2879">
    <p class='ocr_par' dir='ltr' id='par_1_92' title="bbox 2172 2805 3761 2879">
     <span class='ocr_line' id='line_1_94' title="bbox 2172 2805 3761 2879; baseline -0.003 -17"><span class='ocrx_word' id='word_1_716' title='bbox 2172 2809 2283 2878; x_wconf 88' lang='lat' dir='ltr'><strong>pati</strong></span> <span class='ocrx_word' id='word_1_717' title='bbox 2309 2824 2407 2879; x_wconf 92' lang='lat' dir='ltr'><strong>pro</strong></span> <span class='ocrx_word' id='word_1_718' title='bbox 2436 2808 2647 2863; x_wconf 81' lang='lat' dir='ltr'><strong>Christo</strong></span> <span class='ocrx_word' id='word_1_719' title='bbox 2678 2810 2877 2878; x_wconf 87' lang='lat' dir='ltr'><strong>possit,</strong></span> <span class='ocrx_word' id='word_1_720' title='bbox 2916 2808 3091 2862; x_wconf 89' lang='lat' dir='ltr'><strong>adhuc</strong></span> <span class='ocrx_word' id='word_1_721' title='bbox 3122 2822 3251 2860; x_wconf 90' lang='lat' dir='ltr'><strong>vero</strong></span> <span class='ocrx_word' id='word_1_722' title='bbox 3276 2805 3386 2876; x_wconf 89' lang='lat' dir='ltr'><strong>ipsa</strong></span> <span class='ocrx_word' id='word_1_723' title='bbox 3417 2822 3522 2860; x_wconf 87' lang='lat' dir='ltr'><strong>non</strong></span> <span class='ocrx_word' id='word_1_724' title='bbox 3552 2805 3761 2875; x_wconf 89' lang='lat' dir='ltr'><strong>possit,</strong></span> 
     </span>
    </p>
   </div>
   <div class='ocr_carea' id='block_1_93' title="bbox 2172 2898 3763 2971">
    <p class='ocr_par' dir='ltr' id='par_1_93' title="bbox 2172 2898 3763 2971">
     <span class='ocr_line' id='line_1_95' title="bbox 2172 2898 3763 2971; baseline -0.002 -15"><span class='ocrx_word' id='word_1_725' title='bbox 2172 2908 2228 2956; x_wconf 90' lang='lat' dir='ltr'><strong>et</strong></span> <span class='ocrx_word' id='word_1_726' title='bbox 2248 2900 2303 2956; x_wconf 91' lang='lat' dir='ltr'><strong>in</strong></span> <span class='ocrx_word' id='word_1_727' title='bbox 2346 2902 2448 2967; x_wconf 79' lang='lat' dir='ltr'><strong>hoc</strong></span> <span class='ocrx_word' id='word_1_728' title='bbox 2471 2902 2520 2956; x_wconf 89' lang='lat' dir='ltr'><strong>ei</strong></span> <span class='ocrx_word' id='word_1_729' title='bbox 2551 2911 2829 2971; x_wconf 89' lang='lat' dir='ltr'><strong>parcatur,</strong></span> <span class='ocrx_word' id='word_1_730' title='bbox 2861 2902 2984 2970; x_wconf 88' lang='lat' dir='ltr'><strong>quia</strong></span> <span class='ocrx_word' id='word_1_731' title='bbox 3011 2898 3291 2953; x_wconf 87' lang='lat' dir='ltr'><strong>infirmitas</strong></span> <span class='ocrx_word' id='word_1_732' title='bbox 3319 2900 3434 2967; x_wconf 90' lang='lat' dir='ltr'><strong>ejus</strong></span> <span class='ocrx_word' id='word_1_733' title='bbox 3462 2899 3763 2953; x_wconf 91' lang='lat' dir='ltr'><strong>tentatione</strong></span> 
     </span>
    </p>
   </div>
   <div class='ocr_carea' id='block_1_94' title="bbox 2172 2990 3761 3062">
    <p class='ocr_par' dir='ltr' id='par_1_94' title="bbox 2172 2990 3761 3062">
     <span class='ocr_line' id='line_1_96' title="bbox 2172 2990 3761 3062; baseline -0.001 -16"><span class='ocrx_word' id='word_1_734' title='bbox 2172 3007 2280 3046; x_wconf 90' lang='lat' dir='ltr'><strong>non</strong></span> <span class='ocrx_word' id='word_1_735' title='bbox 2325 2992 2700 3062; x_wconf 89' lang='lat' dir='ltr'><strong>interrogatur.</strong></span> <span class='ocrx_word' id='word_1_736' title='bbox 2730 2991 2925 3045; x_wconf 81' lang='lat' dir='ltr'><strong>Fidelis</strong></span> <span class='ocrx_word' id='word_1_737' title='bbox 2954 2992 3095 3047; x_wconf 87' lang='lat' dir='ltr'><strong>enim</strong></span> <span class='ocrx_word' id='word_1_738' title='bbox 3122 2990 3262 3044; x_wconf 86' lang='lat' dir='ltr'><strong>Deus</strong></span> <span class='ocrx_word' id='word_1_739' title='bbox 3281 3032 3296 3056; x_wconf 94' lang='lat'><strong>,</strong></span> <span class='ocrx_word' id='word_1_740' title='bbox 3329 2991 3403 3044; x_wconf 91' lang='lat' dir='ltr'><strong>ait</strong></span> <span class='ocrx_word' id='word_1_741' title='bbox 3426 2991 3715 3060; x_wconf 83' lang='lat' dir='ltr'><strong>Apostolus</strong></span> <span class='ocrx_word' id='word_1_742' title='bbox 3742 3031 3761 3057; x_wconf 91' lang='lat'><strong>,</strong></span> 
     </span>
    </p>
   </div>
   <div class='ocr_carea' id='block_1_95' title="bbox 2171 3083 3766 3155">
    <p class='ocr_par' dir='ltr' id='par_1_95' title="bbox 2171 3083 3766 3155">
     <span class='ocr_line' id='line_1_97' title="bbox 2171 3083 3766 3155; baseline 0.001 -19"><span class='ocrx_word' id='word_1_743' title='bbox 2171 3084 2257 3154; x_wconf 83' lang='lat' dir='ltr'><strong>qui</strong></span> <span class='ocrx_word' id='word_1_744' title='bbox 2282 3100 2382 3137; x_wconf 87' lang='lat' dir='ltr'><strong>non</strong></span> <span class='ocrx_word' id='word_1_745' title='bbox 2405 3100 2491 3137; x_wconf 86' lang='lat' dir='ltr'><strong>vos</strong></span> <span class='ocrx_word' id='word_1_746' title='bbox 2521 3085 2766 3153; x_wconf 85' lang='lat' dir='ltr'><strong>permittet</strong></span> <span class='ocrx_word' id='word_1_747' title='bbox 2790 3084 2972 3138; x_wconf 86' lang='lat' dir='ltr'><strong>tentari</strong></span> <span class='ocrx_word' id='word_1_748' title='bbox 3000 3101 3149 3155; x_wconf 87' lang='lat' dir='ltr'><strong>super</strong></span> <span class='ocrx_word' id='word_1_749' title='bbox 3177 3084 3231 3137; x_wconf 86' lang='lat' dir='ltr'><strong>id</strong></span> <span class='ocrx_word' id='word_1_750' title='bbox 3254 3083 3390 3155; x_wconf 79' lang='lat' dir='ltr'><strong>quod</strong></span> <span class='ocrx_word' id='word_1_751' title='bbox 3414 3084 3649 3152; x_wconf 81' lang='lat' dir='ltr'><strong>potestis;</strong></span> <span class='ocrx_word' id='word_1_752' title='bbox 3668 3084 3766 3137; x_wconf 86' lang='lat' dir='ltr'><strong>sed</strong></span> 
     </span>
    </p>
   </div>
   <div class='ocr_carea' id='block_1_96' title="bbox 2173 3177 3767 3247">
    <p class='ocr_par' dir='ltr' id='par_1_96' title="bbox 2173 3177 3767 3247">
     <span class='ocr_line' id='line_1_98' title="bbox 2173 3177 3767 3247; baseline 0.001 -18"><span class='ocrx_word' id='word_1_753' title='bbox 2173 3178 2322 3247; x_wconf 82' lang='lat' dir='ltr'><strong>faciet</strong></span> <span class='ocrx_word' id='word_1_754' title='bbox 2347 3194 2461 3231; x_wconf 88' lang='lat' dir='ltr'><strong>cum</strong></span> <span class='ocrx_word' id='word_1_755' title='bbox 2488 3178 2757 3232; x_wconf 89' lang='lat' dir='ltr'><strong>tentatione</strong></span> <span class='ocrx_word' id='word_1_756' title='bbox 2777 3179 2927 3231; x_wconf 88' lang='lat' dir='ltr'><strong>etiam</strong></span> <span class='ocrx_word' id='word_1_757' title='bbox 2953 3180 3143 3232; x_wconf 78' lang='lat' dir='ltr'><strong>exitum</strong></span> <span class='ocrx_word' id='word_1_758' title='bbox 3160 3219 3176 3244; x_wconf 89' lang='lat'><strong>,</strong></span> <span class='ocrx_word' id='word_1_759' title='bbox 3208 3187 3263 3231; x_wconf 89' lang='lat' dir='ltr'><strong>ut</strong></span> <span class='ocrx_word' id='word_1_760' title='bbox 3292 3178 3489 3247; x_wconf 84' lang='lat' dir='ltr'><strong>possitis</strong></span> <span class='ocrx_word' id='word_1_761' title='bbox 3514 3177 3767 3231; x_wconf 81' lang='lat' dir='ltr'><strong>sustinere</strong></span> 
     </span>
    </p>
   </div>
   <div class='ocr_carea' id='block_1_97' title="bbox 2173 3267 3764 3342">
    <p class='ocr_par' dir='ltr' id='par_1_97' title="bbox 2173 3267 3764 3342">
     <span class='ocr_line' id='line_1_99' title="bbox 2173 3267 3764 3342; baseline 0.002 -19"><span class='ocrx_word' id='word_1_762' title='bbox 2173 3268 2219 3339; x_wconf 81' lang='grc' dir='ltr'><strong>(Ι</strong></span> <span class='ocrx_word' id='word_1_763' title='bbox 2244 3269 2360 3323; x_wconf 83' lang='lat' dir='ltr'><strong>Cor.</strong></span> <span class='ocrx_word' id='word_1_764' title='bbox 2406 3286 2473 3337; x_wconf 72' lang='grc' dir='ltr'><strong>ι,</strong></span> <span class='ocrx_word' id='word_1_765' title='bbox 2506 3267 2615 3342; x_wconf 81' lang='lat' dir='ltr'><strong>i3).</strong></span> <span class='ocrx_word' id='word_1_766' title='bbox 2649 3268 2915 3325; x_wconf 82' lang='lat' dir='ltr'><strong>Fortassis</strong></span> <span class='ocrx_word' id='word_1_767' title='bbox 2941 3286 3068 3340; x_wconf 88' lang='lat' dir='ltr'><strong>ergo</strong></span> <span class='ocrx_word' id='word_1_768' title='bbox 3104 3270 3181 3324; x_wconf 93' lang='lat' dir='ltr'><strong>illi</strong></span> <span class='ocrx_word' id='word_1_769' title='bbox 3208 3270 3290 3325; x_wconf 90' lang='lat' dir='ltr'><strong>vel</strong></span> <span class='ocrx_word' id='word_1_770' title='bbox 3335 3269 3437 3325; x_wconf 66' lang='lat' dir='ltr'><strong>illa:</strong></span> <span class='ocrx_word' id='word_1_771' title='bbox 3462 3268 3764 3339; x_wconf 84' lang='lat' dir='ltr'><strong>conjugalis</strong></span> 
     </span>
    </p>
   </div>
   <div class='ocr_carea' id='block_1_98' title="bbox 2171 3360 3763 3432">
    <p class='ocr_par' dir='ltr' id='par_1_98' title="bbox 2171 3360 3763 3432">
     <span class='ocr_line' id='line_1_100' title="bbox 2171 3360 3763 3432; baseline 0.001 -18"><span class='ocrx_word' id='word_1_772' title='bbox 2171 3361 2294 3415; x_wconf 71' lang='lat' dir='ltr'><strong>vita:</strong></span> <span class='ocrx_word' id='word_1_773' title='bbox 2319 3362 2609 3416; x_wconf 87' lang='lat' dir='ltr'><strong>retinentes</strong></span> <span class='ocrx_word' id='word_1_774' title='bbox 2630 3362 2684 3415; x_wconf 92' lang='lat' dir='ltr'><strong>in</strong></span> <span class='ocrx_word' id='word_1_775' title='bbox 2708 3377 2805 3417; x_wconf 95' lang='lat' dir='ltr'><strong>suo</strong></span> <span class='ocrx_word' id='word_1_776' title='bbox 2825 3377 3022 3432; x_wconf 88' lang='lat' dir='ltr'><strong>genere</strong></span> <span class='ocrx_word' id='word_1_777' title='bbox 3047 3361 3365 3416; x_wconf 90' lang='lat' dir='ltr'><strong>laudabilem</strong></span> <span class='ocrx_word' id='word_1_778' title='bbox 3390 3360 3625 3427; x_wconf 85' lang='lat' dir='ltr'><strong>modum,</strong></span> <span class='ocrx_word' id='word_1_779' title='bbox 3644 3360 3763 3431; x_wconf 87' lang='lat' dir='ltr'><strong>jam</strong></span> 
     </span>
    </p>
   </div>
   <div class='ocr_carea' id='block_1_99' title="bbox 2172 3453 3759 3523">
    <p class='ocr_par' dir='ltr' id='par_1_99' title="bbox 2172 3453 3759 3523">
     <span class='ocr_line' id='line_1_101' title="bbox 2172 3453 3759 3523; baseline 0.001 -16"><span class='ocrx_word' id='word_1_780' title='bbox 2172 3454 2570 3523; x_wconf 88' lang='lat' dir='ltr'><strong>possintcontra</strong></span> <span class='ocrx_word' id='word_1_781' title='bbox 2588 3453 2861 3508; x_wconf 88' lang='lat' dir='ltr'><strong>inimicum</strong></span> <span class='ocrx_word' id='word_1_782' title='bbox 2874 3454 2940 3507; x_wconf 92' lang='lat' dir='ltr'><strong>ad</strong></span> <span class='ocrx_word' id='word_1_783' title='bbox 2958 3454 3287 3523; x_wconf 89' lang='lat' dir='ltr'><strong>iniquitatem</strong></span> <span class='ocrx_word' id='word_1_784' title='bbox 3301 3462 3578 3523; x_wconf 88' lang='lat' dir='ltr'><strong>cogentem</strong></span> <span class='ocrx_word' id='word_1_785' title='bbox 3594 3453 3759 3509; x_wconf 85' lang='lat' dir='ltr'><strong>etiam</strong></span> 
     </span>
    </p>
   </div>
   <div class='ocr_carea' id='block_1_100' title="bbox 2172 3542 3763 3613">
    <p class='ocr_par' dir='ltr' id='par_1_100' title="bbox 2172 3542 3763 3613">
     <span class='ocr_line' id='line_1_102' title="bbox 2172 3542 3763 3613; baseline -0.001 -16"><span class='ocrx_word' id='word_1_786' title='bbox 2172 3542 2370 3597; x_wconf 85' lang='lat' dir='ltr'><strong>laniatu</strong></span> <span class='ocrx_word' id='word_1_787' title='bbox 2397 3544 2663 3598; x_wconf 85' lang='lat' dir='ltr'><strong>viscerum</strong></span> <span class='ocrx_word' id='word_1_788' title='bbox 2694 3554 2747 3600; x_wconf 90' lang='lat' dir='ltr'><strong>et</strong></span> <span class='ocrx_word' id='word_1_789' title='bbox 2772 3544 3030 3598; x_wconf 81' lang='lat' dir='ltr'><strong>effusione</strong></span> <span class='ocrx_word' id='word_1_790' title='bbox 3061 3544 3331 3613; x_wconf 85' lang='lat' dir='ltr'><strong>sanguinis</strong></span> <span class='ocrx_word' id='word_1_791' title='bbox 3358 3544 3648 3608; x_wconf 85' lang='lat' dir='ltr'><strong>dimicare;</strong></span> <span class='ocrx_word' id='word_1_792' title='bbox 3679 3542 3763 3597; x_wconf 86' lang='lat' dir='ltr'><strong>illi</strong></span> 
     </span>
    </p>
   </div>
   <div class='ocr_carea' id='block_1_101' title="bbox 2172 3635 3763 3706">
    <p class='ocr_par' dir='ltr' id='par_1_101' title="bbox 2172 3635 3763 3706">
     <span class='ocr_line' id='line_1_103' title="bbox 2172 3635 3763 3706; baseline 0.002 -18"><span class='ocrx_word' id='word_1_793' title='bbox 2172 3645 2347 3690; x_wconf 89' lang='lat' dir='ltr'><strong>autem</strong></span> <span class='ocrx_word' id='word_1_794' title='bbox 2373 3636 2455 3689; x_wconf 93' lang='lat' dir='ltr'><strong>vel</strong></span> <span class='ocrx_word' id='word_1_795' title='bbox 2493 3635 2594 3690; x_wconf 72' lang='lat' dir='ltr'><strong>illa:</strong></span> <span class='ocrx_word' id='word_1_796' title='bbox 2621 3650 2650 3688; x_wconf 91' lang='lat' dir='ltr'><strong>a</strong></span> <span class='ocrx_word' id='word_1_797' title='bbox 2683 3636 2908 3705; x_wconf 89' lang='lat' dir='ltr'><strong>pueritia</strong></span> <span class='ocrx_word' id='word_1_798' title='bbox 2933 3636 3269 3691; x_wconf 91' lang='lat' dir='ltr'><strong>continentes</strong></span> <span class='ocrx_word' id='word_1_799' title='bbox 3286 3677 3302 3703; x_wconf 93' lang='lat'><strong>,</strong></span> <span class='ocrx_word' id='word_1_800' title='bbox 3331 3651 3495 3706; x_wconf 89' lang='lat' dir='ltr'><strong>seque</strong></span> <span class='ocrx_word' id='word_1_801' title='bbox 3521 3643 3763 3691; x_wconf 89' lang='lat' dir='ltr'><strong>castran-</strong></span> 
     </span>
    </p>
   </div>
   <div class='ocr_carea' id='block_1_102' title="bbox 2172 3727 3764 3798">
    <p class='ocr_par' dir='ltr' id='par_1_102' title="bbox 2172 3727 3764 3798">
     <span class='ocr_line' id='line_1_104' title="bbox 2172 3727 3764 3798; baseline 0.001 -17"><span class='ocrx_word' id='word_1_802' title='bbox 2172 3734 2253 3782; x_wconf 88' lang='lat' dir='ltr'><strong>tes</strong></span> <span class='ocrx_word' id='word_1_803' title='bbox 2279 3736 2497 3797; x_wconf 82' lang='lat' dir='ltr'><strong>propter</strong></span> <span class='ocrx_word' id='word_1_804' title='bbox 2526 3743 2747 3798; x_wconf 89' lang='lat' dir='ltr'><strong>regnum</strong></span> <span class='ocrx_word' id='word_1_805' title='bbox 2771 3728 3051 3791; x_wconf 58' lang='lat' dir='ltr'><strong>caelorum,</strong></span> <span class='ocrx_word' id='word_1_806' title='bbox 3079 3727 3315 3782; x_wconf 93' lang='lat' dir='ltr'><strong>nondum</strong></span> <span class='ocrx_word' id='word_1_807' title='bbox 3343 3736 3518 3783; x_wconf 90' lang='lat' dir='ltr'><strong>tamen</strong></span> <span class='ocrx_word' id='word_1_808' title='bbox 3548 3727 3764 3782; x_wconf 87' lang='lat' dir='ltr'><strong>valeant</strong></span> 
     </span>
    </p>
   </div>
   <div class='ocr_carea' id='block_1_103' title="bbox 2174 3821 3760 3893">
    <p class='ocr_par' dir='ltr' id='par_1_103' title="bbox 2174 3821 3760 3893">
     <span class='ocr_line' id='line_1_105' title="bbox 2174 3821 3760 3893; baseline 0.002 -18"><span class='ocrx_word' id='word_1_809' title='bbox 2174 3822 2295 3876; x_wconf 88' lang='lat' dir='ltr'><strong>talia</strong></span> <span class='ocrx_word' id='word_1_810' title='bbox 2321 3822 2403 3876; x_wconf 87' lang='lat' dir='ltr'><strong>vel</strong></span> <span class='ocrx_word' id='word_1_811' title='bbox 2449 3837 2546 3891; x_wconf 89' lang='lat' dir='ltr'><strong>pro</strong></span> <span class='ocrx_word' id='word_1_812' title='bbox 2567 3821 2771 3890; x_wconf 87' lang='lat' dir='ltr'><strong>justitia</strong></span> <span class='ocrx_word' id='word_1_813' title='bbox 2808 3823 2893 3877; x_wconf 89' lang='lat' dir='ltr'><strong>vel</strong></span> <span class='ocrx_word' id='word_1_814' title='bbox 2933 3838 3027 3893; x_wconf 90' lang='lat' dir='ltr'><strong>pro</strong></span> <span class='ocrx_word' id='word_1_815' title='bbox 3057 3821 3169 3892; x_wconf 87' lang='lat' dir='ltr'><strong>ipsa</strong></span> <span class='ocrx_word' id='word_1_816' title='bbox 3198 3822 3447 3892; x_wconf 87' lang='lat' dir='ltr'><strong>pudicitia</strong></span> <span class='ocrx_word' id='word_1_817' title='bbox 3472 3823 3760 3878; x_wconf 89' lang='lat' dir='ltr'><strong>sustinere.</strong></span> 
     </span>
    </p>
   </div>
   <div class='ocr_carea' id='block_1_104' title="bbox 2171 3914 3762 3985">
    <p class='ocr_par' dir='ltr' id='par_1_104' title="bbox 2171 3914 3762 3985">
     <span class='ocr_line' id='line_1_106' title="bbox 2171 3914 3762 3985; baseline 0.001 -18"><span class='ocrx_word' id='word_1_818' title='bbox 2171 3914 2329 3968; x_wconf 84' lang='lat' dir='ltr'><strong>Aliud</strong></span> <span class='ocrx_word' id='word_1_819' title='bbox 2356 3922 2439 3968; x_wconf 87' lang='lat' dir='ltr'><strong>est</strong></span> <span class='ocrx_word' id='word_1_820' title='bbox 2466 3915 2608 3969; x_wconf 92' lang='lat' dir='ltr'><strong>enim</strong></span> <span class='ocrx_word' id='word_1_821' title='bbox 2638 3930 2734 3984; x_wconf 93' lang='lat' dir='ltr'><strong>pro</strong></span> <span class='ocrx_word' id='word_1_822' title='bbox 2763 3915 2985 3970; x_wconf 89' lang='lat' dir='ltr'><strong>veritate</strong></span> <span class='ocrx_word' id='word_1_823' title='bbox 3023 3930 3086 3970; x_wconf 91' lang='lat' dir='ltr'><strong>ac</strong></span> <span class='ocrx_word' id='word_1_824' title='bbox 3132 3916 3404 3985; x_wconf 89' lang='lat' dir='ltr'><strong>pr0posito</strong></span> <span class='ocrx_word' id='word_1_825' title='bbox 3431 3924 3616 3969; x_wconf 90' lang='lat' dir='ltr'><strong>sancto</strong></span> <span class='ocrx_word' id='word_1_826' title='bbox 3648 3929 3762 3969; x_wconf 90' lang='lat' dir='ltr'><strong>non</strong></span> 
     </span>
    </p>
   </div>
   <div class='ocr_carea' id='block_1_105' title="bbox 2171 4005 3763 4077">
    <p class='ocr_par' dir='ltr' id='par_1_105' title="bbox 2171 4005 3763 4077">
     <span class='ocr_line' id='line_1_107' title="bbox 2171 4005 3763 4077; baseline 0.002 -20"><span class='ocrx_word' id='word_1_827' title='bbox 2171 4005 2473 4059; x_wconf 89' lang='lat' dir='ltr'><strong>consentire</strong></span> <span class='ocrx_word' id='word_1_828' title='bbox 2502 4005 2744 4060; x_wconf 89' lang='lat' dir='ltr'><strong>suadenti</strong></span> <span class='ocrx_word' id='word_1_829' title='bbox 2792 4016 2950 4077; x_wconf 92' lang='lat' dir='ltr'><strong>atque</strong></span> <span class='ocrx_word' id='word_1_830' title='bbox 2977 4006 3301 4072; x_wconf 89' lang='lat' dir='ltr'><strong>blandienti,</strong></span> <span class='ocrx_word' id='word_1_831' title='bbox 3336 4005 3479 4061; x_wconf 92' lang='lat' dir='ltr'><strong>aliud</strong></span> <span class='ocrx_word' id='word_1_832' title='bbox 3523 4021 3627 4060; x_wconf 93' lang='lat' dir='ltr'><strong>non</strong></span> <span class='ocrx_word' id='word_1_833' title='bbox 3668 4020 3763 4060; x_wconf 88' lang='lat' dir='ltr'><strong>ce-</strong></span> 
     </span>
    </p>
   </div>
   <div class='ocr_carea' id='block_1_106' title="bbox 2170 4098 3765 4172">
    <p class='ocr_par' dir='ltr' id='par_1_106' title="bbox 2170 4098 3765 4172">
     <span class='ocr_line' id='line_1_108' title="bbox 2170 4098 3765 4172; baseline -0.001 -18"><span class='ocrx_word' id='word_1_834' title='bbox 2170 4098 2296 4156; x_wconf 83' lang='lat' dir='ltr'><strong>dere</strong></span> <span class='ocrx_word' id='word_1_835' title='bbox 2321 4101 2482 4155; x_wconf 87' lang='lat' dir='ltr'><strong>etiam</strong></span> <span class='ocrx_word' id='word_1_836' title='bbox 2514 4102 2778 4172; x_wconf 89' lang='lat' dir='ltr'><strong>torquenti</strong></span> <span class='ocrx_word' id='word_1_837' title='bbox 2807 4111 2967 4171; x_wconf 91' lang='lat' dir='ltr'><strong>atque</strong></span> <span class='ocrx_word' id='word_1_838' title='bbox 2994 4100 3225 4157; x_wconf 88' lang='lat' dir='ltr'><strong>ferienti.</strong></span> <span class='ocrx_word' id='word_1_839' title='bbox 3253 4101 3447 4155; x_wconf 88' lang='lat' dir='ltr'><strong>Latent</strong></span> <span class='ocrx_word' id='word_1_840' title='bbox 3473 4102 3569 4155; x_wconf 88' lang='lat' dir='ltr'><strong>ista</strong></span> <span class='ocrx_word' id='word_1_841' title='bbox 3598 4100 3650 4154; x_wconf 94' lang='lat' dir='ltr'><strong>in</strong></span> <span class='ocrx_word' id='word_1_842' title='bbox 3683 4099 3765 4153; x_wconf 85' lang='lat' dir='ltr'><strong>fa-</strong></span> 
     </span>
    </p>
   </div>
   <div class='ocr_carea' id='block_1_107' title="bbox 2170 4192 3764 4264">
    <p class='ocr_par' dir='ltr' id='par_1_107' title="bbox 2170 4192 3764 4264">
     <span class='ocr_line' id='line_1_109' title="bbox 2170 4192 3764 4264; baseline 0.001 -17"><span class='ocrx_word' id='word_1_843' title='bbox 2170 4192 2455 4247; x_wconf 89' lang='lat' dir='ltr'><strong>cultatibus</strong></span> <span class='ocrx_word' id='word_1_844' title='bbox 2481 4203 2536 4248; x_wconf 92' lang='lat' dir='ltr'><strong>et</strong></span> <span class='ocrx_word' id='word_1_845' title='bbox 2571 4194 2772 4249; x_wconf 88' lang='lat' dir='ltr'><strong>viribus</strong></span> <span class='ocrx_word' id='word_1_846' title='bbox 2811 4196 3109 4249; x_wconf 89' lang='lat' dir='ltr'><strong>animorum</strong></span> <span class='ocrx_word' id='word_1_847' title='bbox 3129 4234 3145 4260; x_wconf 93' lang='lat'><strong>,</strong></span> <span class='ocrx_word' id='word_1_848' title='bbox 3178 4194 3469 4249; x_wconf 90' lang='lat' dir='ltr'><strong>tentatione</strong></span> <span class='ocrx_word' id='word_1_849' title='bbox 3512 4192 3764 4264; x_wconf 83' lang='lat' dir='ltr'><strong>pandun-</strong></span> 
     </span>
    </p>
   </div>
   <div class='ocr_carea' id='block_1_108' title="bbox 2171 4286 3762 4357">
    <p class='ocr_par' dir='ltr' id='par_1_108' title="bbox 2171 4286 3762 4357">
     <span class='ocr_line' id='line_1_110' title="bbox 2171 4286 3762 4357; baseline 0.002 -19"><span class='ocrx_word' id='word_1_850' title='bbox 2171 4293 2290 4352; x_wconf 92' lang='lat' dir='ltr'><strong>tur,</strong></span> <span class='ocrx_word' id='word_1_851' title='bbox 2318 4287 2645 4355; x_wconf 82' lang='lat' dir='ltr'><strong>experientia</strong></span> <span class='ocrx_word' id='word_1_852' title='bbox 2677 4288 3018 4356; x_wconf 89' lang='lat' dir='ltr'><strong>propalantur</strong></span> <span class='ocrx_word' id='word_1_853' title='bbox 3040 4288 3080 4341; x_wconf 87' lang='grc'><strong>¹.</strong></span> <span class='ocrx_word' id='word_1_854' title='bbox 3124 4286 3190 4342; x_wconf 91' lang='lat' dir='ltr'><strong>Ut</strong></span> <span class='ocrx_word' id='word_1_855' title='bbox 3219 4303 3346 4357; x_wconf 89' lang='lat' dir='ltr'><strong>ergo</strong></span> <span class='ocrx_word' id='word_1_856' title='bbox 3379 4286 3603 4357; x_wconf 90' lang='lat' dir='ltr'><strong>quisque</strong></span> <span class='ocrx_word' id='word_1_857' title='bbox 3646 4301 3762 4341; x_wconf 87' lang='lat' dir='ltr'><strong>non</strong></span> 
     </span>
    </p>
   </div>
   <div class='ocr_carea' id='block_1_109' title="bbox 2171 4376 3760 4448">
    <p class='ocr_par' dir='ltr' id='par_1_109' title="bbox 2171 4376 3760 4448">
     <span class='ocr_line' id='line_1_111' title="bbox 2171 4376 3760 4448; baseline 0 -17"><span class='ocrx_word' id='word_1_858' title='bbox 2171 4376 2383 4433; x_wconf 86' lang='lat' dir='ltr'><strong>infletur</strong></span> <span class='ocrx_word' id='word_1_859' title='bbox 2402 4418 2416 4442; x_wconf 92' lang='lat'><strong>,</strong></span> <span class='ocrx_word' id='word_1_860' title='bbox 2446 4394 2511 4433; x_wconf 82' lang='lat' dir='ltr'><strong>ex</strong></span> <span class='ocrx_word' id='word_1_861' title='bbox 2536 4392 2601 4432; x_wconf 93' lang='lat' dir='ltr'><strong>eo</strong></span> <span class='ocrx_word' id='word_1_862' title='bbox 2626 4378 2767 4448; x_wconf 91' lang='lat' dir='ltr'><strong>quod</strong></span> <span class='ocrx_word' id='word_1_863' title='bbox 2792 4394 2851 4433; x_wconf 90' lang='lat' dir='ltr'><strong>se</strong></span> <span class='ocrx_word' id='word_1_864' title='bbox 2876 4378 3113 4447; x_wconf 88' lang='lat' dir='ltr'><strong>pervidet</strong></span> <span class='ocrx_word' id='word_1_865' title='bbox 3143 4392 3298 4447; x_wconf 89' lang='lat' dir='ltr'><strong>posse</strong></span> <span class='ocrx_word' id='word_1_866' title='bbox 3317 4419 3333 4445; x_wconf 95' lang='lat'><strong>,</strong></span> <span class='ocrx_word' id='word_1_867' title='bbox 3366 4376 3636 4432; x_wconf 87' lang='lat' dir='ltr'><strong>humiliter</strong></span> <span class='ocrx_word' id='word_1_868' title='bbox 3662 4392 3760 4431; x_wconf 89' lang='lat' dir='ltr'><strong>co-</strong></span> 
     </span>
    </p>
   </div>
   <div class='ocr_carea' id='block_1_110' title="bbox 2168 4468 3760 4539">
    <p class='ocr_par' dir='ltr' id='par_1_110' title="bbox 2168 4468 3760 4539">
     <span class='ocr_line' id='line_1_112' title="bbox 2168 4468 3760 4539; baseline 0.002 -18"><span class='ocrx_word' id='word_1_869' title='bbox 2168 4469 2299 4538; x_wconf 92' lang='lat' dir='ltr'><strong>gitet</strong></span> <span class='ocrx_word' id='word_1_870' title='bbox 2322 4468 2463 4539; x_wconf 92' lang='lat' dir='ltr'><strong>quod</strong></span> <span class='ocrx_word' id='word_1_871' title='bbox 2489 4469 2696 4539; x_wconf 91' lang='lat' dir='ltr'><strong>ignorat</strong></span> <span class='ocrx_word' id='word_1_872' title='bbox 2719 4470 2913 4539; x_wconf 86' lang='lat' dir='ltr'><strong>aliquid</strong></span> <span class='ocrx_word' id='word_1_873' title='bbox 2940 4470 3273 4538; x_wconf 73' lang='lat' dir='ltr'><strong>praestantius</strong></span> <span class='ocrx_word' id='word_1_874' title='bbox 3296 4485 3356 4525; x_wconf 87' lang='lat' dir='ltr'><strong>se</strong></span> <span class='ocrx_word' id='word_1_875' title='bbox 3396 4470 3619 4525; x_wconf 88' lang='lat' dir='ltr'><strong>fortasse</strong></span> <span class='ocrx_word' id='word_1_876' title='bbox 3646 4484 3760 4524; x_wconf 90' lang='lat' dir='ltr'><strong>non</strong></span> 
     </span>
    </p>
   </div>
   <div class='ocr_carea' id='block_1_111' title="bbox 2169 4561 3760 4631">
    <p class='ocr_par' dir='ltr' id='par_1_111' title="bbox 2169 4561 3760 4631">
     <span class='ocr_line' id='line_1_113' title="bbox 2169 4561 3760 4631; baseline 0.001 -17"><span class='ocrx_word' id='word_1_877' title='bbox 2169 4561 2579 4631; x_wconf 89' lang='lat' dir='ltr'><strong>posse;aliquos</strong></span> <span class='ocrx_word' id='word_1_878' title='bbox 2604 4570 2780 4615; x_wconf 88' lang='lat' dir='ltr'><strong>autem</strong></span> <span class='ocrx_word' id='word_1_879' title='bbox 2807 4561 2897 4631; x_wconf 89' lang='lat' dir='ltr'><strong>qui</strong></span> <span class='ocrx_word' id='word_1_880' title='bbox 2923 4561 3050 4615; x_wconf 88' lang='lat' dir='ltr'><strong>illud</strong></span> <span class='ocrx_word' id='word_1_881' title='bbox 3078 4578 3182 4631; x_wconf 87' lang='lat' dir='ltr'><strong>quo</strong></span> <span class='ocrx_word' id='word_1_882' title='bbox 3212 4562 3310 4615; x_wconf 90' lang='lat' dir='ltr'><strong>sibi</strong></span> <span class='ocrx_word' id='word_1_883' title='bbox 3338 4562 3567 4631; x_wconf 86' lang='lat' dir='ltr'><strong>gloriose</strong></span> <span class='ocrx_word' id='word_1_884' title='bbox 3594 4572 3760 4616; x_wconf 86' lang='lat' dir='ltr'><strong>notus</strong></span> 
     </span>
    </p>
   </div>
   <div class='ocr_carea' id='block_1_112' title="bbox 2167 4652 3761 4725">
    <p class='ocr_par' dir='ltr' id='par_1_112' title="bbox 2167 4652 3761 4725">
     <span class='ocr_line' id='line_1_114' title="bbox 2167 4652 3761 4725; baseline 0.002 -20"><span class='ocrx_word' id='word_1_885' title='bbox 2167 4659 2268 4717; x_wconf 89' lang='lat' dir='ltr'><strong>est,</strong></span> <span class='ocrx_word' id='word_1_886' title='bbox 2287 4666 2384 4707; x_wconf 91' lang='lat' dir='ltr'><strong>nec</strong></span> <span class='ocrx_word' id='word_1_887' title='bbox 2410 4652 2605 4707; x_wconf 88' lang='lat' dir='ltr'><strong>habent</strong></span> <span class='ocrx_word' id='word_1_888' title='bbox 2626 4669 2723 4708; x_wconf 88' lang='lat' dir='ltr'><strong>nec</strong></span> <span class='ocrx_word' id='word_1_889' title='bbox 2749 4653 3080 4722; x_wconf 85' lang='lat' dir='ltr'><strong>proﬁtentur,</strong></span> <span class='ocrx_word' id='word_1_890' title='bbox 3103 4653 3204 4709; x_wconf 91' lang='lat' dir='ltr'><strong>hoc</strong></span> <span class='ocrx_word' id='word_1_891' title='bbox 3226 4654 3366 4725; x_wconf 91' lang='lat' dir='ltr'><strong>quod</strong></span> <span class='ocrx_word' id='word_1_892' title='bbox 3390 4655 3503 4723; x_wconf 88' lang='lat' dir='ltr'><strong>ipse</strong></span> <span class='ocrx_word' id='word_1_893' title='bbox 3530 4669 3636 4707; x_wconf 92' lang='lat' dir='ltr'><strong>non</strong></span> <span class='ocrx_word' id='word_1_894' title='bbox 3659 4668 3761 4723; x_wconf 84' lang='lat' dir='ltr'><strong>po-</strong></span> 
     </span>
    </p>
   </div>
   <div class='ocr_carea' id='block_1_113' title="bbox 2167 4742 3759 4812">
    <p class='ocr_par' dir='ltr' id='par_1_113' title="bbox 2167 4742 3759 4812">
     <span class='ocr_line' id='line_1_115' title="bbox 2167 4742 3759 4812; baseline 0.001 -17"><span class='ocrx_word' id='word_1_895' title='bbox 2167 4748 2271 4797; x_wconf 90' lang='lat' dir='ltr'><strong>test</strong></span> <span class='ocrx_word' id='word_1_896' title='bbox 2292 4758 2469 4812; x_wconf 89' lang='lat' dir='ltr'><strong>posse.</strong></span> <span class='ocrx_word' id='word_1_897' title='bbox 2503 4742 2576 4798; x_wconf 89' lang='lat' dir='ltr'><strong>lta</strong></span> <span class='ocrx_word' id='word_1_898' title='bbox 2594 4745 2890 4799; x_wconf 90' lang='lat' dir='ltr'><strong>servabitur</strong></span> <span class='ocrx_word' id='word_1_899' title='bbox 2916 4761 3020 4799; x_wconf 94' lang='lat' dir='ltr'><strong>non</strong></span> <span class='ocrx_word' id='word_1_900' title='bbox 3049 4745 3244 4808; x_wconf 85' lang='lat' dir='ltr'><strong>fallaci,</strong></span> <span class='ocrx_word' id='word_1_901' title='bbox 3263 4745 3357 4800; x_wconf 87' lang='lat' dir='ltr'><strong>sed</strong></span> <span class='ocrx_word' id='word_1_902' title='bbox 3388 4745 3759 4800; x_wconf 55' lang='lat' dir='ltr'><strong>veracihumia</strong></span> 
     </span>
    </p>
   </div>
   <div class='ocr_carea' id='block_1_114' title="bbox 2166 4832 3755 4907">
    <p class='ocr_par' dir='ltr' id='par_1_114' title="bbox 2166 4832 3755 4907">
     <span class='ocr_line' id='line_1_116' title="bbox 2166 4832 3755 4907; baseline 0.001 -19"><span class='ocrx_word' id='word_1_903' title='bbox 2166 4832 2313 4889; x_wconf 89' lang='lat' dir='ltr'><strong>litate</strong></span> <span class='ocrx_word' id='word_1_904' title='bbox 2332 4876 2346 4900; x_wconf 93' lang='lat'><strong>,</strong></span> <span class='ocrx_word' id='word_1_905' title='bbox 2379 4834 2589 4890; x_wconf 84' lang='lat' dir='ltr'><strong>Honore</strong></span> <span class='ocrx_word' id='word_1_906' title='bbox 2608 4845 2779 4889; x_wconf 88' lang='lat' dir='ltr'><strong>mutuo</strong></span> <span class='ocrx_word' id='word_1_907' title='bbox 2801 4838 3157 4905; x_wconf 67' lang='lat' dir='ltr'><strong>praevenientes</strong></span> <span class='ocrx_word' id='word_1_908' title='bbox 3178 4837 3351 4907; x_wconf 85' lang='lat' dir='ltr'><strong>(Rom.</strong></span> <span class='ocrx_word' id='word_1_909' title='bbox 3376 4852 3447 4890; x_wconf 80' lang='lat' dir='ltr'><strong>xu</strong></span> <span class='ocrx_word' id='word_1_910' title='bbox 3468 4878 3483 4903; x_wconf 89' lang='lat'><strong>,</strong></span> <span class='ocrx_word' id='word_1_911' title='bbox 3510 4837 3598 4904; x_wconf 84' lang='grc'><strong>10)</strong></span> <span class='ocrx_word' id='word_1_912' title='bbox 3620 4851 3635 4899; x_wconf 92' lang='grc'>;</span> <span class='ocrx_word' id='word_1_913' title='bbox 3662 4844 3716 4889; x_wconf 89' lang='lat' dir='ltr'><strong>et</strong></span> <span class='ocrx_word' id='word_1_914' title='bbox 3736 4878 3755 4903; x_wconf 86' lang='lat'><strong>,</strong></span> 
     </span>
    </p>
   </div>
   <div class='ocr_carea' id='block_1_115' title="bbox 2165 4925 3750 5000">
    <p class='ocr_par' dir='ltr' id='par_1_115' title="bbox 2165 4925 3750 5000">
     <span class='ocr_line' id='line_1_117' title="bbox 2165 4925 3750 5000; baseline 0.001 -20"><span class='ocrx_word' id='word_1_915' title='bbox 2165 4925 2308 4981; x_wconf 84' lang='lat' dir='ltr'><strong>Alter</strong></span> <span class='ocrx_word' id='word_1_916' title='bbox 2349 4928 2562 4982; x_wconf 90' lang='lat' dir='ltr'><strong>alterum</strong></span> <span class='ocrx_word' id='word_1_917' title='bbox 2598 4928 2938 4983; x_wconf 72' lang='lat' dir='ltr'><strong>existimantes</strong></span> <span class='ocrx_word' id='word_1_918' title='bbox 2981 4928 3288 4998; x_wconf 85' lang='lat' dir='ltr'><strong>superiorem</strong></span> <span class='ocrx_word' id='word_1_919' title='bbox 3324 4928 3418 4982; x_wconf 82' lang='lat' dir='ltr'><strong>sibi</strong></span> <span class='ocrx_word' id='word_1_920' title='bbox 3468 4926 3750 5000; x_wconf 86' lang='lat' dir='ltr'><strong>(Philipp.</strong></span> 
     </span>
    </p>
   </div>
   <div class='ocr_carea' id='block_1_116' title="bbox 2164 5022 2351 5093">
    <p class='ocr_par' dir='ltr' id='par_1_116' title="bbox 2164 5022 2351 5093">
     <span class='ocr_line' id='line_1_118' title="bbox 2164 5022 2351 5093; baseline 0 -18"><span class='ocrx_word' id='word_1_921' title='bbox 2164 5036 2240 5087; x_wconf 89' lang='grc' dir='ltr'><strong>ιι,</strong></span> <span class='ocrx_word' id='word_1_922' title='bbox 2274 5022 2351 5093; x_wconf 80' lang='grc'><strong>5).</strong></span> 
     </span>
    </p>
   </div>
   <div class='ocr_carea' id='block_1_117' title="bbox 2234 5114 3757 5179">
    <p class='ocr_par' dir='ltr' id='par_1_117' title="bbox 2234 5114 3757 5179">
     <span class='ocr_line' id='line_1_119' title="bbox 2234 5114 3757 5179; baseline -0.003 -9"><span class='ocrx_word' id='word_1_923' title='bbox 2234 5116 2461 5173; x_wconf 84' lang='lat' dir='ltr'><strong>CAPUT</strong></span> <span class='ocrx_word' id='word_1_924' title='bbox 2499 5114 2726 5169; x_wconf 81' lang='lat' dir='ltr'><strong>XLVIII.</strong></span> <span class='ocrx_word' id='word_1_925' title='bbox 2769 5144 2842 5155; x_wconf 89' lang='lat'><strong><em>—</em></strong></span> <span class='ocrx_word' id='word_1_926' title='bbox 2878 5115 2968 5170; x_wconf 67' lang='grc'><strong>48.</strong></span> <span class='ocrx_word' id='word_1_927' title='bbox 3017 5115 3133 5170; x_wconf 82' lang='lat' dir='ltr'><strong>Alia</strong></span> <span class='ocrx_word' id='word_1_928' title='bbox 3176 5114 3471 5168; x_wconf 85' lang='lat' dir='ltr'><strong>humilitatis</strong></span> <span class='ocrx_word' id='word_1_929' title='bbox 3516 5114 3757 5179; x_wconf 85' lang='lat' dir='ltr'><strong>occasio,</strong></span> 
     </span>
    </p>
   </div>
   <div class='ocr_carea' id='block_1_118' title="bbox 2162 5205 3755 5278">
    <p class='ocr_par' dir='ltr' id='par_1_118' title="bbox 2162 5205 3755 5278">
     <span class='ocr_line' id='line_1_120' title="bbox 2162 5205 3755 5278; baseline -0.001 -15"><span class='ocrx_word' id='word_1_930' title='bbox 2162 5209 2298 5278; x_wconf 81' lang='lat' dir='ltr'><strong>quod</strong></span> <span class='ocrx_word' id='word_1_931' title='bbox 2335 5209 2505 5262; x_wconf 88' lang='lat' dir='ltr'><strong>nullus</strong></span> <span class='ocrx_word' id='word_1_932' title='bbox 2544 5208 2625 5261; x_wconf 89' lang='lat' dir='ltr'><strong>hic</strong></span> <span class='ocrx_word' id='word_1_933' title='bbox 2652 5209 2717 5262; x_wconf 91' lang='lat' dir='ltr'><strong>sit</strong></span> <span class='ocrx_word' id='word_1_934' title='bbox 2759 5209 2866 5262; x_wconf 87' lang='lat' dir='ltr'><strong>sine</strong></span> <span class='ocrx_word' id='word_1_935' title='bbox 2901 5217 3120 5278; x_wconf 84' lang='lat' dir='ltr'><strong>peccato.</strong></span> <span class='ocrx_word' id='word_1_936' title='bbox 3153 5207 3289 5275; x_wconf 86' lang='lat' dir='ltr'><strong>Quid</strong></span> <span class='ocrx_word' id='word_1_937' title='bbox 3328 5208 3437 5276; x_wconf 90' lang='lat' dir='ltr'><strong>jam</strong></span> <span class='ocrx_word' id='word_1_938' title='bbox 3479 5206 3650 5261; x_wconf 85' lang='lat' dir='ltr'><strong>dicam</strong></span> <span class='ocrx_word' id='word_1_939' title='bbox 3681 5205 3755 5262; x_wconf 86' lang='lat' dir='ltr'><strong>de</strong></span> 
     </span>
    </p>
   </div>
   <div class='ocr_carea' id='block_1_119' title="bbox 2162 5297 3753 5371">
    <p class='ocr_par' dir='ltr' id='par_1_119' title="bbox 2162 5297 3753 5371">
     <span class='ocr_line' id='line_1_121' title="bbox 2162 5297 3753 5371; baseline -0.004 -14"><span class='ocrx_word' id='word_1_940' title='bbox 2162 5302 2276 5371; x_wconf 89' lang='lat' dir='ltr'><strong>ipsa</strong></span> <span class='ocrx_word' id='word_1_941' title='bbox 2303 5300 2508 5355; x_wconf 90' lang='lat' dir='ltr'><strong>cautela</strong></span> <span class='ocrx_word' id='word_1_942' title='bbox 2535 5309 2591 5355; x_wconf 91' lang='lat' dir='ltr'><strong>et</strong></span> <span class='ocrx_word' id='word_1_943' title='bbox 2617 5301 2885 5371; x_wconf 89' lang='lat' dir='ltr'><strong>vigilantia</strong></span> <span class='ocrx_word' id='word_1_944' title='bbox 2918 5317 3021 5355; x_wconf 91' lang='lat' dir='ltr'><strong>non</strong></span> <span class='ocrx_word' id='word_1_945' title='bbox 3044 5300 3336 5370; x_wconf 88' lang='lat' dir='ltr'><strong>peccandi?</strong></span> <span class='ocrx_word' id='word_1_946' title='bbox 3360 5299 3485 5366; x_wconf 85' lang='lat' dir='ltr'><strong>Quis</strong></span> <span class='ocrx_word' id='word_1_947' title='bbox 3508 5297 3753 5370; x_wconf 85' lang='lat' dir='ltr'><strong>gloriabi-</strong></span> 
     </span>
    </p>
   </div>
   <div class='ocr_carea' id='block_1_120' title="bbox 2162 5392 3752 5463">
    <p class='ocr_par' dir='ltr' id='par_1_120' title="bbox 2162 5392 3752 5463">
     <span class='ocr_line' id='line_1_122' title="bbox 2162 5392 3752 5463; baseline 0.001 -17"><span class='ocrx_word' id='word_1_948' title='bbox 2162 5401 2245 5446; x_wconf 85' lang='lat' dir='ltr'><strong>tur</strong></span> <span class='ocrx_word' id='word_1_949' title='bbox 2275 5402 2467 5447; x_wconf 88' lang='lat' dir='ltr'><strong>castum</strong></span> <span class='ocrx_word' id='word_1_950' title='bbox 2492 5409 2544 5447; x_wconf 90' lang='lat' dir='ltr'><strong>se</strong></span> <span class='ocrx_word' id='word_1_951' title='bbox 2563 5393 2743 5448; x_wconf 88' lang='lat' dir='ltr'><strong>habere</strong></span> <span class='ocrx_word' id='word_1_952' title='bbox 2767 5411 2855 5448; x_wconf 89' lang='lat' dir='ltr'><strong>cor</strong></span> <span class='ocrx_word' id='word_1_953' title='bbox 2873 5395 2899 5449; x_wconf 77' lang='lat'><strong><em>7</em></strong></span> <span class='ocrx_word' id='word_1_954' title='bbox 2917 5403 3003 5448; x_wconf 90' lang='lat' dir='ltr'><strong>aut</strong></span> <span class='ocrx_word' id='word_1_955' title='bbox 3041 5394 3153 5462; x_wconf 84' lang='lat' dir='ltr'><strong>quis</strong></span> <span class='ocrx_word' id='word_1_956' title='bbox 3177 5394 3474 5463; x_wconf 89' lang='lat' dir='ltr'><strong>gloriabitur</strong></span> <span class='ocrx_word' id='word_1_957' title='bbox 3501 5392 3752 5447; x_wconf 86' lang='lat' dir='ltr'><strong>mundum</strong></span> 
     </span>
    </p>
   </div>
   <div class='ocr_carea' id='block_1_121' title="bbox 2160 5484 3751 5558">
    <p class='ocr_par' dir='ltr' id='par_1_121' title="bbox 2160 5484 3751 5558">
     <span class='ocr_line' id='line_1_123' title="bbox 2160 5484 3751 5558; baseline 0.001 -19"><span class='ocrx_word' id='word_1_958' title='bbox 2160 5501 2215 5539; x_wconf 84' lang='lat' dir='ltr'><strong>se</strong></span> <span class='ocrx_word' id='word_1_959' title='bbox 2251 5501 2355 5540; x_wconf 82' lang='lat' dir='ltr'><strong>esse</strong></span> <span class='ocrx_word' id='word_1_960' title='bbox 2390 5502 2421 5538; x_wconf 92' lang='lat' dir='ltr'><strong>a</strong></span> <span class='ocrx_word' id='word_1_961' title='bbox 2448 5497 2650 5557; x_wconf 83' lang='lat' dir='ltr'><strong>peccato</strong></span> <span class='ocrx_word' id='word_1_962' title='bbox 2678 5485 2860 5558; x_wconf 90' lang='lat' dir='ltr'><strong>(Prov.</strong></span> <span class='ocrx_word' id='word_1_963' title='bbox 2892 5503 2958 5541; x_wconf 78' lang='lat' dir='ltr'><strong>xx</strong></span> <span class='ocrx_word' id='word_1_964' title='bbox 2981 5529 2997 5552; x_wconf 83' lang='lat'><strong>,</strong></span> <span class='ocrx_word' id='word_1_965' title='bbox 3038 5485 3129 5557; x_wconf 86' lang='lat'><strong>9)?</strong></span> <span class='ocrx_word' id='word_1_966' title='bbox 3168 5486 3375 5557; x_wconf 88' lang='lat' dir='ltr'><strong>Integra</strong></span> <span class='ocrx_word' id='word_1_967' title='bbox 3409 5493 3492 5540; x_wconf 90' lang='lat' dir='ltr'><strong>est</strong></span> <span class='ocrx_word' id='word_1_968' title='bbox 3526 5484 3751 5555; x_wconf 86' lang='lat' dir='ltr'><strong>quidem</strong></span> 
     </span>
    </p>
   </div>
   <div class='ocr_carea' id='block_1_122' title="bbox 2160 5577 3744 5651">
    <p class='ocr_par' dir='ltr' id='par_1_122' title="bbox 2160 5577 3744 5651">
     <span class='ocr_line' id='line_1_124' title="bbox 2160 5577 3744 5651; baseline -0.001 -18"><span class='ocrx_word' id='word_1_969' title='bbox 2160 5579 2229 5633; x_wconf 88' lang='lat' dir='ltr'><strong>ab</strong></span> <span class='ocrx_word' id='word_1_970' title='bbox 2258 5588 2413 5634; x_wconf 90' lang='lat' dir='ltr'><strong>utero</strong></span> <span class='ocrx_word' id='word_1_971' title='bbox 2435 5580 2620 5634; x_wconf 90' lang='lat' dir='ltr'><strong>matris</strong></span> <span class='ocrx_word' id='word_1_972' title='bbox 2646 5587 2824 5634; x_wconf 81' lang='lat' dir='ltr'><strong>sancta</strong></span> <span class='ocrx_word' id='word_1_973' title='bbox 2851 5578 3121 5651; x_wconf 80' lang='lat' dir='ltr'><strong>virginitas</strong></span> <span class='ocrx_word' id='word_1_974' title='bbox 3150 5597 3163 5633; x_wconf 89' lang='lat'><strong>:</strong></span> <span class='ocrx_word' id='word_1_975' title='bbox 3195 5578 3289 5634; x_wconf 87' lang='lat' dir='ltr'><strong>sed</strong></span> <span class='ocrx_word' id='word_1_976' title='bbox 3324 5593 3499 5643; x_wconf 85' lang='lat' dir='ltr'><strong>nemo,</strong></span> <span class='ocrx_word' id='word_1_977' title='bbox 3533 5577 3744 5647; x_wconf 75' lang='lat' dir='ltr'><strong>inquit,</strong></span> 
     </span>
    </p>
   </div>
   <div class='ocr_carea' id='block_1_123' title="bbox 2158 5668 3758 5745">
    <p class='ocr_par' dir='ltr' id='par_1_123' title="bbox 2158 5668 3758 5745">
     <span class='ocr_line' id='line_1_125' title="bbox 2158 5668 3758 5745; baseline 0.008 -28"><span class='ocrx_word' id='word_1_978' title='bbox 2158 5668 2376 5721; x_wconf 82' lang='lat' dir='ltr'><strong>mundus</strong></span> <span class='ocrx_word' id='word_1_979' title='bbox 2416 5668 2469 5721; x_wconf 88' lang='lat' dir='ltr'><strong>in</strong></span> <span class='ocrx_word' id='word_1_980' title='bbox 2499 5680 2766 5741; x_wconf 86' lang='lat' dir='ltr'><strong>conspectu</strong></span> <span class='ocrx_word' id='word_1_981' title='bbox 2806 5680 2909 5737; x_wconf 73' lang='lat' dir='ltr'><strong>tuo,</strong></span> <span class='ocrx_word' id='word_1_982' title='bbox 2955 5685 3048 5725; x_wconf 80' lang='lat' dir='ltr'><strong>nec</strong></span> <span class='ocrx_word' id='word_1_983' title='bbox 3083 5674 3252 5744; x_wconf 81' lang='lat' dir='ltr'><strong>infans</strong></span> <span class='ocrx_word' id='word_1_984' title='bbox 3287 5679 3434 5745; x_wconf 80' lang='lat' dir='ltr'><strong>cujus</strong></span> <span class='ocrx_word' id='word_1_985' title='bbox 3477 5686 3549 5727; x_wconf 79' lang='lat' dir='ltr'><strong>est</strong></span> <span class='ocrx_word' id='word_1_986' title='bbox 3596 5684 3758 5731; x_wconf 74' lang='lat' dir='ltr'><strong>unius</strong></span> 
     </span>
    </p>
   </div>
   <div class='ocr_carea' id='block_1_124' title="bbox 2159 5790 3747 5904">
    <p class='ocr_par' dir='ltr' id='par_1_124' title="bbox 2159 5790 3747 5904">
     <span class='ocr_line' id='line_1_126' title="bbox 2159 5790 3747 5904; baseline 0.006 -61"><span class='ocrx_word' id='word_1_987' title='bbox 2159 5790 2363 5904; x_wconf 43' lang='lat' dir='ltr'><strong>“gulis.</strong></span> <span class='ocrx_word' id='word_1_988' title='bbox 2392 5798 2444 5844; x_wconf 87' lang='lat' dir='ltr'><strong>et</strong></span> <span class='ocrx_word' id='word_1_989' title='bbox 2466 5792 2650 5858; x_wconf 85' lang='lat' dir='ltr'><strong>aliquot</strong></span> <span class='ocrx_word' id='word_1_990' title='bbox 2667 5807 2802 5859; x_wconf 84' lang='lat' dir='ltr'><strong>mss.,</strong></span> <span class='ocrx_word' id='word_1_991' title='bbox 2821 5802 2999 5850; x_wconf 85' lang='lat' dir='ltr'><strong>tentata</strong></span> <span class='ocrx_word' id='word_1_992' title='bbox 3019 5797 3317 5863; x_wconf 77' lang='lat' dir='ltr'><strong>panduntur,</strong></span> <span class='ocrx_word' id='word_1_993' title='bbox 3337 5809 3542 5864; x_wconf 73' lang='lat' dir='ltr'><strong>experta</strong></span> <span class='ocrx_word' id='word_1_994' title='bbox 3561 5814 3747 5864; x_wconf 81' lang='lat' dir='ltr'><strong>propn-</strong></span> 
     </span>
    </p>
   </div>
  </div>
