4070 6334
242 341 338 402 ιῖ5

248 460 336 515 diei
378 457 483 513 vita
525 472 695 527 super
718 467 908 512 terrain
956 451 1096 529 (Job.
1128 469 1263 520 xxv,
1299 452 1378 523 ι).
1411 449 1665 507 Servatur
1691 457 1746 504 et
1786 449 1839 503 in

254 552 344 609 fide
370 550 633 607 inviolata
667 548 918 620 quzedam
947 549 1164 604 castitas
1190 546 1461 617 virginalis
1480 586 1495 610 ,
1526 557 1629 615 qua
1651 542 1839 597 Eccle-

254 648 324 704 sia
348 646 437 700 uni
467 644 586 699 viro
616 649 776 714 virgo
804 651 949 703 casta
975 652 1255 712 coaptatnr
1284 657 1299 694 :
1324 638 1418 694 sed
1456 638 1546 693 ille
1575 651 1711 693 unus
1739 636 1837 701 vir,

258 756 354 796 non
382 747 590 793 tantum
635 736 824 792 fideles
854 743 1033 791 mente
1077 744 1131 788 ct
1168 748 1394 802 corpore
1432 731 1665 800 virgines
1688 771 1704 795 ,
1746 727 1841 783 sed

259 844 433 887 omnes
456 828 683 883 omnino
721 826 1053 883 Christianos
1077 826 1145 880 ab
1186 823 1551 894 spiritualibus
1589 836 1755 891 usque
1775 819 1842 875 ad

258 923 520 988 carnales,
548 922 618 975 ab
646 920 921 990 Apostolis
950 932 1115 987 usque
1134 916 1200 972 ad
1233 916 1448 970 ultimos
1478 913 1800 985 praenitentes
1822 952 1839 978 ,

259 1025 499 1087 tanquam
542 1029 573 1068 ιι
617 1013 847 1069 summis
888 1011 1144 1068 caelorum
1175 1023 1341 1079 usque
1366 1007 1433 1061 ad
1465 1006 1722 1061 terminos
1750 1018 1842 1059 eo-

259 1126 369 1166 rum
398 1107 615 1177 (Matth.
651 1122 803 1170 xxw,
833 1104 922 1173 51)
950 1144 965 1170 ,
993 1103 1174 1158 docuit
1201 1117 1358 1155 orare
1382 1144 1394 1165 ,
1426 1110 1480 1155 ct
1505 1101 1556 1154 in
1586 1101 1696 1168 ipsa
1724 1115 1844 1152 ora-

261 1203 394 1257 tione
423 1199 606 1255 dicere
631 1197 927 1271 admonitu,
958 1194 1024 1248 Et
1050 1195 1245 1247 dimitte
1268 1193 1410 1247 nobis
1436 1191 1603 1247 debita
1630 1199 1800 1244 nostra
1821 1228 1837 1255 ,

259 1293 379 1347 sicut
409 1300 455 1343 et
483 1306 578 1344 nos
598 1288 901 1341 dimittimus
928 1285 1232 1339 debitoribus
1253 1283 1435 1337 nostris
1462 1280 1572 1355 (Id.
1596 1297 1645 1336 Vl
1667 1323 1682 1347 ,
1708 1280 1798 1350 η)
1823 1298 1838 1335 :

260 1382 339 1436 ubi
380 1397 476 1450 per
507 1380 612 1435 hoc
636 1377 777 1450 quod
811 1378 1054 1447 petimus,
1086 1376 1211 1446 quid
1240 1374 1402 1430 etiam
1442 1387 1541 1428 nos
1567 1388 1687 1428 esse
1726 1388 1841 1427 me-

261 1472 575 1529 minerimus
599 1470 851 1526 Ostendit.
884 1468 1066 1538 Neque
1094 1467 1237 1523 enim
1260 1481 1360 1535 pro
1383 1465 1461 1520 eis
1483 1464 1696 1529 debitis,
1725 1478 1843 1533 quae

262 1565 416 1619 totius
444 1562 726 1632 praeterita:
757 1562 874 1615 vita:
904 1560 953 1612 in
982 1558 1248 1628 Baptismo
1271 1572 1365 1627 per
1390 1556 1503 1626 ejus
1534 1570 1716 1625 pacem
1742 1569 1841 1609 no-

260 1656 335 1711 bis
361 1654 583 1708 dimissa
606 1668 727 1709 esse
746 1651 1060 1710 contulimus
1081 1691 1097 1717 ,
1131 1663 1228 1703 nos
1252 1648 1508 1719 pratcepit
1536 1662 1691 1703 orare
1710 1687 1724 1711 ,
1758 1646 1841 1701 di-

259 1756 457 1811 centes,
494 1743 703 1797 Dimitte
728 1742 870 1797 nobis
898 1741 1063 1795 debita
1092 1748 1264 1795 nostra
1284 1781 1303 1806 ,
1332 1739 1460 1794 sicut
1480 1748 1526 1794 et
1555 1755 1647 1794 nos
1672 1739 1844 1793 dimit-

261 1840 401 1892 timus
427 1836 736 1891 dtbitoribus
757 1834 981 1889 nostris:
1011 1832 1245 1902 alioquin
1275 1830 1411 1885 hanc
1431 1830 1726 1886 orationem
1754 1845 1845 1887 ca-

262 1929 559 1986 techumeni
600 1928 778 1998 potius
814 1941 985 1996 usque
1021 1924 1089 1979 ad
1121 1923 1447 1995 Baptismum
1476 1937 1634 1978 orare
1674 1922 1841 1978 debe-

261 2032 389 2078 rent.
422 2023 557 2075 Cum
584 2034 717 2074 vero
743 2033 861 2073 eam
906 2014 1160 2087 baptizati
1197 2023 1354 2071 orant
1400 2013 1417 2045 ‘
1443 2054 1459 2077 ,
1491 2014 1757 2084 prmpositi
1790 2024 1844 2070 et

263 2113 460 2183 plebes,
478 2117 724 2180 pastores
742 2116 799 2163 et
815 2123 1025 2178 greges;
1049 2106 1179 2161 satis
1195 2102 1495 2161 ostenditur
1516 2104 1567 2159 in
1597 2104 1695 2159 hac
1714 2104 1841 2173 vita,

259 2220 367 2274 quae
397 2213 507 2257 tota
537 2202 762 2258 tentatio
786 2209 870 2256 est
908 2198 1047 2273 (Job.
1077 2213 1147 2254 vu
1170 2239 1187 2266 ,
1217 2197 1296 2269 l),
1328 2197 1597 2254 neminem
1636 2213 1695 2254 se
1724 2208 1842 2255 tan-

260 2312 407 2365 quam
429 2296 499 2350 ab
524 2294 777 2349 omnibus
798 2292 1026 2364 peccatis
1054 2292 1348 2347 immunem
1378 2290 1577 2346 debere
1601 2291 1840 2361 gloriari.

321 2387 549 2443 CAPUT
596 2382 785 2441 XLIX.
836 2413 909 2425 —
958 2384 1049 2441 i9.
1110 2382 1337 2454 Virgines
1386 2382 1844 2453 irreprchensibiles

262 2479 554 2550 purgatione
583 2488 901 2547 peccatorum
930 2487 976 2530 et
1006 2476 1188 2529 humili
1212 2474 1545 2544 confessione.
1575 2472 1844 2548 Mortifera

258 2574 487 2626 securitas
541 2571 785 2642 peccandi
827 2586 918 2641 spe
961 2571 1118 2623 vestiat
1161 2568 1513 2635 confitentibus
1561 2571 1840 2640 promisse.

259 2665 482 2721 Proinde
524 2666 689 2720 etiam
721 2664 956 2734 virgines
982 2663 1076 2718 Dei
1102 2662 1599 2733 irreprehensibiles
1626 2664 1843 2733 quidem

259 2765 550 2826 sequtmtur
595 2756 805 2826 Agnum
843 2769 1180 2825 quocumque
1217 2754 1375 2821 ierit,
1426 2763 1481 2809 et
1505 2764 1843 2825 peccatorum

260 2848 568 2919 purgatione
595 2847 831 2917 perfecta
852 2887 868 2913 ,
900 2854 955 2900 et
987 2844 1286 2915 virginitate
1309 2854 1520 2900 servata
1546 2886 1563 2911 ,
1590 2859 1709 2915 qua:
1736 2861 1842 2900 non

258 2941 445 2997 rediret
473 2940 675 2995 amissa
704 2958 718 2994 :
741 2938 836 2995 sed
859 2941 982 3010 quia
1007 2939 1195 2994 eadem
1226 2938 1340 3008 ipsa
1360 2937 1727 3010 Apocalypsis,
1754 2937 1843 2993 ubi

259 3034 381 3090 tales
409 3034 501 3088 tali
524 3030 751 3088 revelati
781 3040 947 3097 sunt,
986 3031 1148 3087 etiam
1179 3028 1303 3085 hinc
1330 3044 1426 3086 eos
1454 3029 1634 3085 laudat
1657 3070 1672 3093 ,
1699 3028 1843 3099 quod

258 3126 305 3181 in
336 3142 431 3182 ore
468 3141 663 3181 eorum
707 3140 817 3180 non
856 3124 928 3180 sit
961 3124 1235 3179 inventum
1279 3121 1614 3179 mendacium
1654 3121 1840 3193 (Apoc.

255 3233 372 3285 xiv,
400 3220 436 3274 4
455 3260 471 3284 ,
500 3219 599 3290 5);
628 3218 973 3274 meminerint
1012 3218 1173 3272 etiam
1215 3216 1268 3271 in
1310 3217 1413 3271 hoc
1439 3231 1560 3273 esse
1588 3231 1840 3281 veraces,

255 3325 317 3366 ne
352 3325 411 3366 se
446 3311 686 3365 audeant
711 3309 895 3365 dicere
941 3324 1048 3365 non
1092 3307 1291 3364 habere
1343 3315 1644 3377 peccatum.
1699 3305 1843 3362 Idem

253 3402 440 3472 quippe
465 3401 705 3457 Joannes
733 3401 824 3472 qui
863 3400 996 3455 illud
1024 3399 1153 3455 vidit
1177 3440 1191 3464 ,
1219 3399 1323 3454 hoc
1346 3398 1481 3475 dixit
1511 3414 1527 3451 ι
1560 3396 1621 3453 Si
1648 3396 1843 3453 dixeri-

252 3495 495 3565 musquia
524 3500 783 3563 peccatum
807 3508 909 3546 non
936 3490 1175 3545 habemus
1197 3531 1212 3556 ,
1238 3505 1331 3544 nos
1363 3488 1500 3556 ipsos
1529 3488 1807 3561 decipimus
1824 3528 1842 3554 ,

252 3593 295 3636 et
311 3585 493 3638 cer-itas
510 3584 568 3637 in
596 3583 741 3638 nobis
768 3598 869 3636 non
888 3590 981 3636 est.
1016 3580 1165 3649 Quod
1185 3581 1228 3636 si
1248 3580 1467 3651 confessi
1489 3580 1732 3649 fuerimus
1752 3580 1844 3634 de-

254 3674 364 3728 licta
388 3684 596 3741 nostra,
624 3674 792 3744 fidelis
817 3684 892 3728 est
919 3683 965 3728 et
997 3674 1201 3744 justus,
1231 3681 1287 3727 ut
1312 3673 1532 3727 dimittat
1557 3673 1703 3728 nobis
1731 3688 1846 3743 pec-

256 3778 359 3820 cata
398 3778 576 3822 nostra
594 3808 610 3834 ,
649 3777 697 3820 et
736 3776 913 3838 purget
940 3783 1033 3822 nos
1060 3766 1124 3820 ab
1149 3767 1285 3820 omni
1309 3766 1590 3836 iniquitate.
1623 3764 1775 3832 Quod
1802 3767 1846 3820 si

255 3860 528 3915 dixerimus
571 3861 811 3930 quoniam
839 3874 942 3912 non
984 3858 1328 3929 peccavimus,
1360 3857 1651 3915 mendacem
1690 3857 1847 3928 facie-

256 3969 360 4008 unus
390 3969 543 4020 eum,
570 3961 618 4006 et
648 3951 848 4006 uerbum
875 3952 987 4022 ejus
1024 3967 1125 4006 non
1160 3951 1255 4005 erit
1278 3950 1333 4004 in
1367 3950 1529 4005 nobis.
1562 3950 1672 4005 lloc
1699 3960 1846 4006 certe

257 4060 356 4098 non
387 4045 496 4098 illis
518 4052 613 4097 aut
634 4044 759 4107 illis,
781 4041 876 4097 sed
904 4041 1222 4098 Christianis
1240 4041 1489 4097 omnibus
1509 4041 1727 4108 dicitur,
1757 4042 1845 4097 ubi

257 4145 305 4188 et
332 4136 567 4205 virgines
603 4150 664 4190 se
692 4133 890 4190 debent
914 4149 1226 4204 agnoscere.
1264 4132 1353 4189 Sic
1379 4133 1522 4189 enim
1548 4141 1705 4188 erunt
1731 4133 1848 4190 sine

256 4225 529 4281 mendacio
552 4266 568 4290 ,
591 4226 777 4296 quales
803 4226 856 4280 in
886 4224 1204 4297 Apocalypsi
1231 4233 1612 4295 apparuerunt.
1644 4226 1723 4280 Ac
1750 4239 1848 4294 per

258 4314 352 4372 hoc
374 4317 631 4389 quamdiu
662 4316 900 4373 nondum
927 4327 1011 4373 cst
1049 4317 1101 4371 in
1127 4315 1339 4372 cmlesti
1365 4314 1690 4371 sublimitate
1722 4331 1845 4384 per-

259 4407 446 4476 lectio,
491 4408 931 4477 invituperabiles
966 4408 1091 4463 facit
1132 4407 1187 4461 in
1226 4406 1526 4462 humilitate
1553 4403 1843 4461 confessio.

321 4501 408 4556 50.
440 4499 549 4556 Sed
580 4514 787 4565 rursus,
812 4515 880 4554 ne
910 4513 1007 4567 per
1032 4497 1369 4553 occasionem
1393 4495 1549 4566 hujus
1568 4498 1847 4553 sententiae

258 4595 532 4666 quisquam
559 4608 681 4649 cum
711 4590 984 4647 mortifera
1022 4592 1310 4647 securitate
1354 4598 1637 4660 peccaret,
1683 4605 1848 4660 seque

259 4684 575 4741 trahendum
612 4684 972 4755 permitteret,
1001 4692 1251 4754 tanquam
1283 4697 1408 4738 mox
1435 4682 1677 4738 delendis
1706 4682 1847 4738 facili

256 4777 594 4832 confessione
620 4776 885 4846 peccatis,
913 4775 1167 4830 continuo
1200 4773 1461 4844 subjecit,
1493 4772 1673 4828 Filioli
1710 4774 1807 4828 mei
1828 4814 1843 4838 ,

258 4872 358 4926 hoc
376 4871 561 4940 scripsi
591 4871 728 4925 vobis
746 4912 762 4935 ,
784 4879 840 4925 ut
859 4887 961 4925 non
981 4869 1194 4941 peccetis
1219 4884 1239 4923 .'
1260 4879 1306 4923 et
1326 4869 1369 4923 si
1388 4869 1500 4940 quis
1529 4870 1805 4938 peccaverit
1828 4910 1844 4935 ,

260 4963 555 5019 advocatam
595 4964 835 5019 habemus
877 4963 947 5016 ad
996 4963 1202 5017 Patrem
1245 4961 1427 5017 Iesum
1463 4961 1719 5016 Christum
1757 4964 1849 5034 ju-

261 5059 428 5115 stum;
473 5065 521 5104 et
569 5055 677 5123 ipse
731 5054 1031 5125 propitiator
1077 5065 1149 5109 est
1198 5064 1518 5125 peccatorum
1561 5063 1847 5109 nostrorum

264 5140 311 5207 (l
334 5140 495 5196 Joan.
533 5158 582 5207 t,
612 5141 747 5206 8-n,
788 5146 868 5211 2).
894 5144 1064 5201 Nemo
1088 5145 1265 5217 itaque
1289 5160 1320 5200 a
1348 5156 1570 5216 peccato
1596 5153 1845 5215 tanquam

264 5232 521 5289 rediimus
545 5232 835 5299 abscedat,
856 5247 958 5288 nec
984 5248 1045 5288 se
1075 5232 1378 5302 huiusmodi
1404 5234 1558 5305 quasi
1578 5237 1849 5291 societatis

265 5334 413 5389 pacto
454 5341 578 5380 cum
628 5324 907 5395 iniquitate
943 5326 1305 5395 constringat,
1352 5332 1410 5380 ut
1447 5339 1566 5381 eam
1605 5326 1847 5382 confiteri

264 5431 411 5485 quam
439 5432 631 5472 cavere
658 5416 912 5473 delectet.

327 5508 554 5566 CAPUT
595 5509 655 5565 L.
685 5539 754 5549 —-
778 5508 995 5564 Peccata
1011 5525 1166 5579 parua
1185 5525 1297 5579 qua:
1318 5509 1591 5580 subrepunt
1637 5511 1852 5583 vigilan-

269 5599 408 5664 tibus,
434 5600 672 5671 superbia
695 5610 943 5665 crescunt,
966 5601 1250 5654 humilitate
1276 5601 1602 5670 perimuntur.
1640 5600 1703 5657 Si
1738 5604 1850 5672 quis

270 5693 391 5759 forte
414 5693 492 5746 hic
514 5693 624 5747 sine
650 5702 855 5764 peccato
880 5733 894 5757 ,
925 5702 1110 5761 quanto
1142 5710 1352 5764 magnus
1375 5701 1451 5747 est
1472 5733 1487 5759 ,
1524 5702 1663 5747 tanto
1690 5696 1850 5765 magis

328 5804 345 5832 ⁸
368 5802 469 5854 sola
483 5788 634 5854 editio
655 5810 764 5855 Lov.
789 5818 801 5853 :
823 5812 945 5854 Cum
964 5817 1077 5855 vero
1085 5804 1195 5867 jam
1215 5804 1441 5870 baptismi
1463 5808 1619 5854 orant.

496 5890 726 5949 Ssucr.
782 5890 1059 5949 Auuusr.
1106 5890 1213 5950 VI.

1676 332 1878 389 LIBER
1918 332 2117 390 UNUS.

3428 323 3535 389 ΑΜ

1951 446 2182 500 humiliat
2203 463 2272 500 se.
2299 444 2402 501 Sed
2427 446 2675 517 quoniam
2705 446 2865 501 etiam
2891 446 3250 517 satagcntibus
3271 446 3535 518 vigilanti-

1951 538 2153 608 busqne
2181 554 2247 592 ne
2271 547 2523 609 peccent,
2560 537 2856 609 subrepunt
2880 538 3112 609 quodam
3144 537 3302 594 modo
3329 556 3396 596 es
3437 538 3543 596 hu?

1949 645 2105 684 mana
2152 629 2431 701 fragilitate
2470 635 2683 700 peccata
2708 671 2725 696 ,
2762 631 3006 702 quamvis
3050 645 3208 700 parva
3232 669 3249 700 ,
3292 630 3537 703 quamvis

1950 735 2114 791 pauca
2141 762 2156 785 ,
2187 736 2292 775 non
2325 730 2500 777 tamen
2530 722 2709 788 nulla;
2740 721 2929 778 eadem
2973 723 3084 794 ipsa
3112 722 3242 778 fiunt
3269 739 3457 795 magna
3481 733 3539 781 et

1947 812 2124 883 gravia
2146 854 2162 879 ,
2204 812 2248 867 si
2272 812 2352 868 eis
2380 811 2628 884 superbia
2654 813 3041 870 incrementum
3071 826 3122 869 et
3153 812 3359 884 pondus
3383 815 3538 886 ailje-

1947 905 2081 961 cerit
2112 922 2126 960 :
2156 921 2186 959 a
2215 906 2494 963 sacerdote
2518 915 2695 963 autem
2724 923 2882 978 quem
2910 906 3170 964 habemus
3198 908 3248 962 in
3272 908 3463 976 caelis,
3491 909 3540 966 si

1948 998 2033 1068 pia
2073 997 2368 1054 humilitate
2392 1000 2722 1069 perimantur
2742 1043 2758 1067 ,
2808 1011 2916 1057 tota
2945 1000 3196 1057 facilitate
3223 1012 3536 1074 purgantur.

2018 1090 2107 1145 5|.
2135 1089 2240 1145 Sed
2281 1107 2384 1145 non
2414 1092 2679 1146 contendo
2700 1106 2820 1146 cum
2858 1092 2937 1149 eis
2961 1092 3052 1162 qui
3090 1103 3336 1149 asserunt
3366 1086 3540 1150 homi-

1949 1196 2070 1236 nem
2094 1197 2254 1253 posse
2284 1181 2336 1237 in
2367 1183 2464 1238 hac
2494 1183 2600 1238 vita
2638 1183 2754 1239 sine
2784 1184 2889 1239 ullo
2919 1194 3138 1253 peccato
3167 1179 3347 1242 vivere
3374 1204 3388 1241 :
3427 1202 3536 1243 non

1947 1275 2248 1342 contendo,
2289 1292 2394 1331 non
2417 1276 2743 1332 contradico.
2780 1274 3042 1334 Fortassis
3084 1277 3228 1335 enim
3255 1294 3321 1335 ex
3353 1290 3537 1336 nostra

1948 1368 2157 1423 miseria
2183 1385 2405 1440 magnos
2426 1371 2691 1435 metimur,
2716 1380 2769 1424 et
2789 1378 3163 1439 comparantes
3182 1374 3539 1441 nostnetipsns

1949 1459 2345 1530 nobismetipsis
2370 1460 2435 1534 (II
2459 1461 2575 1515 Cor.
2605 1477 2637 1516 ι
2657 1501 2673 1528 ,
2707 1460 2813 1533 12),
2846 1478 2951 1518 non
2975 1462 3336 1535 intelligimus.
3358 1460 3536 1522 Unum

1947 1551 2089 1615 scio,
2138 1552 2277 1622 quod
2324 1553 2411 1607 isti
2459 1553 2671 1624 magni,
2720 1554 2903 1624 quales
2948 1569 3053 1610 non
3097 1568 3322 1621 sumus,
3352 1558 3540 1627 quales

1949 1640 2182 1697 nondum
2212 1642 2414 1713 experti
2439 1658 2644 1710 smnus,
2673 1653 2873 1715 quanto
2895 1644 3071 1716 magni
3092 1656 3236 1713 sunt,
3264 1654 3412 1703 tanto
3437 1645 3539 1701 hu-

1948 1734 2155 1790 miliant
2192 1750 2251 1790 se
2282 1737 2333 1791 in
2359 1736 2606 1791 omnibus
2628 1778 2645 1804 ,
2676 1747 2731 1791 ut
2759 1750 2941 1792 coram
2971 1732 3081 1792 Deo
3109 1736 3386 1794 inveniant
3411 1753 3539 1810 gra-

1950 1826 2097 1882 tiam.
2128 1827 2435 1894 Quamlibet
2459 1829 2602 1884 cnim
2628 1829 2804 1902 magni
2835 1829 2978 1897 sint,
3010 1846 3109 1885 non
3136 1839 3209 1886 est
3245 1845 3418 1887 seruus
3439 1849 3541 1886 ma-

1937 1918 2030 1988 jor
2056 1920 2259 1974 domino
2279 1936 2392 1986 suo,
2424 1920 2499 1976 vel
2522 1921 2802 1992 discipulus
2827 1922 3068 1992 magistro
3092 1939 3185 1977 suo
3206 1918 3387 1994 (Joan.
3418 1940 3537 1988 xm,

1951 2010 2064 2082 16).
2096 2011 2164 2066 Ει
2187 2012 2367 2083 utique
2399 2012 2489 2068 ille
2517 2021 2601 2068 est
2630 2014 2885 2069 Dominus
2904 2013 2993 2084 qui
3020 2012 3181 2080 dicit,
3213 2013 3395 2070 Omnia
3414 2015 3541 2070 mihi

1949 2103 2137 2157 tradita
2153 2112 2271 2160 sunt
2289 2122 2321 2157 a
2345 2103 2502 2159 Patre
2526 2122 2634 2160 meo
2661 2121 2680 2161 :
2707 2116 2762 2163 et
2787 2106 2872 2162 ille
2891 2115 2974 2162 est
2996 2106 3243 2178 Magister
3270 2109 3359 2178 qui
3384 2108 3537 2173 dicit.

1957 2192 2133 2249 Venite
2159 2194 2228 2249 ad
2252 2211 2330 2249 me
2348 2237 2365 2259 ,
2387 2212 2560 2251 omnes
2585 2197 2671 2267 qui
2697 2196 2937 2253 laboratis
2960 2239 2976 2263 ,
3007 2208 3053 2253 et
3080 2198 3257 2253 discite
3276 2216 3309 2252 a
3336 2215 3435 2254 mc.
3472 2199 3543 2256 Et

1951 2295 2127 2342 tamen
2165 2287 2293 2358 quid
2319 2287 2619 2343 discimus?
2651 2290 2904 2356 Quoniam
2929 2288 3063 2347 mitis
3087 2308 3235 2360 sum,
3260 2289 3463 2364 inquit,
3492 2302 3541 2348 et

1948 2378 2162 2433 humilis
2195 2378 2347 2434 corde
2368 2378 2582 2453 (Matth.
2616 2397 2697 2446 at,
2727 2380 2937 2455 27-29).

2019 2469 2246 2526 CAPUT
2282 2464 2371 2526 LI.
2408 2501 2481 2512 --
2504 2471 2594 2528 52.
2628 2470 2940 2545 Virginitatis
2964 2484 3132 2531 custos
3151 2473 3290 2532 Deus
3315 2477 3405 2550 qui
3430 2496 3543 2535 eant

1947 2561 2107 2629 dedit,
2133 2562 2272 2633 apud
2297 2564 2513 2620 humiles
2531 2565 2759 2638 quiescit.
2782 2567 2881 2622 Hic
2899 2567 3043 2624 dicet
3060 2568 3252 2639 aliquis
3276 2587 3290 2624 :
3313 2570 3432 2627 Non
3457 2578 3544 2629 est

1949 2653 2051 2708 hoc
2072 2653 2184 2725 jam
2224 2654 2293 2711 de
2323 2655 2662 2727 virginitate,
2709 2656 2804 2714 scd
2829 2657 2898 2716 de
2939 2654 3238 2719 humilitate
3280 2663 3538 2721 scribere.

1947 2743 2111 2811 Quasi
2137 2761 2265 2801 vero
2288 2762 2641 2820 qumcumque
2666 2750 2960 2821 virginitas,
2983 2767 3047 2807 ac
3067 2768 3172 2808 non
3200 2750 3286 2809 illa
3306 2770 3427 2827 qua:
3451 2769 3542 2813 se-

1948 2835 2182 2892 cundum
2214 2836 2381 2893 Deum
2409 2848 2524 2907 est,
2556 2855 2586 2894 a
2613 2840 2766 2896 nobis
2799 2840 3134 2911 pratdicanda
3160 2854 3406 2917 suscepta
3434 2856 3539 2903 est.

1946 2926 2097 2995 Quod
2128 2930 2324 2986 bonum
2351 2943 2551 3002 quanto
2575 2949 2824 3005 magnum
2856 2935 3028 3001 video,
3050 2946 3197 2995 tanto
3216 2939 3267 2996 ei
3285 2981 3301 3006 ,
3325 2956 3394 2997 ne
3413 2957 3540 3012 per-

1946 3032 2054 3088 eat,
2082 3022 2252 3078 furem
2277 3026 2293 3056 ί
2315 3026 2619 3096 superbiam
2649 3029 2993 3098 pertimesco.
3019 3024 3134 3088 Non
3156 3047 3285 3106 ergo
3310 3034 3543 3091 custodit

1947 3114 2145 3170 bonum
2186 3117 2472 3188 virginale,
2516 3120 2615 3175 nisi
2647 3121 2787 3179 Deus
2816 3123 2929 3193 ipse
2954 3124 3047 3194 qui
3073 3122 3219 3182 dedit
3257 3143 3272 3179 :
3308 3136 3367 3183 et
3399 3127 3542 3184 Deus

1947 3206 2183 3262 charitas
2210 3218 2291 3264 est
2320 3210 2366 3280 (ι
2392 3208 2550 3265 Joan.
2582 3228 2663 3277 iv,
2707 3211 2789 3284 8).
2816 3214 3010 3270 Custos
3051 3231 3181 3287 ergo
3222 3217 3542 3289 virginitatis

1946 3297 2180 3355 charitas
2213 3318 2227 3355 :
2256 3300 2406 3357 locus
2431 3311 2608 3358 autem
2654 3298 2811 3375 hujus
2848 3306 3087 3363 custodis
3128 3307 3421 3367 humilitas.
3465 3312 3542 3371 lbi

1947 3389 2144 3462 quippe
2171 3390 2409 3459 habitat,
2445 3394 2536 3462 qui
2566 3394 2700 3450 dixit
2735 3410 2898 3467 super
2923 3396 3184 3455 humilem
3210 3411 3265 3459 et
3300 3401 3539 3474 quietum

1948 3488 2004 3535 et
2032 3490 2347 3539 trementem
2389 3486 2550 3540 verba
2579 3500 2674 3541 sua
2713 3489 3050 3558 requiescere
3093 3484 3353 3563 Spiritum
3381 3509 3538 3552 suum

1949 3573 2103 3647 (Isai.
2127 3593 2253 3634 Lavi
2276 3619 2291 3643 ,
2319 3577 2399 3652 2).
2433 3579 2572 3649 Quid
2602 3581 2781 3653 itaque
2806 3583 3039 3639 alienum
3082 3584 3183 3642 feci
3206 3625 3224 3651 ,
3254 3587 3301 3642 si
3342 3587 3540 3645 bonum

1948 3671 2090 3737 quod
2134 3669 2385 3736 laudavi,
2418 3673 2602 3727 volens
2633 3674 2796 3729 tutius
2821 3675 3117 3746 custodiri,
3156 3679 3338 3734 curavi
3375 3681 3541 3738 etiam

1950 3759 2127 3816 locum
2159 3777 2462 3834 prmparare
2487 3763 2736 3820 custodi?
2768 3765 3031 3823 Fidenter
3067 3769 3210 3825 enim
3252 3770 3407 3837 dico,
3440 3788 3543 3830 nec

1949 3853 2081 3908 mihi
2107 3869 2174 3909 ne
2200 3854 2498 3924 irascantur
2518 3856 2702 3924 timeo,
2731 3872 2864 3928 quos
2886 3867 2942 3912 ut
2962 3874 3172 3915 mecum
3195 3862 3295 3917 sibi
3322 3863 3544 3921 timeant

1948 3948 2212 4005 sollicitus
2257 3964 2452 4006 moneo
2497 3967 2512 4005 :
2563 3951 2772 4007 facilius
2818 3962 3111 4023 sequuntur
3139 3957 3391 4026 Agnmu,
3439 3958 3545 4015 etsi

1951 4055 2056 4095 non
2081 4056 2418 4112 quocumque
2446 4042 2582 4109 ierit,
2610 4054 2756 4099 certe
2780 4058 3056 4115 quousque
3085 4048 3383 4115 potuerint,
3410 4063 3542 4104 con-

1942 4130 2112 4203 iugati
2139 4132 2391 4201 humiles,
2409 4149 2567 4205 quam
2587 4136 2959 4205 superbientes
2984 4136 3236 4209 virgines.
3261 4140 3545 4209 Quomodo

1950 4223 2094 4278 enim
2115 4224 2377 4295 sequitur,
2407 4225 2473 4281 ad
2499 4241 2658 4297 quem
2685 4242 2792 4283 non
2825 4227 2939 4284 vult
2955 4229 3255 4287 accedere?
3276 4235 3383 4289 Aut
3410 4251 3544 4305 quo-

1953 4317 2112 4372 modo
2136 4317 2363 4381 accedit,
2389 4319 2455 4373 ad
2486 4334 2646 4390 quem
2673 4336 2779 4376 non
2808 4322 2955 4378 venit
2981 4332 3041 4379 ut
3066 4323 3257 4391 discat,
3289 4312 3545 4393 Quoniam

1942 4408 2087 4479 mitis
2113 4425 2226 4464 sum
2263 4420 2309 4466 et
2335 4411 2539 4466 humilis
2575 4412 2766 4468 corde?
2795 4410 2920 4470 Illos
2956 4416 3183 4486 proinde
3220 4428 3541 4489 sequentes,

1952 4500 2134 4572 Agnus
2158 4516 2494 4572 quocumque
2521 4503 2640 4558 ierit
2662 4504 2826 4572 ducit,
2849 4506 2905 4561 in
2935 4506 3128 4577 quibus
3147 4510 3295 4579 prius
3314 4510 3429 4582 ipse
3454 4511 3543 4569 ubi

1951 4598 2113 4660 caput
2134 4591 2355 4647 inclinet
2395 4593 2676 4650 invenerit.
2706 4592 2839 4650 Nam
2869 4604 2926 4652 et
2947 4596 3168 4667 quidam
3196 4601 3462 4670 superbus
3489 4611 3547 4659 et

1952 4681 2168 4737 dolosas
2190 4681 2291 4737 hoc
2324 4682 2372 4738 ei
2396 4682 2641 4751 dixerat,
2669 4682 2887 4740 Domine
2908 4726 2924 4756 ,
2954 4704 3137 4759 sequar
3163 4699 3210 4744 te
3236 4707 3547 4762 quocumque

1951 4774 2071 4830 ieris
2093 4789 2113 4828 :
2129 4774 2214 4830 cui
2238 4774 2513 4843 respondit
2534 4813 2552 4844 ,
2585 4774 2773 4844 Vulpes
2796 4780 2966 4850 foveas
2994 4779 3208 4848 habent,
3250 4792 3296 4838 et
3319 4784 3547 4849 solatilia

1936 4866 2065 4935 caeli
2089 4866 2279 4932 nidos;
2306 4865 2473 4921 Filius
2511 4877 2679 4922 autem
2704 4870 2922 4925 hominis
2958 4887 3060 4926 non
3100 4871 3247 4928 habet
3273 4874 3357 4939 ubi
3389 4884 3546 4945 caput

1951 4974 2102 5013 suum
2126 4958 2330 5013 inclinet
2355 4957 2567 5029 (Matth.
2601 4975 2715 5026 vui,
2743 4961 3002 5033 l9et30).
3033 4964 3301 5034 Arguebat
3327 4966 3544 5024 nomine

1952 5049 2191 5119 vulpium
2227 5058 2453 5104 astutam
2495 5048 2867 5117 dolositatem,
2912 5062 2966 5108 et
3010 5053 3226 5109 nomine
3268 5054 3542 5112 volucrum

1956 5149 2231 5197 ventosum
2261 5141 2545 5197 elationem
2570 5183 2585 5208 ,
2627 5142 2680 5197 in
2717 5157 2825 5213 quo
2867 5143 2955 5199 ubi
2994 5143 3357 5210 requiesceret
3400 5147 3543 5217 piam

1955 5248 2062 5287 non
2086 5232 2387 5289 inveniebat
2412 5233 2782 5291 humilitatem.
2803 5236 2881 5291 Ac
2903 5252 2998 5306 per
3016 5235 3117 5292 hoc
3131 5251 3395 5309 nusquam
3422 5226 3543 5297 om-

1956 5325 2083 5379 nino
2127 5334 2342 5379 secutus
2370 5334 2452 5380 est
2479 5327 2761 5381 Dominum
2786 5366 2801 5392 ,
2838 5327 2925 5397 qui
2955 5343 3015 5383 se
3045 5308 3393 5401 promiserat,
3434 5308 3544 5393 non

1956 5431 2126 5487 usque
2159 5416 2227 5472 ad
2251 5417 2535 5488 quemdam
2564 5418 2858 5489 profectum
2878 5458 2894 5486 ,
2921 5417 3018 5477 sed
3038 5421 3257 5478 omnino
3280 5438 3543 5496 quem-

1956 5526 2060 5582 que
2086 5512 2205 5566 ierit
2229 5520 2554 5566 secuturum.
3498 5508 3501 5511 Α

2027 5600 2255 5658 CAPUT
2277 5602 2383 5657 LII.
2412 5632 2487 5643 —
2510 5603 2599 5659 ὃὸ.
2638 5601 2925 5658 Ηιιηιῆἕιατ
2943 5606 3217 5679 virginibus
3228 5624 3331 5679 qua
3352 5612 3546 5667 ratione

1960 5695 2256 5747 exercenda.
2300 5694 2636 5765 Quapropter
2680 5694 2780 5749 hoc
2821 5696 2993 5766 agite,
3021 5700 3252 5773 virgines
3282 5681 3411 5770 Dei,
3444 5702 3545 5759 hoc

2027 5805 2045 5837 ³
2069 5804 2206 5863 Editi,
2224 5804 2455 5866 futuram.
2483 5805 2804 5856 Emendantur
2830 5821 2892 5858 ex
2909 5815 3014 5861 Uss.

2576 5890 2988 5970 ('Qttatorze.)
