4070 6334
512 364 615 416 427

509 474 649 546 agite
682 491 697 530 :
728 472 1008 546 sequimini
1036 471 1243 542 Agnnm
1285 482 1621 541 quocumque
1652 468 1789 522 ierit.
1817 465 1921 521 Sed
1955 466 2100 535 prius

506 567 576 623 ad
618 580 741 623 eum
770 580 927 637 quem
956 560 1283 633 sequamini,
1317 560 1493 616 venite
1517 602 1530 624 ,
1558 569 1612 616 et
1637 558 1822 613 discite
1850 557 2099 629 quoniam

510 658 657 714 mitis
680 665 840 713 estet
864 654 1079 710 humilis
1108 652 1285 709 corde.
1321 651 1599 707 Humilitcr
1628 650 1694 705 ad
1721 649 1975 704 humilem
2006 663 2098 702 ve—

509 752 621 805 nite
641 790 657 817 ,
683 749 729 805 si
749 749 970 813 amatis;
1002 757 1055 802 et
1087 761 1151 800 ne
1189 743 1472 799 discedatis
1498 744 1565 798 ab
1604 743 1691 798 illo
1715 784 1729 809 ,
1769 755 1835 797 ne
1877 740 2099 797 cadatis.

509 839 609 906 Qui
632 838 773 895 enim
806 837 955 893 timet
980 837 1045 891 ab
1071 837 1160 891 illo
1183 834 1457 891 discedere
1481 877 1494 899 ,
1521 841 1671 905 rogat
1696 842 1751 889 et
1770 833 1903 889 dicit
1935 849 1947 886 :
1982 832 2103 887 Non

511 932 638 985 mihi
666 930 830 986 veniat
872 946 957 1000 pes
1000 928 1247 999 superbia:
1294 925 1464 1000 (Psal.
1507 940 1695 994 xxxv,
1741 926 1851 998 I2).
1891 926 2104 996 Pergite

511 1023 649 1079 viam
677 1020 1051 1087 sublimitatis,
1091 1018 1227 1090 pede
1257 1018 1589 1074 humilitatis.
1623 1018 1739 1088 Ipse
1772 1017 1968 1073 cxaltat
2006 1017 2104 1071 hu-

512 1117 712 1172 militer
736 1124 1043 1186 sequentes,
1074 1128 1232 1184 quem
1264 1111 1591 1167 descendere
1618 1125 1723 1165 non
1755 1109 1919 1181 piguit
1939 1110 2004 1164 ad
2022 1111 2104 1180 ja-

512 1216 713 1265 centes.
744 1208 891 1263 Dona
920 1207 1036 1277 ejus
1076 1205 1153 1260 illi
1178 1204 1434 1261 servanda
1456 1204 1771 1259 comntittite
1795 1245 1809 1269 ,
1839 1202 2104 1258 fortitudi-

511 1316 634 1356 nem
680 1306 913 1355 vestram
964 1296 1031 1351 ad
1075 1296 1219 1351 illum
1270 1295 1534 1351 custodite
1577 1293 1749 1366 (Ρεαι.
1783 1310 1945 1362 cvm,
1989 1292 2098 1366 10).

514 1390 779 1463 Quidquid
803 1390 928 1445 mali
962 1390 1077 1462 ipso
1097 1389 1430 1445 custodiente
1456 1404 1561 1443 non
1587 1388 1916 1444 committitis
1937 1427 1953 1456 ,
1983 1396 2102 1441 tan-

509 1497 668 1553 quam
694 1482 979 1539 remissum
1010 1482 1077 1537 ab
1106 1481 1199 1537 illo
1225 1480 1475 1551 deputate
1518 1498 1529 1532 :
1562 1496 1628 1535 ne
1659 1478 1925 1534 modicum
1951 1478 2102 1535 vobis

507 1577 873 1633 existimantes
901 1575 1204 1643 dimissum,
1234 1575 1500 1629 modicum
1528 1573 1776 1644 diligatis,
1801 1581 1856 1628 et
1878 1572 2102 1627 tunden-

509 1679 590 1725 tes
616 1678 829 1741 pectora
861 1667 1169 1740 publicanos
1196 1667 1410 1722 ruinosa
1449 1665 1699 1736 jactantia
1722 1665 2097 1719 contemnatis.

508 1761 585 1818 De
622 1762 827 1817 viribus
865 1761 1057 1816 vestris
1077 1760 1311 1830 expertis
1337 1768 1520 1815 cavete
1541 1798 1556 1827 ,
1593 1773 1658 1812 ne
1686 1757 1809 1828 quia
1839 1757 1979 1814 ferre
2005 1759 2101 1813 ali-

504 1851 631 1922 quid
668 1851 913 1922 potuistis
943 1849 1200 1906 inﬂemini
1231 1867 1244 1905 :
1274 1849 1342 1905 de
1380 1849 1673 1921 inexpertis
1702 1859 1880 1904 autem
1908 1857 2059 1904 orate
2081 1890 2099 1917 ,

505 1958 572 1999 ne
612 1957 771 2015 supra
812 1959 969 2014 quam
1012 1943 1232 2013 potestis
1275 1941 1413 1998 ferre
1456 1941 1751 1997 tentetnini.
1787 1939 2102 1996 Existimate

503 2037 711 2107 aliquos
736 2036 787 2091 in
820 2036 1028 2091 occulto
1064 2035 1368 2105 superiores
1394 2077 1407 2099 ,
1450 2034 1641 2105 quibus
1670 2034 1800 2090 estis
1840 2033 1895 2088 in
1930 2033 2103 2088 mani-

503 2131 641 2186 festo
669 2129 936 2184 meliores.
961 2127 1093 2183 Cum
1120 2128 1344 2182 aliorum
1368 2127 1527 2194 bona,
1554 2124 1690 2180 forte
1716 2127 1895 2196 ignota
1924 2124 2097 2193 vobis,

502 2223 733 2293 benigne
775 2221 1065 2277 creduntur
1112 2236 1141 2273 a
1185 2220 1371 2284 vobis,
1420 2226 1596 2273 vestra
1629 2218 1779 2274 vobis
1818 2227 1945 2273 nota
1993 2233 2101 2273 non

502 2313 899 2385 comparatione
932 2313 1243 2365 minuuntur
1266 2352 1280 2376 ,
1309 2309 1403 2365 sed
1444 2309 1729 2364 dilectione
1770 2308 2052 2363 firmantur
2082 2324 2098 2363 :

503 2416 558 2460 et
599 2421 719 2477 qum
770 2404 906 2459 forte
936 2402 1110 2458 adhuc
1137 2402 1366 2469 desunt,
1416 2409 1562 2455 tanto
1612 2399 1807 2454 dantur
1849 2398 2056 2455 facilius
2081 2442 2098 2468 ,

502 2508 705 2569 quanto
747 2495 1123 2551 desiderantur
1149 2492 1421 2547 humilius.
1455 2492 1868 2546 Perseverantes
1906 2490 1960 2545 in
1998 2507 2101 2545 nu-

503 2605 651 2646 mero
679 2600 859 2646 vestro
888 2588 1155 2659 pra-beant
1185 2586 1334 2641 vobis
1354 2584 1697 2654 exemplum;
1732 2582 1987 2638 cadentes
2007 2597 2103 2636 au-

504 2692 611 2738 tem
636 2691 863 2753 augeant
895 2682 1138 2735 timorem
1164 2686 1418 2733 vestrum.
1440 2674 1574 2730 Illud
1602 2684 1809 2741 amate,
1839 2683 1897 2728 ut
1925 2673 2102 2728 imite-

503 2776 670 2841 mini;
694 2774 797 2829 hoc
824 2774 1021 2844 lugete,
1048 2786 1115 2827 ne
1143 2770 1420 2826 inﬂemini.
1441 2766 1711 2823 Justitiam
1745 2773 1976 2822 vestram
1999 2781 2101 2820 no-

503 2867 595 2921 lite
637 2872 910 2930 statuere,
963 2862 1077 2916 Deo
1117 2875 1213 2916 vos
1258 2857 1571 2930 justiﬁeanti
1612 2855 1844 2911 subdite.
1875 2854 2101 2910 Veniam

504 2956 736 3028 peccatis
761 2954 956 3011 donate
981 2951 1191 3018 alienis,
1215 2960 1363 3005 orate
1386 2964 1481 3020 pro
1507 2947 1699 3003 vestris
1732 2963 1746 3000 :
1774 2946 1948 3001 futura
1972 2944 2104 3016 vigi-

503 3049 663 3106 lando
690 3049 885 3116 vitate,
912 3045 1178 3116 prmterita
1212 3040 1520 3099 conﬁtendo
1545 3039 1742 3094 delete.

574 3138 803 3197 CAPUT
841 3136 974 3193 LIII.
1016 3166 1085 3176 —
1127 3135 1217 3191 54.
1275 3131 1503 3204 Virgines
1553 3139 1740 3203 quanto
1791 3127 2098 3196 sanctiores,

504 3243 647 3288 tanta
668 3232 769 3287 sint
795 3227 1109 3285 humiliores.
1134 3227 1272 3281 Ecce
1298 3225 1408 3297 jam
1432 3224 1565 3280 tales
1590 3222 1746 3289 estis,
1774 3231 1832 3276 ut
1849 3220 2102 3291 professa:

503 3338 663 3399 atque
697 3333 923 3382 servata:
953 3321 1240 3394 virginitati
1268 3320 1479 3375 caneris
1507 3316 1669 3373 etiam
1699 3314 1938 3373 moribus
1966 3329 2100 3370 con-

502 3418 727 3491 gruatis.
754 3418 893 3473 Ecce
914 3416 1023 3487 jam
1068 3429 1173 3469 non
1220 3411 1393 3467 solum
1442 3406 1782 3472 homicidiis,
1826 3405 2101 3462 sacriﬁciis

502 3509 779 3565 diabolicis
807 3516 862 3564 et
882 3503 1383 3568 abominationibus,
1415 3499 1570 3556 furtis
1591 3543 1606 3567 ,
1637 3498 1839 3569 rapinis
1859 3540 1873 3563 ,
1902 3496 2101 3552 fraudi-

503 3602 623 3664 bus,
647 3601 917 3672 perjnriis,
950 3596 1366 3661 ebriositatihus,
1396 3590 1650 3662 omnique
1679 3588 1885 3644 luxuria
1906 3598 1958 3641 et
1983 3601 2102 3641 ava-

503 3696 627 3751 ritia
648 3736 662 3759 ,
710 3690 1169 3753 simulationibus,
1200 3685 1664 3751 armulationibus,
1704 3680 2097 3752 impietatibus,

504 3784 905 3841 crudelitatihus
946 3781 1224 3835 abstinetis
1265 3793 1494 3832 :vcrum
1535 3776 1696 3831 etiam
1738 3774 1823 3828 illa
1865 3787 1986 3843 qua:
2025 3771 2104 3828 le-

504 3878 653 3932 viora
695 3875 780 3931 vel
826 3882 951 3929 sunt
995 3872 1080 3926 vel
1126 3876 1414 3941 putantur,
1461 3882 1566 3922 non
1614 3865 1963 3920 inveniuntur
2001 3877 2101 3919 nec

506 3970 752 4026 oriuntur
789 3969 843 4023 itt
884 3967 1069 4032 vobis;
1120 3981 1226 4018 non
1273 3962 1547 4033 improbus
1575 3960 1786 4023 vultus,
1833 3971 1939 4012 non
1982 3957 2101 4027 vagi

506 4063 681 4129 oculi,
720 4078 828 4117 non
862 4059 1084 4115 infrenis
1123 4057 1334 4127 lingua,
1363 4071 1468 4109 non
1502 4052 1745 4123 petulans
1783 4053 1925 4107 risus
1949 4092 1964 4119 ,
1993 4065 2099 4105 non

506 4152 750 4211 scurrilis
793 4152 945 4222 iocus
964 4190 979 4214 ,
1025 4164 1130 4203 non
1176 4146 1430 4201 indecens
1454 4143 1668 4199 habitus
1689 4180 1705 4209 ,
1734 4157 1839 4197 non
1867 4140 2103 4195 tumidus

508 4255 601 4301 aut
647 4243 823 4299 ﬂuxus
871 4240 1114 4295 incessus
1155 4254 1171 4292 :
1204 4237 1316 4307 jam
1344 4251 1446 4289 non
1495 4233 1718 4289 redditis
1761 4232 1957 4286 malum
2006 4244 2102 4301 pro

507 4340 669 4406 malo,
694 4353 795 4393 nec
820 4334 1161 4391 maledictum
1190 4345 1289 4402 pro
1319 4327 1601 4384 maledicto
1622 4325 1677 4397 (I
1710 4323 1852 4380 Petr.
1882 4340 1938 4379 Ill
1958 4360 1973 4390 ,
2001 4322 2059 4395 9)
2083 4340 2097 4389 ;

504 4432 613 4503 jam
659 4438 927 4501 postremo
957 4427 1102 4481 illam
1143 4437 1448 4479 mensuram
1490 4417 1787 4474 dilectionis
1832 4417 2099 4488 impletis,

505 4532 566 4577 ut
601 4520 810 4592 ponatis
850 4519 1056 4573 animas
1098 4528 1195 4586 pro
1231 4512 1484 4568 fratribus
1524 4510 1716 4565 vestris
1746 4508 1790 4580 (ι
1814 4507 1969 4562 Joan.
2001 4523 2058 4564 ut
2083 4550 2099 4576 ,

509 4611 620 4683 16).
663 4610 801 4666 Ecce
826 4609 932 4679 jam
965 4607 1096 4661 tales
1135 4606 1264 4660 estis
1287 4643 1303 4672 ,
1333 4603 1454 4675 quia
1489 4611 1543 4657 et
1569 4601 1701 4657 tales
1727 4614 1845 4655 esse
1870 4599 2099 4656 debetis.

507 4703 635 4758 “me
660 4699 837 4756 addita
866 4696 1185 4769 virginitati,
1216 4694 1508 4766 angelicam
1557 4692 1718 4747 vitam
1760 4690 2063 4746 hominibus
2083 4731 2100 4759 ,

507 4804 563 4853 et
588 4794 710 4851 εαξη
737 4807 915 4848 mores
937 4790 1190 4845 exhibent
1211 4787 1387 4844 terris.
1403 4786 1508 4841 Sed
1529 4793 1728 4857 quanto
1751 4785 1925 4856 magni
1948 4785 2100 4850 estis,

504 4891 827 4961 quicumque
864 4886 936 4939 ita
967 4882 1144 4955 magni
1181 4881 1345 4945 estis,
1393 4888 1542 4935 tanto
1586 4878 1859 4933 humiliatc
1905 4892 2001 4933 vos
2048 4878 2100 4934 in

506 4981 776 5045 omnibus,
807 4987 866 5033 ut
891 4991 1073 5032 coram
1105 4974 1214 5028 Deo
1242 4973 1523 5028 inveniatis
1550 4972 1795 5042 gratiam,
1828 4986 1896 5026 ne
1915 4986 2101 5042 super-

504 5072 587 5128 bis
618 5074 862 5138 resistat,
892 5084 958 5123 ne
984 5082 1042 5121 se
1069 5065 1360 5122 exaltantes
1386 5062 1647 5127 humiliet,
1675 5078 1745 5119 ne
1772 5063 1982 5118 inﬂatos
2007 5079 2102 5133 per

504 5173 727 5234 angusta
758 5164 776 5195 ⁸
803 5177 908 5217 non
935 5157 1160 5229 trajiciat
1189 5170 1531 5229 :quanquam
1569 5156 1832 5228 superﬂua
1859 5157 1929 5210 sit
1956 5156 2103 5210 solli-

508 5254 709 5321 cltudo,
739 5270 807 5309 ne
833 5253 920 5308 ubi
951 5253 1119 5308 fervet
1145 5251 1396 5318 charitas,
1420 5250 1557 5305 desit
1579 5250 1867 5305 humilitas.

579 5344 807 5402 CAPUT
846 5343 979 5401 LIV.
1012 5375 1081 5387 --
1128 5346 1218 5401 55.
1265 5344 1523 5415 Sponsum
1569 5353 1671 5397 toto
1717 5342 1871 5397 corde
1911 5351 2096 5397 ament.

525 5435 584 5494 Si
604 5452 733 5511 ergo
758 5439 973 5509 nuptias
998 5436 1396 5508 contempsistis
1426 5435 1655 5491 ﬁliorum
1696 5434 1971 5492 hominum
1993 5476 2007 5501 ,
2033 5449 2099 5490 ex

578 5592 599 5627 ⁸
620 5591 728 5643 sola
749 5591 901 5643 editio
919 5597 1055 5654 tam,
1076 5606 1164 5657 per
1186 5599 1438 5658 angustam
1456 5598 1664 5657 partem.

1262 357 1346 411 DE
1387 354 1650 413 S.\.\'L"I'A
1697 350 2100 408 VIIlGLNI’T.\TI

2205 352 2248 406 5.
2294 351 2653 410 AUGUSTle
2693 354 2895 413 LIBER
2955 357 3150 415 UNL'S.

3685 364 3793 421 423

2208 466 2401 537 Quibus
2439 468 2726 537 gignerctis
2756 470 2890 526 filios
2935 456 3243 539 heminam,
3282 482 3395 529 toto
3434 476 3596 533 corde
3615 488 3794 535 amate

2208 560 2511 630 speciosum
2556 560 2724 618 forma
2769 578 2880 634 pra:
2909 564 3029 620 filiis
3060 564 3372 622 hominum:
3410 579 3562 625 vacat
3602 570 3756 627 vobis
3781 613 3798 636 ,

2211 651 2436 707 liberum
2462 661 2543 708 est
2567 668 2661 708 cor
2688 670 2715 708 a
2742 656 3109 726 conjugalihus
3130 659 3373 713 vinculis.
3406 659 3654 731 Inspicite
3680 664 3803 732 pul-

2209 746 2564 801 chritudinem
2596 748 2851 803 amatoris
2877 750 3035 804 vestri
3068 768 3081 806 :
3124 752 3355 822 cogitate
3391 754 3653 823 requalem
3696 755 3802 811 Pa-

2211 836 2311 902 tri,
2339 837 2607 893 subditum
2645 848 2699 894 et
2729 840 2915 908 matri;
2945 841 3104 897 etiam
3134 843 3184 896 in
3215 844 3369 899 caelis
3389 845 3760 902 dominantem
3780 888 3798 915 ,

2209 938 2259 981 et
2289 927 2341 981 in
2363 928 2521 984 terris
2541 931 2893 997 servientem;
2922 942 3190 989 creantem
3217 936 3394 990 omnia
3417 979 3431 1000 ,
3455 947 3693 993 creatum
3719 940 3804 995 in-

2212 1027 2292 1072 ter
2316 1020 2514 1073 omnia.
2546 1019 2675 1075 Illud
2716 1022 2886 1091 ipsum
2923 1025 3066 1094 quod
3098 1025 3149 1079 in
3175 1040 3241 1080 eo
3265 1027 3513 1084 derident
3534 1031 3751 1101 superbi
3773 1066 3789 1097 ο

2211 1109 2454 1179 inspicite
2482 1127 2638 1182 quam
2682 1115 2964 1184 pulchrum
3005 1117 3072 1171 sit
3102 1134 3117 1171 :
3151 1118 3368 1172 internis
3394 1119 3684 1176 luminibus
3714 1123 3802 1179 in-

2210 1202 2400 1270 spicite
2430 1203 2646 1259 vulnera
2673 1206 2969 1275 pendentis,
2995 1208 3270 1267 cicatrices
3291 1213 3646 1281 resurgentis,
3670 1229 3803 1269 san-

2208 1293 2421 1363 guinem
2452 1297 2761 1366 morientis,
2808 1300 3034 1371 pretium
3076 1301 3373 1368 credentis,
3409 1309 3799 1362 commercium

2210 1386 2548 1444 redimentis.

2279 1475 2503 1535 CAPUT
2540 1479 2651 1535 LV.
2680 1510 2753 1522 —
2779 1481 2981 1548 Quanta
3006 1484 3244 1557 felicitate
3269 1502 3330 1540 ac
3365 1489 3631 1543 securitate
3653 1504 3802 1544 anna.

2207 1577 2292 1623 tur
2315 1588 2548 1642 sponsus.
2580 1572 2703 1629 llaec
2727 1574 2910 1644 quanti
2934 1576 3143 1630 valeant
3181 1577 3427 1646 cogitate,
3457 1581 3567 1634 haec
3598 1580 3653 1635 in
3679 1591 3800 1636 sta-

2210 1670 2318 1717 tera
2346 1662 2620 1719 charitatis
2645 1662 2967 1735 appendite;
3009 1675 3063 1722 et
3098 1667 3351 1738 quidquid
3380 1671 3577 1725 amoris
3603 1671 3658 1726 in
3689 1687 3798 1727 nua-

2208 1754 2343 1823 ptias
2384 1764 2589 1811 vestras
2620 1756 2638 1787 ¹
2663 1756 3077 1827 impendendum
3118 1758 3427 1827 habebatis,
3476 1761 3549 1817 illi
3591 1778 3799 1833 repen-

2207 1842 2339 1899 dite.

2277 1933 2365 1990 56.
2400 1934 2541 1991 Bene
2571 1937 2711 2007 quod
2741 1938 3050 1996 interiorem
3077 1951 3310 1997 vestram
3343 1943 3799 2014 pulchritudinem

2210 2028 2437 2098 quaerit,
2479 2028 2567 2084 ubi
2611 2031 2761 2088 vobis
2805 2033 2951 2089 dedit
2993 2045 3307 2106 potestatem
3356 2041 3491 2095 filias
3535 2041 3629 2097 Dei
3674 2041 3800 2099 ﬁeri

2209 2120 2389 2191 (Ioan.
2417 2137 2433 2176 ι
2458 2163 2474 2189 ,
2506 2119 2595 2197 12)
2623 2140 2637 2176 :
2672 2139 2776 2179 non
2798 2126 2988 2198 qumrit
3011 2143 3040 2181 a
3071 2128 3223 2183 vobis
3248 2130 3521 2199 pulchram
3550 2147 3796 2202 carnem,

2206 2211 2301 2269 sed
2329 2212 2576 2283 pulchros
2606 2230 2784 2272 mores
2805 2258 2820 2282 ,
2851 2216 3043 2287 quibus
3071 2218 3294 2276 frenetis
3318 2232 3373 2278 et
3402 2238 3639 2280 carnem.
3668 2225 3795 2282 Non

2206 2315 2288 2362 est
2314 2308 2399 2363 cui
2428 2307 2496 2363 de
2518 2309 2671 2364 vobis
2698 2311 2976 2382 quisquam
3003 2315 3305 2382 mentiatur,
3338 2325 3391 2371 et
3416 2316 3572 2373 faciat
3600 2319 3798 2376 smvire

2206 2397 2488 2453 zelantem.
2518 2397 2710 2457 Videte
2751 2417 2872 2457 cum
2900 2412 3091 2474 quanta
3141 2406 3427 2462 securitate
3455 2411 3640 2464 ametis
3659 2453 3673 2476 ,
3705 2410 3799 2466 cui

2205 2487 2491 2558 diSplicere
2535 2488 2681 2547 falsis
2740 2493 3128 2564 suspicionibus
3184 2512 3289 2551 non
3333 2498 3551 2554 timetis.
3620 2499 3714 2555 Vir
3741 2506 3801 2558 et

2212 2592 2349 2633 uxor
2372 2585 2556 2635 amant
2577 2596 2665 2646 se,
2696 2584 2945 2652 quoniam
2976 2584 3159 2640 vident
3185 2601 3279 2653 se;
3307 2594 3362 2643 et
3390 2589 3530 2658 quod
3559 2606 3664 2645 non
3708 2591 3796 2646 vi-

2209 2668 2379 2737 dent,
2411 2670 2596 2726 timent
2623 2672 2674 2727 in
2706 2687 2764 2728 se
2796 2691 2810 2728 ε
2844 2689 2943 2730 nec
2967 2677 3099 2731 certi
3124 2677 3356 2747 gaudent
3380 2695 3447 2735 ex
3477 2696 3541 2735 eo
3570 2682 3710 2752 quod
3740 2682 3837 2738 in.

2205 2758 2490 2817 manifesto
2515 2770 2597 2817 est
2622 2805 2636 2830 ,
2661 2762 2784 2819 dum
2809 2765 2862 2820 in
2888 2768 3099 2824 occulto
3119 2771 3457 2841 suspicantur
3480 2773 3797 2845 plerumque

2206 2852 2348 2924 quod
2380 2869 2485 2908 non
2523 2865 2626 2911 est.
2658 2855 2766 2912 Vos
2792 2857 2847 2913 in
2888 2859 2992 2917 isto
3034 2878 3194 2933 quem
3222 2865 3392 2920 oculis
3417 2880 3522 2920 non
3562 2867 3797 2936 videtis,

2205 2953 2259 3000 et
2285 2944 2390 3001 ﬁde
2414 2948 2723 3019 conspicitis
2741 2990 2755 3015 ,
2780 2964 2879 3004 nec
2900 2950 3105 3008 habetis
3126 2970 3310 3010 verum
3333 2956 3471 3025 quod
3494 2958 3798 3027 reprehen-

2205 3034 2345 3093 datis
2365 3078 2381 3103 ,
2410 3052 2510 3094 nec
2538 3053 2660 3093 eum
2686 3041 2921 3096 metuitis
2948 3058 3018 3099 ne
3047 3044 3114 3100 de
3140 3043 3274 3099 falso
3297 3046 3518 3102 forsitan
3546 3047 3798 3105 oﬂ‘enda-

2207 3128 2295 3183 tis.
2327 3126 2383 3184 Si
2413 3143 2542 3199 ergo
2572 3145 2821 3201 magnum
2853 3147 3089 3189 amorem
3134 3135 3446 3207 coniugibus
3483 3137 3760 3195 deberetis
3780 3174 3799 3209 ,

2205 3236 2328 3277 eum
2357 3230 2576 3293 prOpter
2600 3239 2757 3294 quem
2785 3225 3043 3297 conjuges
3068 3226 3269 3283 habere
3307 3228 3551 3284 noluistis
3573 3270 3590 3297 ,
3615 3246 3801 3302 quan-

2206 3322 2316 3369 tum
2347 3328 2529 3370 amare
2557 3315 2800 3371 debetis?
2840 3317 2975 3373 Toto
3004 3319 3154 3374 vobis
3183 3318 3373 3391 ﬁgatur
3396 3321 3449 3376 in
3479 3322 3671 3390 corde,
3701 3323 3800 3395 qui

2203 3420 2303 3476 pro
2329 3405 2479 3461 vobis
2511 3415 2595 3461 est
2638 3407 2774 3462 fixus
2812 3408 2865 3462 in
2892 3422 3055 3465 cruce
3088 3428 3104 3466 :
3135 3419 3303 3466 totum
3336 3418 3511 3467 teneat
3536 3413 3586 3466 in
3613 3413 3800 3471 animo

2204 3507 2386 3552 vestro
2406 3538 2420 3562 ,
2453 3497 2708 3570 quidquid
2733 3499 2979 3556 noluistis
3004 3504 3250 3572 occupari
3281 3503 3568 3558 connubio.
3596 3504 3794 3561 Parnm

2205 3588 2357 3644 vobis
2395 3602 2577 3646 amare
2603 3606 2706 3646 non
2736 3590 2898 3660 licet,
2928 3601 3147 3663 propter
3174 3608 3333 3664 quem
3365 3609 3471 3649 non
3498 3595 3717 3649 amastis
3742 3604 3800 3652 et

2205 3681 2346 3753 quod
2371 3682 2577 3740 liceret.
2603 3683 2691 3739 Sic
2731 3686 3031 3740 amantibus
3059 3688 3240 3743 mitem
3265 3696 3320 3743 et
3348 3686 3605 3743 humilem
3631 3688 3798 3744 corde

2205 3774 2406 3829 nullam
2438 3776 2589 3831 vobis
2608 3778 2914 3847 superbiam
2945 3781 3292 3849 pertimesco.

2276 3867 2503 3925 CAPUT
2541 3869 2675 3925 LVI.
2704 3899 2773 3912 --
2797 3871 2886 3927 57.
2927 3869 3196 3927 Conclusio
3225 3858 3410 3943 operis.
3442 3870 3548 3927 Pro
3577 3870 3796 3928 modqu

2157 4026 2166 4041 ἱ
2206 3959 2384 4030 Itaque
2430 3969 2614 4015 nostro
2662 3970 2717 4016 et
2758 3961 2826 4018 de
2869 3964 3151 4019 sanctitate
3196 3978 3298 4034 qua
3341 3963 3791 4041 Sanctimoniales

2204 4053 2420 4125 proprie
2444 4053 2717 4124 dicimini,
2762 4065 2813 4111 et
2856 4056 2923 4112 de
2953 4055 3253 4112 humilitate
3294 4038 3397 4127 qua
3443 4065 3798 4111 conservatur

2208 4147 2462 4218 quidquid
2507 4162 2757 4219 magnum
2789 4142 3058 4218 dicimini,
3105 4150 3235 4205 satis
3283 4150 3443 4205 locuti
3472 4165 3678 4204 sumus.
3705 4148 3800 4203 Di-

2204 4239 2361 4310 gnius
2399 4248 2577 4297 autem
2626 4242 2702 4298 illi
2756 4250 2865 4298 tres
2908 4242 3099 4313 pueri,
3132 4242 3325 4313 quibus
3366 4241 3699 4312 refrigerium
3742 4239 3799 4295 in

2206 4331 2326 4402 igne
2352 4333 2650 4403 prasbebat,
2683 4350 2840 4404 quem
2868 4333 3032 4389 corde
3059 4333 3451 4390 ferventissimo
3476 4331 3791 4401 diligebant,

2206 4435 2302 4477 vos
2346 4422 2412 4477 de
2453 4422 2556 4479 hoc
2594 4425 2852 4494 opusculo
2880 4435 3100 4492 nostro,
3128 4425 3411 4479 verborum
3441 4424 3654 4494 quidem
3688 4439 3798 4477 nn-

2207 4528 2359 4569 mero
2388 4515 2542 4585 longe
2583 4515 2833 4579 brevius,
2863 4516 2958 4571 sed
2998 4516 3233 4588 pondere
3260 4517 3593 4571 auctoritatis
3622 4515 3802 4572 multo

2206 4603 2493 4674 grandius,
2522 4605 2575 4660 in
2604 4606 2804 4679 hymno
2830 4620 2939 4677 quo
2966 4608 3033 4662 ab
3062 4607 3139 4661 eis
3167 4606 3307 4661 Deus
3350 4606 3664 4671 honoratur,
3693 4606 3801 4660 ad-

2208 4705 2486 4751 moneant.
2518 4696 2648 4751 Nam
2677 4698 2941 4753 sanctitati
2968 4698 3317 4753 humilitatem
3344 4699 3395 4752 in
3426 4699 3519 4753 Dei
3548 4698 3800 4753 laudato-

2206 4788 2354 4844 ribus
2378 4790 2759 4862 coujungentes
2780 4834 2795 4858 ,
2826 4792 3161 4862 apertissinte
3203 4792 3501 4848 docuerunt
3546 4800 3604 4846 ut
3644 4799 3803 4847 tanto

2206 4883 2432 4954 quisque
2455 4895 2638 4939 caveat
2677 4900 2745 4939 ne
2788 4878 3038 4953 superbia
3084 4883 3396 4954 decipiatur,
3438 4891 3640 4955 quanto
3666 4896 3797 4935 san-

2206 4974 2343 5030 otius
2381 4976 2578 5046 aliquid
2621 4976 2917 5045 proﬁtetur.
2953 4970 3184 5030 Proinde
3212 4990 3307 5029 vos
3332 4990 3544 5045 quoque
3585 4971 3799 5027 laudate

2206 5081 2327 5122 eum
2357 5068 2446 5138 qui
2475 5068 2625 5122 vobis
2654 5076 2867 5136 prmstat
2893 5076 2945 5121 ut
2976 5067 3027 5121 in
3055 5066 3246 5121 ardore
3272 5066 3449 5122 medio
3471 5060 3655 5115 saeculi
3698 5059 3801 5114 lm-

2202 5157 2323 5228 jus,
2355 5157 2599 5227 quamvis
2624 5157 2873 5227 coniugio
2906 5173 3009 5212 non
3052 5154 3404 5223 cnpnlcmini,
3452 5167 3556 5206 non
3614 5159 3799 5206 tamen

2207 5247 2472 5310 uramini;
2518 5256 2572 5301 et
2618 5256 2834 5300 orantes
2881 5246 3039 5299 etiam
3090 5258 3186 5314 pro
3240 5243 3423 5309 nobis,
3468 5240 3800 5309 Benedicite,
3862 5243 3874 5254 '

2205 5338 2368 5392 sancti
2395 5348 2440 5392 et
2467 5337 2679 5391 humiles
2704 5336 2858 5391 corde
2876 5379 2890 5403 ,
2922 5335 3233 5401 Dominum;
3261 5335 3501 5406 hymnum
3528 5332 3682 5387 dicite
3702 5374 3719 5399 ,
3754 5341 3806 5388 et

2205 5431 2574 5505 strperexaltate
2594 5447 2707 5486 eum
2728 5430 2778 5485 in
2801 5430 2988 5485 uacula
3018 5428 3179 5502 (Dan.
3212 5444 3267 5483 III
3289 5469 3304 5494 ,
3331 5427 3447 5498 87).

2273 5591 2287 5623 ⁸
2317 5590 2389 5639 sic
2405 5595 2514 5640 Mss.
2540 5596 2595 5640 At
2613 5588 2752 5651 editi,
2768 5584 2949 5651 nuptiis
2966 5585 3134 5639 vestris
3150 5598 3170 5648 ;
3188 5582 3481 5645 omisso,’ilt.
