4070 6334
258 331 3502 391 W

332 450 339 457 ’
452 474 1105 547 ADMONITIO
1150 475 1271 546 1N
1336 472 2003 547 O’PUSCULUM
2032 472 2176 542 DE
2218 471 2511 541 BONO
2570 467 3285 541 VIDUITATIS.

297 627 604 685 Desiderius
632 625 888 681 Erasmus
946 626 1134 681 nititur
1179 626 1415 682 adimere
1471 628 1572 681 hoc
1608 626 1919 695 opusculum
1976 623 2293 694 Augustino,
2326 630 2378 677 et
2400 620 2706 675 adversario
2733 619 2901 689 ipsius
2930 619 3138 674 Juliano
3187 620 3334 674 dare.
3372 621 3513 689 Quae

232 722 377 777 θεας
402 721 457 775 in
479 717 916 789 Julianigratiam
943 730 1272 788 argumenta,
1303 720 1446 789 piget
1475 718 1740 773 refellere.
1769 718 1963 772 Contra
1994 716 2348 785 Augustinum
2377 714 2507 768 nihil
2537 713 2650 767 fere
2674 712 2917 768 obtendit
2960 712 3060 765 nisi
3082 710 3331 765 dictionis
3374 710 3515 783 faci-g

233 815 425 867 litalem
459 829 473 865 :
505 810 603 867 sed
637 810 756 865 haec
783 811 893 880 ipsa
923 810 1144 877 facilitas
1170 812 1417 866 dictionis
1449 812 1687 866 clamitat
1710 826 1843 880 opus
1883 825 2002 865 esse
2029 809 2331 877 Augustini.
2375 807 2606 863 Jacobus
2645 806 2914 861 Patnelius
2946 805 2997 858 in
3024 804 3175 859 Notis
3199 806 3262 857 ad
3294 804 3509 858 Tertul-

230 907 346 963 liani
382 905 578 960 librum
613 912 802 958 contra
836 904 1218 974 Hermogenem
1245 945 1258 969 ,
1293 920 1411 974 cap.
1448 904 1499 970 1,
1532 921 1585 958 n.
1613 904 1667 967 7,
1700 903 1750 957 id
1812 902 1988 973 Operis
2036 903 2206 955 citnns
2241 901 2387 955 hisce
2412 900 2612 963 verbis,
2664 898 2854 952 Auctor
2879 898 3109 968 opusculi
3134 899 3196 951 de
3238 896 3383 951 Bono
3417 894 3511 951 Vi-

231 1001 433 1055 duitatis
472 1001 609 1053 inter
644 999 1016 1053 lucubrationes
1059 998 1131 1053 ι).
1172 999 1460 1069 Augustini,
1492 998 1756 1069 signiﬁcat
1783 1005 1970 1067 putare
2004 1010 2065 1052 se
2095 994 2221 1049 illttd
2251 994 2470 1049 minime
2493 993 2562 1048 ab
2595 993 2890 1062 Augustino
2912 989 3233 1046 confectum.
3271 990 3377 1046 Pro
3403 1006 3515 1063 qua

234 1093 482 1161 opinione
507 1091 785 1147 Lindanus
810 1090 865 1146 in
893 1091 1164 1161 Panoplia,
1198 1091 1288 1146 lib.
1321 1091 1376 1156 ι,
1424 1104 1544 1159 cap.
1577 1088 1667 1157 98,
1717 1098 2084 1160 argumentum
2127 1086 2397 1143 existimat
2447 1100 2553 1140 non
2603 1085 2718 1141 leve
2744 1084 2843 1139 sibi
2875 1092 3157 1156 suppetere
3207 1098 3273 1139 ex
3297 1084 3511 1139 concilii

231 1184 665 1255 Carthaginiensis
698 1183 894 1254 quarti,
921 1182 1008 1238 cui
1050 1182 1431 1252 subscripsisse
1459 1182 1785 1253 Augustinus
1842 1180 2053 1250 legitur,
2084 1192 2289 1234 canone
2330 1177 2454 1244 104,
2497 1190 2604 1247 quo
2650 1184 2903 1230 statutum
2933 1183 3089 1231 estut
3113 1174 3287 1229 viduze
3310 1189 3430 1245 qua:
3451 1190 3513 1231 se

234 1276 456 1331 Domino
495 1275 831 1331 devoverant
861 1282 1108 1343 suscepto
1133 1273 1381 1343 religioso
1406 1271 1591 1327 habitu
1615 1314 1631 1339 ,
1658 1273 1703 1326 si
1740 1269 1808 1324 ad
1836 1269 2047 1341 nuptias
2074 1268 2358 1324 stecnlares
2386 1268 2499 1324 sive
2526 1267 2793 1324 secundas
2832 1275 3014 1338 postea
3047 1266 3371 1333 transierint,
3402 1267 3513 1320 sine

232 1364 630 1421 Christianorum
648 1368 995 1420 communione
1019 1374 1276 1431 maneant,
1298 1372 1343 1417 et
1372 1364 1579 1418 crimine
1601 1362 1835 1417 adulterii
1855 1370 2105 1418 notentur.
2129 1360 2329 1430 Nempe
2344 1369 2551 1426 contra,
2566 1358 2939 1429 subsequentis
2959 1357 3078 1413 libri
3114 1367 3320 1426 auctor,
3351 1373 3511 1429 capp.

234 1458 297 1515 10
320 1468 374 1513 et
400 1459 492 1525 il,
520 1473 617 1514 eos
656 1457 928 1527 redarguit
954 1457 1041 1528 qui
1067 1464 1254 1527 putant
1279 1457 1538 1527 lapsuram
1562 1473 1594 1509 a
1618 1466 1791 1511 sancto
1812 1455 2070 1527 proposito
2092 1454 2417 1523 feminarum,
2442 1454 2488 1508 si
2522 1453 2805 1524 nupserint,
2852 1470 2952 1507 non
2993 1470 3103 1509 esse
3128 1455 3391 1527 conjugia,
3425 1455 3513 1508 sed

235 1550 505 1617 adulteria,
533 1559 580 1605 et
597 1566 685 1604 eas
710 1549 882 1604 volunt
910 1564 943 1602 α
967 1549 1162 1602 maritis
1187 1558 1449 1619 separatas
1469 1548 1677 1603 reddere
1700 1548 2038 1604 continentiae.
2066 1548 2259 1602 Verum
2278 1547 2410 1602 nihil
2437 1546 2524 1602 hic
2543 1547 2867 1618 Augustinus
2884 1548 2951 1602 ab
2975 1548 3066 1602 illo
3078 1563 3283 1604 canone
3305 1548 3516 1603 dissen-

236 1642 315 1706 tit,
347 1641 439 1711 qui
493 1640 681 1695 talium
718 1639 934 1711 quidem
976 1639 1192 1709 nuptias
1238 1655 1342 1694 non
1394 1640 1590 1709 patitur
1612 1640 1822 1695 censeri
1871 1639 2127 1693 adulteria
2153 1681 2170 1706 ,
2198 1638 2293 1694 sed
2322 1639 2467 1710 ipsos
2500 1649 2678 1694 tamen
2711 1654 2740 1693 a
2770 1640 3045 1711 proposito
3099 1650 3286 1696 sancto
3337 1642 3517 1711 lapsus

236 1732 508 1786 adulteriis
528 1731 739 1800 pejores
762 1731 908 1785 dicit.
949 1731 1129 1801 Itaque
1153 1746 1261 1785 non
1290 1730 1535 1802 prohibet
1582 1732 1865 1800 quominus
1891 1730 2153 1786 nubentes
2192 1740 2311 1800 post
2338 1739 2519 1785 votum
2544 1730 2719 1801 aliqua
2762 1732 3330 1788 excommunicationis
3359 1749 3516 1807 poena

236 1823 527 1878 multentur
570 1821 793 1893 perinde
834 1830 990 1891 atque
1037 1821 1315 1885 adulterae,
1360 1821 1653 1877 dummodo
1677 1836 1863 1877 earutn
1900 1821 2118 1891 nuptiae,
2166 1830 2446 1891 postquam
2475 1821 2759 1876 celebrata:
2787 1832 2933 1887 sunt,
2985 1838 3089 1876 non
3118 1823 3514 1878 rescindantur.

235 1915 368 1970 Nihil
397 1914 545 1969 aliud
591 1914 848 1970 adversus
875 1915 1140 1986 lapsarum
1180 1915 1392 1985 nuptias
1418 1922 1743 1985 praeceptum
1771 1915 2035 1984 reperitur
2079 1914 2439 1983 antiquiorum
2484 1915 2833 1970 conciliorum
2859 1914 3112 1971 decretis.
3145 1916 3200 1970 In
3247 1919 3383 1973 hanc
3403 1934 3519 1972 rem

237 2006 461 2062 celebris
487 2014 753 2061 estcanon
770 2014 950 2060 sextus
970 2006 1209 2061 decimus
1235 2005 1686 2062 Chalcedonensis
1710 2006 1921 2062 concilii
1940 2008 2142 2077 aliquot
2170 2008 2325 2063 annis
2363 2016 2486 2078 post
2524 2007 2806 2078 Augustini
2846 2008 3049 2063 obitum
3074 2009 3152 2063 sic
3177 2008 3476 2066 delinientis
3496 2026 3514 2063 :

240 2097 296 2152 Si
314 2114 415 2167 qua
450 2098 595 2168 virgo
616 2113 671 2150 se
695 2097 995 2151 dedicaverit
1020 2097 1152 2165 Deo,
1181 2095 1417 2151 similiter
1439 2107 1485 2151 et
1506 2098 1802 2165 monac/tus,
1825 2116 1925 2153 non
1970 2099 2121 2153 licere
2148 2100 2219 2154 eis
2236 2099 2390 2170 jungi
2414 2100 2623 2169 nuptiis.
2654 2099 2714 2155 Si
2744 2114 2859 2154 uero
2883 2100 3072 2154 inventi
3100 2101 3285 2172 fuerint
3324 2101 3419 2156 Itoc
3439 2104 3521 2173 fix-

238 2188 435 2253 cientes,
458 2196 696 2241 maneant
738 2189 1176 2242 excommunicati.
1208 2188 1491 2244 Statuimus
1510 2205 1623 2244 vero
1650 2206 1797 2261 posse
1818 2191 1873 2244 in
1893 2192 1964 2244 eis
1977 2190 2143 2259 facere
2170 2192 2554 2257 humanitatem,
2575 2192 2620 2246 si
2664 2191 2739 2246 ita
2790 2192 3070 2263 probaverit
3098 2193 3201 2247 loci
3229 2194 3516 2267 episwpus.

240 2282 493 2335 Cmterum
522 2280 805 2350 Augustini
830 2280 1102 2346 doctrinae,
1135 2295 1294 2350 quam
1319 2281 1406 2336 hic
1429 2281 1497 2336 de
1520 2281 1718 2352 nuptiis
1740 2290 1857 2352 post
1876 2283 2325 2354 votum,itemque
2354 2283 2406 2337 in
2432 2283 2525 2337 lib.
2554 2283 2622 2340 de
2635 2282 2828 2339 Sancta
2844 2284 3177 2355 Virginitate,
3196 2300 3315 2357 cap.
3347 2287 3437 2352 54,
3464 2299 3526 2343 et

242 2373 293 2428 in
317 2373 476 2442 epist.
505 2372 614 2428 220
639 2373 707 2427 ad
735 2373 1064 2429 Bonifacium
1082 2376 1354 2441 comitem,
1382 2391 1437 2428 η.
1463 2373 1551 2441 12,
1586 2375 1764 2442 tradit,
1793 2375 2033 2430 nonnihil
2057 2375 2196 2431 lavet
2215 2376 2514 2448 Cyprianus
2539 2375 2591 2430 in
2620 2377 2777 2446 epist.
2806 2376 2878 2431 62
2895 2378 2966 2431 ad
2998 2377 3369 2449 Pomponium,
3397 2379 3525 2450 Epic

244 2466 471 2535 phanius
514 2466 569 2521 in
595 2466 791 2521 bzeresi
822 2466 912 2534 61,
941 2481 1062 2536 qua:
1083 2477 1167 2522 est
1205 2467 1657 2538 Apostolicorum,
1695 2478 1799 2524 etc.
1846 2467 2034 2537 Neque
2075 2484 2235 2540 porro
2261 2470 2474 2536 desunt,
2499 2470 2697 2541 quibus
2735 2471 3019 2526 concilium
3059 2488 3217 2541 supra
3251 2472 3524 2530 laudatum

238 2558 681 2630 Carthaginense,
729 2559 871 2630 quod
920 2562 973 2617 in
1014 2562 1200 2619 codice
1240 2579 1505 2619 canonum
1556 2564 1813 2620 Ecclesiae
1858 2562 2125 2620 Africana:
2152 2580 2276 2620 cum
2303 2565 2515 2620 ueteris
2553 2562 3063 2634 Carthaginensibus
3110 2565 3229 2635 ejus
3262 2568 3522 2636 temporis

239 2655 472 2710 conciliis
501 2669 617 2711 non
650 2666 843 2725 exstat,
868 2657 1045 2713 dubiae
1070 2658 1192 2713 lidei
1222 2658 1482 2714 videatur.
1514 2657 1755 2714 Concilio
1802 2658 2133 2729 AuguStinus
2159 2700 2174 2725 ,
2202 2658 2447 2728 quamvis
2494 2657 2547 2712 id
2573 2672 2716 2713 anno
2742 2658 2982 2713 habitum
3002 2657 3351 2729 consignetur
3381 2660 3519 2723 598.,

240 2760 343 2814 quo
363 2748 453 2804 ille
481 2757 726 2820 tempore
741 2751 955 2820 juvenis
969 2760 1023 2806 et
1048 2765 1238 2807 recens
1263 2759 1380 2808 erat
1406 2752 1710 2821 episcopus,
1743 2751 2059 2821 subscripsit
2085 2750 2353 2807 secundus
2378 2750 2446 2806 ab
2468 2750 2707 2806 Aurelio.
2738 2749 2875 2806 Hinc
2898 2748 3037 2806 forte
3062 2751 3275 2807 errandi
3305 2752 3521 2811 occasio

246 2840 359 2895 data
386 2842 657 2909 Lindano,
684 2845 774 2913 qui
805 2843 1187 2913 subscripsisse
1208 2845 1561 2913 Augustinum
1591 2858 1774 2899 senem
1790 2841 2038 2899 affirmat.

321 2933 713 3004 Subsequentis
740 2935 981 3005 epusculi
1003 2936 1329 2991 mentionem
1360 2936 1413 2988 in
1433 2934 1890 2991 Retractationum
1923 2934 2078 2991 libris
2104 2950 2211 2991 non
2230 2934 2353 2990 fecit
2389 2934 2737 3004 Augustinus,
2767 2935 2891 3005 quia
2928 2935 3168 3007 epistola:
3194 2935 3360 2991 forma
3389 2952 3519 2993 con-

238 3025 487 3094 scriptum
513 3033 617 3080 est.
638 3025 693 3081 Id
712 3035 991 3095 propterea
1017 3025 1288 3081 Possidius
1313 3040 1432 3096 cap.
1453 3025 1485 3082 7
1543 3025 1684 3080 inter
1723 3025 1990 3094 Epistolas
2017 3033 2263 3081 recenset
2282 3025 2383 3080 hoc
2428 3025 2578 3079 titulo
2602 3042 2616 3079 :
2636 3024 2863 3080 Juliona:
2881 3026 2946 3081 de
2989 3026 3184 3082 Sancta
3247 3026 3521 3083 Viduitate.

239 3117 368 3172 Citat
390 3127 449 3173 et
486 3117 603 3173 iere
651 3126 822 3173 totum
870 3118 1173 3173 transcribit
1198 3118 1392 3174 Florus
1422 3133 1515 3174 seu
1545 3118 1687 3174 Beda
1714 3120 1958 3189 vulgatus
2008 3120 2075 3175 ad
2104 3120 2118 3171 I
2151 3120 2276 3175 Cor.
2310 3127 2424 3175 net
2448 3135 2543 3186 vn,
2569 3126 2637 3174 ad
2675 3119 2906 3189 Philipp.
2948 3136 3029 3184 tv,
3069 3131 3123 3177 et
3164 3122 3266 3176 adl
3292 3123 3431 3178 Titii.
3468 3140 3522 3178 ν.

244 3210 599 3278 Augustinum
634 3210 796 3264 refert
823 3210 1097 3280 inscriptio
1121 3210 1362 3279 epistolae
1400 3211 1452 3265 in
1473 3212 1719 3265 omnibus
1740 3212 1972 3282 antiquis
1997 3210 2272 3267 codicibus
2293 3210 2529 3280 praeﬁxa,
2558 3220 2611 3266 et
2632 3225 2691 3267 se
2717 3211 2830 3279 ipse
2850 3212 3081 3267 ostendit
3101 3227 3218 3283 cap.
3246 3215 3333 3279 15,
3366 3230 3524 3270 cont-

244 3316 552 3357 memorans
591 3302 758 3356 libros
780 3317 813 3355 a
842 3315 900 3356 se
920 3301 1092 3356 editos
1114 3301 1182 3357 de
1205 3302 1355 3355 Bono
1373 3301 1645 3371 Conjugali
1668 3340 1683 3367 ,
1705 3302 1772 3357 de
1793 3302 1987 3358 Sancta
2016 3302 2349 3371 Virginitate,
2377 3311 2432 3357 et
2450 3301 2709 3357 adversus
2748 3303 3024 3370 Faustum,
3057 3319 3262 3361 necnon
3284 3321 3401 3376 cap.
3425 3306 3520 3372 εδδ

240 3393 514 3461 epistolam
552 3392 743 3447 Proba:
771 3393 1022 3462 scriptam
1039 3392 1105 3447 de
1128 3391 1332 3447 orando
1348 3392 1479 3447 Deo.
1515 3393 1752 3449 Pertinet
1775 3393 2057 3448 Viduitatis
2100 3395 2237 3448 liber
2269 3393 2336 3447 ad
2362 3409 2557 3449 annum
2587 3394 2807 3450 circiter
2834 3396 2978 3461 illi;
3012 3398 3244 3467 scriptus
3266 3398 3516 3456 videlicet

241 3493 358 3549 post
386 3483 747 3539 Demetriadis
772 3483 993 3553 virginis
1017 3483 1497 3549 consecrationem,
1515 3483 1783 3539 laudatam
1828 3485 1915 3539 hic
1943 3499 2062 3553 cap.
2087 3485 2175 3551 19,
2210 3494 2457 3553 tanquam
2494 3493 2788 3551 recentem,
2815 3486 2951 3556 quod
2977 3487 3126 3541 modo
3164 3489 3313 3559 coepit
3334 3505 3353 3543 :
3378 3489 3517 3549 hanc

240 3575 331 3629 sub
351 3576 520 3631 linem
552 3576 680 3629 anni
727 3575 835 3630 H5
866 3576 1055 3631 iactam
1081 3575 1482 3632 observavimus
1511 3583 1658 3630 tomo
1683 3575 1739 3641 2,
1768 3574 1834 3630 ad
1862 3574 2142 3646 epistolam
2187 3576 2291 3631 150
2332 3576 2518 3631 Proba:
2546 3574 2840 3635 etJulian’a:
2867 3577 3145 3634 directam.
3184 3579 3239 3635 In
3263 3582 3435 3651 capite
3457 3584 3527 3641 l7

240 3680 267 3717 a
307 3666 721 3738 Pelagianorum
756 3682 960 3733 errore,
992 3682 1151 3737 quem
1188 3682 1405 3737 serpere
1448 3666 1677 3737 coepisse
1703 3667 1869 3732 dicit,
1902 3668 2064 3721 tacito
2089 3681 2274 3722 eorum
2303 3667 2539 3731 nomine,
2582 3682 2777 3724 cavere
2793 3668 2964 3738 jubet.
2998 3671 3072 3727 De
3103 3671 3203 3729 hac
3228 3673 3340 3742 ipsa
3386 3673 3523 3731 forte

242 3757 603 3814 admonitione
630 3758 840 3813 Juliana
883 3759 1080 3829 gratias
1106 3759 1213 3830 agit
1255 3759 1554 3829 Augustino
1602 3758 1791 3813 litteris
1833 3759 2009 3813 citatis
2060 3760 2111 3812 in
2151 3759 2374 3829 epistola
2421 3759 2524 3815 188
2571 3760 2640 3815 ad
2663 3760 2907 3816 eamdem
2936 3761 3201 3818 Julianam
3228 3765 3412 3831 inissa,
3435 3767 3524 3821 ubi

242 3851 348 3920 ejus
369 3852 672 3909 haecverba
690 3854 851 3908 refert
872 3853 1197 3923 Augustinus
1228 3869 1242 3907 :
1278 3851 1420 3908 Sane
1459 3853 1597 3921 quod
1622 3868 1702 3905 me
1723 3853 1955 3907 hortatur
1982 3853 2276 3908 Reverentia
2312 3863 2492 3918 vestra,
2523 3870 2585 3909 ne
2610 3871 2758 3910 aures
2782 3856 3074 3928 indulgeam
3096 3858 3175 3912 Itis
3203 3858 3512 3926 hominibus,

241 3942 319 4005 qui
344 3944 517 4013 prauis
547 3941 844 3997 tractatibus
877 3943 1214 3998 venerandam
1239 3942 1393 4012 fidem
1421 3958 1556 4014 stepe
1569 3952 1921 4014 corrumpunt,
1945 3945 2139 4013 gratias
2164 3946 2338 3999 uberes
2363 3960 2462 4016 ago
2486 3954 2590 3999 tam
2616 3946 2717 4016 pia:
2732 3947 3088 4004 admonitioni.

246 4081 3524 4142 Ἢ

854 4221 995 4335 S.
1072 4223 1834 4336 AURELII
1911 4224 2915 4342 AUGUSTI!!!

1419 4413 1936 4479 HIPPONENSIS
1973 4417 2331 4482 EPISCOPI

516 4532 839 4691 DE
913 4452 2123 4698 110Νόῗῆὖὶ

1621 4776 2123 4908 LIBER

1517 4452 3048 4706 missimus
3092 4525 3124 4578 ι

1621 4776 2149 4909 LIBER

288 5080 1182 5203 EPISTOLA
1210 5071 1564 5202 (“AD
1623 4962 1895 5203 ,π

1863 4964 2599 5205 sum
2662 5088 3470 5275 mw.

1706 5309 2077 5368 «mea»

303 5442 809 5527 lituaélesﬁecetft
830 5447 1137 5527 ematur;
1158 5447 1793 5527 mercennariis“
2022 5444 2645 5527 ,udnietismfsssienem
2678 5454 2859 5527 ηυηιειε
2877 5440 3309 5527 anteponendam
3334 5463 3531 5527 nuptias

239 5508 402 5553 tuneo
421 5508 661 5558 secundas
676 5543 691 5568 ,
716 5510 813 5558 imo
830 5516 883 5559 et
897 5511 1068 5560 tertias
1090 5510 1450 5574 etquotaslibet
1468 5508 1750 5563 licitas'esse
1766 5546 1782 5573 ,
1807 5526 1903 5565 nec
1916 5524 2130 5577 unquam
2150 5508 2310 5566 mlas
2324 5526 2339 5564 :
2365 5521 2420 5566 et
2439 5516 2687 5565 nubentes
2696 5508 2896 5578 quidem
2918 5508 3027 5581 post
3047 5508 3530 5578 ναυπηγίῦιόιὶᾖὲτεῖἶᾶ

301 5606 391 5672 (ei
405 5612 581 5672 Scripta
603 5610 731 5662 forte
752 5613 877 5663 circa
892 5624 1071 5664 annum
1092 5613 1202 5664 414.

238 5670 1182 5799 egﬁﬂbugsﬁlagiwmcst:
1214 5685 1283 5730 De
1297 5675 1585 5742 professione
1602 5676 1857 5734 Viduitatts
1869 5689 1889 5745 ,‘
1911 5690 2023 5735 aut:
2046 5690 2117 5735 De
2138 5682 2428 5749 professione
2448 5689 2629 5737 metu
2648 5683 2924 5740 Vidttitntis.
2942 5691 3072 5755 Apud
3092 5698 3171 5744 Er.
3199 5702 3251 5747 et
3282 5702 3426 5748 bon:
3454 5703 3526 5747 De
