4070 6334
507 380 606 434 ιιι

1740 365 1796 421 S.
1838 354 2207 418 AUGUSTINI
2246 356 2547 417 EPISCOPI

3686 368 3796 424 432

505 493 725 555 virgines
743 493 920 540 merito
941 491 1185 555 damnari;
1234 489 1266 555 ιι
1283 502 1362 536 sas
1378 496 1550 555 autem
1574 499 1742 555 earum
1763 452 2074 555 nuptiasnelc
2395 480 2788 555 adul_t9riis,__nec
2807 487 2962 555 dirimi
2985 495 3232 555 oportere.
3254 490 3431 555 tier“:
3452 488 3703 540 viduarum
3727 498 3794 539 ex

504 540 612 615 1&3
626 540 806 615 robuje
828 550 1138 615 continentia:
1151 540 1207 597 a'c
1224 540 1419 615 pietatis
1434 547 1626 615 pensari
1649 543 1754 615 vult
1764 557 1777 602 ;
1797 540 2006 615 ideoque
2029 540 2241 615 biviram
2252 540 2451 615 univirae
2470 544 2627 615 viduae
2643 540 2898 615 aliquando
2914 540 3033 612 jure'
3051 549 3267 615 praeferri
3282 549 3602 615 demonstrat.
3621 556 3797 600 Postea

507 600 1002 682 enimmodo_monet
1022 600 1277 667 lulianum,
1298 617 1354 682 ut.
1374 600 1616 682 inprimis
1629 600 2131 682 mntiueuuaiufgu
2154 600 2393 682 bepelieio
2410 606 2496 682 pei
2514 600 2891 682 tribuatfcavea

2894 610 3011 675 time
3032 610 3457 676 abAsertnonculis,
3483 614 3566 676 qui
3586 623 3798 673 serpere

506 662 793 742 eamut.
824 673 1073 742 ιιριιιίιιμφ
1092 662 1405 742 enormem
1441 662 2943 742 anserumsesesesenecesse?empe'swqiuui
2962 686 3072 742 cuna
3091 672 3187 722 mia
3206 662 3396 742 νίςςίςιε
3420 662 3471 724 ei
3502 662 3618 723 'cum
3653 662 3796 742 sm

510 724 653 799 Iid'ua
675 724 924 799 ιωρὲαίιξι
938 733 999 783 ad
1014 724 1298 797 placendum
1313 739 1414 782 Deo
1436 745 1448 780 :
1472 730 1674 781 delicias
1696 724 1977 790 SPﬁ'iwa-‘es
1991 724 2205 773 habeam
2224 725 2487 776 carnalium
2507 728 2789 782 deliciarum
2813 732 2948 796 loco;
2975 742 3028 787 et
3049 734 3223 785 famam
3236 724 3452 799 agnique
3472 748 3609 786 mm
3630 741 3797 786 m

508 796 620 848 dire
642 794 1033 860 non'negligantl

1939 896 2347 932 4ο-

511 1024 846 1080 Auevsrutvs
872 1021 1195 1090 Episcopus,
1236 1032 1426 1073 servus
1448 1016 1648 1073 Christi
1672 1058 1688 1082 ,
1720 1004 2104 1079 seniorumque

583 1113 781 1169 Christi
810 1111 850 1178 ί,
871 1111 1131 1181 religiosae
1158 1108 1368 1164 famulae
1394 1108 1487 1163 Dei
1515 1107 1781 1174 Jvusuz,
1805 1106 1856 1160 in
1878 1101 2107 1158 Domino

585 1203 921 1259 dominorum
952 1200 1202 1255 salutem.

582 1307 807 1365 CAPUT
830 1305 1111 1362 PRIMUM.
1139 1334 1215 1346 -—
1242 1306 1295 1359 l.
1312 1302 1540 1376 Rogatus
1560 1319 1591 1355 a
1616 1301 1828 1356 Iuliana
1851 1297 2021 1355 scribit
2045 1296 2108 1350 dc

512 1402 823 1476 professione
850 1398 1129 1453 viduitatis.
1161 1396 1391 1467 Apostoli
1419 1394 1483 1449 de
1510 1395 1605 1447 hac
1638 1409 1694 1447 re
1719 1390 1999 1445 doctrinam
2020 1403 2108 1442 eaa-

512 1503 684 1567 ponet.
716 1492 795 1548 Ne
840 1492 1081 1563 petitioni
1113 1501 1217 1545 tua:
1245 1497 1297 1544 et
1324 1491 1379 1543 in
1412 1486 1624 1543 Christo
1652 1484 1922 1541 dilectioni
1950 1484 1971 1515 ³
1991 1481 2109 1537 diu-

515 1587 619 1641 tius
648 1598 827 1640 essem
852 1582 1063 1638 debitor
1085 1579 1453 1652 promissionis
1472 1593 1608 1634 mea:
1631 1616 1648 1643 ,
1679 1576 1878 1647 arripui
1903 1582 2111 1629 utcum-

512 1689 617 1747 que
656 1675 799 1730 inter
836 1673 967 1727 alias
1004 1672 1403 1743 urgentissimas
1440 1669 1815 1739 occupationes
1859 1679 2005 1720 meas
2040 1663 2110 1719 de

516 1765 849 1838 professione
895 1771 1095 1819 sancta:
1123 1762 1394 1818 viduitatis
1419 1759 1618 1830 aliquid
1642 1758 1711 1813 ad
1750 1765 1801 1812 te
1827 1756 2062 1812 scribere
2094 1770 2108 1808 :

516 1855 770 1929 quoniam
799 1864 853 1911 et
878 1863 1197 1926 praesentem
1220 1869 1306 1909 me
1327 1852 1563 1924 rogando
1592 1849 1826 1906 onerasti
1853 1849 1894 1915 ³,
1914 1857 2110 1904 etcum

515 1948 612 2003 tibi
643 1947 744 2002 hoc
772 1962 877 2001 non
901 1946 1191 2016 potuissem
1223 1959 1454 2015 negare,
1485 1957 1629 2013 saepe
1657 1956 1838 1997 meum
1879 1939 2110 2011 promis-

515 2056 634 2096 sum
657 2039 847 2095 litteris
876 2038 1141 2109 ﬂagitasti.
1171 2036 1227 2092 In
1276 2052 1383 2107 quo
1427 2050 1557 2091 sane
1586 2048 1749 2105 opere
1774 2041 1959 2088 nostro
1987 2046 2110 2085 cum

515 2133 691 2203 aliqua
719 2133 911 2203 legeris
944 2130 1011 2186 ad
1041 2140 1183 2186 tuam
1209 2130 1290 2185 vel
1321 2129 1388 2185 ad
1431 2137 1695 2195 vestram,
1722 2140 1842 2197 quae
1871 2123 2031 2179 simul
2056 2124 2110 2178 in

515 2224 733 2281 Christo
754 2225 948 2285 vivitis,
969 2239 1250 2294 personam
1268 2223 1485 2277 minime
1503 2220 1790 2291 pertinere,
1810 2233 1909 2274 nec
1929 2218 2115 2273 admo-

515 2317 706 2372 nitioni
734 2317 856 2371 vita:
882 2325 1072 2372 vestrae
1115 2316 1329 2386 proprie
1370 2314 1669 2369 necessaria
1689 2354 1704 2379 ,
1732 2325 1840 2367 non
1871 2308 1991 2366 ideo
2020 2308 2114 2364 de-

516 2408 671 2465 bebis
699 2408 720 2440 ⁸
747 2408 1011 2478 superflua
1036 2407 1297 2477 judicare.
1327 2407 1446 2463 ista:
1486 2406 1682 2477 quippe
1709 2405 1901 2460 littera:
1930 2418 2116 2473 quam-

516 2500 600 2556 vis
643 2500 711 2556 ad
752 2508 833 2565 te,
867 2515 975 2554 non
1022 2508 1199 2554 tamen
1248 2497 1614 2553 tantummodo
1672 2496 1768 2550 tibi
1821 2492 2115 2549 scribenda:

516 2589 769 2647 fuerunt:
797 2590 891 2646 sed
919 2599 977 2644 ut
1004 2591 1123 2645 aliis
1170 2606 1265 2661 per
1308 2598 1361 2645 te
1397 2603 1608 2659 quoque
1627 2587 1979 2658 prodessent,
2007 2600 2115 2639 non

517 2682 701 2753 utique
724 2697 753 2736 a
777 2682 929 2737 nobis
946 2681 1319 2752 negligendum
1348 2680 1462 2735 fuit.
1490 2679 1755 2749 Quidquid
1772 2694 1898 2748 ergo
1927 2676 2012 2731 hic
2038 2677 2117 2729 in-

515 2774 749 2839 ven’eris,
783 2773 926 2844 quod
966 2773 1117 2828 vobis
1139 2772 1501 2827 necessarium
1526 2771 1610 2825 vel
1640 2782 1912 2838 nunquam
1935 2765 2113 2833 fuerit,

517 2865 606 2920 vel
630 2864 739 2936 jam
766 2880 870 2919 non
894 2864 992 2929 sit,
1026 2872 1081 2919 et
1105 2873 1281 2918 tamen
1310 2864 1428 2918 aliis
1454 2877 1575 2917 esse
1610 2859 1949 2932 perspexeris
1974 2900 1989 2925 ,
2017 2873 2118 2913 nec

520 2956 719 3011 habere
745 2964 798 3011 te
839 2956 1049 3027 pigeat,
1076 2968 1178 3010 nec
1206 2954 1334 3011 dare
1361 2953 1680 3023 legendum;
1704 2962 1761 3007 ut
1789 2959 1845 3006 et
1871 2958 1960 3004 tua
1984 2947 2115 3005 cha-

525 3047 660 3103 ritas
680 3047 751 3102 sit
773 3047 972 3101 utilitas
995 3046 1244 3101 aliorum.

590 3140 806 3195 2.-Cum
830 3140 987 3210 igitur
1008 3139 1060 3193 in
1083 3139 1227 3193 omni
1247 3136 1543 3209 quaestione
1571 3151 1689 3208 qua:
1717 3136 1785 3192 ad
1814 3135 1979 3192 vitam
2006 3150 2121 3191 mo-

518 3247 717 3304 resque
747 3233 976 3303 pertinet
1000 3272 1016 3299 ,
1048 3244 1157 3285 non
1182 3231 1294 3285 sola
1335 3229 1600 3295 doctrina,
1622 3243 1809 3284 verum
1836 3229 1996 3284 etiam
2020 3243 2116 3283 ex-

519 3323 754 3382 hortatio
778 3324 846 3378 sit
876 3322 1175 3378 neeessaria
1199 3337 1213 3387 ;
1243 3329 1302 3376 ut
1324 3321 1567 3376 doctrina
1605 3321 1731 3391 quid
1757 3321 2021 3391 agendum
2050 3321 2118 3376 sit

521 3414 851 3480 noverimus,
880 3414 1248 3470 exhortatione
1294 3422 1474 3467 autem
1504 3413 1815 3479 excitemur,
1850 3428 1917 3467 ne
1944 3412 2120 3482 pigeat

521 3522 683 3579 agere
725 3506 866 3578 quod
912 3505 1175 3577 agendum
1229 3519 1347 3560 esse
1388 3504 1499 3574 jam
1547 3504 1832 3559 novimus:
1864 3502 1989 3573 quid
2021 3518 2119 3573 ego

521 3598 753 3667 amplius
784 3607 835 3651 te
862 3596 1083 3651 doceam
1105 3635 1120 3659 ,
1164 3609 1323 3663 quam
1366 3594 1418 3648 id
1457 3594 1599 3664 quod
1638 3593 1778 3663 apud
1805 3592 2118 3661 Apostolum

524 3688 786 3759 legimus?
810 3688 1003 3741 Sancta
1030 3686 1171 3740 enim
1200 3685 1471 3754 Scriptura
1510 3693 1709 3739 nostrae
1741 3682 1998 3738 doctrinm
2027 3697 2120 3739 re-

524 3781 699 3851 gulam
727 3778 869 3848 figit,
900 3793 967 3832 ne
993 3776 1281 3831 audeamus
1300 3792 1479 3846 sapere
1502 3776 1615 3844 plus
1634 3790 1782 3844 quant
1820 3784 2013 3845 oportet
2037 3791 2120 3830 sa-

529 3887 682 3941 pere;
708 3870 802 3926 sed
825 3870 1119 3940 sapiamus,
1145 3880 1202 3923 ut
1228 3874 1342 3938 ipse
1371 3868 1461 3933 ait,
1494 3867 1562 3919 ad
1587 3867 1995 3935 temperantiam,
2018 3868 2119 3921 sic-

527 3972 581 4017 ut
613 3964 882 4033 unicuique
918 3961 1058 4017 Deus
1102 3962 1316 4031 partitus
1336 3969 1408 4015 est
1445 3976 1729 4014 mensuram
1763 3959 1882 4029 ﬁdei
1922 3959 2117 4031 (Rom.

525 4070 601 4114 xu
625 4095 640 4119 ,
668 4054 747 4123 5).
777 4053 893 4108 Non
919 4055 989 4107 sit
1015 4067 1143 4123 ergo
1183 4052 1313 4106 mihi
1334 4050 1476 4105 aliud
1504 4059 1555 4106 te
1585 4050 1806 4116 docere,
1836 4050 1937 4106 nisi
1959 4052 2120 4107 verba

528 4147 623 4202 tibi
650 4145 886 4201 doctoris
913 4159 1183 4215 exponere
1207 4186 1222 4213 ,
1252 4151 1308 4199 et
1335 4144 1403 4198 de
1431 4143 1496 4198 iis
1524 4142 1667 4213 quod
1685 4143 1938 4200 Dominus
1959 4143 2121 4200 dede-

527 4238 600 4291 rit
626 4236 919 4306 disputare.

600 4328 826 4385 CAPUT
866 4328 1030 4383 ll.-
1083 4330 1135 4383 5.
1193 4328 1433 4399 Innupm:
1479 4329 1619 4400 apud
1669 4328 1968 4400 Apostolum
2020 4347 2121 4386 non

534 4420 657 4475 sola:
678 4420 913 4491 virgines,
947 4418 1037 4474 sed
1076 4420 1227 4473 etiam
1253 4419 1435 4472 vidule.
1476 4419 1565 4473 Ait
1590 4420 1766 4490 itaque
1790 4421 2075 4489 Apostolus
2102 4463 2117 4488 ,

531 4509 721 4566 doctor
747 4510 994 4569 Gentium
1016 4550 1031 4575 ,
1078 4526 1170 4565 vas
1199 4509 1475 4566 electionis
1504 4526 1517 4563 :
1549 4509 1678 4565 Dico
1706 4520 1870 4565 autem
1898 4512 2122 4582 innuptis

532 4610 579 4656 ct
602 4600 799 4667 viduis,
831 4602 1019 4656 bonum
1056 4617 1161 4656 esse
1184 4600 1291 4657 illis.
1325 4604 1368 4655 si
1398 4602 1470 4656 sic
1502 4605 1898 4673 permanserint,
1923 4605 2051 4658 sicut
2076 4614 2122 4659 et

534 4713 644 4768 ego.
670 4697 795 4752 llmc
838 4697 997 4751 verba
1039 4696 1110 4751 ita
1155 4695 1495 4765 intelligenda
1522 4706 1678 4763 sunt,
1703 4706 1760 4752 ut
1788 4712 1891 4752 non
1941 4698 2124 4753 existi-

536 4803 746 4844 memus
776 4788 961 4843 viduas
991 4804 1095 4843 non
1126 4797 1376 4858 oportere
1407 4788 1655 4858 innuptas
1683 4788 1785 4843 dici
1808 4831 1823 4853 ,
1854 4790 1974 4859 quia
2020 4806 2119 4845 nu-

533 4883 671 4953 ptias
710 4882 956 4939 videntur
1004 4890 1241 4953 expertae
1272 4899 1287 4936 :
1317 4881 1657 4951 innuptarum
1712 4880 1856 4935 enim
1907 4882 2123 4938 nomine

2219 1011 2338 1069 illas
2383 1015 2677 1087 significat,
2714 1036 2832 1091 quae
2875 1038 2982 1080 non
3024 1033 3148 1081 sunt
3172 1026 3368 1098 nuptiis
3394 1028 3652 1099 alligatae,
3686 1032 3801 1088 sive

2215 1105 2445 1175 fuerint,
2478 1111 2591 1167 sive
2615 1128 2719 1168 non
2761 1113 2975 1171 fuerint.
3001 1116 3155 1184 Quod
3200 1120 3304 1175 alio
3328 1120 3446 1176 loco
3474 1116 3677 1192 aperit,
3710 1122 3802 1178 ubi

2214 1199 2325 1254 ait:
2349 1199 2525 1257 Divisa
2547 1214 2622 1257 est
2659 1207 2842 1261 mulier
2864 1208 3078 1280 innupta
3111 1220 3159 1265 et
3183 1211 3340 1284 virgo.
3367 1211 3589 1280 Quando
3616 1214 3804 1283 utique

2216 1301 2270 1345 et
2294 1292 2551 1363 virginem
2580 1296 2851 1369 adjungit,
2880 1300 3005 1370 quid
3038 1301 3327 1358 mulierem
3362 1302 3636 1375 innuptam
3654 1348 3669 1373 ,
3698 1306 3802 1360 nisi

2215 1386 2425 1442 viduam
2450 1389 2562 1445 vult
2587 1390 2842 1462 intelligi?
2868 1393 3021 1450 Unde
3038 1395 3198 1452 etiam
3224 1395 3477 1467 deinceps
3508 1411 3611 1452 uno
3640 1398 3803 1454 innu-

2217 1487 2321 1548 ptae
2351 1481 2565 1538 nomine
2604 1484 2986 1553 professionem
3015 1496 3294 1561 utramque
3319 1491 3690 1562 complectitur
3717 1493 3805 1547 di-

2215 1584 2343 1626 cens
2367 1589 2383 1625 :
2417 1572 2546 1640 Quia
2578 1575 2790 1647 innupta
2817 1587 2928 1645 est,
2959 1580 3177 1634 sollicita
3203 1591 3276 1636 est
3304 1597 3363 1636 ea
3390 1598 3504 1653 quis
3547 1593 3665 1637 sunt
3695 1582 3808 1637 Do-

2216 1662 2374 1729 mini,
2399 1667 2651 1734 quomodo
2679 1667 2876 1738 placeat
2902 1668 3161 1739 Domino;
3189 1688 3304 1743 qua
3320 1681 3488 1727 autem
3514 1682 3672 1745 nupta
3695 1684 3803 1741 est,

2216 1753 2433 1809 sollicita
2458 1764 2531 1811 est
2567 1774 2626 1812 ea
2650 1775 2761 1830 quae
2784 1769 2899 1814 sunt
2941 1762 3116 1816 mundi
3138 1804 3153 1829 ,
3183 1764 3433 1833 quomodo
3461 1764 3655 1834 placeat
3694 1766 3808 1819 viro

2219 1843 2271 1917 (Ι
2292 1843 2411 1901 Cor.
2445 1861 2522 1902 vn
2546 1889 2559 1914 ,
2590 1848 2642 1915 8,
2670 1851 2792 1922 34).
2821 1849 3103 1922 lnnuptam
3142 1862 3287 1909 certe
3316 1868 3423 1909 non
3450 1869 3568 1909 eam
3597 1862 3807 1909 tantum

2219 1940 2443 2011 intelligi
2467 1942 2666 2009 voluit,
2696 1959 2814 2013 qua:
2844 1960 3113 2016 nunquam
3143 1946 3349 2016 nupsit;
3379 1945 3471 2001 sed
3498 1948 3657 2002 etiam
3684 1962 3805 2002 eam

2217 2046 2337 2101 quae
2358 2032 2663 2102 nuptiarum
2687 2034 2897 2089 vinculo
2921 2050 3014 2106 per
3038 2036 3348 2093 viduitatem
3379 2037 3620 2102 liberata,
3642 2046 3807 2107 nupta

2217 2136 2338 2177 esse
2356 2122 2559 2179 destitit
2587 2143 2599 2179 :
2634 2139 2755 2178 nam
2777 2124 2898 2180 ideo
2918 2135 2971 2181 et
2994 2136 3215 2197 nuptam
3242 2144 3347 2183 non
3368 2128 3497 2184 dicit
3521 2171 3535 2195 ,
3560 2130 3659 2184 nisi
3683 2144 3806 2186 eam

2217 2229 2336 2283 qua:
2353 2213 2525 2268 virum
2550 2214 2742 2281 habet;
2766 2231 2873 2271 non
2903 2217 3062 2272 etiam
3089 2233 3205 2273 eam
3227 2234 3345 2289 qum
3366 2219 3585 2288 habuit,
3612 2230 3667 2276 et
3697 2236 3807 2276 non

2220 2304 2398 2361 habet.
2423 2306 2761 2377 Quapropter
2779 2307 2936 2363 vidua
2961 2310 3136 2364 omnis
3162 2312 3377 2381 innupta
3405 2318 3488 2366 est
3516 2329 3529 2365 :
3562 2311 3655 2367 sed
3680 2312 3810 2382 quia

2220 2412 2328 2453 non
2355 2399 2527 2453 omnis
2554 2398 2773 2467 innupta
2803 2399 2960 2454 vidua
2990 2409 3109 2466 est;
3143 2409 3265 2455 sunt
3296 2401 3436 2456 enim
3464 2410 3518 2456 et
3542 2401 3809 2472 virgines;

2221 2488 2341 2544 ideo
2381 2489 2468 2543 hic
2514 2498 2796 2560 utrumque
2838 2491 3051 2560 posuit,
3081 2492 3171 2546 ubi
3220 2492 3326 2559 ait,
3360 2491 3488 2547 Dico
3526 2504 3694 2547 autem
3727 2494 3815 2548 in-

2221 2582 2393 2652 nuptis
2417 2590 2466 2636 et
2486 2582 2650 2637 viduis
2672 2591 2956 2653 :tanquam
2978 2584 3211 2653 diceret,
3239 2586 3392 2653 Quod
3410 2586 3530 2642 dico
3547 2586 3809 2657 innuptis,

2223 2690 2330 2730 non
2352 2675 2431 2729 eis
2480 2676 2608 2730 solis
2649 2675 2769 2731 dico
2811 2692 2932 2746 quae
2959 2677 3194 2748 virgines
3223 2687 3348 2733 sunt
3369 2719 3384 2744 ,
3413 2678 3509 2733 sed
3531 2678 3688 2734 etiam
3728 2679 3814 2734 eis

2222 2781 2340 2836 quae
2368 2765 2541 2821 vidua:
2570 2775 2728 2835 sunt;
2756 2767 2941 2823 bonum
2969 2785 3075 2825 esse
3098 2771 3201 2825 illis
3224 2771 3266 2825 si
3292 2771 3369 2825 sic
3408 2772 3775 2842 permanserint
3793 2813 3811 2836 ,

2223 2858 2350 2913 sicut
2376 2868 2422 2912 et
2464 2876 2577 2930 ego.

2290 2948 2518 3006 CAPUT
2558 2950 2645 3008 ΙΙΙ.
2683 2981 2759 2993 ——
2803 2954 2857 3008 ζ.
2903 2953 3102 3008 Bonum
3148 2954 3406 3009 viduitatis
3448 2957 3614 3025 majus
3656 2970 3817 3025 quam

2221 3042 2446 3115 conjugii
2466 3083 2479 3108 ,
2519 3043 2656 3112 quod
2707 3053 2872 3099 tamen
2896 3062 3007 3099 vere
3048 3047 3251 3101 bonum.
3291 3047 3527 3119 Conjugii
3562 3048 3689 3116 ﬁdes
3714 3089 3729 3114 ,
3763 3057 3815 3101 et

2222 3134 2326 3188 alia
2345 3136 2454 3207 ejus
2477 3136 2609 3190 bona
2625 3179 2640 3202 ,
2667 3137 2778 3192 licet
2804 3138 3046 3192 viduitate
3091 3141 3306 3195 minora.
3330 3141 3467 3195 Ecce
3500 3150 3580 3196 est
3604 3141 3815 3197 bonum

2224 3235 2373 3283 tuum
2420 3229 2470 3283 ei
2513 3229 2652 3285 bono
2701 3241 3103 3301 comparatum,
3142 3234 3282 3303 quod
3338 3235 3465 3289 dicit
3519 3236 3817 3305 Apostolus

2223 3333 2396 3386 suum,
2423 3321 2468 3377 si
2498 3321 2628 3377 fides
2653 3322 2832 3390 adest;
2866 3324 2972 3378 imo
2996 3326 3118 3395 quia
3148 3325 3281 3381 fides
3310 3327 3479 3381 adest.
3508 3327 3692 3381 Brevis
3725 3338 3817 3384 est

2224 3412 2323 3466 ista
2368 3411 2607 3467 doctrina
2629 3456 2644 3480 ,
2679 3430 2777 3470 nec
2823 3414 2943 3471 ideo
2970 3419 3359 3473 contemnenda
3384 3459 3397 3483 ,
3424 3420 3545 3488 quia
3584 3418 3765 3473 brevis
3796 3438 3811 3474 :

2225 3503 2319 3557 sed
2346 3503 2465 3559 ideo
2486 3503 2691 3560 facilius
2716 3513 2770 3560 et
2796 3506 3010 3562 charius
3042 3508 3291 3576 tenenda,
3319 3509 3441 3579 quia
3470 3510 3521 3564 in
3553 3510 3816 3565 brevitate

2225 3610 2332 3649 non
2354 3594 2493 3651 vilis.
2523 3596 2640 3650 Non
2679 3596 2822 3651 enim
2869 3598 3255 3669 qualecumque
3282 3599 3483 3654 bonum
3533 3600 3618 3653 hic
3660 3615 3817 3654 com-

2226 3688 2501 3742 mendaret
2546 3689 2835 3759 Apostolus
2859 3731 2873 3757 ,
2904 3691 3047 3761 quod
3078 3690 3201 3748 fidei
3230 3701 3509 3763 nuptarum
3547 3693 3660 3748 sine
3696 3694 3811 3747 ulla

2226 3780 2565 3851 ambiguitate
2606 3783 2913 3853 praeposuit.
2954 3776 3221 3851 Quantum
3250 3794 3425 3841 autem
3469 3787 3664 3841 bonum
3714 3785 3818 3840 ha-

2225 3874 2349 3929 beat
2377 3880 2663 3942 nuptarum
2692 3873 2825 3929 ﬁdes
2850 3916 2865 3941 ,
2896 3873 2948 3929 id
2994 3883 3108 3941 est,
3153 3876 3560 3931 Christianarum
3603 3884 3656 3930 et
3682 3876 3818 3931 reli-

2225 3962 2495 4034 giosarum
2541 3963 2976 4034 conjugatarum,
3010 3965 3133 4020 hinc
3175 3964 3395 4036 intelligi
3434 3973 3634 4034 potest,
3665 3965 3817 4035 quod

2224 4068 2347 4109 cum
2374 4053 2441 4109 de
2479 4053 2726 4124 fugienda
2751 4045 3101 4112 fornicatione
3126 4058 3469 4127 praeciperet,
3501 4057 3586 4113 ubi
3630 4057 3819 4127 utique

2224 4156 2278 4203 et
2306 4147 2619 4217 conjugatos
2643 4148 3034 4218 alloquebatur,
3064 4148 3305 4216 Nescitis,
3332 4149 3529 4219 inquit,
3554 4150 3670 4218 quia
3697 4165 3822 4203 coro

2226 4258 2351 4312 pora
2396 4252 2557 4296 vestra
2583 4240 2803 4295 membra
2830 4250 2947 4296 sunt
2972 4241 3154 4297 Christi
3179 4241 3295 4311 (Id.
3330 4258 3414 4309 v1,
3443 4240 3553 4312 l9).
3583 4240 3817 4295 Tantum

2224 4348 2352 4403 ergo
2415 4334 2613 4389 bonum
2666 4343 2749 4389 est
2807 4334 2980 4390 ﬁdelis
3029 4335 3293 4405 eonjugii,
3361 4343 3418 4389 ut
3469 4335 3630 4389 etiam
3696 4334 3819 4402 ipsa

2228 4424 2466 4479 membra
2498 4424 2605 4479 sint
2630 4425 2849 4479 Christi.
2887 4425 3002 4480 Hoc
3030 4433 3205 4481 autem
3229 4425 3370 4481 bono
3394 4426 3640 4495 quoniam
3661 4426 3676 4456 ¹
3699 4440 3823 4480 me-

2227 4516 2328 4571 lius
2356 4527 2436 4572 est
2462 4517 2659 4573 bonum
2686 4517 3028 4572 continentiae
3054 4518 3277 4572 vidualis
3297 4559 3313 4583 ,
3342 4532 3446 4570 non
3480 4516 3579 4571 hac
3606 4514 3826 4586 profes-

2229 4608 2378 4663 sione
2406 4608 2457 4662 id
2507 4609 2702 4679 agitur,
2755 4616 2812 4662 ut
2855 4609 3055 4680 aliquid
3102 4610 3219 4679 plus
3261 4608 3331 4663 sit
3368 4607 3629 4663 catholica
3655 4606 3824 4662 vidua

2228 4715 2386 4770 quam
2414 4701 2713 4755 membrum
2741 4699 2970 4766 Christi;
2995 4701 3086 4755 sed
3110 4710 3166 4754 ut
3196 4700 3470 4755 meliorem
3500 4713 3654 4768 quam
3683 4711 3827 4751 con-

2223 4792 2405 4863 jugata
2452 4793 2628 4849 locum
2684 4793 2878 4848 habeat
2927 4794 3065 4847 inter
3122 4792 3357 4847 membra
3405 4790 3621 4846 Christi.
3676 4788 3828 4845 Dicit

2229 4883 2425 4952 quippe
2470 4882 2610 4938 idem
2655 4882 2930 4952 apostolus
2962 4900 2974 4936 :
3004 4881 3146 4936 Sicut
3188 4881 3319 4935 enim
3359 4881 3413 4935 in
3455 4895 3555 4935 uno
3604 4893 3826 4947 corpore

1707 5008 1995 5049 ADHONlTlO
2033 5010 2116 5048 PP.
2156 5010 2638 5050 BENEDICTINORUI.

598 5089 648 5140 In
702 5088 815 5139 libri
853 5089 1003 5153 hujus
1042 5087 1379 5153 recognitione
1422 5084 1713 5153 contulimus
1745 5099 1855 5153 cum
1899 5087 2102 5153 Erasmi_
2131 5098 2187 5135 ac
2242 5087 2608 5153 [pvaniensium
2653 5086 3045 5153 editisveteres
3082 5088 3274 5137 codices
3328 5086 3590 5136 Gallicanos

533 5153 643 5209 cim,
673 5144 1235 5214 negium,_§orbonicum,
1262 5150 1552 5214 \jictorinum
1567 5183 1597 5214 ,ν
1614 5149 2039 5214 Augustinensem,
2059 5149 2107 5197 id
2122 5154 2199 5197 est
2221 5163 2250 5214 e
2267 5149 2564 5197 bibliotheca
2586 5151 3038 5214 Augustinianorum
3072 5152 3216 5214 Paris.
3239 5153 3585 5214 carnutensem
3607 5144 3832 5214 abbatissa

535 5222 581 5261 s.
608 5206 767 5272 Petri",
788 5206 1155 5273 laudunensem
1192 5210 1413 5273 Ecclesia:
1436 5206 1629 5271 majoris
1646 5245 1661 5269 ,
1686 5206 2067 5260 ’Cisterciensem
2084 5244 2098 5269 ,
2137 5213 2565 5273 Cygirannensem,
2584 5206 2906 5269 Bcceensem,
2929 5209 3288 5273 Michaeliuum,
3324 5206 3694 5273 Audoenensem
3714 5240 3730 5263 ,
3770 5212 3832 5255 et

536 5268 917 5324 vetustissundm
941 5272 1093 5329 mille,
1120 5280 1202 5321 aut
1226 5272 1449 5333 amplius,
1474 5268 1709 5320 annorum
1748 5278 2130 5323 Germanenscm
2146 5268 2376 5333 {necnon
2401 5268 2631 5321 Romanos
2646 5268 2899 5322 velit-auos
2924 5279 3045 5333 tres,
3079 5283 3135 5321 ac
3160 5270 3402 5320 variantes
3436 5268 3675 5318 lectiones
3699 5278 3832 5329 qua-

538 5344 649 5385 tuor
674 5336 976 5398 Belgicorum
998 5347 1109 5397 qua:
1131 5341 1327 5384 exstant
1342 5334 1467 5395 apud
1490 5335 1829 5383 Lovanienses.

616 5418 1127 5497 Comparavimus
1155 5426 1451 5497 praetcrea
1480 5436 1577 5477 eas
1604 5435 1809 5477 omnes
1835 5416 2138 5479 editiones
2168 5416 2357 5479 initio
2385 5418 2561 5479 Retr.
2584 5427 2639 5480 et
2669 5416 2954 5479 Confess.
2988 5424 3033 5478 t.
3068 5418 3126 5492 1,
3158 5423 3543 5479 memoratas.
3628 5413 3719 5476 M.

603 5520 622 5554 ι
640 5520 712 5569 Sic
727 5525 801 5567 Er.
822 5526 874 5569 et
896 5519 1114 5569 nonnulli
1133 5528 1238 5570 MSS.
1256 5527 1312 5570 Αι
1327 5526 1457 5569 Lov.:
1473 5526 1642 5569 Servus
1663 5530 1907 5569 certorum
1929 5516 2125 5569 Christi.

539 5581 908 5660 vetustissimus
920 5582 1232 5631 Corbeiensis
1256 5582 1431 5643 codex,
1458 5593 1623 5633 senius
1654 5578 1849 5643 Christi,
1878 5593 2128 5649 servorum

538 5642 985 5753 Ch'nts‘itsterciensis
1004 5709 1110 5763 Ms...
1133 5710 1230 5755 tute
1251 5703 1302 5755 in
1318 5703 1505 5756 (‘hristo
1528 5702 1813 5758 dilectionis.

607 5767 627 5797 ³
650 5768 722 5816 sic
740 5771 846 5815 Mss.
873 5764 989 5815 Fditi
1008 5773 1189 5826 autem,
1217 5766 1475 5819 honorasti.

604 5828 625 5861 δ
650 5829 720 5879 sic
759 5834 832 5878 Er.
860 5834 911 5877 et
929 5833 1035 5877 Mss.
1056 5826 1298 5893 [debetis]

2300 5520 2314 5551 ¹
2344 5518 2478 5581 Editi,
2497 5531 2606 5582 quo.
2630 5519 2932 5580 Meliusatss.,
2957 5530 3196 5584 quoniam.
