4070 6334
241 424 341 480 855

242 537 395 591 nouttu
418 530 650 586 membra
681 529 936 592 habemus,
963 527 1129 580 nuntia
1153 525 1567 579 antem-membra
1595 540 1694 577 non
1723 538 1833 575 eos—

246 630 354 682 dem
400 637 549 681 actus
594 627 835 690 habent;
859 625 930 677 ita
976 622 1122 677 multi
1157 637 1315 691 unum
1357 634 1542 690 corpus
1572 634 1744 672 sumus
1785 617 1839 670 in

250 721 439 775 Christo
463 760 479 785 ,
525 717 723 791 singuii
769 725 936 772 autem
980 716 1109 769 alter
1147 713 1357 768 alterius
1393 711 1617 766 membra
1649 712 1710 764 "z
1744 713 1840 764 Ita-

248 816 408 869 bentes
460 813 602 867 dona
654 812 856 867 diversa
898 808 1172 864 secundum
1214 808 1432 880 gratiam
1469 822 1583 877 qua:
1624 804 1742 858 data
1772 814 1842 860 est

252 909 386 977 nobis
407 907 609 981 (κου..-
625 922 741 973 xu,
771 907 805 962 ι
824 904 902 978 6).

318 1004 371 1060 5.
398 1001 527 1057 ideo
550 1001 715 1057 etiam
747 1013 868 1053 eum
919 1003 1161 1052 moneret
1184 994 1529 1065 coniugales,
1574 1008 1643 1048 ne
1667 990 1846 1046 debito

252 1094 479 1152 earnalis
503 1089 903 1149 commixtionis
929 1087 1238 1144 fraudarem
1265 1087 1515 1151 invicem;
1545 1095 1597 1138 et
1624 1099 1718 1153 per
1744 1083 1846 1136 hoc

252 1189 381 1244 alter
402 1199 593 1241 eorum
623 1192 817 1253 negato
841 1180 942 1236 sibi
985 1179 1166 1235 debito
1199 1176 1462 1247 conjngall
1483 1217 1499 1242 ,
1529 1189 1625 1245 per
1651 1174 1843 1228 inlent-

250 1278 553 1351 perantiam
587 1289 741 1331 suam
793 1280 1029 1328 tentatus
1061 1286 1093 1326 ι
1120 1279 1300 1324 satana
1324 1310 1338 1333 ,
1364 1268 1416 1321 in
1445 1266 1845 1321 fornicationem

255 1370 667 1441 prolaberetur:
703 1364 815 1419 Hoc
862 1371 1031 1417 autem
1069 1361 1182 1415 dico
1206 1403 1221 1426 ,
1246 1359 1451 1429 inquit,
1473 1358 1747 1412 secundum
1768 1371 1844 1409 re-

255 1462 387 1513 niam
411 1500 429 1524 ,
457 1474 559 1511 non
579 1455 855 1512 secundum
882 1453 1166 1523 imperium.
1207 1449 1335 1505 Volo
1358 1464 1526 1503 autent
1555 1465 1723 1502 omnes
1751 1448 1846 1501 lto-

258 1553 412 1605 wines
432 1552 454 1583 '
482 1565 591 1603 esse
615 1550 743 1602 sicut
769 1562 848 1600 me
886 1546 1049 1615 ipsum
1075 1560 1092 1599 :
1115 1543 1204 1598 sed
1225 1542 1561 1613 unusquisque
1586 1541 1846 1612 proprium

257 1642 441 1695 donum
483 1640 632 1694 habet
660 1656 691 1691 a
721 1636 862 1700 Deo;
891 1638 1023 1690 alius
1061 1635 1261 1707 quidem
1290 1635 1390 1696 sic,
1416 1633 1547 1686 alius
1572 1648 1684 1686 vero
1703 1633 1774 1685 sic
1802 1630 1844 1685 ³.

323 1731 554 1788 CAPUT
580 1731 670 1785 IV.
694 1759 769 1771 —
804 1728 1078 1784 Viduitatis
1120 1727 1430 1797 professione
1478 1742 1577 1778 non
1614 1724 1849 1778 damnari

257 1824 500 1880 secundas
541 1823 767 1893 nuptias.
794 1819 1233 1892 Catapltrygarum
1266 1830 1315 1874 et
1346 1817 1745 1872 Novatiauorum
1775 1833 1849 1871 er-

261 1934 343 1972 ror
362 1934 395 1971 a
429 1915 751 1970 Tertulliono
782 1913 1096 1984 propalatus.
1133 1911 1291 1967 \‘ides
1331 1911 1490 1966 etiam
1517 1908 1847 1979 coniugalem

259 2008 564 2079 pudicitiam
611 2015 668 2062 et
695 2005 836 2060 thori
880 2002 1157 2060 christiani
1201 2000 1645 2056 ntatrimonialem
1689 1998 1848 2054 ﬁdem

257 2101 453 2156 donum
482 2113 635 2163 esse,
660 2106 715 2152 et
740 2096 843 2152 hoc
870 2110 899 2150 a
930 2096 1042 2151 Deo
1062 2113 1081 2148 ς
1114 2104 1166 2148 ut
1211 2091 1341 2148 illud
1379 2091 1520 2162 quod
1549 2091 1684 2146 ultra
1716 2088 1851 2144 libe-

258 2207 439 2249 rorum
469 2187 921 2261 procreandorum
943 2185 1317 2241 necessitatem
1346 2181 1562 2237 modum
1594 2195 1850 2237 concum-

259 2282 416 2339 bendi
460 2281 802 2351 aliquatenus
846 2275 1275 2347 concupiscentia
1322 2273 1551 2330 carnalis
1601 2271 1847 2340 excedit,

257 2392 360 2432 non
381 2374 689 2445 nuptiarum
717 2372 790 2427 sit
815 2370 917 2427 hoc
943 2371 1164 2435 malum,
1182 2368 1279 2425 sed
1299 2366 1509 2423 veniale
1537 2366 1606 2421 sit
1633 2373 1851 2436 prepter

250 2469 563 2540 nuptiarum
590 2467 810 2521 bonum.
838 2463 954 2518 Non
978 2462 1122 2517 enim
1163 2460 1232 2516 de
1278 2458 1560 2530 eonjngio,
1586 2456 1728 2527 quod
1755 2472 1850 2512 co-

258 2560 471 2630 pulatur
496 2557 789 2612 liberorum
831 2551 1282 2624 procreandorum
1312 2565 1509 2618 causa,
1531 2558 1585 2605 et
1627 2548 1730 2604 nde
1753 2564 1851 2619 pu-

255 2650 453 2707 dicitim
495 2646 825 2718 coniugalis,
875 2654 931 2701 et
980 2643 1371 2709 indissolubili,
1397 2642 1651 2713 quamdiu
1692 2642 1852 2696 ambo

258 2744 479 2809 vivunt,
527 2741 854 2797 matrimonii
906 2747 1285 2804 sacramento,
1328 2753 1448 2808 qua:
1495 2737 1673 2791 omnia
1714 2736 1851 2790 bona

255 2846 414 2902 sunt;
448 2836 548 2891 sed
572 2835 749 2890 deilto
778 2831 1064 2889 immodico
1106 2832 1285 2886 carnis
1323 2846 1419 2886 usu
1439 2870 1457 2898 ,
1487 2831 1576 2901 qui
1621 2830 1674 2885 in
1705 2829 1854 2884 inlir-

260 2930 445 2984 mitate
474 2928 765 2999 conjugum
806 2924 1132 2996 agnoscitur,
1161 2933 1218 2979 et
1262 2924 1563 2978 interventu
1593 2922 1716 2977 boni
1748 2937 1851 2976 nu-

256 3021 435 3091 ptialis
485 3020 786 3092 ignoscitur
808 3059 825 3086 ,
856 3017 933 3072 ait
962 3016 1283 3088 Apostolus,
1322 3015 1612 3070 Secundum
1658 3016 1854 3069 vatiam

257 3111 390 3177 dico,
417 3126 522 3165 non
548 3108 825 3165 secuttdum
854 3107 1141 3176 imperium.
1167 3105 1296 3160 Item
1323 3119 1445 3160 cum
1470 3104 1632 3173 dicit,
1667 3103 1853 3159 Mulier

256 3202 469 3273 alligata
507 3211 584 3256 est
610 3200 632 3230 ⁸
652 3241 668 3265 ,
695 3198 937 3268 quamdiu
965 3198 1040 3251 vir
1074 3198 1193 3268 ejus
1212 3197 1328 3250 vivit
1351 3196 1537 3266 ;-quod
1563 3196 1607 3249 si
1628 3205 1854 3250 mortuus

258 3293 410 3363 fuerit
440 3293 516 3345 vir
542 3292 657 3363 ejus
675 3331 691 3356 ,
723 3290 932 3344 liberata
958 3298 1030 3343 est
1053 3304 1071 3342 :
1099 3288 1183 3343 cui
1208 3287 1314 3342 uult
1361 3286 1515 3340 nubat
1538 3328 1553 3354 ,
1582 3296 1775 3340 tmttnm
1800 3287 1855 3341 in

232 3383 480 3439 .Dontino
504 3403 523 3438 :
546 3383 737 3437 beatior
774 3390 940 3435 autem
979 3381 1107 3447 erit,
1158 3380 1202 3434 si
1244 3379 1323 3434 sic
1366 3378 1728 3448 permanserit,
1775 3394 1855 3432 se-

258 3478 480 3530 cundum
507 3490 675 3529 meum
694 3473 960 3527 consilium
980 3488 999 3537 ;
1028 3471 1158 3529 satis
1176 3469 1411 3525 ostendit
1429 3469 1638 3524 beatam
1658 3482 1776 3524 esse
1800 3469 1855 3523 in

258 3564 486 3621 Domino
525 3565 688 3620 etiam
728 3571 850 3633 post
874 3570 1098 3617 mortem
1126 3561 1224 3616 viri
1253 3561 1443 3615 iterum
1480 3560 1767 3615 nubentem
1795 3559 1857 3615 li-

259 3658 457 3726 delem,
476 3657 573 3713 sed
601 3658 655 3712 in
682 3656 872 3711 eodem
900 3655 1125 3710 Domino
1149 3653 1361 3709 viduam
1393 3652 1721 3709 beatiorem:
1752 3652 1854 3708 hoc

259 3759 364 3815 est,
393 3758 456 3805 ut
475 3748 875 3818 Scripturarum
902 3762 1008 3801 non
1035 3754 1244 3801 tantum
1268 3744 1463 3809 verbis,
1481 3759 1666 3799 verum
1692 3744 1852 3799 etiam

261 3839 519 3911 exemplis
542 3838 752 3910 loquar,
778 3837 987 3893 beatam
1015 3851 1134 3892 esse
1160 3835 1303 3891 Ruth
1327 3875 1344 3903 ,
1373 3834 1469 3892 sed
1488 3835 1698 3891 Annam
1730 3836 1855 3894 bea-

261 3932 470 3989 liorem.

326 4026 380 4079 6.
408 4024 754 4094 Quapropter
772 4021 877 4078 hoc
897 4022 1122 4092 primum
1140 4030 1355 4092 oportet
1374 4030 1433 4076 ut
1452 4021 1682 4087 noveris,
1705 4021 1847 4078 bono

262 4117 399 4188 quod
430 4117 641 4189 elegisti
679 4132 785 4172 non
810 4115 1051 4171 damnari
1090 4115 1353 4171 secundas
1380 4115 1612 4186 nuptias,
1644 4115 1738 4169 sed
1768 4117 1850 4169 in-

264 4208 427 4265 terius
447 4208 724 4264 honorari.
752 4208 886 4263 Nam
908 4208 1268 4264 sicut-bonum
1290 4218 1488 4265 sanctm
1512 4208 1849 4279 virginitatis,

263 4301 398 4369 quod
424 4300 592 4370 elegit
616 4299 726 4355 ﬁlia
759 4308 868 4365 tua,
899 4314 1008 4355 non
1033 4299 1252 4355 damnat
1287 4316 1420 4356 unas
1450 4300 1662 4370 nuptias
1702 4309 1850 4365 tuas;

264 4393 335 4446 sic
363 4406 466 4447 nec
491 4389 724 4446 viduitas
749 4398 859 4458 tua,
890 4390 1199 4462 cujusquam
1230 4391 1515 4447 secundas.
1547 4391 1681 4447 Hinc
1708 4393 1852 4447 enim

265 4484 499 4538 maxime
529 4481 990 4553 Catapbrygarum
1039 4497 1103 4538 ac
1151 4482 1566 4538 Novatianorum
1622 4483 1852 4540 haereses

266 4583 595 4642 tumuerunt,
636 4589 772 4645 quas
793 4574 973 4629 buccis
1002 4575 1336 4639 sonantibus,
1359 4590 1469 4630 non
1499 4574 1849 4644 sapientibus,

266 4665 417 4720 etiam
464 4662 833 4741 Tertullianus
879 4662 1099 4731 inﬂavit,
1155 4664 1280 4718 dum
1330 4664 1596 4720 secundas
1639 4666 1852 4735 nuptias

267 4764 513 4827 tanquam
544 4755 756 4812 illicitas
799 4755 1058 4812 maledico
1084 4755 1244 4811 dente
1271 4754 1528 4822 concidit,
1575 4769 1710 4825 quas
1737 4771 1854 4810 om-

270 4848 389 4902 nino
421 4848 601 4904 licitas
626 4846 914 4917 Apostolus
942 4847 1119 4901 sobria
1150 4855 1329 4902 mente
1353 4845 1617 4901 concedit.
1651 4846 1734 4901 Ab
1755 4846 1855 4902 hac

267 4938 494 4994 sanitate
537 4937 821 5003 doctrinm,
861 4938 1053 4994 nullius
1078 4937 1312 5002 indocti,
1347 4936 1542 4993 nullius
1569 4936 1711 4992 docti
1739 4937 1853 4993 dis-

270 5032 539 5099 putatione
594 5030 892 5097 movearis;
926 5046 1023 5087 nec
1068 5032 1137 5085 ita
1164 5031 1391 5086 extollas
1436 5029 1632 5085 bonum
1682 5038 1850 5097 tuum,

270 5134 322 5173 ut
350 5120 496 5192 quod
526 5121 725 5176 malum
756 5136 863 5176 non
912 5129 1018 5187 est,
1050 5130 1301 5191 tanquam
1332 5120 1530 5175 malum
1558 5120 1856 5176 crimineris

268 5216 498 5272 alienum
531 5232 546 5270 :
577 5215 673 5271 sed
703 5223 851 5270 tanto
875 5215 1045 5285 magis
1069 5214 1240 5285 gaude
1267 5214 1334 5269 de
1363 5223 1453 5269 tuo
1478 5213 1640 5281 bono,
1658 5223 1857 5284 quanto

331 5389 345 5417 '
375 5388 525 5448 aditi,
572 5387 697 5438 alter
742 5385 942 5437 alterius
983 5390 1093 5437 sunt
1138 5384 1369 5436 membra.
1415 5386 1782 5444 Abest,,sunt,
1828 5397 1857 5435 a

263 5451 425 5618 tit?
458 5512 605 5563 umis
650 5513 885 5563 omissum
926 5517 1060 5571 erat,
1103 5508 1313 5560 homines
1331 5521 1348 5569 ,°
1379 5508 1509 5573 quod
1543 5510 1591 5557 iu
1624 5514 1729 5558 ass.
1770 5508 1856 5557 ha-

337 5581 388 5620 tu
421 5613 432 5623 .

332 5635 356 5665 ³
381 5589 504 5695 £53.,
523 5636 649 5687 alius
670 5634 761 5693 sic,
786 5632 912 5684 alius

329 5698 355 5724 ⁵
381 5694 706 5758 amadd‘ttur,
732 5698 775 5747 te
816 5695 826 5706 '
851 5694 978 5746 :vo'x
997 5709 1061 5745 ex
1085 5694 1292 5757 Epistola
1310 5694 1370 5743 ad
1402 5701 1648 5749 Ronanos,
1673 5707 1779 5757 cap.
1806 5695 1856 5745 7.

344 5755 396 5808 2.
419 5763 598 5808 uetita:
636 5773 747 5808 uuae
775 5709 875 5808 που
905 5758 1010 5808 loco
1044 5770 1172 5807 nunc
1212 5758 1260 5805 in
1300 5756 1500 5808 Vulgata
1533 5755 1740 5808 lenitur,
1769 5760 1855 5805 sed

272 5755 329 5834 ἒς.
344 5755 408 5834 3».
419 5763 605 5834 ιἐιίιὲῑ.
627 5755 747 5834 alia
776 5755 1021 5834 “90-!009.
1032 5755 1500 5834 ,ηξιίξβὲεὶιῖἱιωέἓθ
1517 5755 1712 5834 1θὲἔὶιεῖ
1727 5755 1855 5834 £st“

273 5818 433 5930 :bést'
468 5818 706 5876 aBibh‘is
751 5823 946 5886 scriptis
990 5819 1365 5893 oorbeiensibus
1415 5826 1467 5869 et
1514 5818 1855 5869 Germanensi-

934 5632 1129 5699 quidem
1150 5633 1239 5699 sit.

1401 412 1497 468 DE'
1529 412 1705 466 ΒΟΝΟ
1747 406 2130 466 ἩΠΕΙΪᾹΊῚΞ
2168 412 2384 470 ωηιξη.

1944 2922 2116 2978 etiam
2165 2922 2267 2978 hoc
2310 2923 2494 2993 procul
2539 2923 2703 2979 dubio
2730 2924 2929 2980 bomun
2958 2933 3037 2980 est

3427 424 3532 480 ιδι

1954 522 2120 591 magis
2147 523 2294 578 vides
2326 541 2431 579 non
2460 534 2664 583 tantum
2697 528 2786 582 illo
2815 528 3037 585 devitari
3070 531 3227 597 mala,
3258 534 3350 588 sed
3385 552 3532 604 qua:-

1947 611 2069 667 datn
2100 614 2233 668 bona
2262 617 2420 671 etiam
2449 619 2710 688 superari.
2740 620 2871 674 Mula
2895 631 3018 675 sunt
3044 624 3185 677 enim
3206 624 3526 681 adulterium

1948 706 2029 760 vel
2061 706 2359 763 fornicatio.

1934 828 1937 831 λ
2017 797 2242 855 CAPUT
2282 799 2345 854 ν.
2378 832 2450 843 -
2488 802 2767 858 Honestum
2796 805 2897 860 dici
2923 808 3183 864 viduitatis
3209 808 3391 863 bonum
3415 813 3534 881 quia

1948 888 2226 957 honestius,
2260 908 2359 946 non
2389 904 2444 946 ut
2472 903 2617 965 turpe
2641 905 2843 965 putetur
2868 900 3182 970 eonjugium.
3216 901 3297 956 Ab
3326 900 3407 956 his
3443 919 3540 959 att-

1950 990 2056 1035 texn
2089 981 2282 1037 illicitis
2319 983 2472 1039 valde
2500 984 2657 1055 longe
2684 998 2766 1042 est
2791 1005 2908 1059 qua:
2938 992 3045 1044 vnti
3078 990 3324 1047 libertate
3354 1008 3411 1047 se
3434 993 3533 1047 oh-

1951 1071 2198 1139 strinxit,
2230 1083 2281 1128 et
2308 1075 2407 1128 sibi
2434 1076 2593 1132 etiam
2621 1077 2761 1132 licita
2794 1096 2859 1134 ne
2887 1080 3127 1145 licerent,
3160 1097 3265 1137 non
3313 1084 3538 1153 imperio

1952 1161 2102 1232 legis,
2131 1164 2227 1218 sed
2253 1166 2479 1221 consilio
2503 1168 2777 1223 charitatis
2802 1169 2997 1226 eliecit.
3029 1172 3093 1225 Et
3124 1173 3320 1227 bonum
3347 1185 3430 1228 est
3448 1190 3540 1245 pu-

1948 1252 2128 1308 dieitia
2155 1255 2467 1326 conjugalis,
2507 1258 2601 1313 sed
2633 1259 2822 1315 melius
2852 1261 3050 1316 bonum
3086 1272 3169 1319 est
3202 1264 3529 1319 continentia

1952 1347 2196 1402 vidualis.
2230 1347 2342 1403 Hoc
2368 1364 2497 1419 ergo
2523 1352 2710 1408 melius
2734 1353 2875 1408 illius
2905 1355 3027 1410 boni
3054 1356 3408 1412 submissioue
3438 1358 3539 1410 lto-

1952 1450 2171 1495 noratnr
2203 1461 2215 1496 :
2246 1458 2350 1498 non
2380 1443 2506 1498 illud
2538 1444 2733 1501 bonum
2779 1447 3014 1504 melioris
3049 1448 3207 1519 hujus
3244 1450 3400 1506 laude
3437 1451 3536 1505 da-

1953 1542 2184 1590 mnatur.

2025 1628 2076 1681 7.
2116 1629 2268 1696 Quod
2299 1639 2473 1685 autem
2518 1633 2823 1701 Apostolus,
2855 1649 2975 1689 cum
3006 1636 3249 1691 eaalibum
3294 1644 3347 1691 et
3376 1637 3532 1690 innu-

1955 1730 2162 1791 ptarntn
2215 1724 2619 1780 commendaret
2667 1725 2919 1791 fructum,
2969 1729 3091 1798 quia
3137 1731 3373 1800 cogitant
3418 1746 3536 1799 qua:

1956 1824 2083 1868 sunt
2112 1815 2343 1883 Domini,
2368 1816 2634 1885 quomodo
2668 1819 2911 1888 placeant
2934 1821 3062 1889 Deo,
3096 1821 3323 1890 subjecit
3359 1831 3413 1875 et
3441 1823 3534 1887 ait,

1958 1901 2069 1957 Hoc
2093 1915 2260 1959 autem
2285 1907 2353 1960 ad
2380 1909 2649 1963 utilitatem
2675 1920 2890 1964 vestram
2916 1911 3050 1975 dico,
3085 1928 3184 1965 non
3213 1921 3267 1965 ut
3300 1913 3535 1983 laqueum

1952 1999 2091 2050 nobis
2134 1998 2382 2068 injiciam,
2434 1998 2486 2054 id
2515 2008 2617 2067 est,
2645 2016 2751 2056 non
2779 2010 2838 2057 ut
2875 2016 2970 2057 vos
3019 2017 3236 2073 cogam;
3274 2003 3362 2056 sed
3384 2001 3453 2055 ad
3483 2003 3535 2055 id

1946 2090 2087 2160 quod
2114 2090 2377 2146 honestum
2402 2102 2474 2146 est
2505 2108 2523 2147 :
2556 2108 2661 2148 non
2691 2096 2813 2164 quia
2844 2095 3183 2165 innuptarum
3214 2095 3409 2150 bonum
3442 2096 3541 2150 ho-

1954 2182 2345 2248 nestumdixit,
2385 2183 2505 2239 ideo
2537 2193 2720 2254 putare
2749 2186 3006 2242 debemus
3035 2198 3186 2258 turpe
3214 2202 3336 2243 esse
3358 2186 3541 2243 vincu-

1955 2271 2065 2326 lum
2094 2271 2407 2342 conjugale;
2439 2273 2675 2344 alioquin
2704 2276 2865 2330 etiam
2921 2277 3117 2346 primas
3158 2278 3369 2348 nuptias
3408 2294 3538 2333 con-

1953 2362 2345 2429 demnabimus,
2387 2382 2519 2436 quas
2549 2382 2647 2422 nec
2675 2367 3061 2441 Catapltryges,
3095 2386 3193 2425 nec
3237 2369 3537 2438 Novatiani,

1956 2472 2056 2513 nec
2112 2458 2501 2515 disertissimus
2556 2476 2744 2516 eorum
2803 2462 3117 2533 astipulator
3184 2462 3545 2519 Tertulliattus

1957 2560 2139 2621 turpes
2168 2567 2329 2609 ausos
2354 2561 2437 2609 est
2464 2552 2665 2610 dicere.
2690 2554 2799 2610 Sed
2823 2555 3267 2625 quemadmorhun
3300 2572 3418 2611 cum
3445 2560 3539 2620 ait,

1958 2644 2086 2700 Dico
2110 2656 2276 2701 autem
2321 2648 2549 2718 innuptis
2575 2658 2625 2704 et
2644 2668 2647 2671 λ
2666 2648 2849 2715 viduis,
2880 2648 3065 2704 bonum
3095 2666 3200 2705 esse
3244 2650 3346 2705 illis
3398 2652 3443 2704 si
3471 2651 3543 2703 sic

1958 2739 2565 2808 permanserint;-utique
2591 2740 2787 2795 bonum
2817 2740 2991 2811 posuit
3014 2756 3110 2812 pro
3138 2742 3377 2806 meliore,
3406 2758 3543 2813 quo-

1957 2830 2101 2885 niam
2133 2845 2293 2886 onme
2319 2830 2459 2901 quod
2494 2831 2634 2887 bono
2677 2842 3043 2903 comparatum
3082 2833 3274 2888 melius
3318 2832 3534 2898 dicitur,

3084 2942 3099 2980 :
3144 2938 3281 2979 nam
3296 2924 3420 2994 quid
3464 2934 3546 2980 est

1957 3016 2099 3071 aliud
2123 3015 2265 3087 quod
2292 3017 2363 3071 ita
2388 3016 2586 3073 dicitur
2614 3019 2825 3085 melius,
2855 3018 2954 3073 nisi
2977 3018 3127 3089 quod
3147 3018 3317 3090 magis
3346 3018 3544 3074 bonum

1958 3108 2080 3164 est?
2106 3122 2206 3163 nec
2227 3107 2348 3163 ideo
2372 3119 2762 3179 consequenter
2781 3125 2901 3164 cum
2932 3110 3166 3166 sensisse
3189 3112 3534 3177 arbitramur,

1946 3199 2157 3255 malum
2185 3213 2317 3256 esse
2344 3200 2389 3254 si
2428 3202 2726 3271 nupserim,
2751 3201 3002 3271 quoniam
3031 3201 3183 3268 dixit,
3227 3201 3414 3255 bonum
3441 3218 3548 3257 esse

1957 3291 2061 3345 illis
2084 3292 2222 3346 sisic
2252 3293 2618 3362 permanserint
2647 3308 2668 3347 :
2707 3292 2778 3348 ita
2805 3294 2965 3349 ctiam
2989 3307 3110 3348 cum
3141 3295 3234 3359 ait,
3271 3293 3359 3348 sed
3398 3293 3467 3346 ad
3491 3293 3546 3347 id

1948 3382 2096 3453 quod
2141 3384 2402 3438 honestum
2452 3393 2557 3447 est;
2603 3398 2709 3439 non
2769 3383 3168 3438 matrimonium
3219 3391 3375 3454 turpe
3422 3398 3541 3439 esse

1960 3474 2296 3541 monstravit,
2326 3473 2420 3530 sed
2447 3474 2587 3546 quod
2618 3474 2843 3539 honesto
2865 3484 2980 3529 erat
3012 3474 3287 3529 honestius
3313 3489 3542 3544 genera-

1959 3568 2026 3624 lis
2078 3568 2288 3624 honesti
2338 3568 2559 3623 nomine
2611 3567 3023 3623 commendavit.
3080 3567 3216 3637 Quia
3266 3566 3543 3621 honestius

1957 3660 2083 3730 quid
2115 3667 2219 3726 est,
2248 3659 2348 3715 nisi
2371 3658 2520 3730 quod
2534 3660 2700 3731 magis
2726 3658 3007 3714 honestum
3036 3659 3153 3714 est?
3178 3657 3339 3729 Magis
3363 3666 3543 3711 autem

1959 3751 2244 3808 honestum
2297 3751 2803 3821 utiquehonestum
2842 3758 2945 3806 est.
2988 3751 3184 3819 Aperte
3224 3750 3417 3819 quippe
3444 3747 3544 3802 de-

1957 3844 2176 3901 claravit
2228 3845 2330 3900 hoc
2375 3826 2496 3900 csSe
2541 3844 2682 3899 bono
2709 3843 2800 3898 illo
2829 3843 3041 3909 melius,
3073 3842 3165 3897 ubi
3189 3843 3280 3907 ait,
3318 3841 3419 3907 Qui
3455 3840 3547 3893 dat

1957 3945 2170 4003 nuptum
2192 3977 2207 4002 ,
2254 3935 2375 3991 bene
2420 3937 2578 4008 facit;
2616 3946 2664 3990 et
2695 3936 2783 4006 qui
2831 3951 2932 3989 non
2978 3934 3067 3988 dat
3099 3943 3330 4001 nuptum,
3364 3931 3545 3985 melius

1958 4028 2082 4099 facit
2108 4044 2128 4082 :
2161 4036 2217 4083 et
2245 4026 2348 4083 hoc
2391 4026 2485 4081 illo
2508 4026 2666 4082 beato
2693 4026 2919 4091 beatius,
2963 4024 3051 4080 ubi
3094 4024 3188 4091 ait,
3220 4022 3424 4077 Beatior
3451 4037 3546 4075 au-

1958 4129 2056 4175 tem
2086 4121 2205 4186 erit,
2233 4120 2277 4175 si
2326 4120 2399 4175 sic
2435 4119 2768 4191 permanserit
2797 4119 2839 4191 (l
2886 4117 3003 4175 Cor.
3046 4134 3137 4183 vn,
3168 4116 3288 4182 5-8,
3329 4114 3543 4186 55-40);

1956 4211 2106 4270 Sicut
2129 4228 2258 4284 ergo
2286 4211 2429 4268 bono
2461 4213 2653 4267 melius
2693 4222 2747 4267 et
2770 4212 2928 4267 beato
2954 4210 3175 4274 beatius,
3210 4210 3287 4263 sic
3319 4208 3545 4262 honesto

1958 4305 2237 4361 honestius
2261 4312 2363 4371 est,
2393 4303 2535 4375 quod
2564 4304 2847 4358 honestum
2881 4302 3042 4357 voluit
3064 4300 3361 4372 appellare.
3389 4296 3547 4352 Absit

1959 4397 2102 4453 enim
2135 4405 2193 4450 ut
2218 4404 2371 4465 turpe
2411 4395 2481 4449 sit
2506 4394 2646 4449 unde
2672 4394 2895 4464 loquens
2914 4392 3194 4463 apostolus
3215 4390 3404 4445 Petrus
3429 4389 3503 4442 ait
3528 4404 3543 4441 :

1971 4489 2100 4557 Viri,
2119 4488 2362 4545 uxoribus
2388 4487 2561 4543 vestris
2584 4496 2821 4557 tanquam
2846 4485 2953 4538 vasi
2967 4484 3242 4555 infirmiori
3258 4492 3305 4537 et
3324 4481 3548 4553 subjecto

1960 4580 2162 4636 tribuite
2185 4580 2448 4644 honorem,
2472 4578 2619 4650 quasi
2644 4575 2987 4631 coltwredibus
3012 4576 3209 4647 gratim.
3239 4574 3306 4630 Et
3328 4574 3447 4628 illas
3468 4571 3519 4626 al

1958 4672 2202 4743 loquens,
2245 4669 2485 4725 subditas
2529 4683 2650 4724 esse
2676 4669 2805 4724 viris
2839 4668 2948 4724 suis
2968 4667 3230 4737 exemplo
3275 4666 3421 4722 Sara:
3447 4664 3542 4719 ad.

1959 4763 2201 4820 hortatur
2228 4781 2239 4816 :
2272 4760 2409 4816 Nam
2435 4762 2506 4816 sic
2532 4760 2786 4832 quaedam,
2830 4760 3020 4831 inquit,
3056 4768 3246 4814 sancta:
3273 4758 3537 4823 mulieres,

1957 4857 2142 4928 quain
2174 4855 2335 4912 Deum
2364 4856 2656 4926 sperabant,
2686 4853 2934 4909 ornabant
2964 4870 3036 4919 se,
3070 4852 3389 4922 obsequentes
3423 4850 3542 4903 viris

1958 4950 2064 5004 suis
2093 4964 2113 5004 :
2132 4949 2385 5019 quomodo
2413 4948 2548 5004 Sara
2570 4947 2829 5002 obediebat
2857 4945 3092 5011 Abrahat,
3121 4938 3543 4999 dominumiltum

1960 5055 2162 5103 vocans,
2204 5040 2352 5109 cujus
2402 5042 2552 5110 facta
2576 5040 2692 5093 estis
2722 5039 2845 5107 ﬁlia:
2872 5036 3253 5106 benefacientes,
3276 5042 3321 5087 et
3346 5048 3445 5085 non
3476 5031 3546 5084 ti-

1960 5140 2148 5184 mentes
2176 5128 2336 5183 ullam
2371 5130 2795 5199 perturbationem
2824 5128 2864 5199 (I
2898 5126 3043 5181 Petr.
3074 5142 3149 5190 ut,
3182 5123 3328 5193 5-7).
3386 5140 3389 5141 ν

2031 5221 2257 5277 CAPUT
2295 5220 2383 5275 Vi.
2405 5251 2476 5261 -—
2495 5221 2553 5276 8;
2579 5218 2630 5274 Ν
2634 5230 2784 5291 aptas
2800 5219 2949 5273 etiam
2965 5228 3181 5295 corpore]
3200 5221 3402 5268 sanctas
3416 5227 3543 5281 esse,

1962 5312 2076 5367 licet
2122 5312 2287 5367 minus
2322 5326 2474 5381 quam
2501 5312 2760 5379 innuptas.
2807 5308 3007 5363 Bonum
3031 5303 3290 5359 viduitatis
3318 5319 3419 5359 non
3449 5305 3547 5358 mis

1964 5406 2136 5460 nuitur
2179 5404 2389 5459 laudato
2417 5403 2547 5458 bono
2574 5401 2818 5473 conjugii,
2848 5398 2938 5454 sed
2964 5405 3194 5470 augetur.
3236 5395 3316 5451 An
3355 5396 3547 5451 beatior

1964 5499 2113 5553 Anna
2139 5498 2308 5563 vidua,
2336 5513 2488 5567 quam
2519 5494 2659 5549 Ruth
2684 5493 2760 5545 bis
2784 5498 2962 5561 nupta.
2986 5488 3138 5545 Unde
3164 5497 3219 5545 et
3246 5486 3376 5543 illud
3397 5486 3545 5556 quod

1963 5590 2030 5646 de
2077 5590 2309 5661 innupta
2347 5587 2545 5641 Paulus
2592 5582 2864 5655 apostolus
2892 5580 3045 5645 dixit,
3085 5579 3153 5636 Ut
3182 5581 3266 5637 ’sit
3292 5589 3467 5633 saneta
3495 5585 3548 5631 et

1964 5670 2174 5753 corpore
2201 5692 2248 5735 et
2274 5679 2453 5749 spiritu
2476 5678 2518 5749 (l
2540 5675 2661 5731 Cor.
2680 5690 2776 5741 vn,
2805 5674 2919 5744 3i),
2941 5690 3048 5729 non
3070 5673 3148 5729 sic
3174 5670 3546 5743 accipiendum

1966 5782 2068 5833 est.
2105 5772 2255 5844 quasi
2286 5777 2448 5839 nupta
2479 5766 2735 5824 fidelis-et
2760 5774 2904 5823 casta
2929 5806 2943 5830 ,
2982 5774 3036 5821 et
3060 5761 3364 5822 secundum
3402 5759 3549 5816 Seria
3616 5820 3625 5829 .

1878 5930 1881 5933 ,
1970 5868 2154 5939 ploras
2173 5861 2383 5919 subdita
2405 5860 2539 5926 viro,
2572 5875 2691 5918 non
2716 5861 2782 5933 sit
2816 5867 3279 5931 sancta-comere,
3306 5852 3549 5911 sedum-
