4070 6334
494 380 606 442 £55

497 497 775 557 tummodo
816 499 1027 571 spiritu.
1075 498 1213 556 Fieri
1241 497 1384 555 enim
1414 513 1519 553 non
1546 505 1719 569 potest
1749 507 1808 571 nt
1845 493 2083 552 sanctiﬁ-

496 600 621 647 cato
658 591 880 663 spiritu,
930 605 1037 649 non
1090 590 1160 648 sit
1209 599 1457 656 sanctum
1510 590 1671 659 etiam
1718 604 1934 661 corpus,
1978 603 2087 661 quo

496 682 865 739 sanctiﬁcatns
888 683 1052 737 utitur
1076 682 1316 753 spiritus.
1345 680 1452 737 Sed
1492 697 1561 738 ne
1585 682 1830 754 cuiquam
1860 696 1957 737 nos
1984 696 2085 751 po-

499 772 605 828 tius
632 773 1015 845 argumentari,
1053 789 1217 845 quam
1258 772 1361 828 hoc
1401 772 1586 851 divino
1615 773 1832 844 eloquio
1859 773 2087 843 probare

502 864 806 931 videamur;
859 864 1109 939 quoniam
1154 864 1345 926 Petrus
1393 865 1582 921 Suram
1630 880 2082 931 commemorans,

469 954 724 1023 -Sanct¢,
777 956 968 1028 inquit,
1016 957 1254 1013 mulieres
1299 958 1709 1024 tantummodo;
1752 973 1859 1013 non
1913 958 2007 1025 ait,
2037 967 2087 1012 et

498 1064 710 1120 corpore
735 1064 755 1102 :
778 1048 907 1111 illud
933 1047 1174 1119 ejusdem
1210 1048 1358 1107 Pauli
1385 1048 1805 1121 consideremus,
1839 1048 1926 1103 ubi
1956 1063 2087 1120 pro-

500 1136 691 1205 bibens
719 1139 1101 1207 fornicationes
1146 1140 1242 1205 ait,
1277 1138 1500 1209 Nescitis
1529 1140 1647 1210 quia
1674 1156 1895 1209 corpora
1924 1138 2089 1204 ucstra

497 1230 721 1289 membra
775 1243 890 1286 sunt
919 1230 1151 1289 Christi?
1186 1231 1394 1305 Iollam
1442 1250 1562 1305 ergo
1610 1234 1834 1297 membra
1876 1233 2085 1302 Christi,

498 1322 687 1394 faciam
716 1324 936 1387 membra
962 1326 1273 1391 meretricis?
1295 1326 1460 1401 Absit.
1501 1326 1710 1385 Audeat
1739 1342 1867 1398 ergo
1895 1327 2090 1397 aliquis

497 1411 677 1472 dicere
723 1414 965 1478 membra
1012 1414 1210 1481 Christi
1240 1427 1421 1471 sancta
1471 1434 1577 1472 non
1620 1434 1741 1474 esse
1791 1427 1930 1472 :aut
1958 1433 2086 1479 vero

496 1504 691 1567 audeat
713 1521 747 1563 a
766 1496 1026 1575 membris
1050 1508 1244 1577 Christi
1272 1508 1507 1569 ﬁdelium
1535 1510 1942 1582 conjugatarum
1966 1526 2088 1571 cor-

497 1610 631 1669 pora
658 1612 931 1671 separare.
978 1600 1130 1677 Unde
1158 1603 1319 1658 etiam
1375 1603 1533 1679 paulo
1582 1612 1705 1678 post
1742 1604 1817 1668 ait
1848 1623 1863 1660 :
1892 1603 2089 1679 Corpus

496 1700 721 1757 oestrum
747 1693 990 1765 templum
1010 1692 1062 1759 in
1092 1692 1228 1767 voltis
1248 1704 1319 1748 est
1350 1686 1793 1779 Spiritus'sancti,
1814 1713 1961 1766 quem
1990 1697 2088 1769 Ita-

499 1779 625 1839 betis
651 1798 685 1840 α
714 1781 823 1839 Deo
858 1799 877 1838 :
902 1793 949 1839 et
977 1802 1080 1857 non
1108 1787 1224 1847 estis
1247 1787 1426 1857 uestri;
1445 1789 1602 1860 empti
1623 1790 1755 1844 enim
1783 1792 1901 1855 estis
1929 1792 2089 1863 pretio

498 1893 685 1949 magno
711 1875 754 1949 (l
782 1876 903 1936 Cor.
949 1894 1024 1943 vr,
1071 1880 1158 1945 l5,
1208 1880 1479 1951 l9et20).
1524 1881 1733 1953 Corpus
1770 1882 2006 1940 ﬁdelium
2034 1893 2092 1942 et

498 1969 740 2026 membra
765 1968 964 2043 Christi
995 1988 1114 2044 esse
1143 1972 1297 2043 dixit,
1324 1982 1380 2030 et
1406 1974 1663 2047 templum
1703 1975 1934 2046 Spiritus
1959 1991 2086 2033 sane

498 2059 593 2132 cti,
623 2060 709 2119 ubi
741 2060 983 2132 profecto
1005 2063 1279 2141 utriusque
1294 2049 1467 2135 sexus
1490 2064 1673 2122 fideles
1698 2050 2085 2141 intelliguntur.

499 2152 577 2221 ibi
605 2168 736 2223 ergo
771 2161 897 2229 sunt
937 2164 1137 2237 nuptae,
1182 2157 1253 2225 ibi
1295 2166 1354 2213 et
1394 2157 1664 2229 innupkei
1702 2160 1798 2219 sed
1827 2160 2090 2218 distincta:

500 2245 729 2310 meritis,
756 2254 810 2301 et
844 2254 1095 2319 tanquam
1137 2250 1394 2321 membris
1417 2251 1658 2327 membra
1686 2253 1927 2323 praalata,
1958 2269 2092 2323 quo-

501 2351 625 2397 rum
642 2345 818 2411 tamen
840 2348 1027 2399 neutra
1042 2340 1148 2417 sint
1168 2355 1198 2395 a
1218 2355 1448 2412 corpore,
1471 2353 1740 2413 separata.
1760 2345 1912 2412 Quod
1936 2346 2094 2417 igitur

503 2425 574 2489 de
603 2427 824 2507 innupta
862 2428 1088 2509 loquens
1129 2431 1224 2499 ait,
1268 2429 1336 2505 Ut
1376 2433 1446 2493 sit
1484 2443 1663 2505 sancta
1710 2444 1757 2489 et
1790 2452 2001 2507 corpore
2044 2446 2095 2497 et

502 2519 721 2592 spiritu,-
754 2521 1069 2600 ampliorem
1095 2522 1438 2597 innuptarum
1477 2534 1534 2580 et
1575 2525 1629 2581 in
1673 2541 1902 2598 corpore
1945 2536 2000 2583 et
2035 2528 2091 2585 in

503 2610 697 2689 spiritu
723 2602 1198 2684 sanctificationem
1243 2615 1470 2687 intelligi
1516 2617 1707 2685 voluit,
1757 2634 1862 2674 non
1893 2634 2092 2691 corpus

504 2712 789 2777 nuptarum
816 2707 965 2781 omni
992 2708 1419 2787 sanctificatione
1454 2693 1710 2791 privavitl

578 2794 633 2857 9..
677 2794 833 2866 Disce
856 2798 1039 2871 itaque,
1064 2799 1265 2879 bonum
1286 2810 1461 2883 tuum,
1495 2805 1605 2877 imo
1633 2815 1905 2865 memento
1942 2807 2087 2879 quod

506 2884 765 2965 didicisti,
813 2890 1013 2955 bonum
1065 2901 1213 2969 tuum
1240 2895 1361 2969 plus
1404 2897 1633 2963 laudari,
1664 2898 1786 2969 quia
1829 2909 1914 2964 est
1949 2900 2093 2958 aliud

506 2978 707 3054 bonum
737 2997 844 3067 quo
872 2982 945 3062 sit
965 2982 1067 3040 hoc
1088 2986 1299 3056 melius,
1325 3002 1485 3059 quam
1518 2989 1568 3047 si
1592 2989 1749 3063 aliter
1774 2990 1880 3048 hoc
1898 2990 2094 3047 bonum

508 3086 634 3144 esse.
660 3087 766 3143 non
808 3082 1009 3144 posset,
1036 3075 1138 3155 nisi
1175 3076 1305 3134 illud
1332 3078 1532 3136 malum
1552 3088 1716 3149 esset,
1746 3091 1838 3136 aut
1873 3081 2095 3139 omnino

508 3176 622 3239 non.
646 3170 811 3241 esset.
848 3163 1058 3227 Habent
1096 3167 1237 3243 oculi
1276 3168 1331 3226 in
1374 3184 1600 3240 corpore
1630 3186 1881 3242 magnum
1925 3172 2097 3229 hono-

508 3268 647 3324 rem,
690 3255 789 3312 sed
816 3257 1079 3329 minorem
1108 3257 1392 3343 haberent,
1432 3260 1483 3335 si
1521 3262 1625 3333 soli
1672 3248 1855 3320 essent
1894 3272 1948 3320 et
1990 3264 2095 3337 alia

510 3344 736 3419 n'tiuoris
778 3345 999 3405 honoris
1032 3350 1273 3425 membra
1300 3366 1407 3421 non
1445 3350 1647 3419 essent.
1683 3353 1741 3409 1n
1791 3356 1930 3415 ctelo
1976 3356 2096 3427 ipso

509 3454 607 3503 sua
634 3438 755 3508 luce
781 3432 865 3497 sol
892 3432 1072 3498 lunam
1101 3452 1341 3515 superat,
1363 3461 1471 3502 non
1503 3447 1772 3519 vituperat
1804 3466 1819 3505 :
1855 3460 1911 3504 et
1940 3449 2095 3505 stella

507 3528 580 3597 ab
597 3530 750 3598 stella
779 3531 957 3606 ditiert
982 3534 1035 3589 in
1064 3535 1232 3615 gloria
1263 3534 1373 3611 (Id.
1404 3553 1495 3604 xv,
1517 3537 1632 3611 ιι),
1658 3555 1767 3605 non
1796 3540 2020 3611 dissidet
2038 3541 2094 3597 in

509 3624 783 3695 superbia.
815 3626 942 3707 ideo
968 3629 1086 3700 fecit
1128 3627 1262 3686 Deus
1289 3633 1480 3699 omnia,
1518 3641 1566 3691 et
1591 3650 1706 3699 ecce
1734 3637 1867 3689 bona
1906 3636 2053 3692 ualde
2074 3653 2095 3693 :

508 3731 618 3787 non
646 3724 852 3795 tantum
874 3718 1034 3792 bona,
1051 3720 1147 3791 sed
1168 3722 1330 3793 etiam
1354 3723 1543 3793 valde;
1575 3739 1683 3781 non
1708 3725 1779 3781 ob
1804 3725 1973 3795 aliud,
1994 3712 2096 3782 nisi

508 3808 638 3882 quia
661 3815 861 3865 omnia.
891 3808 1024 3879 Nam
1044 3821 1099 3868 et
1128 3827 1223 3884 per
1240 3813 1445 3887 singula
1473 3830 1637 3887 opera
1661 3817 1958 3885 dicebatur,
1995 3818 2097 3873 Vi-

510 3898 587 3978 dit
623 3897 763 4005 Deut
786 3902 906 4005 quia
926 3903 1110 3959 bonum
1138 3913 1231 3961 est.
1270 3905 1369 3986 Ubi
1398 3915 1577 3963 autem
1605 3909 1775 3982 angnia
1814 3910 2096 3967 nominata

508 4000 657 4065 sunt,
697 3992 933 4049 additum
968 4003 1053 4052 est
1097 3997 1280 4066 ualde,-
1308 4006 1363 4054 et
1385 3997 1583 4055 dictum
1626 4010 1731 4069 est,
1771 3999 1912 4056 Vidit
1953 3999 2097 4064 Deus

512 4087 683 4159 omnia
710 4103 825 4166 qua:
851 4089 989 4165 fecit,
1019 4101 1067 4147 et
1098 4108 1210 4153 ecce
1243 4092 1374 4159 bona
1416 4094 1565 4149 valde
1587 4093 1744 4167 (Gen.
1774 4093 1838 4168 ι).
1875 4096 2096 4163 Meliora

512 4178 655 4253 enim
681 4178 922 4247 quaedam
944 4180 1148 4252 singula
1169 4197 1328 4254 quam
1348 4183 1452 4243 alia
1473 4184 1684 4256 singula
1708 4203 1729 4243 ἒ
1752 4185 1848 4241 sed
1870 4187 2096 4245 meliora

506 4267 675 4347 simul
695 4269 871 4341 omnia
911 4286 1069 4344 quam
1113 4273 1366 4349 qurelibet
1403 4276 1632 4347 singula.
1675 4277 1877 4341 Christi
1918 4280 2096 4351 itaque

508 4361 751 4434 doctrina
797 4378 931 4441 sana
971 4366 1025 4421 in
1062 4366 1180 4438 ejus
1216 4382 1444 4439 corpore
1487 4385 1673 4439 sanam
1723 4382 1775 4430 te
1814 4373 1973 4429 faciat
2001 4389 2097 4444 per

510 4450 630 4529 eius
654 4456 899 4527 gratiam,
924 4466 980 4512 ut
1004 4457 1059 4529 id
1074 4448 1216 4530 quod
1240 4459 1359 4523 aliis
1386 4461 1577 4518 melius
1602 4462 1770 4525 habes
1796 4464 1848 4531 in
1869 4480 2097 4537 corpore

510 4552 568 4617 et
593 4546 805 4627 spiritu,
846 4538 985 4621 idem
1028 4550 1145 4621 ipse
1189 4552 1408 4623 spiritus
1450 4562 1573 4613 tuus
1610 4558 1699 4629 qui
1742 4560 1955 4630 corpori
1999 4560 2096 4616 do-

509 4638 762 4713 minatur,
800 4655 901 4720 nec
947 4642 1170 4720 extollat
1209 4644 1521 4721 insolenter,
1554 4663 1653 4719 nec
1691 4650 1961 4717 discernat
2003 4654 2091 4713 in-

508 4730 762 4811 “item”!

580 4820 670 4879 10.
709 4821 818 4879 Nec
846 4823 970 4895 quia
989 4823 1098 4887 disi
1119 4823 1261 4897 Ruth
1281 4826 1516 4898 beatam,
1540 4831 1750 4896 Annam
1771 4834 2090 4909 beatiorem,

507 4928 631 4989 cum
663 4916 747 4987 illa
778 4916 861 4973 bis
898 4919 1158 4990 nupserit,
1195 4920 1311 4977 haec
1349 4937 1456 4979 uno
1484 4924 1602 4991 viro
1623 4926 1734 4985 cito
1765 4928 1977 4984 viduata
2001 4930 2094 4988 diu

508 5004 721 5082 vixerit,
750 5007 1005 5069 continuo
1028 5007 1188 5069 etiam
1213 5018 1267 5067 te
1303 5012 1579 5083 meliorem
1600 5024 1755 5091 putes
1781 5032 1902 5091 esse
1928 5035 2092 5095 quam

508 5098 674 5157 Ruth.

577 5192 804 5269 CAPUT
843 5193 956 5253 Vl].
997 5226 1070 5238 -—
1089 5195 1299 5259 Sancta
1324 5198 1529 5269 femina
1561 5209 1787 5272 tenuiore
1812 5204 1964 5277 Legis
1989 5224 2090 5268 non

505 5284 913 5355 emicupiscentia
941 5326 959 5356 ,
999 5288 1090 5344 sed
1124 5288 1409 5351 abdicatio
1454 5294 1783 5363 campellente
1817 5297 2090 5355 nubebant.

506 5374 627 5447 Alia
649 5376 845 5449 quippe
869 5381 1199 5451 propheticis
1222 5384 1557 5459 temporibus
1586 5398 1893 5445 sanctarum
1938 5390 2095 5449 femi-

506 5478 698 5535 parum
725 5467 1053 5539 dispensatio
1078 5471 1197 5541 fuit,
1228 5490 1364 5545 quas
1391 5476 1597 5537 nubere
1619 5480 1947 5550 obedientia,
1979 5499 2089 5541 non

503 5558 935 5647 concupiscenda
959 5565 1338 5635 compellebat,
1363 5578 1423 5624 ut
1446 5581 1831 5642 propagaretur
1858 5561 2090 5647 populus

506 5645 624 5713 Dei,
657 5648 711 5719 in
738 5664 845 5720 quo
873 5655 1324 5732 pramitterentur
1366 5660 1648 5733 Propheta:
1674 5662 1877 5739 Christi
1923 5645 2087 5725 :icnm

504 5748 564 5804 et
590 5740 705 5811 ipse
734 5744 962 5832 populus
989 5763 1086 5819 per
1108 5765 1171 5805 ea
1199 5769 1318 5823 quae
1344 5754 1398 5815 in
1426 5754 1593 5826 ﬁgura
1619 5759 2003 5831 contingebant
2030 5765 2083 5819 in

504 5833 611 5900 illis
633 5832 676 5907 (1
695 5832 816 5896 Cor.
858 5854 924 5909 x,-
952 5840 1066 5913 ll),
1098 5842 1216 5907 sive
1239 5845 1292 5905 in
1330 5846 1396 5913 iis
1417 5847 1508 5921 qui
1537 5848 1759 5918 scirent.
1780 5851 1895 5910 sive
1934 5854 1991 5918 in
2022 5856 2085 5913 iis

1726 382 1784 439 s.
1824 370 2189 451 sonuertnt
2230 377 2529 441 smseort

3678 392 3786 451 436

2194 493 2284 563 qui
2319 495 2406 551 illa
2447 495 2734 564 nescirent,
2769 496 2900 553 nihil
2942 497 3088 555 aliud
3131 509 3276 557 esset
3317 488 3477 573 quam
3509 505 3772 575 propheta

2191 583 2410 655 Christi,
2431 603 2496 642 ex
2523 603 2631 665 quo
2650 599 2958 669 nasceretur
2975 592 3137 646 etiam
3161 607 3287 648 caro
3310 592 3528 650 Christi.
3555 594 3622 653 Ut
3643 612 3777 669 ergo

2194 678 2285 735 ille
2314 681 2540 751 populus
2563 668 2962 752 propagaretur,
3003 684 3321 740 maledictus
3352 686 3645 742 habebatur
3680 704 3777 757 per

2193 771 2325 843 legis
2354 775 2670 829 sententiam
2710 776 2817 845 qni‘
2842 790 2949 833 non
2976 777 3261 833 suscitaret
3302 793 3487 835 semen
3523 780 3579 835 in
3608 779 3778 836 Israel

2193 862 2370 929 (Deut.
2402 880 2532 932 xxv,
2562 865 2725 936 510).
2751 864 2904 921 Unde
2929 876 2981 921 et
3005 877 3205 923 sanctzn
3234 869 3485 925 mulieres
3508 870 3776 927 accende-

2191 955 2386 1015 bantur
2410 973 2516 1012 non
2564 957 2853 1027 cupiditate
2879 959 3288 1026 concumbendi,
3329 960 3425 1016 sed
3458 962 3655 1030 pietate
3683 977 3781 1031 pa-

2194 1047 2397 1115 riendi;
2444 1057 2503 1104 ut
2546 1049 2848 1106 rectissime
2900 1049 3190 1105 credantur
3229 1051 3426 1107 coitum
3457 1068 3564 1110 nou
3611 1053 3780 1111 fuisse

2193 1138 2515 1208 quaesitura),
2551 1140 2595 1195 si
2622 1139 2802 1210 proles
2830 1149 3008 1209 posset
3026 1141 3184 1201 aliter
3210 1142 3517 1212 provenire.
3550 1142 3621 1198 Et
3646 1144 3779 1201 viris

2195 1244 2323 1293 usus
2370 1229 2714 1298 plurimarum
2759 1231 2998 1293 vivarum
3046 1231 3442 1291 concedebatur
3485 1248 3714 1288 uxorum
3764 1251 3780 1288 :

2195 1319 2346 1391 cujus
2371 1321 2449 1376 rei
2477 1336 2582 1384 non
2611 1321 3099 1393 conettpiseentiam
3133 1326 3333 1392 carnis,
3368 1325 3462 1382 sed
3491 1327 3785 1397 providen-

2195 1413 2322 1487 tiam
2352 1415 2714 1485 generationis
2749 1414 2917 1473 fuisse
2942 1432 3159 1489 causam
3189 1418 3319 1489 illud
3346 1419 3603 1488 ostendit,
3635 1421 3786 1491 quod

2194 1505 2333 1565 sicut
2354 1506 2481 1573 viris
2504 1508 2704 1579 sauciis
2729 1506 2927 1566 habere
2951 1509 3130 1578 plures
3156 1524 3351 1567 uxores
3379 1510 3544 1577 vivas,
3566 1527 3672 1569 non
3708 1512 3783 1570 ita

2193 1598 2355 1652 etiam
2384 1598 2581 1661 sanctis
2611 1598 2822 1659 feminis
2847 1600 3041 1671 licebat
3070 1601 3279 1661 misceri
3309 1602 3515 1657 maritis
3544 1604 3788 1673 pluribus

2193 1688 2631 1762 vivis;quoniam
2655 1690 2813 1757 'tanto
2841 1698 3023 1747 essent
3057 1691 3343 1763 turpiores,
3388 1704 3585 1763 quanto
3611 1694 3787 1765 magis

2194 1790 2510 1855 appeterent
2526 1781 2669 1838 unde
2685 1797 2792 1843 non
2808 1790 2993 1851 essent
3015 1782 3374 1839 fecundiores.
3397 1783 3630 1845 Proinde
3658 1799 3790 1849 san:

2194 1882 2281 1929 cta
2304 1872 2467 1942 ltuth,
2495 1889 2616 1929 cum
2637 1890 2821 1931 semen
2862 1874 3019 1946 quale
3041 1874 3132 1930 illo
3156 1883 3399 1947 tempore
3418 1876 3787 1943 necessarium

2194 1963 2294 2025 fuit
2332 1965 2388 2033 in
2415 1965 2576 2027 Israel
2603 1981 2708 2022 non
2755 1967 2998 2035 haberet,
3033 1976 3247 2031 mortuo
3280 1967 3396 2023 viro
3421 1969 3670 2039 Quaesivit
3705 1970 3790 2024 al-

2197 2066 2368 2121 terum
2394 2058 2463 2119 de
2489 2074 2596 2130 quo
2623 2058 2862 2115 haberet.
2895 2059 3006 2121 liae
3036 2059 3213 2131 itaque
3240 2058 3325 2125 his
3352 2059 3637 2131 coniugata
3660 2058 3790 2131 ideo

2195 2153 2348 2205 Anna
2375 2150 2581 2207 univira
2609 2150 2765 2206 vidua
2786 2152 2801 2182 ¹
2827 2149 3033 2207 beatior
3052 2151 3171 2219 fuit,
3205 2151 3328 2221 quia
3359 2159 3415 2206 et
3445 2150 3789 2222 prophetissa

2195 2241 2395 2301 Christi
2441 2258 2562 2299 esse
2599 2243 2825 2310 meruit;
2867 2259 3026 2315 quam
3063 2243 3393 2300 credendum
3430 2253 3535 2313 est,
3571 2245 3787 2300 etiamsi

2198 2335 2339 2392 ﬁlios
2356 2336 2532 2391 nullos
2556 2335 2760 2403 habuit,
2788 2336 2931 2407 quod
2951 2337 3165 2406 quidem
3196 2336 3470 2407 Scriptura
3505 2336 3786 2393 reticendo

2196 2429 2410 2500 reliquit
2432 2429 2717 2495 incertum,
2748 2444 2814 2485 eo
2841 2428 3045 2500 Spiritu
3071 2429 3378 2500 praevidisse
3405 2429 3687 2486 Christum
3716 2444 3791 2489 ex

2197 2520 2402 2590 virgine
2443 2520 2689 2591 proxime
2742 2536 2864 2578 esse
2908 2529 3216 2587 venturum,
3263 2537 3370 2592 quo
3402 2522 3571 2591 potuit
3618 2536 3793 2592 agno-

2196 2626 2349 2669 scere
2388 2621 2445 2669 et
2472 2613 2749 2683 parvulum
2782 2631 2797 2669 :
2832 2614 2972 2669 unde
3011 2614 3206 2679 merito
3231 2614 3392 2673 etiam
3419 2614 3536 2671 sine
3566 2614 3709 2678 ﬁliis,
3742 2614 3792 2671 si

2199 2713 2377 2763 tamen
2403 2720 2498 2762 eos
2530 2721 2639 2762 non
2692 2706 2895 2775 habuit,
2928 2707 3194 2764 secundas
3241 2707 3455 2779 nuptias
3484 2707 3789 2774 recusavit;

2197 2799 2322 2877 quia
2358 2808 2583 2871 noverat
2621 2800 2734 2871 jam
2762 2810 2974 2872 tempus
2999 2816 3121 2869 esse
3148 2817 3255 2873 quo
3291 2802 3504 2863 Christo
3532 2818 3638 2857 non
3664 2801 3793 2863 ofﬁ-

2197 2884 2286 2959 cio,
2313 2890 2574 2967 pariendi,
2603 2892 2699 2953 sed
2725 2893 2907 2969 studio
2927 2894 3260 2971 continendi,
3286 2909 3385 2950 nec
3413 2895 3789 2965 conjngalihus

2197 2983 2429 3040 fetandis
2452 2984 2768 3054 visceribus,
2793 2985 2890 3043 sed
2921 2985 3283 3050 castiﬁcandis
3299 2988 3320 3023 ³
3346 2986 3642 3051 vidualibus
3673 3001 3793 3041 mo-

2196 3077 2369 3145 ribus,
2394 3076 2589 3134 melius
2617 3078 2931 3151 serviretur.
2964 3078 3021 3135 Si
3049 3093 3179 3135 vero
3204 3079 3366 3135 etiam
3406 3077 3606 3134 sciebat
3635 3077 3791 3143 Ruth

2199 3185 2299 3242 per
2324 3186 2477 3227 suam
2506 3185 2724 3227 carnem
2773 3172 3052 3244 propagari
3102 3187 3311 3240 semen,
3359 3170 3497 3226 unde
3540 3170 3793 3227 Christus

2198 3276 2418 3319 carnem
2460 3261 2635 3319 fuerat
2663 3263 2962 3331 habiturus,
2993 3271 3051 3327 et
3096 3264 3222 3321 huic
3268 3263 3506 3319 scientiae
3535 3262 3795 3323 nubendo

2201 3355 2443 3413 exhibuit
2461 3357 2839 3425 ministerium,
2859 3372 2964 3413 non
2982 3357 3155 3413 audeo
3168 3359 3276 3428 jam
3297 3358 3478 3413 dicere
3491 3357 3792 3424 beatiorem

2198 3446 2365 3507 fuisse
2388 3450 2557 3505 Anna:
2580 3450 2889 3506 viduitatem
2918 3465 3078 3523 quam
3109 3450 3252 3505 illius
3279 3449 3681 3505 fecunditatem.

2270 3541 2496 3600 CAPUT
2534 3542 2667 3599 Vlll.
2697 3572 2769 3584 —-
2790 3544 2877 3597 ll.
2917 3541 3132 3613 Nuptias
3171 3551 3217 3596 et
3249 3541 3484 3605 secundis
3520 3549 3568 3595 et
3602 3540 3783 3611 prima

2201 3634 2294 3692 hoc
2315 3643 2568 3706 tempore,
2598 3635 2697 3689 nisi
2730 3634 3093 3690 incontinentia
3131 3634 3198 3688 sit
3233 3633 3621 3703 impedimento,
3666 3648 3793 3685 con-

2201 3725 2498 3783 temnendte.
2525 3724 2737 3797 Nuptiis
2762 3724 2887 3785 olim
2911 3725 3036 3797 legis
3060 3724 3372 3793 obsequium,
3395 3740 3530 3779 nunc
3559 3722 3789 3791 inﬁrmi-

2200 3818 2318 3873 tatis
2344 3817 2639 3883 remedium,
2658 3826 2703 3873 et
2729 3817 3055 3872 humanitatis
3075 3817 3330 3871 solatium.
3357 3814 3440 3870 Tu
3459 3830 3634 3870 autem
3666 3830 3793 3884 qum

2202 3924 2256 3967 et
2273 3912 2407 3967 ﬁlios
2424 3911 2611 3979 habes,
2632 3922 2684 3967 et
2697 3914 2747 3967 in
2761 3927 2826 3967 eo
2842 3910 3022 3969 smculi
3048 3911 3152 3967 ﬁne
3165 3911 3317 3976 vivis,
3332 3911 3556 3982 quojam
3579 3920 3794 3980 tempus

2200 4011 2282 4069 est
2302 4017 2410 4059 non
2433 4003 2677 4059 mittendi
2704 4003 2937 4075 lapides,
2969 4004 3064 4059 sed
3090 4002 3409 4074 colligendi;
3440 4018 3544 4058 non
3583 4002 3790 4073 amplc«

2199 4096 2399 4166 etendi,
2417 4096 2514 4153 sed
2531 4097 2837 4155 continendi
2865 4097 2933 4152 ab
2953 4096 3198 4167 amplexu
3219 4094 3416 4167 (Eccte.
3445 4111 3523 4161 nt,
3544 4096 3602 4166 5)
3625 4113 3639 4161 ;
3660 4109 3792 4150 cum

2200 4189 2396 4248 clamet
2425 4188 2747 4260 Apostolus,
2800 4187 2913 4243 Hoc
2948 4198 3115 4243 autem
3152 4188 3287 4253 dico,
3332 4189 3517 4259 fratres
3540 4202 3560 4241 :
3584 4198 3788 4257 tempus

2201 4279 2344 4351 breve
2362 4290 2434 4336 est
2451 4295 2472 4346 ,°
2495 4280 2743 4352 reliquum
2764 4289 2835 4335 est
2862 4290 2917 4334 ut
2944 4288 2989 4334 et
3004 4281 3092 4350 qui
3119 4278 3302 4335 habent
3322 4294 3522 4343 uxores,
3546 4287 3794 4347 tanquam

2200 4388 2303 4429 non
2326 4372 2561 4435 habentes
2583 4374 2682 4430 sint
2703 4388 2724 4427 :
2746 4372 2980 4444 profecto
3008 4372 3053 4427 si
3082 4370 3344 4427 secundas
3372 4369 3587 4439 nuptias
3622 4382 3793 4438 appe-

2201 4466 2386 4533 tisses,
2428 4467 2631 4522 nullum
2661 4465 2954 4538 prophetia:
2984 4465 3066 4521 vel
3111 4464 3243 4536 legis
3285 4464 3599 4534 obsequium
3622 4505 3637 4528 ,
3667 4463 3793 4517 nul-

2199 4556 2308 4612 lum
2340 4558 2503 4627 prolis
2527 4559 2713 4613 saltem
2743 4557 2958 4613 carnale
2977 4556 3302 4613 desiderium
3324 4597 3338 4623 ,
3376 4555 3473 4611 sed
3499 4555 3665 4611 solius
3697 4554 3792 4608 in.

2199 4648 2536 4703 continentiae
2559 4647 2749 4704 fuisset
2773 4648 3046 4715 indicium.
3079 4648 3324 4704 Fecisses
3362 4648 3504 4703 enim
3538 4646 3679 4717 quod
3708 4646 3791 4702 ait

2198 4738 2520 4809 Apostolus,
2553 4755 2675 4807 cum
2696 4739 2946 4808 dixisset,
2976 4740 3163 4797 bonum
3209 4756 3318 4794 esse
3337 4738 3442 4794 illis
3483 4740 3529 4793 si
3573 4739 3647 4792 sic
3671 4755 3792 4808 per,

2198 4833 2475 4886 manserint
2502 4834 2628 4887 sicut
2653 4842 2699 4888 et
2720 4850 2808 4904 ego
2835 4850 2854 4889 :
2882 4834 3135 4889 continuo
3155 4834 3351 4906 quippe
3377 4832 3597 4895 addidit,
3628 4832 3784 4897 Quod

2198 4923 2243 4977 si
2265 4940 2320 4977 se
2344 4940 2443 4977 non
2463 4926 2736 4988 continent,
2758 4926 2982 4979 nubant:
3004 4924 3139 4979 male
3159 4926 3292 4991 enim
3312 4940 3397 4978 eas
3417 4923 3602 4978 nubere
3628 4938 3790 4992 quam

2197 5014 2279 5069 uri
2311 5015 2353 5087 (Ι
2382 5013 2500 5085 Cor.
2533 5032 2623 5078 vn,
2652 5016 2741 5081 29,
2761 5016 2857 5071 Set
2878 5017 2957 5087 9).
2989 5018 3099 5072 lloc
3139 5018 3281 5073 enim
3319 5017 3482 5083 dixit,
3529 5025 3584 5068 ut
3628 5013 3794 5069 ell're-

2200 5118 2338 5163 natae
2369 5107 2598 5161 libidinis
2640 5109 2835 5163 malum
2882 5126 2988 5164 non
3020 5111 3438 5180 praecipitaretur
3468 5110 3518 5162 in
3550 5107 3793 5175 turpitu-

2196 5197 2377 5267 dinem
2406 5199 2900 5269 llagitinrum,cnm
2954 5202 3290 5271 exciperetur
3340 5201 3621 5261 honestate
3681 5214 3793 5253 nu-

2197 5294 2448 5371 ptiarum.
2476 5293 2685 5350 Gratias
2710 5301 2888 5350 autem
2932 5293 3180 5357 Domino,
3230 5295 3479 5364 quoniam
3528 5292 3794 5363 peperisti

2197 5387 2338 5457 quod
2386 5401 2505 5442 esse
2552 5385 2803 5451 noluisti,
2852 5394 2907 5441 et
2948 5386 3221 5456 virginitas
3260 5387 3426 5457 prolis
3478 5395 3581 5441 tua:
3627 5399 3791 5440 eom-

2198 5480 2437 5549 pensavit
2461 5478 2797 5547 dispendium
2825 5478 3140 5547 virginitatis
3168 5488 3292 5532 tute.
3327 5478 3458 5533 Nam
3498 5477 3791 5547 diligenter

2197 5572 2517 5640 interrogata
2542 5570 2782 5626 doctrina
2809 5569 3118 5634 christiana,
3142 5578 3198 5624 et
3222 5569 3418 5639 primas
3435 5569 3651 5638 nuptias
3666 5568 3790 5635 jam

2196 5665 2297 5719 isto
2327 5671 2603 5733 tempore,
2648 5662 2750 5718 nisi
2806 5663 3192 5718 incontinentis
3234 5663 3303 5718 sit
3348 5662 3736 5732 impedimento
3766 5704 3785 5732 ,

2260 5802 2279 5842 ι
2302 5801 2374 5850 sic
2394 5807 2469 5850 Et.
2496 5806 2549 5849 et
2571 5800 2783 5860 potares
2804 5806 2914 5850 Mss.
2934 5806 2989 5861 At
3012 5806 3143 5861 hev,
3167 5811 3262 5851 uno
3278 5797 3380 5852 viro
3395 5796 3608 5849 viduata.

2261 5866 2279 5897 ³
2302 5861 2516 5913 Nonnulli
2540 5868 2670 5923 uss,
2697 5860 3005 5929 corrigendis.
