4070 6334
259 401 356 457 431

260 517 687 572 contemnendas
710 516 1168 587 essercspondet.
1195 513 1295 581 Qui
1337 512 1479 568 enim
1507 510 1660 577 dixit,
1703 508 1764 565 Si
1803 524 1856 565 se

263 623 355 659 non
375 608 661 678 continent,
688 611 880 667 nubant
910 626 930 666 :
952 610 1121 680 putuit
1139 607 1319 663 dicere
1335 645 1353 673 ,
1379 605 1437 662 Si
1462 605 1600 660 filios
1628 618 1731 658 non
1761 604 1857 657 htt-

264 697 415 763 bent,
448 699 693 768 nubant;
735 702 780 757 si
822 709 947 772 post
983 698 1426 756 resurrectionem
1457 698 1472 728 ¹
1514 694 1852 767 prredicatio-

265 804 484 859 nemque
514 790 719 847 Christi
740 834 756 858 ,
786 792 997 863 quando
1021 792 1130 862 jam
1160 790 1412 846 omnibus
1439 788 1686 860 gentibus
1715 785 1852 841 ﬁlio-

266 897 375 935 rum
399 881 753 950 spiritualiter
777 883 1160 954 gignendorum
1202 890 1345 939 tanta
1393 879 1630 950 suppetit
1662 878 1814 948 copia
1833 918 1848 943 ,

268 975 364 1031 tale
392 973 634 1031 ofﬁcium
661 985 809 1033 esset
853 993 919 1032 ex
947 991 1109 1032 carne
1155 974 1289 1029 ﬁlios
1339 987 1633 1044 propagare
1653 1013 1667 1037 ,
1699 971 1856 1041 quale

264 1066 445 1136 primis
475 1070 810 1141 temporibus
837 1069 952 1126 fuit.
983 1071 1046 1125 Et
1070 1068 1214 1140 quod
1241 1067 1369 1123 alibi
1399 1066 1549 1132 dicit,
1594 1064 1721 1120 γοιο
1758 1064 1855 1135 igi-

264 1171 341 1212 tur
360 1160 602 1231 juniores
648 1164 857 1229 nubere,
901 1164 1035 1232 ﬁlios
1093 1178 1356 1231 procreare
1378 1202 1395 1229 ,
1442 1158 1855 1229 matresfamilias

262 1267 366 1305 esse
388 1266 408 1305 :
434 1254 740 1322 nuptiarum
782 1254 979 1309 bonum
1004 1254 1297 1324 apostolica
1326 1252 1619 1309 sobrietate
1657 1261 1711 1305 et
1752 1264 1853 1304 au-

261 1341 505 1398 ctoritate
533 1344 904 1411 commendat;
933 1361 1037 1400 non
1075 1343 1388 1416 procreandi
1418 1343 1655 1397 ofﬁcium
1691 1342 1853 1397 etiam

261 1433 364 1501 eis,
411 1450 537 1506 quae
577 1437 918 1497 continentia:
959 1436 1157 1492 bonum
1202 1436 1456 1506 capiunt,
1504 1444 1759 1503 tanquam
1784 1430 1853 1485 ad

262 1525 606 1596 obsequelam
634 1527 765 1598 legis
794 1528 1036 1598 imponit.
1079 1527 1321 1597 Denique
1352 1542 1449 1582 cur
1490 1524 1595 1605 hoc
1620 1523 1850 1589 dixerit,

263 1618 477 1688 pandit,
528 1634 650 1675 cum
697 1619 937 1690 adjungit
968 1630 1023 1676 et
1058 1619 1223 1686 dicit,
1280 1616 1496 1673 Nullam
1541 1616 1854 1673 occasionem

260 1710 382 1765 dare
398 1710 692 1773 adversario
717 1713 971 1769 maledicti
991 1715 1186 1785 gratia;
1199 1713 1314 1784 jam
1332 1717 1470 1771 enim
1488 1709 1719 1782 quaedam
1740 1725 1857 1771 con-

262 1817 413 1858 versa:
452 1815 573 1858 sunt
602 1816 738 1860 retro
773 1816 885 1876 post
911 1817 1143 1862 satanam
1167 1821 1186 1861 :
1214 1814 1279 1861 ut
1299 1806 1382 1861 bis
1421 1806 1601 1861 verbis
1629 1805 1745 1874 ejus
1772 1802 1855 1858 in-

262 1896 595 1967 telligamus,
629 1914 721 1954 eas
744 1913 879 1970 quas
901 1900 1101 1956 nubere
1127 1900 1331 1969 voluit,
1384 1900 1576 1956 melius
1616 1898 1853 1969 potuisse

260 1990 536 2046 continere
553 2005 712 2061 quam
736 1992 965 2058 nubere;
996 1993 1094 2049 sed
1121 1994 1316 2050 melius
1340 1992 1547 2049 nubere
1575 2007 1733 2063 quam
1768 2006 1854 2046 re-

261 2092 340 2138 tro
365 2092 488 2153 post
510 2093 751 2140 satanam
782 2085 898 2151 ire,
926 2084 976 2140 id
998 2095 1111 2153 est,
1144 2086 1331 2142 abillo
1373 2083 1655 2141 excellenti
1694 2084 1853 2154 virgi-

258 2174 393 2229 nalis
416 2175 502 2231 vel
531 2176 760 2233 vidualis
796 2177 1058 2233 castitatis
1101 2178 1376 2249 proposito
1399 2216 1416 2244 ,
1463 2177 1516 2232 in
1558 2176 1852 2247 posteriora

262 2267 616 2336 respiciendo,
647 2269 841 2325 cadere
870 2278 924 2325 et
957 2268 1196 2325 interire.
1224 2269 1456 2324 Proinde
1482 2282 1602 2339 qua:
1641 2282 1702 2323 se
1745 2281 1853 2321 non

260 2359 565 2427 continent,
586 2361 808 2427 nubant,
830 2371 1112 2431 antequam
1139 2360 1523 2417 continentiam
1560 2357 1850 2429 proﬁtean-

260 2456 362 2512 tur,
392 2458 683 2520 antequam
713 2451 825 2507 Deo
851 2462 1114 2507 voveant:
1142 2451 1283 2523 quod
1312 2451 1412 2507 nisi
1449 2450 1694 2515 reddant,
1731 2449 1853 2521 jure

258 2537 600 2594 damnantur.
638 2540 759 2595 Alio
787 2540 983 2611 quippe
1010 2542 1130 2597 loco
1167 2541 1237 2597 de
1295 2542 1488 2599 talibus
1534 2540 1690 2608 dicit,
1724 2539 1852 2599 Cum

257 2628 385 2685 enim
414 2631 467 2683 in
499 2630 704 2689 deliciis
726 2632 917 2702 egerint
956 2631 1010 2686 in
1053 2630 1274 2699 Christo,
1294 2631 1478 2687 nubere
1520 2632 1728 2697 volunt;
1758 2631 1873 2687 Ita-5

258 2721 419 2777 lentes
447 2722 839 2780 damnationem
857 2725 1096 2792 quoniam
1124 2725 1343 2796 primam
1368 2725 1521 2793 ﬁdem
1543 2725 1741 2779 irritam
1768 2725 1853 2795 [e-

258 2813 549 2868 cernnt:id
596 2822 704 2881 est,
749 2814 1081 2870 voluntatem
1123 2814 1192 2870 ad
1237 2815 1450 2884 nuptias
1493 2829 1525 2870 a
1576 2815 1852 2886 proposito

257 2904 602 2969 continentia:
650 2903 986 2973 deﬁexcrunt
1026 2906 1068 2962 ¹.
1121 2904 1329 2961 lrritam
1371 2905 1570 2981 quippe
1610 2905 1855 2965 (cceruut

256 2993 438 3062 ﬁdem,
460 3009 569 3065 qua
588 2995 737 3065 prius
762 3004 1021 3053 voverant
1040 2996 1180 3067 quod
1204 2998 1601 3068 perseverantia
1628 2996 1852 3067 implere

259 3086 551 3143 noluerunt
579 3087 624 3157 (l
649 3086 779 3153 Tim.
802 3086 879 3160 v).
900 3088 1211 3159 Nuptiarum
1232 3088 1393 3160 igitur
1415 3089 1613 3145 bonum
1635 3103 1852 3160 semper

258 3187 337 3233 est
362 3178 585 3249 quidem
611 3179 814 3238 bonum
842 3197 856 3233 :
884 3179 980 3241 sed
1007 3179 1062 3247 in
1092 3181 1289 3251 populo
1316 3179 1407 3235 Dei
1430 3179 1530 3236 fuit
1565 3179 1851 3251 aliquando

260 3269 389 3340 legis
411 3271 785 3342 obsequium;
815 3287 955 3327 nunc
997 3281 1080 3328 est
1104 3272 1429 3328 inﬁrmitatis
1448 3272 1766 3341 remedium,
1795 3273 1850 3329 in

259 3361 579 3432 quibusdam
638 3378 769 3419 vero
833 3362 1179 3423 humanitatis
1246 3364 1516 3421 solatium.
1590 3364 1849 3421 Filiorum

260 3454 458 3524 quippe
482 3454 841 3524 procreationi
865 3470 1083 3525 operam
1108 3455 1236 3512 dare
1255 3496 1271 3522 ,
1306 3470 1414 3511 non
1460 3456 1654 3513 canino
1698 3470 1850 3512 more

262 3558 353 3615 per
378 3560 538 3601 ustim
572 3545 931 3616 promiscuum
950 3545 1301 3613 feminarum,
1331 3545 1679 3607 sedbonesto
1704 3546 1850 3605 ordi-

263 3638 649 3709 ueconjugali,
676 3654 782 3695 non
818 3648 903 3696 est
933 3640 988 3696 in
1029 3640 1246 3696 homine
1291 3639 1671 3709 improbandus
1710 3639 1846 3695 ασθ-

260 3738 376 3786 ctus
405 3748 421 3785 :
453 3732 617 3785 etiam
648 3730 822 3801 ipsum
867 3740 1044 3809 tamen
1090 3731 1409 3787 laudabilius
1438 3729 1768 3788 transcendit
1792 3739 1848 3787 et

265 3823 422 3879 vincit
450 3824 693 3885 caelestia
720 3818 960 3894 cogitans
998 3825 1208 3881 animus
1233 3824 1579 3881 christianus.

327 3914 558 3970 CAPUT
586 3914 680 3979 IX.
709 3946 781 3957 —-
802 3915 890 3971 12.
920 3915 1125 3971 Nubere
1167 3924 1278 3987 post
1302 3915 1623 3971 continentia
1652 3925 1842 3983 votam,

261 4008 551 4064 danmabile
572 4018 643 4064 est
662 4024 682 4063 :
702 4025 804 4063 non
827 4017 994 4063 tamen
1020 4008 1327 4069 damnanda:
1356 4009 1484 4063 tales
1510 4009 1718 4079 nuptiis.
1739 4006 1846 4067 Sed

260 4099 533 4167 quoniam,
557 4099 697 4155 sicut
719 4099 794 4154 ait
828 4099 1084 4155 Dominus
1102 4140 1118 4165 ,
1156 4098 1277 4156 Non
1304 4116 1476 4154 omnes
1500 4099 1708 4170 capiunt
1739 4115 1849 4157 ver.-

262 4187 374 4242 lmn
398 4190 497 4244 Iroc
521 4189 737 4263 (Matth.
767 4205 882 4257 xix,
909 4190 1001 4261 11)
1034 4207 1048 4244 :
1077 4206 1197 4261 qua:
1237 4198 1412 4260 potest
1459 4205 1587 4259 ergo
1630 4204 1844 4259 capere,

259 4282 468 4350 capiat;
501 4290 559 4337 et
581 4296 701 4351 qua:
727 4296 787 4337 se
809 4296 916 4336 non
944 4283 1203 4348 continet,
1237 4281 1402 4337 nubat
1423 4299 1437 4335 :
1462 4297 1583 4353 qua:
1608 4296 1713 4336 non
1737 4297 1846 4337 cm-

261 4372 350 4439 pit,
378 4373 680 4439 deliberet;
702 4388 822 4443 qua:
853 4387 1103 4444 aggressa
1147 4381 1230 4429 est
1251 4412 1268 4439 ,
1318 4381 1629 4445 perseveret
1656 4390 1672 4428 :
1704 4373 1846 4429 nulla

259 4463 566 4521 adversario
595 4464 753 4521 detur
792 4465 1033 4532 occasio,
1076 4465 1222 4521 nulla
1248 4465 1462 4520 Christo
1504 4466 1849 4522 subtrahatur

262 4555 453 4611 oblatio
481 4555 523 4609 ³.
549 4554 607 4610 lu
631 4555 898 4626 conjugali
921 4556 1114 4627 quippe
1139 4556 1353 4611 vinculo
1374 4557 1418 4611 si
1448 4556 1697 4627 pudicitia
1717 4571 1848 4612 con-

261 4657 522 4714 servatur,
552 4646 828 4702 damnatio
866 4662 973 4704 non
1019 4649 1236 4703 timetur
1266 4646 1398 4702 :scd
1450 4648 1502 4702 in
1557 4647 1753 4704 viduali
1795 4658 1849 4704 et

261 4739 500 4809 virginali
543 4738 907 4807 continentia,
936 4739 1250 4796 excellentia
1298 4738 1535 4794 muneris
1573 4740 1849 4810 amplioris

262 4834 564 4901 expetitur;
622 4846 727 4903 qua
790 4833 1023 4902 expetita
1076 4841 1132 4888 et
1182 4831 1352 4887 electa
1401 4840 1454 4887 et
1515 4832 1623 4886 voti
1668 4831 1849 4889 debito

260 4923 431 4979 oblata
458 4921 505 4991 δ,
546 4924 665 4996 jam
712 4938 823 4980 non
875 4924 1047 4983 solum
1096 4924 1431 4995 capessere'
1471 4925 1705 4995 nuptias,
1754 4926 1849 4983 sed

262 5017 463 5073 etiamsi
487 5032 599 5072 non
613 5016 865 5083 nubatur,
890 5017 1090 5073 nubere
1116 5017 1253 5073 velle
1276 5016 1579 5072 danmabile
1594 5026 1695 5073 est.
1716 5017 1849 5074 Nam

264 5120 319 5164 ut
340 5111 439 5167 hoc
467 5110 867 5167 demonstraret
895 5111 1212 5180 Apostolus,
1242 5126 1347 5166 non
1368 5111 1462 5178 ait,
1489 5109 1617 5167 Cum
1644 5112 1697 5167 in
1717 5111 1849 5167 deti-

264 5202 346 5257 ciis
368 5202 563 5275 egerint
587 5202 642 5257 in
665 5201 886 5268 Clu-isto,
913 5200 1154 5267 nubunt;
1182 5200 1299 5268 sed,
1327 5202 1512 5257 nubere
1539 5204 1709 5259 volunt
1727 5206 1852 5259 :ha-

323 5316 734 5399 t‘sie'nsskliditi
760 5328 911 5399 vero,
939 5314 1025 5367 sed
1045 5321 1152 5380 post
1176 5313 1606 5378 resurrectionem;
1629 5324 1683 5369 et
1705 5317 1851 5379 paulo

270 5386 382 5471 post,
404 5377 501 5428 tale
522 5376 737 5442 ofﬁcium
760 5384 929 5429 cesset.
1047 5376 1056 5380 ’
1200 5437 1214 5450 ,
1391 5453 1400 5462 ξ
1523 5437 1535 5450 .
1588 5376 1593 5378 ⁷
1706 5376 1733 5453 ⁷,

276 5499 302 5509 Α
366 5439 534 5509 r_lu_res
567 5447 695 5500 uss,
723 5439 959 5492 voluruate
983 5439 1049 5490 ad
1077 5444 1268 5502 nuptias
1292 5451 1324 5489 a
1340 5446 1582 5504 prapostto
1608 5446 1849 5492 continen-

270 5506 345 5630 ἐξ
362 5502 711 5617 mem}:
762 5570 872 5616 Ilss.
888 5599 906 5626 ,
952 5561 1088 5615 nulla
1136 5560 1319 5616 Christi
1362 5561 1673 5619 subtrahatur
1714 5562 1857 5616 obla-_

272 5628 556 5754 mittique»
592 5694 700 5739 Mss.
717 5724 732 5754 _,
772 5692 822 5738 et
850 5686 1127 5754 rotidebito
1158 5685 1326 5739 oblato.
1351 5687 1588 5743 Bedaseu
1610 5686 1779 5741 Florus
1800 5690 1850 5739 in

273 5751 469 5811 Paulum,
495 5760 541 5803 et
564 5758 669 5801 rato
691 5752 863 5801 deuoto
877 5751 1052 5807 oblata.

275 5876 294 5918 ὓ
292 5813 494 5926 1(ζιξίῆιὶ,
518 5827 613 5865 non
634 5825 904 5879 capessere.
936 5814 1097 5873 Abest,
1122 5826 1231 5875 non,
1251 5821 1400 5865 aatss.
1438 5822 1487 5865 et
1526 5827 1552 5865 a
1597 5814 1717 5865 Beda
1760 5828 1851 5865 seu

1383 398 1472 452 DE
1512 386 1689 451 30Χο
1730 392 2119 450 VIDUITATIS
2148 393 2370 449 LIBER.

3442 401 3550 460 438

1963 507 2154 576 bentes,
2196 509 2384 580 inquit,
2424 509 2817 576 damnationem,
2864 517 3101 581 quantum
3132 516 3351 586 primum
3392 518 3548 587 ﬁdem

1963 599 2160 653 irritam
2181 604 2440 670 fecerunt;
2462 602 2562 657 etsi
2588 616 2694 656 non
2726 602 2975 659 nubendo
2999 645 3015 669 ,
3041 615 3246 662 tantum
3277 609 3545 667 valendo:
3580 650 3585 651 ν

1964 707 2069 746 non
2100 692 2218 761 quia
2247 690 2373 761 ipsae
2403 692 2601 761 nuptiae
2624 692 2708 748 vel
2755 694 2937 749 talium
2964 694 3280 754 damnandis
3303 698 3547 770 judican-

1967 793 2050 835 tur
2074 797 2089 846 ;
2116 781 2209 837 sed
2237 781 2523 839 damnatur
2568 786 2826 854 propositi
2862 787 3006 841 fraus
3034 828 3050 853 ,
3070 787 3355 847 damnatur
3377 791 3541 848 fracta

1963 876 2069 929 voti
2097 876 2247 943 fides,
2277 874 2561 932 damnatur
2588 893 2692 931 non
2718 880 2987 951 susceptio
3030 897 3057 933 τι
3090 880 3230 938 bouo
3262 883 3537 952 inferiore,

1961 971 2057 1027 sed
2097 972 2247 1027 ruina
2289 987 2353 1026 ex
2399 970 2540 1027 bono
2586 974 2861 1045 superiore
2888 986 3193 1047 :pnstremo
3226 978 3549 1036 damnantur

1963 1065 2112 1129 tales,
2139 1082 2243 1120 non
2275 1065 2395 1134 quia
2422 1066 2751 1139 conjugnlem
2787 1068 2944 1126 ﬁdem
2984 1073 3255 1144 posterius
3286 1073 3540 1143 inierunt,

1960 1156 2055 1211 sed
2084 1158 2206 1227 quia
2232 1160 2573 1215 entitincntiae
2600 1161 2822 1230 primam
2853 1161 3011 1216 ﬁdem
3041 1164 3245 1219 irritam
3273 1156 3536 1221 fecerunt.

1960 1247 2112 1316 Quod
2137 1258 2192 1304 ut
2220 1250 2452 1307 breviter
2478 1251 2770 1308 insinuaret
2795 1253 3103 1323 Apostolus,
3146 1256 3316 1312 noluit
3344 1272 3436 1313 cas
3460 1257 3543 1313 di-

1960 1355 2083 1398 cere
2122 1340 2321 1398 habere
2363 1342 2783 1411 damnationem,
2815 1360 2933 1415 qurc
2967 1356 3083 1416 post
3115 1348 3391 1418 amplioris
3420 1365 3545 1405 san-

1959 1432 2157 1488 ctitatis
2183 1435 2509 1504 propositum
2537 1435 2738 1490 nubunt
2756 1435 2885 1510 (non
2912 1438 3032 1507 quia
3062 1454 3166 1494 non
3193 1439 3536 1509 damnantur,

1958 1522 2052 1578 sed
2085 1540 2151 1578 ne
2173 1524 2224 1578 in
2251 1525 2330 1579 eis
2378 1527 2506 1595 ipsa:
2536 1526 2733 1596 nuptis:
2779 1527 3020 1583 damnari
3053 1531 3383 1601 putarentur)
3411 1551 3424 1587 :
3448 1536 3543 1589 sed

1958 1633 2080 1673 cum
2106 1618 2344 1686 dixisset,
2360 1619 2542 1675 nubere
2562 1622 2755 1688 volunt,
2770 1623 3024 1679 continuo
3043 1623 3270 1691 addidit,
3300 1625 3542 1685 habentes

1959 1708 2351 1767 damnationem.
2382 1710 2601 1767 Etdixit
2644 1727 2828 1782 quare,
2861 1715 3099 1783 quoniam
3143 1716 3363 1785 priorem
3389 1716 3545 1786 ﬁdem

1957 1798 2154 1853 irritam
2177 1800 2399 1870 fecerunt
2427 1817 2446 1856 :
2467 1812 2524 1856 ut
2548 1802 2871 1861 voluntatem
2900 1820 3063 1874 quaeat
3093 1807 3365 1875 proposito
3400 1807 3545 1862 ceci-

1957 1893 2056 1958 dit,
2087 1904 2341 1965 appareat
2370 1911 2492 1951 esse
2517 1895 2844 1965 damnatam,
2884 1896 3001 1953 sive
3026 1897 3418 1968 subsequantur
3438 1916 3509 1955 nu
3530 1930 3543 1939 ι

1958 1984 2105 2053 ptiar,
2132 1985 2247 2039 sive
2274 1984 2470 2040 desint.

2028 2074 2254 2132 CAPUT
2295 2075 2361 2130 Χ.
2388 2106 2461 2117 —
2483 2077 2568 2132 15.
2599 2075 2664 2131 In
2682 2093 2766 2134 eos
2791 2077 2877 2147 qui
2899 2078 3162 2148 lapsorum
3178 2096 3207 2132 a
3228 2089 3404 2134 sancto
3423 2097 3546 2153 pro-

1958 2167 2121 2238 posita
2145 2168 2349 2238 nuptias
2377 2169 2630 2224 adulteria
2653 2186 2762 2227 esse
2779 2170 2975 2225 dicunt.
3004 2170 3231 2227 Ecclesia
3256 2181 3363 2229 tota
3383 2173 3541 2244 virgo.

1958 2258 2191 2316 Proinde
2210 2261 2299 2331 qui
2326 2260 2512 2317 dicunt
2538 2263 2723 2318 talium
2755 2263 2969 2333 nuptias
3011 2278 3118 2319 non
3154 2279 3276 2320 csse
3306 2265 3545 2335 nuptias,

1946 2352 2054 2411 sed
2080 2355 2254 2425 potius
2278 2353 2564 2418 adulteria,
2591 2371 2699 2410 non
2731 2355 2862 2410 mihi
2888 2355 3131 2410 videntur
3150 2358 3280 2412 satis
3298 2365 3457 2414 acute
3476 2373 3546 2414 ac

1956 2446 2237 2518 diligenter
2277 2447 2620 2503 considerare
2661 2446 2790 2518 quid
2816 2447 2998 2503 dicant
3026 2465 3039 2502 :
3068 2447 3203 2503 fallit
3228 2464 3323 2503 eos
3345 2451 3544 2521 quippe

1957 2538 2254 2599 similitudo
2278 2540 2533 2597 veritatis.
2567 2540 2699 2606 Quia
2726 2540 2872 2596 enim
2893 2538 3199 2611 conjugium
3237 2538 3435 2597 Christi
3463 2542 3547 2596 di-

1957 2638 2150 2687 cuntur
2174 2630 2373 2702 eligere
2393 2647 2513 2701 quae
2539 2629 2833 2687 christiana
2866 2630 3149 2687 salictitate
3174 2647 3281 2686 non
3306 2631 3536 2696 nubunt,

1956 2720 2083 2777 hinc
2128 2729 2569 2793 argumentantur
2614 2721 2831 2792 quidam
2872 2720 3233 2778 dicentes:Si
3283 2722 3399 2779 viro
3444 2738 3546 2781 suo

1957 2815 2083 2871 vivo
2103 2830 2223 2886 qua:
2250 2815 2405 2871 alteri
2438 2814 2609 2878 nubit.
2634 2814 2877 2871 adultera
2904 2822 3010 2883 est,
3040 2815 3179 2871 sicut
3206 2815 3322 2887 ipse
3361 2816 3545 2872 Domi-

1956 2922 2060 2969 nus
2078 2908 2130 2962 in
2158 2907 2446 2980 Evangelia
2472 2908 2712 2965 deﬁnivit
2736 2907 2948 2980 (Matth.
2976 2923 3088 2977 xu,
3122 2907 3211 2981 9);
3251 2908 3374 2965 vivo
3414 2924 3545 2979 ergo

1957 2998 2189 3067 Christo,
2212 3000 2294 3056 cui
2322 3015 2470 3057 mors
2498 3001 2632 3061 ultra
2662 3016 2768 3057 non
2802 3000 3111 3059 dominatur
3128 3000 3305 3072 (Rom.
3341 3017 3418 3069 vl,
3438 3002 3542 3074 9)‘,

1954 3105 2075 3161 quae
2101 3091 2404 3163 conjugium
2439 3091 2556 3163 ejus
2595 3092 2863 3163 elegerat,
2893 3096 2937 3148 si
2965 3093 3166 3148 homini
3198 3091 3367 3158 nubit,
3397 3093 3545 3149 adul-

1959 3190 2073 3239 tera
2109 3192 2211 3239 est.
2242 3184 2343 3252 Qui
2373 3184 2475 3240 hoc
2497 3182 2707 3252 dicunt,
2739 3194 2895 3241 acute
2949 3184 3168 3254 quidem
3216 3194 3539 3250 moventur;

1956 3273 2053 3331 sed
2078 3288 2265 3344 parum
2290 3273 2572 3331 attendunt
2602 3274 2741 3331 hanc
2786 3275 3301 3346 argumentationem
3340 3286 3542 3347 quanta

1954 3380 2135 3424 rerum
2164 3375 2417 3436 sequatur
2460 3367 2783 3423 absurdius.
2836 3368 2974 3423 Cum
3017 3366 3161 3423 enim
3201 3366 3539 3424 laudabiliter

1954 3458 2118 3517 etiam
2136 3458 2349 3514 vivente
2378 3459 2494 3514 viro
2516 3474 2583 3514 ex
2603 3459 2722 3529 ejus
2740 3472 3007 3514 consensu
3042 3457 3424 3514 continentiam
3456 3457 3541 3513 fe-

1952 3549 2099 3611 mina
2124 3547 2338 3607 Christo
2358 3557 2572 3615 voveat,
2586 3549 2699 3618 jam
2721 3547 3013 3604 secundum
3038 3547 3259 3603 istorum
3276 3548 3538 3603 rationem

1955 3641 2100 3697 nulla
2125 3640 2229 3697 hoc
2268 3640 2448 3698 facere
2491 3641 2672 3705 debet,
2723 3656 2791 3697 ne
2832 3641 3004 3710 ipsum
3057 3637 3352 3707 Christum,
3394 3639 3542 3709 quod

1954 3732 2156 3791 sentire
2176 3732 2325 3789 nefas
2339 3742 2442 3799 est,
2465 3732 2767 3789 adulterum
2787 3731 2965 3798 faciat,
2987 3730 3073 3788 cui
3099 3731 3313 3787 vivente
3339 3731 3535 3787 marito

1954 3825 2130 3886 nubit.
2161 3824 2366 3883 Deinde
2388 3840 2509 3881 cum
2536 3824 2722 3896 prima:
2748 3823 2947 3895 nuptias
2972 3822 3209 3880 melioris
3237 3822 3346 3878 sint
3365 3821 3542 3877 meriti

1953 3932 2114 3990 quam
2159 3916 2432 3985 secunda},
2472 3916 2611 3983 absit
2657 3925 2715 3975 ut
2750 3922 3054 3971 sanctarum
3102 3913 3382 3969 viduarum
3439 3912 3543 3969 iste

1953 4007 2027 4064 sit
2052 4022 2266 4076 sensus,
2315 4016 2373 4063 ut
2406 4006 2657 4063 Christus
2701 4007 2780 4062 eis
2815 4005 3056 4061 videatur
3081 4005 3232 4076 quasi
3271 4002 3540 4061 secundus

1954 4099 2201 4161 maritus.
2231 4097 2405 4170 Ipsum
2432 4098 2574 4155 enim
2600 4097 2870 4153 habebant
2893 4105 2944 4153 et
2970 4105 3148 4162 antea,
3176 4095 3390 4167 quando
3409 4094 3540 4150 viris

1953 4190 2065 4247 suis
2132 4187 2359 4245 ﬁdeliter
2417 4188 2724 4244 serviebant
2769 4186 3036 4254 subditae,
3066 4202 3171 4242 non
3224 4185 3535 4253 carnaliter,

1955 4280 2052 4338 sed
2100 4280 2451 4351 spiritualiter
2507 4281 2680 4334 virum
2713 4295 2728 4333 :
2760 4279 2846 4333 cui
2898 4277 3134 4334 Ecclesia
3181 4277 3292 4348 ipsa
3321 4318 3338 4343 ,
3388 4275 3542 4347 cujus

1954 4375 2196 4432 membra
2243 4382 2390 4442 sunt,
2434 4373 2633 4443 conjux
2673 4381 2783 4438 est;
2828 4387 2948 4443 qua:
2999 4370 3158 4443 ﬁdei,
3207 4369 3362 4441 spei,
3414 4370 3543 4424 cha—

1953 4469 2127 4526 ritatis
2155 4469 2492 4540 integritate,
2539 4482 2645 4522 non
2689 4467 2743 4521 in
2793 4465 2923 4522 solis
2966 4463 3265 4534 virginibus
3316 4461 3538 4529 sanctis,

1955 4559 2052 4616 sed
2080 4559 2240 4615 etiam
2271 4558 2323 4612 in
2355 4556 2529 4612 viduis
2549 4564 2604 4611 et
2627 4556 2925 4626 conjugatis
2952 4554 3219 4621 ﬁdelibus,
3246 4561 3355 4608 tota
3385 4552 3536 4624 virgo

1955 4660 2057 4708 est.
2084 4650 2351 4707 Universae
2377 4648 2572 4719 quippe
2593 4646 2869 4713 Ecclesiae,
2889 4645 3043 4717 cujus
3064 4646 3150 4721 illa
3168 4645 3346 4701 omnia
3374 4658 3545 4699 mem-

1956 4744 2052 4800 bra
2080 4752 2237 4810 sunt,
2283 4741 2573 4812 Apostolus
2598 4741 2727 4795 dicit
2754 4757 2766 4794 :
2797 4739 2979 4810 Aptari
3002 4755 3090 4795 vos
3118 4739 3211 4794 uni
3235 4740 3343 4792 viro
3387 4736 3541 4807 uirgi-

1957 4854 2071 4897 nem
2096 4846 2287 4892 castam
2310 4835 2541 4891 exhibere
2561 4833 2762 4891 Christo
2791 4832 2857 4906 (li
2882 4830 3003 4889 Cor.
3032 4849 3107 4899 xl,
3134 4831 3216 4904 2).
3254 4830 3415 4887 Novit
3439 4843 3538 4883 au-

1958 4938 2066 4984 tem
2094 4928 2186 4982 ille
2221 4927 2501 4998 conjugem
2527 4926 2787 4997 virginem
2831 4924 2947 4980 sine
2975 4924 3321 4992 corruptione
3342 4920 3541 4983 fetere.

1958 5035 2114 5091 quem
2143 5020 2195 5074 in
2219 5019 2331 5091 ipsa
2358 5018 2516 5075 etiam
2544 5034 2705 5073 carne
2731 5017 2903 5088 potuit
2922 5023 3090 5071 mater
3105 5014 3222 5069 sine
3243 5009 3545 5079 corruptio-

1958 5128 2025 5168 ne
2053 5126 2352 5182 procreare.
2388 5110 2472 5165 Fit
2515 5119 2692 5165 autem
2736 5124 2833 5179 per
2858 5108 2999 5162 hanc
3031 5105 3206 5161 minus
3234 5099 3545 5157 considera-

1960 5216 2066 5263 tam
2091 5205 2397 5276 Opinionem
2416 5245 2433 5269 ,
2464 5220 2567 5274 qua
2599 5211 2787 5272 putant
2817 5201 3084 5271 lapsarum
3126 5211 3159 5251 a
3203 5200 3390 5249 sancto
3418 5206 3544 5261 pro-

1958 5298 2132 5369 posito
2169 5296 2491 5353 fortunarum
2513 5336 2528 5359 ,
2558 5294 2606 5351 si
2628 5291 2929 5363 nupserim,
2968 5302 3075 5344 non
3106 5300 3229 5343 esse
3252 5282 3501 5354 conjugia
3520 5323 3537 5351 ,

1956 5405 2065 5446 non
2088 5404 2305 5461 parvum
2329 5389 2526 5444 malum
2546 5427 2562 5452 ,
2593 5394 2652 5442 ut
2691 5401 2723 5440 a
2766 5382 2971 5439 maritis
2997 5389 3319 5450 separentur
3347 5391 3546 5432 uxores

1956 5482 2109 5552 quasi
2134 5480 2391 5538 adultera:
2433 5479 2570 5544 sint,
2603 5492 2709 5531 non
2746 5489 2981 5539 uxores;
3008 5481 3064 5529 et
3091 5486 3214 5529 cum
3242 5467 3429 5541 volunt
3453 5483 3548 5525 eas

1956 5582 2227 5643 separatas
2243 5570 2466 5627 reddere
2491 5566 2854 5629 continentiae,
2877 5564 3082 5633 faciunt
3108 5564 3331 5619 maritos
3358 5576 3544 5617 earum

1958 5665 2227 5720 adulteros
2273 5675 2432 5717 veros
2459 5663 2497 5727 ",
2537 5674 2658 5714 cum
2708 5658 2821 5715 suis
2873 5659 3132 5715 uxoribus
3168 5656 3304 5712 vivis
3347 5655 3546 5710 alteras

1956 5756 2225 5813 duxerint.

2023 5874 2042 5903 ³
2058 5877 2129 5919 Er.
2151 5875 2201 5917 et
2227 5867 2450 5929 jlcriquu
2468 5873 2591 5927 \tss.,
2618 5864 2763 5918 viros.
