4070 6334
521 414 622 478 ιδθ

495 537 502 546 '
584 527 810 586 CAPUT
839 525 928 584 XI.
950 558 1015 568 --
1040 527 1125 582 LI.
1155 525 1351 598 Lapsus
1372 542 1402 578 a
1426 535 1597 580 sancto
1618 526 1879 598 proposito
1909 526 2093 591 malus,

511 623 707 690 nuptiae
736 631 901 676 tamen
926 621 1186 691 lapsarum
1207 620 1367 673 bonw.
1397 618 1728 689 Quapropter
1759 633 1861 674 non
1885 634 2102 689 possum

511 713 727 784 quidem
757 713 956 780 dicere,
979 728 1008 768 a
1040 713 1312 783 proposito
1342 713 1561 767 meliore
1589 714 1793 782 lapsas,
1826 713 1870 767 si
1903 727 2101 786 nupse-

509 807 639 872 rint,
689 804 914 861 feminas
938 847 954 872 ,
1015 804 1275 860 adulteria
1328 819 1453 859 esse
1476 845 1491 868 ,
1545 818 1652 859 non
1690 803 1930 874 conjugia
1966 821 1978 856 :
2009 803 2101 858 sed

507 900 667 969 plane
697 913 806 952 non
833 897 1184 951 dubitaverim
1217 896 1426 961 dicere,
1453 896 1631 967 lapsus
1655 904 1708 951 et
1735 897 1915 951 ruinas
1946 911 1974 948 a
2005 911 2097 950 ca-

510 988 690 1044 stitate
713 989 998 1054 sanctiore,
1024 1003 1142 1058 quae
1168 999 1390 1043 vovetur
1409 989 1655 1055 Domino,
1680 987 1955 1043 adulteriis
1981 1002 2101 1042 esse

509 1078 742 1150 pejores.
766 1078 820 1132 Si
850 1080 1014 1143 enim,
1047 1079 1188 1150 quod
1222 1080 1370 1134 nullo
1412 1080 1573 1134 modo
1601 1079 1953 1134 dubitandum
1981 1089 2062 1134 est
2081 1123 2096 1147 ,

506 1170 576 1224 ad
605 1170 958 1226 olfensionem
988 1171 1184 1225 Christi
1213 1171 1475 1239 pertinet,
1503 1186 1621 1226 cum
1652 1171 1950 1225 membrum
1980 1171 2097 1239 ejus

509 1261 672 1317 ﬁdem
700 1277 804 1316 non
829 1271 1004 1316 servat
1034 1263 1224 1316 marito
1251 1280 1264 1328 ;
1293 1271 1495 1331 quanto
1537 1262 1750 1333 gravius
1788 1261 2094 1327 offenditur,

509 1367 631 1410 eum
658 1353 732 1407 illi
763 1354 860 1424 ipsi
890 1370 993 1408 non
1019 1365 1263 1409 servatur
1289 1355 1420 1408 ﬁdes
1442 1355 1492 1408 in
1519 1369 1583 1409 eo
1606 1355 1746 1423 quod
1768 1354 1932 1425 exigit
1949 1354 2101 1408 obla-

509 1455 622 1500 tum
643 1487 658 1511 ,
689 1446 778 1516 qui
811 1462 914 1499 non
941 1456 1190 1516 exegerat
1215 1445 1542 1501 oﬁ‘erendum
1561 1447 1588 1498 ‘i
1612 1446 1746 1501 Cum
1774 1446 1915 1501 enim
1938 1447 2095 1518 quis-

510 1553 617 1608 que
643 1554 745 1591 non
778 1538 969 1604 reddit,
1011 1537 1153 1608 quod
1208 1553 1314 1593 non
1359 1539 1585 1610 imperio
1635 1540 1966 1608 compulsus,
2001 1538 2095 1594 sed

507 1629 735 1683 consilio
765 1629 1122 1683 commonitus
1149 1630 1324 1694 vovit;
1347 1638 1490 1684 tanto
1513 1629 1681 1700 magis
1711 1629 1936 1684 fraudati
1985 1631 2094 1685 voti

508 1730 666 1790 auget
687 1721 1012 1790 iniquitatem
1032 1763 1047 1785 ,
1074 1730 1272 1790 quanto
1303 1721 1477 1775 minus
1519 1719 1702 1774 habuit
1731 1722 1962 1777 voveudi
1995 1737 2094 1778 ne-

507 1812 834 1868 cessitatem.
867 1811 990 1867 llaec
1017 1812 1136 1868 ideo
1160 1811 1403 1882 disputo,
1427 1827 1493 1868 ne
1523 1814 1797 1868 arbitreris
1811 1816 1891 1870 vel
1906 1830 2097 1870 secun—

508 1901 605 1958 das
631 1904 840 1972 nuptias
868 1903 1068 1958 crimen
1097 1918 1213 1959 esse
1234 1946 1249 1972 ,
1300 1904 1386 1960 vel
1435 1920 1794 1977 quascumque
1838 1909 2050 1978 nuptias
2074 1951 2089 1975 ,

505 2007 629 2047 cum
656 1996 763 2047 sint
791 1995 1016 2065 nuptiaz,
1049 1996 1244 2049 malum
1271 2011 1391 2052 esse
1420 1997 1459 2049 ⁸.
1491 1995 1606 2050 Νοη
1639 1997 1818 2067 itaque
1849 1999 1964 2053 illas
1995 2000 2092 2055 abs

505 2090 561 2138 te
579 2081 856 2138 damnatas
885 2085 1016 2139 velis
1041 2100 1180 2151 esse,
1207 2085 1301 2140 sed
1331 2096 1557 2156 spretas.
1584 2087 1786 2142 Bonum
1810 2105 1938 2159 ergo
1964 2105 2094 2144 con-

504 2173 743 2232 tinentia:
771 2175 999 2229 vidualis
1040 2175 1360 2231 Inculentius
1398 2177 1570 2244 decet,
1610 2193 1730 2231 cum
1759 2193 1856 2246 pro
1885 2180 1974 2232 illo
2001 2195 2093 2234 vo-

505 2264 681 2320 vendo
706 2274 759 2319 et
790 2266 1088 2334 proﬁtendo
1105 2276 1334 2345 possunt
1358 2278 1704 2324 contemnere
1722 2269 1935 2325 feminm
1951 2271 2094 2340 quod

503 2365 562 2412 et
587 2357 715 2411 libet
741 2367 794 2412 et
824 2358 969 2412 licet.
999 2357 1110 2413 Sed
1145 2368 1264 2427 post
1291 2361 1398 2414 voti
1428 2362 1811 2430 professionem
1845 2378 2095 2432 perseve—

503 2458 687 2506 ranter
715 2448 1029 2505 frenandum
1051 2460 1104 2507 et
1125 2451 1445 2507 vincendum
1476 2463 1558 2508 est
1589 2454 1732 2525 quod
1759 2455 1926 2522 libet,
1971 2455 2090 2526 quia

502 2540 616 2612 jam
638 2557 743 2596 non
774 2543 916 2597 licet.

574 2634 803 2692 CAPUT
819 2635 1096 2692 XII.—15.
1114 2635 1166 2690 Ν
1169 2635 1302 2692 ullas
1312 2637 1606 2708 quotaslibet
1623 2639 1823 2710 nuptias
1839 2640 2091 2694 damnan-

502 2725 598 2782 das
625 2744 749 2782 esse.
783 2727 857 2782 De
893 2729 1062 2783 tertiis
1089 2737 1143 2784 et
1167 2729 1234 2784 de
1263 2731 1465 2800 quartis
1490 2740 1546 2786 et
1577 2729 1644 2785 de
1683 2732 1817 2786 ultra
1853 2733 2090 2802 pluribus

502 2819 703 2888 nuptiis
725 2819 900 2875 solent
932 2820 1176 2877 homines
1205 2837 1421 2878 movere
1444 2824 1812 2894 quaestionem.
1854 2824 2002 2880 Unde
2033 2834 2091 2879 ut

502 2911 736 2967 breviter
750 2913 1124 2983 respondeam,
1144 2931 1242 2970 nec
1261 2916 1393 2969 ullas
1405 2917 1614 2987 nuptias
1630 2917 1800 2971 audeo
1811 2917 2083 2984 damnare,

501 3017 603 3058 nec
620 3003 698 3058 eis
713 3005 1084 3060 verecundiam
1104 3008 1502 3062 numerositatis
1519 3008 1749 3064 auferre.
1765 3008 1870 3064 Sed
1891 3025 1956 3064 ne
1973 3012 2088 3065 cui-

500 3108 660 3163 quam
684 3093 914 3150 brevitas
933 3096 1086 3165 hujus
1106 3097 1468 3167 responsionis
1488 3115 1621 3154 mea:
1639 3099 1772 3154 forte
1787 3099 2085 3169 displiceat,

500 3184 720 3239 uberius
739 3184 1092 3254 disputantem
1115 3189 1560 3258 reprehensorem
1585 3206 1761 3246 meum
1789 3192 1974 3247 audire
1990 3207 2086 3262 pa-

499 3284 647 3328 ratus
658 3291 798 3329 sum.
813 3276 1077 3332 Fortassis
1088 3279 1229 3332 enim
1244 3278 1398 3334 allert
1409 3280 1637 3350 aliquam
1651 3282 1933 3349 rationem,
1953 3299 2084 3353 qna-

500 3378 563 3418 re
611 3365 860 3421 secunda!
890 3369 1087 3438 nuptiae
1114 3383 1219 3424 non
1249 3369 1588 3439 damnentur,
1623 3373 1790 3428 tertiae
1825 3373 2087 3430 damnen-

495 3465 606 3514 tur.
636 3457 768 3513 Nam
793 3475 912 3530 ego,
937 3461 1072 3516 sicut
1099 3461 1149 3516 in
1178 3462 1399 3517 exordio
1424 3465 1688 3519 sermonis
1715 3465 1873 3535 hujus
1899 3467 2086 3522 admo-

449 3585 454 3590 ι
499 3551 622 3616 nui,
656 3567 760 3606 non
814 3553 985 3608 audeo
1030 3555 1148 3623 plus
1191 3570 1381 3626 sapere
1433 3573 1591 3628 quam
1631 3568 1847 3629 oportet
1889 3575 2082 3629 sapere

497 3643 675 3714 (Rom.
709 3661 804 3710 xu,
835 3646 912 3717 3).
940 3646 1070 3714 Quis
1118 3649 1260 3702 enim
1285 3665 1426 3714 sum,
1463 3652 1552 3720 qui
1605 3661 1785 3720 putem
1830 3652 2090 3707 delinien-

499 3734 650 3800 dum,
673 3736 812 3804 quod
842 3752 939 3792 nec
964 3739 1278 3808 Apostolum
1300 3741 1455 3796 video
1469 3742 1762 3798 definisse?
1787 3745 1876 3798 Ait
1901 3746 2043 3799 enim
2071 3765 2084 3801 :
2133 3762 2142 3771 '

501 3823 692 3878 Mulier
719 3827 931 3896 alligata
972 3837 1063 3894 est,
1095 3832 1335 3900 quamdiu
1362 3833 1437 3885 vir
1462 3834 1571 3903 ejus
1594 3835 1731 3888 vivit.
1764 3835 1879 3890 Non
1910 3837 2043 3892 dixit
2068 3881 2082 3904 ,

497 3915 742 3984 primus;
773 3926 897 3985 aut,
929 3921 1224 3986 secundus;
1256 3932 1366 3988 aut,
1398 3924 1617 3989 tertius;
1650 3936 1760 3993 aut,
1792 3939 2012 3996 quartus
2032 3933 2083 3985 ἐ

498 4007 626 4074 sed,
651 4007 859 4075 Mulier,
886 4011 1074 4082 inquit,
1112 4013 1326 4085 alligata
1363 4025 1456 4083 est,
1497 4017 1740 4088 quamdiu
1765 4021 1841 4073 vir
1865 4023 1975 4091 ejus
2005 4023 2082 4076 vi-

495 4099 569 4152 vit
591 4114 612 4154 :
636 4101 684 4154 si
709 4111 876 4155 autent
901 4114 1128 4160 mortuus
1152 4107 1303 4173 fuerit
1341 4109 1417 4162 uir
1454 4111 1584 4182 ejus,
1625 4111 1835 4166 liberata
1860 4124 1975 4181 est;
2003 4118 2086 4170 cui

496 4192 604 4246 uult
643 4195 832 4261 nubat,
867 4204 1061 4250 tantum
1108 4199 1161 4252 in
1210 4198 1446 4254 Domino.
1481 4201 1685 4256 Beatior
1713 4217 1880 4260 autem
1902 4210 2013 4274 erit,
2043 4211 2088 4264 si

496 4284 574 4338 sia
597 4288 926 4356 permanserit
958 4288 998 4361 (Ι
1027 4289 1144 4344 Cor.
1174 4307 1264 4354 vn,
1299 4291 1386 4358 '59,
1415 4293 1527 4363 40).
1561 4295 1695 4361 Quid
1721 4296 1858 4353 hulot
1871 4309 2086 4355 senten-

498 4375 590 4430 tiae
610 4419 623 4442 ,
656 4385 912 4447 quantum
943 4381 1009 4434 ad
1041 4381 1180 4437 hanc
1207 4399 1318 4438 rem
1349 4384 1560 4450 attinet,
1602 4386 1721 4440 addi
1752 4387 1832 4442 vel
1875 4389 2082 4447 detrahi

497 4466 688 4536 possit,
723 4468 928 4537 ignoro.
951 4469 1152 4528 Deinde
1182 4473 1352 4543 ipsum
1382 4489 1594 4545 quoque
1620 4478 1994 4546 Apostolorum
2017 4497 2082 4540 ac

495 4566 743 4614 nostrum
773 4560 1079 4632 Magistrum
1132 4574 1186 4620 et
1237 4565 1518 4620 Dominum
1566 4568 1725 4623 audio
1777 4570 2084 4630 Sadducaeis

497 4653 914 4722 respondentem
945 4698 960 4722 ,
1013 4673 1134 4713 cum
1181 4661 1591 4729 proposuissent
1647 4666 1928 4720 mulierem
1975 4683 2080 4722 non

496 4745 760 4800 univiram
790 4748 870 4802 vel
900 4748 1152 4813 biviram,
1198 4751 1290 4805 sed
1318 4793 1333 4817 ,
1386 4752 1431 4806 si
1467 4753 1570 4808 dici
1617 4765 1814 4824 potest,
1866 4760 2085 4828 septivi-

494 4848 613 4890 ram
635 4878 650 4902 ,
676 4836 731 4892 in
763 4839 1153 4896 resurrectione
1174 4842 1324 4910 cujus
1349 4841 1524 4898 futura
1552 4855 1695 4901 esset
1717 4863 1869 4901 uxor.
1903 4849 2083 4907 incre-

494 4939 631 4996 pans
660 4928 802 4983 enim
831 4944 955 4994 eos,
986 4931 1059 4984 ait
1085 4948 1098 4984 :
1131 4928 1354 4999 Erratis,
1391 4950 1491 4986 non
1518 4936 1727 4991 scientes
1756 4937 2073 5010 Scripturas,

496 5034 659 5090 neque
677 5022 905 5075 virtutem
931 5021 1044 5075 Dei.
1070 5021 1135 5076 In
1176 5026 1541 5079 resurrectione
1579 5029 1710 5081 enim
1758 5047 1847 5083 nec
1872 5031 2078 5098 nubent,

496 5126 590 5165 nec
627 5129 808 5167 uxores
835 5112 1016 5166 ducent
1041 5129 1058 5166 :
1083 5130 1182 5168 non
1208 5115 1341 5168 enim
1367 5116 1608 5186 incipient
1636 5123 1784 5184 mori,
1813 5123 1899 5174 sed
1937 5134 2083 5178 erum

497 5203 714 5271 aquales
740 5204 948 5275 Angelis
969 5203 1065 5258 Dei
1097 5203 1306 5277 (Matth.
1326 5223 1458 5274 xxn,
1476 5208 1546 5263 29
1564 5221 1610 5262 et
1628 5210 1739 5282 30).
1773 5212 1964 5267 Eorum
1984 5216 2083 5268 ita-

497 5311 604 5364 que
624 5297 1067 5352 resurrectionem
1093 5302 1527 5354 commemoravit
1546 5344 1560 5368 ,
1585 5305 1673 5372 qui
1699 5316 1979 5375 resurgent
2010 5308 2076 5362 ad

496 5388 680 5452 vitam,
709 5401 816 5440 non
843 5389 933 5457 qui
962 5399 1240 5460 resurgant
1269 5389 1334 5443 ad
1374 5407 1607 5459 pinnam.
1641 5394 1820 5449 Potuit
1838 5411 1966 5466 ergo
1993 5398 2076 5451 di-

497 5488 620 5529 cere
639 5517 655 5542 ,
696 5475 899 5532 Erratis
917 5519 932 5542 ,
958 5479 1255 5536 nescientes
1280 5481 1600 5551 Scripturas.
1632 5501 1804 5554 neque
1827 5489 2073 5544 virtutem

499 5566 630 5633 Dei;
659 5568 711 5626 in
743 5569 830 5623 illa
863 5572 1004 5628 enim
1033 5575 1424 5630 resurrectione
1464 5577 1774 5633 multinuba:
1813 5581 1926 5635 ista:
1959 5598 2078 5638 esse

563 5723 714 5798 {utne
737 5725 906 5798 verba,
929 5725 1346 5798 velquascunique
1367 5730 1574 5795 ηιιῃτίιιδ,
1601 5746 1711 5786 cum
1746 5733 1840 5794 sint
1873 5734 2072 5798 nuptiu',

501 5784 678 5851 nulum
699 5799 820 5851 esse,
844 5784 1018 5851 absunt
1037 5784 1068 5837 'a
1090 5784 1338 5851 plerisque
1367 5784 1467 5844 vss.

564 5851 582 5880 ³
605 5848 724 5898 Libri
744 5849 956 5911 quidam,
972 5856 1053 5900 aut
1076 5848 1374 5915 quamlibet.

1751 409 1807 466 S.
1850 405 2210 464 AUCUSTINI
2250 405 2544 463 EPISCOPI

3695 414 3804 470 440

2215 535 2319 575 non
2348 532 2593 592 poterunt
2620 542 2633 577 :
2663 522 2852 580 deinde
2880 525 3094 587 addere,
3119 529 3237 597 quia
3265 545 3364 585 nec
3391 531 3565 602 aliqua
3595 532 3672 587 ibi
3705 549 3798 588 nu-

2212 612 2308 667 bit.
2329 614 2435 669 Sed
2467 630 2563 669 nee
2593 616 2781 684 ipsam,
2817 627 2871 671 ut
2902 619 3140 672 videmus
3163 662 3177 683 ,
3216 630 3293 676 tot
3318 625 3627 677 maritorum
3666 641 3793 678 mn-

2210 703 2395 760 Iierem
2426 707 2527 760 ulla
2570 721 2681 761 sua:
2727 711 3003 764 sententia:
3050 711 3443 781 signiﬁcatione
3490 715 3787 770 damnavit.

2209 795 2542 867 Quapropter
2576 813 2674 853 nec
2701 809 2883 854 contra
2931 801 3175 857 humana:
3202 789 3539 860 verecundae
3568 822 3792 862 sensum

2208 888 2380 944 audeo
2413 889 2594 944 dicere
2615 933 2629 954 ,
2665 900 2721 945 ut
2747 892 2954 961 quoties
2983 894 3250 958 voluerit,
3277 897 3404 950 viris
3431 899 3658 953 mortuis
3687 914 3794 952 nu-

2207 978 2297 1033 bat
2323 980 2515 1034 femina
2550 999 2565 1036 :
2593 997 2692 1036 nee
2715 997 2779 1036 ex
2812 998 2932 1037 meo
2955 984 3115 1038 corde
3145 996 3338 1054 prazter
3363 987 3651 1058 Scriptura:
3670 1005 3800 1042 san-

2207 1078 2307 1123 cta:
2350 1073 2716 1126 auctoritatem
2753 1075 3071 1143 quotaslibet
3102 1077 3119 1107 ί
3142 1077 3356 1146 nuptias
3383 1080 3553 1133 audeo
3595 1081 3801 1134 conde-

2207 1176 2410 1216 mnare.
2443 1162 2594 1228 Quod
2635 1175 2811 1217 autem
2860 1165 2980 1219 dico
3026 1168 3247 1222 univira:
3274 1169 3468 1235 viduas,
3515 1170 3619 1226 hoc
3668 1173 3796 1227 dico

2206 1253 2350 1305 omni
2381 1253 2551 1307 vidua:
2581 1271 2592 1306 :
2621 1253 2824 1308 beatior
2848 1257 2973 1320 eris,
3003 1258 3046 1310 si
3075 1259 3151 1311 sic
3179 1261 3559 1326 permanseris.

2275 1345 2501 1401 CAPUT
2529 1346 2664 1400 XIII.
2689 1378 2760 1386 —
2783 1348 2869 1402 16.
2912 1347 3127 1401 Viduam
3149 1349 3357 1404 biviram
3387 1353 3661 1421 aliquando
3686 1371 3800 1408 esse

2205 1437 2572 1506 praeferendam
2597 1439 2826 1493 univirae.
2871 1440 3149 1494 Viduarum
3179 1443 3354 1497 merita
3385 1459 3448 1498 ex
3480 1445 3638 1513 ipsius
3664 1463 3794 1499 con-

2205 1530 2424 1584 tinentiae
2470 1531 2655 1596 viribus
2702 1533 2979 1602 pensanda.
3033 1532 3163 1588 Nam
3217 1546 3271 1590 et
3321 1537 3450 1590 illud
3501 1552 3608 1591 non
3655 1538 3795 1591 insi-

2202 1621 2411 1690 pienter
2438 1623 2660 1692 proponi
2686 1625 2858 1690 solet,
2896 1633 2952 1678 ut
2984 1625 3125 1680 dicat
3164 1626 3256 1696 qui
3292 1636 3500 1696 potest,
3536 1644 3791 1698 quamam

2202 1711 2358 1766 vidua
2397 1714 2600 1767 meritis
2639 1713 2970 1782 praeferenda
3009 1716 3078 1770 sit
3121 1734 3133 1768 :
3174 1725 3351 1771 utrum
3395 1718 3633 1783 univira,
3665 1735 3792 1788 qua:

2201 1817 2321 1859 eum
2352 1804 2572 1859 vixisset
2596 1805 2792 1860 diutius
2814 1821 2933 1860 cum
2966 1807 3178 1874 marito,
3214 1807 3336 1862 ﬁliis
3367 1812 3657 1880 procreatis
3683 1812 3796 1865 sal-

2199 1898 2385 1966 visqne
2413 1897 2644 1963 viduata,
2669 1899 3047 1953 continentiam
3077 1900 3317 1969 professa
3347 1913 3456 1968 est;
3484 1918 3553 1956 an
3580 1918 3642 1957 ea
3664 1919 3792 1972 qua:

2200 1987 2599 2044 adolescentula
2629 1989 2765 2044 intra
2797 1991 2931 2046 duos
2954 2007 3122 2048 annos
3155 1995 3366 2049 amissis
3387 1996 3594 2050 duobus
3615 1997 3747 2051 viris
3770 2038 3785 2060 ,

2199 2081 2361 2136 nullis
2402 2081 2469 2135 ad
2516 2083 2932 2138 consolationem
2977 2086 3310 2140 exstantibus
3358 2086 3571 2151 liberis,
3616 2090 3796 2142 conti-

2200 2171 2432 2226 nentiam
2463 2173 2570 2225 Dco
2593 2173 2754 2239 vovit,
2779 2182 2832 2229 et
2857 2175 2910 2228 in
2933 2190 2993 2230 ea
3023 2177 3547 2244 perseverantissima
3580 2179 3787 2232 sancti-

2200 2272 2305 2318 tate
2330 2265 2628 2319 consenuit.
2667 2266 2763 2320 Hic
2789 2281 2847 2321 se
2880 2280 3194 2335 exerceant,
3222 2271 3266 2324 si
3309 2280 3562 2339 possunt,
3596 2271 3790 2341 dispu-

2199 2356 2380 2423 tando,
2411 2365 2467 2410 et
2495 2357 2647 2412 nobis
2667 2359 2866 2429 aliquid
2886 2359 3322 2426 demonstrando,
3349 2364 3438 2431 qui
3462 2363 3529 2417 de
3560 2380 3790 2419 numero

2196 2446 2430 2501 virorum
2457 2489 2471 2512 ,
2507 2464 2610 2502 non
2649 2449 2716 2503 de
2753 2451 2919 2518 ipsius
2955 2453 3296 2506 continentia:
3329 2455 3527 2508 viribus
3553 2465 3790 2523 pensant

2196 2543 2384 2593 merita
2414 2539 2713 2596 viduarum.
2745 2541 2799 2597 Si
2827 2544 2968 2597 enim
2999 2543 3266 2610 dixerint,
3303 2546 3374 2598 illi
3419 2546 3599 2600 bivirte
3637 2547 3787 2602 illam

2197 2630 2456 2684 univiram
2483 2645 2605 2686 esse
2635 2633 3018 2701 praeferendam
3041 2651 3054 2698 ;
3078 2635 3176 2689 nisi
3195 2636 3471 2690 attulerint
3495 2638 3788 2706 specialem

2195 2721 2424 2790 aliquam
2466 2723 2727 2778 rationem
2773 2725 2854 2780 vel
2898 2729 3264 2781 auctoritatem
3292 2767 3307 2794 ,
3351 2727 3589 2796 profecto
3635 2731 3791 2785 inve-

2196 2813 2410 2868 nientur
2443 2815 2623 2868 virtuti
2666 2817 2828 2871 animi
2868 2832 2971 2871 non
3012 2818 3268 2888 majorem
3299 2820 3549 2874 virtutem
3578 2823 3786 2889 animi,

2193 2905 2289 2959 sed
2333 2907 2512 2961 carnis
2569 2907 2878 2963 felicitatem
2933 2917 3280 2980 anteponere.
3338 2912 3417 2965 Ad
3473 2912 3786 2968 felicitatem

2193 2997 2392 3066 quippe
2431 2999 2608 3053 carnis
2650 3000 2937 3070 pertinuit,
2968 3011 3023 3056 et
3048 3002 3139 3055 diu
3170 3018 3290 3057 cum
3327 3003 3441 3058 viro
3480 3005 3694 3071 vivere,
3731 3016 3788 3061 et

2194 3088 2332 3144 ﬁlios
2366 3105 2666 3158 procreare.
2698 3091 2804 3147 Sed
2832 3092 2877 3146 si
2915 3108 3019 3147 non
3049 3109 3167 3148 eam
3198 3095 3267 3149 ob
3303 3095 3404 3150 hoc
3432 3108 3782 3166 prmponunt,

2193 3181 2316 3249 quia
2348 3181 2482 3235 ﬁlios
2513 3181 2724 3249 habuit;
2768 3183 2998 3253 idipsum
3028 3196 3175 3240 certe
3199 3186 3339 3256 quod
3373 3187 3461 3239 diu
3499 3202 3618 3240 cum
3661 3189 3786 3243 viro

2192 3275 2355 3339 vixit,
2397 3275 2524 3346 quid
2549 3276 2692 3330 aliud
2719 3292 2877 3346 quam
2905 3279 3083 3332 carnis
3113 3278 3336 3333 felicitas
3364 3278 3494 3332 fuit?
3532 3278 3782 3335 Meritum

2192 3383 2355 3438 porro
2378 3370 2544 3423 Anna:
2565 3370 2704 3424 illius
2724 3385 2788 3424 eo
2809 3372 3038 3426 maxime
3059 3372 3482 3436 commendatur,
3512 3373 3633 3442 quia
3655 3389 3782 3427 eum

2192 3469 2300 3513 tam
2324 3460 2430 3514 cito
2453 3462 2736 3516 extulisset
2759 3463 2952 3529 virum,
2984 3478 3079 3532 per
3106 3465 3362 3533 prolixam
3395 3473 3604 3519 aetatem
3627 3479 3781 3519 suam

2193 3553 2283 3608 diu
2310 3569 2430 3608 cum
2459 3571 2620 3610 carne
2645 3555 2918 3621 conﬂixit,
2948 3565 3001 3610 et
3025 3557 3172 3610 vicit.
3213 3555 3301 3612 Sic
3339 3557 3480 3611 enim
3524 3557 3780 3626 scriptum

2193 3654 2274 3698 est
2305 3663 2317 3698 :
2349 3643 2416 3698 Et
2440 3655 2546 3698 erat
2573 3649 2719 3700 Anna
2755 3647 3072 3715 prap/ietissa
3105 3648 3214 3715 ﬁlia
3248 3647 3511 3713 Phanuel,
3551 3649 3614 3700 de
3645 3649 3782 3700 tribu

2191 3737 2318 3791 Aser
2349 3753 2369 3792 :
2393 3738 2500 3792 hinc
2522 3750 2828 3808 processerat
2859 3741 2910 3792 in
2939 3741 3308 3827 diebus'multis
3331 3783 3345 3806 ,
3376 3750 3422 3794 et
3447 3742 3636 3794 vixerat
3661 3757 3781 3793 cum

2192 3831 2297 3884 uiro
2328 3847 2419 3885 suo
2447 3832 2594 3884 annis
2618 3840 2808 3899 septem
2844 3849 2875 3884 a
2915 3833 3198 3902 virginitate
3225 3849 3350 3896 sua;
3391 3843 3437 3886 et
3480 3833 3584 3885 [nec
3624 3832 3782 3884 uidua

2191 3937 2348 3991 usque
2371 3922 2439 3975 ad
2473 3939 2631 3978 annos
2664 3925 2918 3995 octoginta
2940 3935 3187 3995 quatuor,
3219 3942 3331 3995 qua:
3367 3942 3465 3979 non
3492 3925 3782 3978 discedebat

2192 4013 2255 4066 de
2283 4014 2469 4083 templo
2491 4056 2502 4078 ,
2522 4015 2736 4085 jejuniis
2774 4025 2823 4068 et
2857 4016 3279 4070 obsecrationibus
3305 4017 3518 4069 serviens
3545 4026 3687 4069 nocte
3718 4033 3782 4069 ac

2192 4104 2275 4156 die
2307 4101 2466 4176 (Luc.
2501 4121 2566 4170 ιι,
2609 4107 2710 4169 56,
2758 4105 2884 4174 57).
2924 4105 3081 4160 Vides
3119 4106 3562 4174 quemadmodum
3594 4117 3780 4161 saneta

2192 4195 2348 4250 vidua
2375 4213 2480 4250 non
2508 4198 2681 4251 solum
2709 4213 2774 4254 eo
2806 4199 3124 4268 praedicatur
3166 4200 3303 4269 quod
3336 4199 3539 4253 univira
3582 4199 3780 4264 fuerit,

2190 4301 2376 4342 verum
2404 4289 2561 4342 etiam
2598 4289 2740 4358 quod
2771 4305 2968 4360 paucos
3006 4306 3175 4346 annos
3205 4307 3326 4346 cum
3357 4292 3547 4344 marito
3585 4293 3781 4346 vixerit

2189 4392 2220 4432 a
2247 4378 2548 4448 virginitate
2578 4394 2704 4447 sua,
2740 4390 2794 4436 et
2820 4381 3046 4436 vidualis
3089 4382 3431 4437 continentia:
3461 4398 3653 4436 munus
3681 4398 3750 4436 us

2189 4484 2294 4539 que
2338 4468 2406 4524 ad
2451 4479 2651 4525 tantam
2695 4481 3023 4528 senectutem
3069 4481 3214 4528 tanta
3265 4473 3478 4543 pietatis
3521 4475 3784 4530 servitute

2189 4560 2518 4630 perduxerit.

2259 4651 2485 4708 CAPUT
2516 4652 2656 4708 XIV.
2692 4684 2764 4695 —
2790 4657 2874 4710 l'l.
2908 4655 3231 4726 Comparatio
3260 4659 3362 4711 alia
3397 4659 3525 4712 inter
3556 4659 3783 4728 triplices

2188 4742 2384 4797 viduas.
2428 4743 2654 4798 Julianus
2691 4745 2856 4800 uidua:
2880 4747 2977 4800 tria
3003 4757 3206 4816 exaptat
3245 4765 3357 4819 qua:
3384 4750 3544 4803 Anna:
3569 4751 3780 4817 fuerunt

2190 4839 2340 4893 bona.
2379 4837 2777 4893 Constituamus
2820 4839 2979 4909 igitur
3023 4849 3145 4895 ante
3190 4843 3375 4896 oculos
3423 4852 3635 4896 nostros
3685 4843 3774 4896 vi-

2189 4930 2321 4986 duas
2342 4939 2481 4996 tres,
2511 4929 2768 4985 habentes
2793 4931 3002 5001 singula
3034 4947 3218 4986 eorum
3255 4949 3372 5002 quae
3407 4932 3529 4988 huic
3567 4935 3780 4988 inerant

2188 5023 2366 5077 omnia
2400 5038 2412 5074 :
2445 5037 2600 5075 unam
2630 5036 2887 5089 ponamus
2926 5024 3186 5076 univiram
3210 5066 3224 5090 ,
3256 5025 3338 5079 cui
3367 5025 3504 5079 desit
3534 5034 3586 5078 et
3628 5033 3779 5079 tanta

2188 5112 2468 5181 prolixitas
2494 5110 2783 5177 viduitatis,
2816 5111 2957 5181 quod
2982 5112 3073 5167 diu
3101 5128 3222 5167 cum
3254 5115 3446 5168 marito
3483 5115 3692 5178 vixerit,
3725 5125 3784 5170 et

2190 5211 2393 5256 tantum
2424 5200 2657 5255 studium
2684 5202 2914 5271 pietatis,
2943 5205 3084 5274 quod
3119 5220 3223 5258 non
3255 5205 3324 5259 ita
3349 5205 3566 5274 jejuniis
3592 5214 3646 5260 et
3675 5206 3783 5261 ob-

2189 5292 2577 5348 secrationibus
2598 5294 2798 5348 serviat
2830 5313 2842 5350 :
2871 5295 3115 5361 alterum,
3149 5312 3269 5364 quae
3296 5305 3414 5365 post
3444 5296 3635 5365 prioris
3663 5311 3785 5351 ma-

2190 5385 2276 5439 riti
2299 5383 2668 5440 brevissimam
2690 5386 2871 5453 vitam,
2890 5389 3048 5443 etiam
3073 5389 3362 5444 secundum
3387 5389 3491 5442 cito
3508 5389 3778 5456 amiserit,

2189 5485 2245 5532 et
2268 5477 2515 5531 diuturna
2543 5486 2701 5533 (etate
2729 5479 2796 5532 sit
2822 5479 3008 5545 vidua,
3040 5480 3133 5535 sed
3164 5481 3328 5535 etiam
3368 5481 3480 5551 ipsa
3507 5494 3612 5534 non
3648 5489 3779 5533 tau-

2191 5578 2296 5622 tam
2323 5569 2414 5623 det
2433 5583 2651 5639 operam
2670 5571 2994 5641 jejuniorum
3026 5582 3080 5627 et
3103 5574 3529 5629 obsecrationum
3557 5573 3781 5642 religio-

2191 5659 2414 5714 sissima:
2435 5662 2678 5716 servituti
2703 5680 2716 5714 :
2744 5664 2973 5730 tertiam,
2998 5680 3116 5733 quae
3145 5681 3248 5722 non
3274 5666 3446 5720 solum
3471 5664 3606 5718 duos
3628 5663 3780 5718 viros

2192 5750 2466 5818 habuerit,
2506 5753 2600 5807 sed
2641 5753 2798 5806 etiam
2841 5770 2961 5809 cum
3003 5757 3260 5812 ambobus
3306 5755 3649 5828 singillatim,
3688 5755 3776 5811 vel

2265 5865 2277 5895 ¹
2303 5866 2374 5914 sic
2397 5871 2501 5914 Mss.
2531 5872 2583 5914 At
2601 5865 2733 5925 editi,
2756 5864 3092 5926 quarumlibet.
