4070 6334
252 410 346 466 ιιι
1407 397 1494 453 DE
1534 393 1712 451 BONO
1756 388 2142 448 VlDUlTATIS
2181 388 2399 449 LIBER.

256 538 371 581 cum
398 522 586 593 aliquo
616 536 809 576 eorum
835 518 1031 573 diutius
1060 514 1271 578 vixerit,
1298 521 1351 567 et
1378 509 1675 582 posteriore
1703 516 1857 562 aetate

261 614 492 680 viduata,
522 612 581 666 in
611 626 722 682 qua
750 611 964 682 quidem
992 610 1033 662 si
1062 607 1261 661 nubere
1285 604 1557 667 voluisset,
1590 608 1771 671 posset
1806 606 1860 653 et

267 705 398 761 iilios
436 716 766 773 procreare,
799 697 1091 768 susceperit
1127 693 1511 751 continentiam
1548 688 1858 751 vidualem;

268 796 358 855 Sed
394 795 516 866 plus
550 794 763 848 intenta
799 793 853 847 in
898 791 1065 845 Deum
1086 829 1098 853 ,
1137 788 1256 858 plus
1282 787 1350 841 sit
1384 784 1608 840 sollicita
1639 797 1757 853 qua:
1787 780 1861 835 illi

271 889 511 961 placeant
540 886 771 940 actitare
793 926 808 949 ,
837 882 924 937 die
950 896 1014 936 ac
1041 892 1198 935 nocte
1224 879 1360 933 sicut
1390 878 1541 931 Anna
1564 874 1780 945 jejuniis
1810 879 1864 926 et

272 979 734 1037 obsecrationibus
781 976 1041 1032 serviens.
1093 974 1149 1029 Si
1204 969 1562 1027 contendatur
1616 980 1861 1039 quaenam

271 1077 491 1132 imarum
530 1075 603 1129 sit
645 1072 852 1127 meritis
885 1070 1093 1140 potior,
1138 1068 1258 1139 quis
1300 1080 1405 1120 non
1448 1062 1627 1118 videat
1667 1062 1719 1115 in
1764 1060 1865 1113 hoc

271 1168 565 1224 certamine
594 1164 827 1235 palmam
850 1160 1078 1217 dandam
1101 1174 1219 1215 esse
1240 1157 1427 1227 majori
1449 1153 1864 1223 ferventiorique

272 1250 494 1336 pietati?
520 1262 597 1316 ita
628 1271 679 1316 et
714 1260 758 1317 si
788 1268 896 1315 tres
930 1259 1048 1312 alia:
1084 1254 1496 1317 constituantur,
1524 1253 1716 1322 quibus
1741 1251 1862 1304 illo-

272 1366 387 1411 rum
419 1356 436 1386 ί
468 1354 632 1409 trium
658 1352 783 1408 bina
824 1351 1019 1412 insint,
1050 1348 1255 1420 singula
1284 1346 1487 1411 desint;
1518 1346 1635 1417 quis
1662 1342 1867 1397 dubitet

277 1465 366 1504 eas
396 1448 653 1503 meliores
680 1445 813 1511 fore,
842 1443 1032 1514 quibus
1061 1439 1455 1512 prmpoilentius
1485 1436 1640 1491 fuerit
1668 1436 1721 1491 in
1752 1433 1866 1488 suis

274 1540 425 1596 bonis
452 1538 666 1593 duobus
694 1537 777 1606 pia
807 1535 1075 1589 humilitas
1097 1576 1110 1599 ,
1138 1542 1192 1587 ut
1213 1532 1317 1585 alta
1348 1532 1414 1584 sit
1442 1528 1653 1598 pietas?

274 1644 279 1649 '
341 1632 430 1687 18.
454 1629 611 1685 Nulla
639 1629 853 1700 quidem
874 1638 1093 1681 istarum
1117 1641 1210 1680 sex
1234 1624 1513 1679 viduarum
1537 1632 1639 1675 tute
1661 1632 1865 1674 normae

275 1723 607 1793 adaequatur.
654 1720 733 1774 Tu
779 1719 922 1776 enim
967 1718 1010 1771 si
1057 1716 1157 1771 hoc
1203 1724 1385 1770 votum
1429 1712 1495 1767 ad
1536 1717 1863 1767 senectutem

273 1830 440 1885 usque
483 1812 825 1884 perduxeris,
868 1810 1046 1865 omnia
1083 1809 1180 1863 tria
1221 1818 1374 1878 potes
1410 1805 1606 1861 habere
1630 1846 1643 1869 ,
1676 1803 1866 1873 quibus

275 1910 442 1963 Anna:
465 1906 717 1961 meritum
750 1901 1018 1959 excelluit.
1044 1901 1175 1957 Nam
1200 1909 1255 1956 et
1284 1914 1446 1953 unum
1478 1898 1645 1951 virum
1676 1894 1864 1949 habui-

274 2000 373 2067 sti,
402 2009 460 2054 et
495 2012 605 2054 non
645 1996 735 2052 diu
773 2004 947 2052 tecum
982 1995 1113 2051 vixit
1149 1994 1201 2048 in
1244 2008 1411 2049 carne
1440 2010 1452 2045 :
1482 2006 1544 2046 ac
1576 2006 1669 2060 per
1694 1988 1795 2043 hoc
1820 1986 1863 2042 si

260 2087 585 2158 Iexhibueris
610 2092 968 2147 obedientiam
997 2088 1175 2145 verbis
1201 2085 1435 2157 Apostoli
1463 2084 1709 2147 dicentis,
1741 2080 1868 2147 Qua:

273 2199 440 2243 autem
469 2202 585 2239 vere
611 2184 762 2238 vidua
784 2192 856 2238 est
884 2192 928 2235 et
951 2182 1201 2247 desolata,
1229 2179 1442 2251 speravit
1469 2177 1522 2230 in
1550 2174 1823 2228 Dominum
1847 2214 1863 2238 ,

274 2290 322 2337 et
357 2277 581 2352 persistit
610 2278 632 2308 ²
658 2276 712 2329 in
754 2274 1064 2330 orationibus
1110 2281 1255 2326 nocte
1287 2287 1346 2325 ac
1384 2268 1498 2334 die;
1544 2276 1702 2336 atque
1738 2265 1866 2320 illud

276 2371 414 2445 quod
442 2368 690 2437 sequitur
719 2365 897 2421 sobria
926 2363 1196 2437 vigilantia
1224 2359 1546 2417 devitaverls
1569 2400 1582 2424 ,
1617 2357 1742 2424 Qua:
1772 2372 1867 2409 au-

276 2472 367 2517 tem
395 2463 449 2515 in
476 2460 666 2517 diliciis
694 2460 830 2531 agit,
854 2458 1020 2513 vivens
1052 2464 1249 2510 mortua
1272 2464 1345 2510 est
1370 2453 1427 2525 (l
1454 2452 1584 2506 Tim.
1608 2467 1660 2517 v,
1691 2451 1746 2518 5,
1772 2447 1862 2523 6):

274 2556 449 2615 omnia
480 2555 572 2609 illa
598 2554 700 2609 tria
726 2554 862 2608 bona
885 2568 1003 2623 qure
1028 2552 1196 2606 Annae
1224 2548 1456 2612 fuerunt,
1490 2554 1546 2601 et
1566 2552 1653 2601 tua
1684 2552 1861 2601 erunt.

274 2644 386 2701 Tibi
413 2654 598 2699 autem
626 2652 753 2698 sunt
790 2652 845 2698 et
889 2643 1001 2707 lilii,
1042 2654 1174 2711 quos
1212 2637 1348 2693 forte
1373 2636 1463 2693 illa
1500 2651 1604 2691 non
1634 2633 1819 2689 habuit
1851 2650 1863 2687 :

274 2752 369 2792 nec
398 2736 525 2791 ideo
552 2734 816 2789 laudanda
848 2748 906 2789 es
928 2776 943 2799 ,
971 2734 1091 2803 quia
1128 2745 1223 2787 eos
1250 2729 1417 2785 babes
1437 2771 1452 2796 ,
1490 2727 1583 2783 sed
1624 2727 1743 2799 quia
1784 2726 1868 2795 pie

276 2827 474 2882 nutrire
501 2836 665 2897 atque
690 2823 920 2880 educare
948 2822 1151 2878 studes.
1179 2820 1248 2877 Ut
1276 2822 1419 2875 enim
1454 2818 1544 2873 tibi
1578 2831 1866 2872 nasceren-

276 2929 386 2985 tur,
418 2917 800 2983 fecunditatis;
830 2925 888 2972 ut
913 2917 1124 2979 vivant,
1148 2913 1415 2969 felicitatis
1442 2919 1523 2965 cst
1557 2927 1570 2965 :
1598 2917 1656 2964 ut
1689 2917 1867 2962 autem

277 3014 349 3067 sic
378 3013 729 3066 instituantur
750 3051 764 3075 ,
790 3008 1077 3062 voluntatis
1118 3013 1172 3060 et
1212 3003 1508 3074 potestatis.
1552 3000 1609 3054 In
1642 3000 1744 3055 illis
1772 2998 1867 3053 tibi

277 3103 521 3159 homines
550 3100 887 3172 gratulentur
908 3098 949 3165 ⁸,
976 3097 1027 3151 ἰιι
1056 3097 1157 3151 hoc
1180 3105 1230 3150 te
1263 3096 1551 3148 imitentur.
1586 3093 1738 3146 Anna
1770 3104 1869 3159 per

279 3194 649 3264 propheticam
677 3190 699 3221 ⁸
735 3189 1013 3245 scientiam
1042 3186 1288 3257 cognovit
1326 3185 1465 3256 apud
1503 3191 1727 3237 matrem
1757 3182 1865 3235 vir-

276 3284 448 3355 ginem
485 3282 799 3345 Christum;
846 3290 895 3334 te
936 3278 1235 3349 evangelica
1266 3277 1434 3347 gratia
1479 3274 1604 3329 fecit
1646 3283 1868 3328 matrem

278 3376 493 3447 virginis
513 3371 737 3429 Christi.
763 3372 854 3426 llla
881 3372 1056 3444 itaque
1077 3377 1261 3425 sancta
1284 3369 1451 3438 virgo,
1478 3381 1634 3437 quam
1653 3365 1870 3420 Christo

278 3469 549 3525 volentem
580 3472 634 3519 et
661 3472 931 3535 petentem
964 3461 1250 3523 obtulistis,
1284 3460 1585 3514 vitlualibus
1606 3458 1737 3510 avia:
1761 3472 1872 3510 ma-

280 3562 476 3632 trisque
500 3558 713 3613 meritis
738 3556 942 3611 addidit
966 3553 1166 3625 aliquid
1194 3553 1260 3607 de
1286 3553 1477 3625 merito
1502 3550 1742 3622 virginali
1766 3548 1868 3618 (ιι).

280 3651 395 3708 Non
422 3651 571 3705 enim
594 3648 728 3704 nihil
755 3646 877 3701 inde
902 3645 1123 3711 habetis,
1151 3660 1269 3716 qua:
1300 3644 1436 3697 hanc
1466 3642 1673 3697 habetis
1703 3660 1715 3694 :
1744 3642 1869 3695 etin

282 3743 365 3797 illa
391 3744 549 3805 estis,
581 3738 721 3811 quod
745 3740 797 3793 in
826 3737 979 3795 vobis
1004 3744 1108 3791 nun
1136 3736 1284 3790 estis.
1312 3735 1443 3789 Nam
1470 3745 1528 3789 ut
1553 3742 1738 3789 sancta
1763 3735 1871 3787 vir—

281 3832 473 3903 ginitas
496 3830 828 3885 adimeretur
849 3826 1172 3882 nubentibus
1200 3826 1372 3890 vobis,
1398 3825 1518 3881 ideo
1543 3825 1737 3881 factum
1768 3834 1870 3892 est,

284 3934 338 3979 ut
358 3933 680 3979 nasceretur
704 3938 766 3977 ex
799 3921 971 3976 vobis.

349 4016 583 4073 CAPUT
612 4015 727 4069 XV.
759 4044 829 4053 —
860 4012 946 4068 i9.
983 4010 1229 4083 Epilogus
1249 4010 1586 4080 superiorum.
1611 4008 1739 4063 Πωο
1769 4008 1874 4062 ita-

285 4125 381 4180 que
404 4109 475 4164 de
500 4108 710 4163 meritis
751 4104 977 4160 diversis
1010 4104 1411 4173 conjugatarum
1438 4101 1874 4170 diversarumque

286 4200 563 4255 viduarum
589 4199 690 4253 hoc
719 4210 885 4266 opere
908 4211 1011 4249 non
1041 4195 1393 4264 disputarem,
1418 4193 1460 4247 si
1492 4193 1543 4247 id
1571 4191 1711 4263 quod
1733 4191 1799 4245 ad
1824 4200 1876 4247 te

287 4292 481 4357 scribo,
507 4290 603 4344 tibi
627 4285 993 4342 tantummodo
1013 4286 1323 4340 scriberem.
1352 4284 1457 4340 Sed
1480 4283 1729 4353 quoniam
1751 4292 1875 4337 sunt

287 4385 526 4455 quaedam
558 4382 616 4437 in
642 4382 743 4435 hoc
766 4395 962 4452 genere
988 4380 1251 4435 sermonis
1273 4377 1598 4432 difﬁcillima:
1620 4376 1875 4447 qumstio-

289 4491 400 4544 nes,
428 4473 635 4547 aliquid
664 4472 893 4542 amplius
917 4485 1075 4541 quam
1105 4470 1245 4542 quod
1276 4468 1342 4523 ad
1385 4479 1434 4523 te
1462 4467 1675 4538 proprie
1710 4467 1877 4536 perti-

291 4581 395 4639 net,
424 4570 609 4625 dicere
640 4568 802 4631 volui,
834 4573 1052 4636 propter
1080 4563 1337 4634 quosdam
1364 4562 1452 4632 qui
1480 4560 1577 4615 sibi
1599 4560 1741 4614 docti
1770 4575 1877 4613 non

291 4661 551 4726 videntur,
585 4659 685 4713 nisi
711 4659 915 4712 alienos
945 4639 1156 4711 labores
1184 4671 1286 4709 non
1306 4652 1596 4723 judicando
1617 4661 1879 4706 conentur

290 4753 574 4819 discutere,
594 4752 687 4807 sed
712 4749 994 4806 laceranda
1015 4747 1366 4803 conscindcre
1390 4763 1403 4799 :
1427 4744 1620 4799 deinde
1644 4744 1877 4798 utetiam

292 4853 343 4899 tu
368 4846 483 4915 ipsa
510 4859 619 4899 non
642 4843 815 4897 solum
853 4855 1035 4896 serves
1059 4839 1199 4910 quod
1231 4837 1451 4901 vovisti,
1481 4844 1535 4891 et
1561 4837 1609 4890 in
1638 4852 1702 4889 co
1739 4836 1879 4890 bono

294 4937 566 5008 proficias;
591 4949 775 4991 verum
798 4935 957 4988 etiam
982 4930 1288 5003 diligentius
1310 4930 1618 4999 ﬁrmiusque
1642 4926 1875 4993 noveris,

295 5028 427 5083 idem
456 5028 660 5084 bonum
690 5035 837 5081 tuum
868 5040 971 5079 non
1005 5040 1033 5078 a
1065 5024 1205 5078 malo
1245 5022 1549 5092 nuptiarum
1592 5021 1876 5091 distingui,

296 5122 380 5175 sed
410 5123 556 5177 bono
599 5121 904 5189 nuptiarum
947 5116 1219 5188 anteponi.
1264 5116 1393 5171 Nam
1427 5116 1514 5186 qui
1547 5116 1879 5169 vidualarum

298 5216 608 5269 lcminarum
655 5214 867 5283 nuptias
913 5212 1196 5279 damnant,
1244 5210 1452 5265 etiamsi
1498 5209 1880 5265 continentiam

357 5420 373 5448 ι
392 5425 439 5466 tn
460 5425 589 5475 διες,
613 5415 829 5468 illarum.
892 5456 897 5460 .

358 5481 473 5543 fsic
491 5482 707 5543 potiores
728 5488 837 5529 Mss.
874 5480 1013 5543 juxta
1040 5490 1272 5543 graecum,
1288 5476 1484 5543 _élpilten
1500 5475 1585 5543 .ep‘t
1606 5476 1685 5527 tim
1710 5474 1880 5535 Theon,

303 5538 377 5610 kat
414 5537 700 5605 mm
741 5550 799 5594 Al.
836 5537 988 5603 editi,
1039 5537 1247 5605 Sperabit
1280 5537 1655 5601 in'uomiuum,
1693 5544 1739 5589 et
1769 5552 1882 5603 per~

851 5663 1172 5741 grauante-

362 5729 381 5758 ⁸
401 5729 545 5789 mliti,
583 5724 873 5793 prop/mliti
902 5729 1064 5789 Aptius
1096 5734 1201 5776 Mss.
1222 5762 1238 5787 ,
1276 5724 1619 5791 propheticum.

362 5812 433 5877 to)
463 5813 606 5877 virgo
627 5811 917 5877 Demetrias.
956 5809 1226 5877 cujttsavja
1266 5809 1412 5877 manu
1446 5808 1683 5871 Faltouia,
1731 5813 1884 5859 mater

309 5872 497 5925 Iuliana.
518 5872 600 5924 Adi
624 5872 858 5937 epistolas
874 5872 1118 5935 Augustini
1145 5872 1231 5922 150
1255 5879 1304 5923 et
1332 5872 1418 5923 130

2766 352 2775 377 l
3461 374 3467 381 .

3457 391 3565 449 ιη

1970 517 2116 556 suam
2145 503 2427 557 multarum
2452 543 2465 563 ,
2498 501 2688 572 quibus
2715 510 2769 557 tu
2798 502 2963 558 uteris
2983 546 2998 570 ,
3030 518 3207 558 rerum
3238 503 3558 560 abstinentia

1970 595 2280 649 mirabiliter
2305 604 2359 649 et
2386 596 2654 649 ferventer
2681 605 3002 661 exerceant,
3034 610 3138 649 non
3166 595 3285 649 ideo
3316 606 3366 651 te
3393 596 3558 651 sedu-

1969 694 2124 749 cant,
2156 695 2214 741 ut
2256 687 2458 741 sentias
2501 687 2641 757 quod
2690 688 2967 756 sentiunt,
3002 688 3210 742 etiamsi
3256 687 3556 744 facerenon

1972 778 2144 847 possis
2158 779 2296 848 quod
2317 778 2533 833 iaciunt.
2557 779 2725 833 Nemo
2751 781 2894 834 enim
2917 780 3027 834 vult
3050 795 3169 836 esse
3189 780 3551 850 phreneticus,

1970 868 2180 923 etiamsi
2212 869 2389 925 videat
2424 870 2719 940 phrenetici
2753 871 2895 925 vires
2923 871 3125 926 viribus
3155 884 3408 926 sanorum
3437 886 3559 928 esse

1971 958 2242 1015 fortiores.
2298 962 2573 1032 Prtecipue
2619 963 2777 1033 igitur
2813 962 3061 1018 doctrina
3100 979 3226 1019 sana
3264 964 3556 1020 bonitatem

1972 1053 2229 1122 ιιι-οροείιί
2274 1064 2329 1109 et
2369 1064 2524 1110 ornet
2559 1064 2613 1110 et
2649 1055 2870 1111 muniat.
2914 1056 3041 1111 inde
3070 1065 3153 1111 est
3180 1057 3374 1127 quippe
3415 1059 3558 1127 quod

1972 1144 2248 1199 catholicae
2286 1145 2500 1201 femina:
2542 1148 2701 1202 etiam
2748 1148 2942 1216 sacpius
2982 1156 3161 1220 nuptae
3185 1192 3200 1217 ,
3235 1164 3342 1203 non
3382 1150 3557 1207 solum

1972 1235 2193 1291 univiris
2220 1236 2397 1292 viduis
2417 1280 2431 1302 ,
2465 1237 2561 1294 sed
2589 1247 2643 1294 et
2670 1239 2963 1310 virginibus
2997 1240 3372 1296 haereticorum
3412 1244 3559 1311 justo

1967 1327 2169 1396 judicio
2198 1329 2572 1399 praeferuntur.
2606 1332 2752 1386 Multi
2780 1342 2906 1387 sunt
2929 1333 3143 1404 quidem
3171 1333 3238 1389 de
3267 1333 3351 1388 his
3381 1335 3553 1389 tribus

1971 1419 2150 1485 rebus,
2178 1421 2429 1491 conjugii,
2456 1421 2728 1478 viduitatis
2752 1431 2807 1479 et
2838 1423 3172 1493 virginitatis,
3196 1424 3554 1496 quatstionum

1971 1512 2141 1579 sinus,
2171 1513 2350 1567 multa:
2375 1513 2751 1584 perplexitates
2782 1532 2797 1569 :
2827 1515 3019 1584 quibus
3048 1514 3368 1585 disputando
3396 1530 3561 1585 pene-

1972 1602 2174 1657 trandis
2199 1603 2284 1658 vel
2308 1603 2661 1659 dissolvendis
2680 1646 2696 1672 ,
2726 1611 2781 1660 et
2809 1607 3011 1676 majore
3040 1621 3169 1660 cura
3199 1621 3334 1677 opus
3361 1614 3478 1674 est,
3504 1615 3561 1661 et

1971 1693 2271 1764 copiosiore
2300 1710 2577 1761 sermone;
2618 1706 2676 1751 ut
2700 1697 2783 1751 vel
2817 1697 2868 1751 in
2897 1698 3144 1752 omnibus
3177 1698 3256 1753 eis
3290 1709 3436 1754 recte
3465 1713 3555 1753 sa-

1971 1782 2214 1855 piamus;
2242 1786 2327 1842 vel
2349 1787 2394 1842 si
2422 1787 2549 1857 quid
2584 1788 2741 1843 aliter
2773 1788 3010 1859 sapimus
3030 1830 3045 1856 ,
3080 1789 3131 1843 id
3162 1804 3373 1860 quoque
3403 1789 3561 1844 nobis

1972 1876 2115 1931 Deus
2151 1878 2369 1932 revelet.
2412 1877 2819 1943 Verumtamen,
2850 1880 2991 1950 quod
3019 1881 3179 1935 etiam
3221 1880 3328 1936 illic
3370 1895 3559 1937 conse-

1971 1978 2199 2039 quenter
2236 1969 2365 2023 dicit
2409 1971 2725 2039 Apostolus,
2754 1970 2820 2025 In
2845 1972 2979 2042 quod
3010 1973 3354 2042 pervenimus,
3396 1973 3452 2027 in
3490 1989 3549 2027 eo

1971 2060 2284 2115 ambulemus
2305 2060 2560 2133 (Philipp.
2589 2078 2666 2128 nt,
2698 2063 2785 2131 15,
2819 2063 2930 2133 16).
2962 2064 3308 2120 Pervenimus
3334 2074 3513 2121 autem
3536 2106 3553 2132 ,

1972 2152 2113 2222 quod
2143 2152 2210 2206 ad
2240 2152 2379 2207 hanc
2409 2168 2547 2222 rem,
2577 2155 2644 2210 de
2668 2171 2770 2225 qua
2798 2156 3085 2229 loquimur,
3109 2157 3317 2223 attinet,
3346 2165 3407 2211 ut
3431 2172 3561 2212 con-

1971 2244 2249 2299 tinentiam
2280 2246 2528 2317 conjugio
2551 2261 2943 2315 praeponamus,
2974 2259 3213 2303 sanctam
3243 2263 3370 2303 vero
3399 2248 3562 2318 virgi«

1970 2334 2192 2390 nitatem
2236 2336 2398 2391 etiam
2450 2337 2795 2391 continentia:
2845 2337 3075 2403 viduali;
3127 2346 3182 2392 et
3238 2352 3306 2393 ne
3358 2338 3560 2409 aliquas

1973 2427 2206 2497 nuptias,
2246 2442 2366 2497 qua:
2395 2435 2570 2481 tamen
2604 2442 2710 2481 non
2735 2427 2992 2483 adulteria
3015 2470 3029 2496 ,
3058 2428 3153 2483 sed
3185 2429 3379 2498 nuptize
3403 2437 3557 2494 sunt,

1970 2520 2256 2590 cujuslibet
2281 2521 2449 2574 nostri
2473 2530 2846 2575 nostrorumve
2868 2522 3127 2590 propositi
3155 2522 3308 2575 laude
3336 2520 3561 2576 damne-

1972 2628 2112 2667 mus.
2146 2612 2306 2667 Multa
2346 2613 2449 2666 alia
2485 2611 2553 2668 de
2591 2612 2708 2667 istis
2752 2613 2913 2668 rebus
2938 2612 3078 2667 dicta
3106 2620 3229 2667 sunt
3257 2627 3286 2666 a
3314 2611 3466 2666 nobis
3507 2612 3559 2665 itt

1972 2707 2109 2762 libro
2134 2705 2203 2761 de
2230 2705 2380 2759 Bono
2405 2704 2681 2775 Conjugali
2701 2747 2715 2770 ,
2749 2714 2803 2760 et
2830 2706 2883 2760 in
2924 2705 3030 2759 alio
3066 2704 3204 2758 libro
3232 2706 3249 2736 ί
3272 2703 3337 2758 de
3366 2701 3559 2758 Sancta

1972 2797 2325 2869 Yirginitate;
2377 2804 2431 2851 et
2482 2798 2535 2851 in
2593 2812 2757 2866 opere
2810 2796 2951 2867 quod
2998 2795 3255 2851 adversus
3304 2793 3559 2849 Faustum

1973 2890 2319 2945 Mattiehteum
2358 2896 2557 2959 quanto
2586 2889 2856 2958 potuimus
2884 2889 3067 2943 labore
3095 2887 3511 2958 conscripsimus
3544 2902 3558 2938 :

1978 2982 2229 3053 quoniam
2259 2980 2683 3037 Patriarcharum
2708 2991 2761 3036 et
2790 2980 3175 3050 Prophetarum
3196 2989 3343 3035 casta
3370 2978 3549 3048 conju-

1975 3074 2062 3145 gia
2088 3072 2487 3128 mordacissime
2517 3072 2960 3142 reprehendendo
2998 3072 3213 3141 scriptis
3242 3072 3354 3126 suis
3376 3112 3390 3136 ,
3423 3085 3559 3139 quo-

1975 3164 2217 3222 rumdam
2245 3164 2578 3218 indoctorum
2611 3164 2819 3219 animos
2847 3179 2878 3218 a
2906 3163 3030 3218 ﬁdei
3058 3164 3287 3217 sanitate
3311 3162 3559 3217 detorsit.

2044 3255 2269 3312 CAPUT
2299 3256 2435 3311 XVI.
2462 3286 2531 3295 —
2548 3255 2638 3311 20.
2661 3254 2794 3310 Pars
2814 3256 3044 3326 opttsculi
3065 3255 3287 3309 secunda
3309 3254 3563 3325 pertinens

1975 3349 2044 3403 ad
2072 3348 2487 3402 exhortationem.
2520 3346 2891 3402 Continenlium
2925 3364 3031 3401 esse
3063 3347 3253 3401 donum
3283 3344 3398 3399 Dei.
3430 3345 3560 3400 Pro-

1976 3441 2101 3496 inde
2130 3441 2380 3511 quoniam
2407 3438 2459 3493 in
2487 3439 2708 3494 exordio
2736 3439 2893 3508 hujus
2913 3438 3156 3509 opusculi
3183 3438 3290 3492 duo
3315 3434 3559 3507 quaedam

1976 3532 2276 3588 necessaria
2292 3538 2752 3601 proposueram,et
2763 3528 3095 3599 exsequenda
3109 3528 3379 3599 pollicitus
3389 3541 3559 3590 eram;

1976 3638 2143 3677 unum
2171 3621 2312 3692 quod
2336 3621 2403 3676 ad
2429 3622 2725 3676 doctrinam
2748 3663 2761 3685 ,
2789 3622 3016 3676 alterum
3047 3620 3188 3691 quod
3215 3619 3281 3673 ad
3311 3618 3564 3674 exhorta-

1979 3715 2180 3769 tionem
2210 3715 2475 3784 pertinet;
2506 3723 2560 3769 et
2588 3714 2748 3783 priori
2774 3714 2937 3784 parti,
2970 3725 3027 3767 ut
3058 3713 3223 3783 ponti,
3252 3727 3352 3783 pro
3381 3725 3564 3767 susce-

1978 3815 2070 3875 pto
2105 3805 2318 3874 negotio
2344 3820 2450 3860 non
2476 3804 2618 3859 defui
2652 3821 2666 3858 :
2697 3804 2761 3857 ad
2791 3804 3219 3859 exhortationem
3250 3803 3526 3858 veniamus
3546 3844 3560 3868 ,

1981 3897 2204 3966 utquod
2239 3896 2438 3950 bonum
2470 3894 2758 3965 prudenter
2789 3896 2973 3961 scitur,
3005 3896 3166 3950 etiam
3197 3895 3446 3965 diligatur
3474 3910 3564 3949 ar-

1979 3987 2191 4042 denter.
2216 3987 2330 4052 Qua
2358 3986 2409 4040 in
2436 4002 2494 4041 re
2518 3988 2664 4056 prius
2687 3986 2813 4041 illud
2840 4002 3054 4051 moneo,
3080 3995 3138 4041 ut
3158 3996 3564 4057 quantamcum-

1978 4095 2083 4150 que
2115 4080 2208 4133 tibi
2251 4080 2428 4133 inesse
2462 4078 2628 4133 sentis
2670 4078 2770 4148 pia:
2798 4079 3145 4133 continentize
3186 4079 3559 4144 dilectionem,

1981 4171 2243 4226 bcneiicio
2272 4171 2362 4224 Dei
2396 4170 2619 4235 tribuas,
2648 4170 2803 4240 eique
2827 4171 3024 4241 gratias
3052 4183 3202 4240 agas,
3231 4171 3318 4240 qui
3354 4170 3423 4225 de
3444 4170 3567 4239 Spi-

1980 4264 2083 4319 ritu
2110 4277 2209 4317 suo
2233 4262 2325 4315 tibi
2357 4270 2562 4315 tantum
2597 4262 2817 4332 largitus
2844 4270 2947 4325 est,
2981 4270 3038 4315 ut
3062 4262 3179 4330 ejus
3209 4262 3261 4315 in
3286 4260 3445 4316 corde
3474 4271 3566 4315 tuo

1983 4358 2244 4413 cltaritate
2269 4356 2481 4424 ditiusa,
2505 4357 2666 4412 licita:
2692 4358 2769 4412 rei
2794 4356 3062 4411 licentiam
3087 4356 3180 4410 tibi
3202 4370 3354 4409 amor
3374 4354 3565 4409 melio-

1984 4452 2060 4506 ris
2082 4450 2205 4505 boni
2226 4451 2479 4505 auferret.
2506 4449 2732 4503 Donavit
2753 4448 2895 4502 enim
2918 4463 2985 4502 ne
3006 4448 3197 4502 liberet
3219 4446 3426 4502 nubere
3442 4461 3565 4501 eum

1982 4543 2189 4605 liceret,
2223 4550 2279 4595 ut
2298 4540 2407 4611 jam
2435 4556 2540 4595 non
2564 4540 2748 4594 liceret
2772 4541 2793 4571 ²
2821 4539 3030 4594 etiamsi
3053 4539 3275 4603 liberet;
3299 4547 3354 4595 et
3376 4553 3440 4594 ex
3465 4537 3568 4593 hoc

1985 4635 2192 4690 ﬁrmius
2216 4648 2319 4688 non
2344 4634 2563 4697 liberet,
2594 4649 2661 4687 ne
2695 4632 2846 4687 ﬁeret
2873 4632 3015 4703 quod
3042 4647 3149 4686 non
3178 4632 3397 4698 liceret,
3427 4631 3568 4701 quod

1984 4726 2181 4781 factum
2206 4740 2311 4779 non
2336 4734 2419 4779 est
2443 4724 2601 4779 etiam
2639 4739 2760 4779 cum
2794 4724 2979 4779 liceret
3007 4740 3019 4775 :
3044 4733 3360 4792 tantumque
3390 4736 3566 4776 mere-

1985 4821 2124 4876 reris
2156 4819 2311 4874 vidua
2337 4818 2536 4874 Christi
2561 4861 2575 4883 ,
2611 4826 2669 4873 ut
2699 4818 2859 4873 tiliam
2888 4833 3102 4888 quoque
3128 4818 3150 4849 ³
3174 4817 3383 4871 videres
3412 4814 3571 4884 virgi-

1987 4928 2113 4967 nem
2138 4911 2338 4965 Christi
2370 4929 2383 4964 :
2406 4910 2531 4965 dum
2555 4910 2699 4963 enim
2722 4918 2779 4965 tu
2802 4924 2924 4964 oras
2950 4910 3089 4964 sicut
3113 4909 3287 4970 Anna,
3321 4905 3455 4959 facta
3486 4915 3569 4959 est

1988 5004 2076 5060 illa
2105 5003 2248 5073 quod
2282 5002 2465 5057 Maria.
2513 5001 2638 5056 Haec
2681 5000 2819 5056 dona
2861 5000 2955 5055 Dei
3002 5014 3122 5054 esse
3158 5007 3358 5068 quanto
3400 4994 3572 5063 magis

1988 5095 2153 5155 nosti,
2186 5103 2334 5147 tanto
2385 5093 2552 5163 magis
2596 5107 2655 5147 es
2700 5091 2902 5148 eisdem
2930 5092 3083 5147 donis
3108 5090 3259 5142 beata
3290 5104 3303 5140 :
3337 5087 3443 5141 imo
3471 5086 3571 5141 ali-

1990 5196 2072 5243 ter
2098 5202 2205 5240 non
2235 5200 2296 5240 es
2316 5225 2332 5251 ,
2361 5185 2463 5239 nisi
2493 5185 2635 5255 quod
2668 5185 2833 5239 habes
2859 5184 3006 5238 noris
3035 5198 3064 5235 a
3093 5197 3199 5251 quo
3226 5180 3442 5235 habeas.
3474 5181 3571 5234 At-

1991 5280 2151 5335 tende
2194 5281 2336 5334 enint
2378 5280 2506 5350 quid
2554 5280 2620 5333 de
2669 5279 2768 5332 hac
2816 5293 2875 5331 re
2919 5274 3207 5343 Apostolus
3253 5274 3386 5329 dixit
3418 5292 3432 5327 :
3463 5272 3575 5328 Nos

1990 5382 2159 5426 autem
2183 5390 2282 5425 non
2311 5373 2545 5441 spiritum
2568 5372 2716 5441 hujus
2738 5368 2914 5421 mundi
2943 5368 3230 5436 accepimus
3250 5409 3264 5433 ,
3288 5366 3377 5421 sed
3404 5365 3577 5438 Spiri-

1993 5472 2097 5517 tum
2118 5463 2203 5534 qui
2224 5478 2285 5517 ca:
2309 5461 2418 5515 Deo
2448 5470 2553 5525 est;
2594 5471 2646 5513 ut
2674 5460 2893 5513 sciamus
2918 5473 3030 5527 qua:
3056 5473 3087 5510 α
3115 5456 3223 5512 Deo
3248 5459 3435 5513 donata
3462 5466 3578 5512 sunt

2058 5620 2073 5651 ¹
2100 5618 2252 5667 Editio
2275 5623 2348 5666 Er.
2370 5616 2472 5680 sola
2486 5616 2679 5667 omittit.
2701 5613 2894 5680 denario
2914 5613 3164 5680 Fortiugali
3186 5621 3232 5667 et
3255 5614 3307 5665 in
3328 5614 3422 5665 alio
3439 5613 3580 5666 libro.

2055 5683 2077 5713 ²
2097 5687 2227 5739 Mss,
2253 5693 2364 5729 cum
2385 5678 2567 5737 liceret,
2585 5685 2629 5726 et
2647 5682 2697 5726 ut
2712 5676 2821 5738 jam
2842 5689 2936 5727 non
2962 5675 3139 5727 liceret.

2058 5743 2079 5775 ³
2098 5736 2431 5803 sicplerique
2444 5746 2621 5803 ωδε-ιιι
2638 5736 2770 5797 l.ov.,
2786 5746 3012 5803 tantaque
3030 5739 3373 5803 merererisgu
3388 5747 3431 5803 te
3452 5736 3583 5788 exis.

1994 5810 2118 5871 lente
2142 5799 2296 5871 vitiati
2316 5799 2691 5871 ςίιινὶδρὶκβζίωῃ
2722 5799 3439 5871 (ιιιοψιεείεξισ.νιεειιὶςὲξιινιίιξιήἱ
3464 5805 3514 5871 ut
3535 5805 3581 5850 te

1996 5865 2227 5917 uiuente
2252 5862 2396 5915 vidua
2410 5861 2604 5927 Christi,
2627 5861 2759 5929 virgo
2776 5861 2921 5915 etiam
2942 5862 3079 5927 ﬁeret
3094 5871 3176 5915 tua
3197 5861 3301 5928 [ilia
3322 5861 3516 5914 Christi.
