4070 6334
484 508 628 562 nobis
659 504 718 579 (l
745 505 862 562 (.‘or.
900 520 973 569 tt,
1003 502 1122 575 I2).
1156 499 1300 557 Multi
1330 498 1525 570 quippe
1554 496 1752 552 habent
1779 495 1943 550 ntulta
1977 493 2073 548 Dei

486 599 624 654 dona
644 640 659 663 ,
682 607 737 653 et
765 594 1054 652 nesciendo
1079 609 1109 647 a
1137 608 1243 664 quo
1282 590 1515 658 habent,
1546 589 1708 659 impia
1738 588 1970 642 vanitate
1993 584 2075 655 ja.

486 696 721 744 ctantur.
764 687 933 743 Nemo
968 693 1054 742 est
1090 693 1266 739 autem
1298 681 1453 737 donis
1485 680 1579 735 Dei
1609 680 1800 735 beatus
1820 719 1837 744 ,
1864 677 1954 749 qui
1982 676 2079 732 do-

489 781 639 834 nanti
671 778 858 835 existit
882 778 1141 847 ingratus.
1174 774 1311 842 Quia
1339 781 1393 827 et
1416 771 1547 826 illud
1577 770 1719 842 quod
1758 770 1899 825 inter
1925 782 2078 824 sacra

489 873 744 945 mysteria
768 886 862 927 cor
883 870 1082 926 habere
1108 882 1321 924 sursum
1344 866 1619 936 jubemur,
1654 864 1772 935 ipso
1792 862 2080 935 adjuvante

490 966 545 1021 id
577 965 843 1029 valemus,
875 978 980 1034 quo
1005 962 1225 1032 jubente
1250 960 1603 1016 admonemur
1630 974 1645 1011 :
1677 966 1733 1012 et
1753 957 1873 1011 ideo
1902 956 2077 1026 sequi-

492 1068 600 1122 tur,
632 1063 693 1111 ttt
719 1054 785 1110 de
811 1055 910 1109 hoc
942 1061 1088 1107 tanto
1117 1052 1261 1107 bono
1286 1066 1500 1106 sursum
1531 1049 1690 1105 levati
1726 1048 1939 1116 cordis,
1974 1062 2079 1102 non

494 1147 649 1202 nobis
669 1145 894 1217 gloriam
925 1145 1073 1216 quasi
1099 1152 1401 1198 nostrarum
1422 1141 1617 1196 virium
1643 1139 1961 1205 tribuamus,
1985 1138 2081 1194 sed

493 1238 719 1292 Dontino
745 1238 859 1292 Deo.
888 1244 1074 1291 nostro
1100 1235 1297 1307 gratias
1323 1248 1563 1305 agamus.
1593 1232 1705 1287 lloc
1735 1232 1878 1287 enim
1906 1233 2082 1289 conti-

491 1344 599 1384 nuo
626 1343 1050 1394 commonemur,
1083 1328 1205 1400 quia
1237 1326 1342 1382 hoc
1367 1326 1586 1397 dignum
1612 1334 1696 1380 est
1715 1365 1734 1394 ,
1760 1324 1863 1381 Itoc
1877 1323 2081 1395 justum

493 1427 594 1477 est.
636 1419 960 1481 Recordaris
1005 1422 1020 1452 ¹
1064 1419 1180 1475 haec
1226 1418 1388 1475 verba
1431 1416 1573 1475 unde
1609 1417 1748 1486 sint,
1791 1417 1936 1479 intus
1978 1431 2083 1488 qua

493 1513 771 1578 sanctione
805 1523 860 1569 et
895 1523 1092 1585 quanta
1119 1514 1406 1569 sanctitate
1441 1511 1885 1574 commendentur
1918 1526 2084 1583 agno-

494 1590 622 1657 scis.
666 1604 814 1665 Tene
852 1604 1013 1676 igitur
1050 1613 1105 1661 et
1146 1605 1281 1661 habe
1322 1605 1462 1675 quod
1494 1602 1791 1676 accepisti,
1822 1612 1880 1659 et
1906 1602 2084 1659 datori

494 1695 696 1765 gratias
730 1711 847 1767 age.
882 1696 1135 1765 Quamvis
1158 1697 1302 1752 enim
1332 1697 1583 1767 accipere
1614 1705 1670 1752 et
1696 1695 1894 1751 habere
1932 1703 2089 1755 tuum,

492 1787 583 1855 sit,
610 1788 662 1843 id
691 1796 867 1844 tamen
899 1788 1096 1853 habes,
1123 1788 1266 1859 quod
1292 1788 1545 1858 accepisti
1574 1804 1588 1840 :
1617 1787 1866 1858 quoniam
1893 1800 2083 1855 supere

491 1883 681 1952 bienti,
710 1891 765 1939 et
784 1898 849 1938 ex
879 1897 943 1937 eo
972 1882 1114 1953 quod
1146 1881 1375 1937 habebat
1399 1923 1415 1949 ,
1456 1880 1608 1952 quasi
1636 1895 1665 1934 a
1693 1895 1752 1936 se
1778 1880 1894 1950 ipso
1920 1879 2085 1934 habe-

490 1985 594 2045 ret,
617 1975 778 2048 impie
802 1975 1052 2046 glorianti
1073 1974 1286 2030 Veritas
1309 1989 1404 2043 per
1425 1974 1742 2043 Apostolum
1768 1972 1918 2037 dicit,
1946 1970 2083 2038 Quid

490 2069 623 2122 enim
645 2068 796 2122 habes
820 2068 956 2138 quod
975 2083 1077 2122 non
1103 2068 1340 2137 accepisti
1360 2067 1385 2120 1’
1407 2065 1471 2123 Si
1491 2076 1661 2121 autem
1680 2067 1937 2137 accepisti,
1958 2066 2082 2137 quid

487 2159 725 2230 gloriaris
750 2159 894 2229 quasi
919 2174 1020 2212 non
1047 2156 1297 2227 acceperis
1322 2156 1380 2228 (Ι
1409 2155 1529 2212 Cor.
1560 2171 1635 2224 tv,
1667 2155 1760 2227 7)?

561 2249 787 2306 CAPUT
830 2248 992 2305 XVII.
1033 2279 1105 2289 —
1136 2250 1226 2304 21.
1268 2249 1456 2305 Contra
1485 2249 1813 2321 Pelagianos,
1862 2249 2078 2306 liberum

491 2340 755 2394 arbitrium
785 2340 857 2394 sic
885 2340 1228 2411 defendentes,
1261 2349 1316 2394 ut
1341 2350 1518 2411 negent
1560 2339 1659 2395 Dei
1683 2343 1923 2413 gratiam.
1955 2342 2081 2397 llmc

493 2448 579 2487 me
619 2431 911 2489 admonere
957 2433 1283 2504 compellunt
1332 2434 1558 2490 cavendi
1609 2441 1769 2505 atque
1810 2434 2081 2493 devitandi

488 2524 841 2594 quorumdam
886 2526 1232 2594 sermonculi,
1279 2526 1370 2596 qui
1416 2542 1514 2596 per
1562 2541 1720 2582 aures
1763 2526 1831 2582 ad
1872 2527 2080 2584 animos

488 2616 783 2673 multorum
824 2633 1042 2688 serpere
1069 2626 1367 2688 coeperunt,
1395 2618 1537 2689 quod
1562 2634 1683 2674 cum
1725 2620 1973 2692 Iacrymis
1997 2620 2081 2676 di.

486 2709 714 2768 cendum
735 2718 839 2777 est,
868 2711 1067 2766 inimici
1090 2711 1275 2782 gratiae
1297 2710 1515 2778 Christi,
1538 2727 1632 2782 per
1646 2728 1782 2783 quos
1799 2714 2075 2783 suadetur,

489 2810 549 2859 ut
575 2816 675 2856 nec
699 2803 879 2857 oratio
894 2802 1048 2858 nobis
1070 2802 1138 2859 ad
1168 2803 1450 2857 Dominum
1484 2804 1786 2860 necessaria
1815 2803 2075 2874 videatur,

488 2909 558 2948 ne
593 2895 850 2952 intremus
899 2895 952 2951 in
994 2896 1363 2953 tentationem.
1404 2897 1495 2953 Sic
1523 2898 1666 2953 enim
1697 2907 1959 2953 conantur
1985 2898 2079 2955 de-

487 2985 706 3044 fendere
736 2988 965 3044 hominis
990 2989 1217 3045 liberum
1242 2989 1543 3057 arbitrium,
1577 2999 1635 3045 ut
1660 3006 1725 3045 eo
1755 2990 1891 3058 solo,
1914 2990 2077 3047 etiam

486 3078 584 3135 Dei
622 3081 790 3151 gratia
817 3097 923 3137 non
944 3082 1133 3152 adjuti,
1160 3082 1450 3146 valeamus,
1481 3082 1622 3153 quod
1645 3082 1901 3139 divinitus
1922 3083 2079 3155 jube-

487 3179 590 3235 tur,
623 3171 865 3242 implere.
898 3178 975 3228 Ac
1001 3190 1095 3245 per
1120 3174 1221 3230 hoc
1247 3175 1488 3246 sequitur
1508 3183 1565 3229 ttt
1594 3173 1791 3230 frustra
1818 3176 2079 3234 Dominus

484 3260 701 3331 dixerit,
752 3261 991 3336 Vigilate,
1047 3274 1095 3321 et
1137 3277 1307 3333 orate,
1338 3284 1400 3322 ne
1441 3268 1635 3323 intretis
1675 3269 2080 3325 intentationem

487 3353 701 3425 (.Ilattlt.
726 3372 876 3426 xxvi,
903 3357 994 3428 ﬂ)
1020 3367 1107 3416 :et
1131 3358 1326 3416 frustra
1350 3361 1586 3430 quotidie
1607 3362 1659 3415 in
1674 3362 1787 3431 ipsa
1811 3360 2079 3418 dominica

484 3446 730 3504 oratione
757 3447 1018 3514 dicamus,
1062 3449 1147 3505 Ne
1173 3468 1265 3506 nos
1294 3453 1485 3523 inferas
1513 3452 1567 3507 in
1609 3455 1931 3509 tentationent
1960 3454 2077 3526 (Id.

484 3552 560 3605 vt,
591 3538 700 3611 I3).
742 3539 797 3595 Si
827 3541 970 3597 enim
1016 3552 1215 3597 nostrze
1259 3543 1626 3598 tantummodo
1671 3546 1949 3614 potestatis
1996 3554 2080 3601 est

486 3645 557 3686 ne
582 3632 876 3689 tentatione
897 3647 1233 3703 superetnur,
1274 3634 1456 3704 utquid
1485 3648 1700 3689 oramus
1726 3651 1793 3691 ne
1819 3636 2078 3691 intremus

487 3723 572 3779 vel
613 3725 901 3779 interamur
926 3726 976 3779 in
1006 3724 1167 3780 eam?
1211 3725 1492 3781 Faciamus
1520 3727 1700 3797 potius
1724 3726 1865 3797 quod
1907 3729 2076 3783 nostri

486 3822 572 3868 est
614 3813 765 3867 liberi
810 3813 1013 3869 arbitrii
1056 3822 1217 3886 atque
1243 3815 1653 3871 absolutissima:
1685 3818 1994 3885 potestatis;
2025 3827 2080 3873 et

486 3902 805 3959 irrideamus
850 3906 1166 3976 Apostolum
1211 3906 1502 3973 dicentem,
1546 3905 1742 3962 Fidelis
1784 3907 1942 3973 Deus,
1992 3910 2079 3979 qui

488 4012 589 4049 non
616 4011 703 4051 vos
729 4000 977 4067 permittet
1004 4000 1185 4055 tentari
1210 4016 1365 4070 super
1393 3998 1447 4054 id
1471 3999 1608 4071 quod
1633 4003 1839 4071 potestis
1868 4002 1930 4075 (Ι
1955 4002 2075 4058 Cor.

487 4102 543 4150 x,
579 4086 666 4156 15)
695 4106 708 4141 :
735 4097 789 4142 et
817 4089 1123 4146 resistamus
1149 4090 1199 4146 ei
1227 4091 1487 4157 dicentes,
1531 4090 1724 4161 thuid
1756 4101 1878 4163 peto
1914 4109 1943 4147 a
1974 4094 2080 4149 Do.

486 4176 654 4245 mino,
678 4179 818 4248 quod
840 4178 891 4233 in
916 4196 1032 4234 mea
1060 4182 1235 4252 posuit
1258 4182 1564 4252 potestate?
1599 4182 1707 4239 Sed
1730 4184 1870 4240 absit
1900 4185 2079 4241 uthac

487 4270 679 4339 sapiat,
702 4271 788 4341 qui
811 4287 998 4327 sanum
1023 4274 1180 4343 sapit.
1204 4273 1433 4329 Proinde
1455 4284 1699 4345 petamus
1719 4283 1776 4330 ut
1798 4276 1908 4343 det,
1936 4278 2078 4348 quod

486 4371 546 4415 ιιι
577 4362 867 4418 habeamus
899 4363 1069 4435 jubet.
1108 4364 1190 4420 Ad
1218 4365 1322 4422 hoc
1348 4367 1490 4422 enim
1518 4367 1661 4438 quod
1691 4368 1926 4424 nondum
1976 4369 2076 4425 ha-

488 4454 678 4510 bemus
690 4455 844 4527 jubet
863 4467 922 4512 ut
945 4459 1257 4525 habeamus,
1281 4471 1337 4515 ut
1356 4460 1644 4519 admoneat
1659 4463 1785 4534 quid
1813 4474 2074 4535 petamus;

487 4556 543 4602 et
566 4563 685 4603 cum
717 4565 814 4604 nos
839 4551 978 4620 quod
999 4551 1218 4621 jusserit
1241 4555 1281 4619 ³,
1312 4569 1471 4624 posse
1499 4555 1881 4623 invenerimus,
1912 4558 2076 4614 etiam

488 4637 593 4695 hoc
620 4639 760 4697 unde
782 4641 1141 4712 acceperimus
1162 4644 1558 4716 intelligamus;
1589 4663 1656 4703 ne
1679 4646 1845 4703 inﬂati
1872 4658 1926 4704 et
1951 4649 2077 4705 elati

488 4730 647 4801 hujus
668 4734 847 4788 mundi
870 4734 1080 4804 spiritu,
1097 4736 1398 4792 nesciamus
1419 4754 1536 4809 qum
1551 4754 1581 4793 a
1601 4739 1713 4794 Deo
1736 4738 1930 4795 donata
1953 4751 2079 4798 sunt

490 4825 663 4882 nobis.
708 4827 935 4884 Proinde
972 4828 1252 4885 arbitrium
1282 4831 1569 4888 voluntatis
1595 4832 1840 4888 humana:
1873 4848 2077 4904 nequa-

488 4934 647 4988 quam
675 4918 1019 4986 destruimus,
1048 4922 1261 4992 quando
1282 4923 1375 4979 Dei
1403 4925 1625 4994 gratiam
1646 4938 1752 4994 qua
1777 4925 1950 4995 ipsum
1977 4925 2077 4981 ad-

486 5011 701 5081 juvatur
727 5014 1025 5078 arbitrium,
1058 5032 1164 5070 non
1187 5016 1435 5085 superbia
1456 5032 1711 5088 negamus
1732 5018 1958 5089 ingrata,
1980 5017 2078 5074 sed

488 5112 638 5171 grata
670 5106 845 5174 potius
891 5107 1086 5175 pietate
1131 5108 1501 5178 prmdieamus.
1544 5108 1792 5165 Nostrum
1823 5111 1964 5166 enim
1994 5120 2077 5166 est

490 5194 631 5251 velle
657 5212 672 5262 ;
702 5197 794 5252 sed
826 5198 1068 5253 voluntas
1110 5200 1221 5269 ipsa
1250 5208 1306 5256 et
1349 5199 1663 5255 admonetur
1688 5209 1748 5256 ut
1793 5210 1994 5272 surgat,
2022 5212 2078 5258 et

556 5378 670 5442 {sic
705 5378 929 5442 plerique
961 5386 1069 5429 Mss.
1104 5386 1160 5429 Αι
1198 5379 1335 5442 editi,
1369 5378 1457 5442 hoc
1480 5378 1668 5441 justum
1698 5386 1768 5430 est
1802 5379 2073 5442 recordari.

488 5437 633 5510 Ppulo
653 5437 755 5500 post
784 5437 1118 5510 (tis’tgreic‘nsis
1139 5441 1293 5510 codex
1322 5437 1379 5491 et
1402 5437 1647 5510 Florus-ad
1681 5443 1880 5510 primam
1904 5441 1962 5490 ad
1986 5449 2074 5510 Co-

486 5500 838 5566 rinthios,_eap.
872 5502 918 5559 Ξ,
948 5503 1146 5562 habent,
1181 5502 1305 5553 inter
1339 5517 1462 5566 mtas
1484 5500 1692 5553 actiones
1713 5509 1757 5566 et
1782 5517 1877 5565 qua
1898 5503 2076 5553 sancti-

486 5565 603 5609 tate.
615 5564 926 5632 _{‘.t)rbeiensis
940 5567 1315 5632 antiquissimus,
1330 5563 1453 5632 inter
1467 5579 1562 5629 qua
1575 5563 1817 5632 sanctione
1825 5572 1877 5632 et
1895 5574 2076 5627 quanta

488 5626 753 5694 δωιεζξιαιε.
795 5626 1001 5694 Vaticani
1040 5626 1145 5677 tres
1173 5626 1507 5694 cumtotidem
1529 5626 1941 5694 Gallicanis,_inter
1964 5640 2076 5694 qua:

488 5688 643 5749 agendi
664 5697 824 5735 onmes
846 5692 891 5735 et
927 5695 1104 5751 quanta
1138 5689 1404 5739 sanctitate.
1445 5697 1584 5741 Forte
1631 5690 1914 5751 legendum,
1945 5688 2073 5739 unde

484 5752 598 5801 sint,
622 5752 668 5795 et
688 5760 783 5810 qua
805 5749 1062 5807 sanctione,
1086 5759 1180 5799 etc.

500 5872 536 5919 ω
557 5810 575 5838 ³
597 5809 871 5921 δὶᾳιξιιιῳιυι
892 5818 999 5867 ωδε.
1027 5812 1110 5863 Alii
1144 5827 1260 5864 vero
1284 5829 1393 5865 cum
1434 5815 1591 5875 editis,
1617 5813 1809 5879 etquod
1841 5826 1924 5866 nos
1961 5826 2074 5865 cum

542 5886 659 5921 sst’t't
688 5911 696 5920 .

483 5881 696 5923 ιιιδδιίπ.

1730 384 1788 440 S.
1830 380 2192 439 AUGUSTI?“
2234 381 2533 438 EI‘ISCUPI

3666 384 3774 444 “in

2184 503 2404 550 sanatur
2445 506 2500 549 ιιι
2525 494 2715 559 vah-at,
2748 504 2804 552 et
2829 494 3077 550 dilatatur
3104 506 3161 552 ut
3197 497 3387 568 capiat,
3420 507 3474 554 et
3519 498 3775 570 impletur

2184 597 2243 643 ut
2272 589 2478 643 habeat.
2517 588 2648 643 Nam
2678 590 2722 644 si
2751 605 2851 646 nos
2878 607 2982 645 non
3011 591 3287 658 vellemus,
3322 607 3419 647 nec
3446 607 3544 647 nos
3587 594 3775 664 utique

2183 684 2546 753 acciperemus
2566 698 2629 738 ea
2647 699 2765 753 qua:
2791 683 3006 751 dantur,
3029 699 3130 739 nec
3155 701 3254 740 nos
3273 684 3609 740 haberemus.
3637 687 3775 753 Quis

2183 777 2326 833 enim
2360 776 2583 832 haberet
2609 776 3010 840 continentiam,
3040 786 3095 831 ut
3122 777 3259 831 inter
3286 785 3479 832 cmtera
3510 777 3606 832 Dei
3629 777 3775 834 dona

2184 867 2351 939 ipsam
2385 869 2557 937 potius
2587 868 2799 938 loquar,
2839 867 2905 921 de
2936 883 3037 938 qua
3064 868 3128 921 ad
3161 877 3210 923 te
3241 868 3426 939 loquor
3457 885 3471 923 :
3504 869 3648 939 quis,
3682 869 3779 926 in-

2183 973 2364 1028 quam,
2398 957 2616 1014 haberet
2642 959 3023 1015 continentiam
3053 958 3155 1013 nisi
3183 959 3409 1014 volens?
3437 960 3561 1030 quia
3585 969 3641 1015 et
3670 976 3770 1016 ne-

2184 1063 2275 1103 mo
2300 1050 2565 1119 acciperet
2594 1048 2694 1104 nisi
2724 1051 2926 1105 volens.
2966 1050 3073 1105 Sed
3101 1066 3131 1105 a
3159 1066 3265 1122 quo
3293 1051 3469 1120 detur,
3500 1062 3559 1107 ut
3587 1064 3776 1111 nostra

2186 1142 2455 1195 voluntate
2479 1140 2647 1212 accipi
2690 1150 2745 1198 et
2782 1140 2962 1197 haberi
2994 1144 3180 1212 possit,
3224 1144 3268 1199 si
3296 1145 3509 1215 quaeris,
3551 1147 3774 1203 attende

2186 1233 2559 1303 Scripturam;
2609 1235 2717 1290 imo
2764 1236 2887 1305 quia
2934 1235 3093 1300 nosti,
3143 1237 3319 1292 recole
3360 1238 3501 1308 quod
3548 1239 3773 1310 legisti:

2187 1323 2314 1380 Cum
2341 1326 2539 1392 scirent,
2578 1325 2767 1397 inquit,
2812 1327 2931 1396 quia
2960 1343 3105 1382 nemo
3144 1344 3251 1381 esse
3278 1338 3439 1398 potest
3467 1332 3733 1385 continens
3757 1373 3775 1397 ,

2187 1419 2283 1473 nisi
2312 1418 2453 1475 Deus
2479 1419 2582 1485 det,
2612 1429 2657 1474 et
2687 1421 2781 1474 hoc
2809 1420 2975 1490 ipsum
3003 1430 3110 1474 erat
3148 1422 3430 1491 sapientia,
3470 1424 3597 1477 scire
3624 1426 3779 1496 cujus

2186 1520 2311 1565 esset
2341 1511 2435 1565 hoc
2461 1512 2650 1566 donum
2679 1512 2831 1582 (Sap.
2877 1529 2991 1580 vttt,
3022 1512 3138 1585 2|).
3179 1513 3364 1586 Magna
3393 1515 3489 1569 ista
3517 1525 3642 1571 sunt
3663 1517 3777 1572 duo

2186 1618 2427 1666 munera,
2476 1604 2732 1674 sapientia
2778 1614 2831 1658 et
2874 1605 3233 1671 continentia;
3266 1608 3522 1677 sapientia
3566 1608 3780 1667 scilicet

2186 1709 2288 1766 qua
2330 1695 2385 1749 in
2418 1695 2509 1750 Dei
2556 1695 2857 1766 cognitione
2910 1695 3224 1765 formantur,
3268 1699 3595 1754 continentia
3642 1714 3779 1756 vero

2185 1802 2289 1857 qua
2335 1786 2459 1841 huic
2509 1788 2705 1843 sarculo
2752 1804 2859 1843 non
2919 1787 3335 1844 conformamur.
3388 1789 3548 1845 Jubct
3591 1798 3777 1847 autem

2185 1880 2341 1943 nobis
2369 1881 2507 1936 Deus
2532 1888 2594 1936 ut
2618 1890 2674 1937 et
2697 1881 2964 1952 sapientes
2989 1890 3045 1937 et
3071 1883 3409 1938 continentes
3432 1883 3617 1949 simus,
3649 1884 3776 1940 sine

2185 1970 2380 2041 quibus
2425 1972 2578 2028 bonis
2611 1971 2741 2043 justi
2792 1970 3119 2043 perfectique
3159 1987 3282 2029 esse
3309 1990 3413 2028 non
3463 1990 3771 2044 possumus.

2185 2062 2293 2120 Sed
2320 2080 2536 2120 oremus
2578 2072 2636 2119 ut
2679 2063 2769 2120 det
2814 2063 2953 2134 quod
2993 2064 3143 2134 jubet
3184 2064 3483 2135 adjuvando
3523 2074 3577 2120 et
3607 2066 3778 2137 inSpi-

2184 2156 2373 2223 rando,
2405 2158 2495 2227 qui
2538 2157 2869 2213 commonuit
2907 2156 3036 2227 quid
3081 2156 3219 2212 velle
3259 2146 3550 2212 debeamus
3578 2160 3776 2229 βιωςί-

2187 2247 2381 2317 piendo
2407 2258 2459 2303 et
2489 2246 2752 2303 vocando.
2784 2246 3048 2318 Quidquid
3077 2248 3199 2303 hinc
3225 2247 3373 2303 dedit
3403 2250 3443 2317 ί,
3474 2258 3531 2304 ιιι
3550 2266 3778 2306 conser-

2185 2347 2271 2393 vet
2298 2353 2550 2403 oremus;
2581 2337 2722 2408 quod
2760 2347 2938 2393 autem
2969 2337 3205 2393 nondum
3233 2338 3400 2403 dedit,
3431 2348 3487 2393 ut
3528 2341 3783 2410 suppleat

2185 2446 2401 2488 oremus
2432 2448 2445 2484 :
2481 2441 2657 2486 tamen
2698 2444 2913 2486 oremus
2952 2439 3006 2487 et
3033 2430 3231 2501 gratias
3261 2446 3481 2503 agamus
3523 2431 3588 2487 de
3615 2448 3777 2488 accc-

2184 2524 2327 2596 ptis;
2370 2532 2423 2580 et
2451 2523 2593 2595 quod
2635 2524 2871 2581 nondum
2900 2526 3225 2595 accepimus,
3270 2541 3335 2581 eo
3376 2526 3491 2595 ipso
3533 2527 3673 2597 quod
3704 2528 3781 2583 de

2183 2610 2418 2688 acceptis
2444 2619 2635 2689 ingrati
2664 2634 2773 2675 non
2800 2634 3004 2684 sumus,
3033 2633 3131 2673 nos
3155 2628 3471 2689 accepturos
3496 2634 3613 2674 esse
3639 2618 3781 2675 tida-

2181 2728 2322 2768 mus.
2354 2714 2453 2778 Qui
2473 2714 2618 2773 enim
2635 2711 2781 2769 dedit
2799 2711 3096 2782 conjugatis
3124 2711 3367 2767 ﬁdelibus
3389 2721 3447 2767 ut
3464 2713 3781 2769 contineant

2181 2804 2252 2860 ab
2291 2804 2566 2860 adulteriis
2605 2812 2661 2859 et
2708 2803 3168 2869 fornicationibus,
3216 2805 3332 2875 ipse
3378 2805 3524 2861 dedit
3570 2806 3779 2863 sanctis

2182 2895 2473 2966 virginibus
2496 2906 2552 2951 et
2572 2895 2745 2952 viduis
2768 2906 2824 2951 ut
2845 2897 3155 2952 contineant
3176 2897 3243 2953 ab
3271 2898 3416 2952 omni
3443 2896 3729 2953 concubitu
3757 2914 3774 2964 ;

2182 2991 2236 3047 in
2264 3006 2368 3062 qua
2416 2991 2609 3046 virtute
2644 2991 2755 3061 jam
2798 2991 3010 3061 proprie
3053 2991 3138 3045 vel
3170 2991 3445 3061 integritas
3485 2991 3568 3045 vel
3594 2992 3775 3046 conti-

2182 3082 2362 3139 nentia
2389 3082 2712 3137 nominatur.
2744 3083 2828 3137 An
2856 3081 2990 3137 forte
3016 3083 3083 3138 ab
3113 3082 3204 3139 illo
3225 3082 3435 3151 quidem
3460 3083 3775 3150 accepimus

2180 3174 2581 3239 continentiam,
2610 3174 2704 3229 sed
2730 3190 2759 3229 a
2786 3175 2941 3237 nobis
2969 3174 3227 3229 habemus
3248 3174 3599 3244 sapientiam?
3624 3173 3779 3241 Quid

2181 3276 2418 3338 estergo
2443 3266 2584 3338 quod
2610 3266 2842 3323 Jacobus
2871 3266 3147 3337 apostolus
3182 3265 3330 3332 dicit,
3361 3266 3421 3321 Si
3448 3267 3558 3336 quis
3600 3277 3778 3320 autem

2181 3369 2397 3416 vestrum
2419 3358 2608 3427 indiget
2632 3358 2904 3428 sapientia,
2936 3355 3151 3427 postulet
3175 3374 3207 3409 a
3227 3356 3352 3420 Deo,
3383 3357 3468 3427 qui
3492 3357 3576 3410 dat
3605 3358 3778 3411 omni-

2181 3449 2272 3505 bus
2307 3451 2583 3521 aﬂlnenter,
2625 3458 2674 3504 et
2702 3466 2804 3505 non
2827 3449 3170 3521 intproperat;
3200 3457 3246 3503 et
3287 3449 3487 3503 dabitur
3509 3448 3586 3511 illi
3632 3448 3777 3516 (Ju-

2181 3541 2291 3596 cobi
2334 3558 2371 3604 t,
2404 3541 2522 3610 5)?
2555 3540 2662 3596 Sed
2716 3540 2785 3596 de
2824 3541 2925 3595 hac
2961 3541 3274 3611 quaestione,
3320 3548 3376 3595 et
3417 3540 3470 3595 in
3511 3539 3630 3594 aliis
3653 3541 3772 3609 jam

2181 3635 2447 3703 Opusculis
2495 3633 2714 3701 nostris,
2762 3641 3016 3703 quantum
3057 3631 3259 3702 adjuvit
3300 3633 3573 3698 Dominus,
3604 3634 3776 3687 multa

2181 3725 2446 3811 diximus;
2478 3732 2534 3780 et
2576 3724 2728 3791 alias,
2771 3732 3028 3795 quantum
3068 3739 3165 3795 per
3192 3724 3366 3794 ipsum
3392 3724 3725 3795 potuerimus
3756 3764 3773 3791 ,
3862 3722 3867 3725 ’

2180 3814 2302 3872 data
2332 3816 2726 3887 Opportunilate
2766 3816 3027 3872 dicemus.

2251 3909 2475 3965 CAPUT
2514 3908 2699 3965 XVIII.
2731 3939 2804 3948 —-
2833 3908 2922 3963 22.
2964 3908 3345 3965 Exltortationis
3394 3910 3521 3964 vires
3561 3925 3665 3964 esse
3713 3926 3783 3965 ex

2181 4001 2364 4073 gratia.
2397 4000 2550 4056 Nunc
2576 4000 2700 4056 inde
2737 4000 2936 4071 aliquid
2978 4001 3097 4056 ideo
3125 4002 3304 4056 dicere
3347 4001 3509 4069 volui,
3552 4009 3779 4071 propter

2182 4092 2439 4164 quosdam
2468 4092 2658 4147 fratres
2696 4102 2906 4148 nostros
2936 4094 3289 4148 amicissimos
3319 4104 3371 4148 et
3395 4094 3781 4150 dilectissimus

2182 4186 2357 4252 nobis,
2403 4201 2503 4241 nec
2531 4186 2791 4241 malitiose
2818 4185 3034 4257 quidem
3065 4188 3235 4242 errori
3283 4186 3406 4241 huic
3445 4185 3773 4254 implicatos,

2182 4278 2275 4333 sed
2304 4278 2602 4347 implicatos
2637 4288 2847 4344 tamen;
2881 4279 2969 4348 qui
2998 4287 3185 4347 putant
3207 4294 3329 4333 cum
3356 4277 3561 4346 aliquos
3597 4275 3662 4330 ad
3685 4275 3783 4345 ju-

2181 4371 2377 4426 stitiam
2400 4371 2756 4441 pietatemque
2779 4369 3146 4432 exhortantur,
3175 4370 3315 4424 vires
3342 4385 3447 4423 non
3470 4368 3777 4424 habituram

2181 4463 2603 4519 exhortationem
2645 4476 2818 4529 suam,
2865 4462 2966 4515 nisi
2994 4469 3161 4515 totum
3191 4460 3340 4529 illud,
3370 4459 3512 4531 quod
3557 4468 3612 4512 ut
3653 4468 3785 4528 agat

2185 4553 2363 4619 homo,
2412 4562 2575 4624 agunt
2618 4568 2741 4608 cum
2786 4553 3022 4619 homine,
3071 4552 3124 4607 in
3171 4550 3405 4607 hominis
3448 4551 3782 4607 constituant

2183 4654 2463 4715 potestate,
2496 4660 2601 4700 non
2631 4644 2808 4715 adjuta
2852 4642 2946 4699 Dei
2977 4658 3217 4710 munere,
3261 4642 3354 4698 sed
3391 4640 3507 4697 solo
3549 4640 3782 4695 arbitrio

2183 4738 2365 4795 Iiberze
2395 4737 2680 4794 voluntatis
2723 4746 2933 4792 exserta
2966 4752 2982 4788 :
3014 4736 3165 4806 quasi
3193 4736 3360 4806 possit
3388 4748 3510 4791 esse
3538 4732 3605 4787 ad
3645 4747 3781 4802 per-

2183 4831 2464 4895 liciendum
2511 4846 2647 4901 Opus
2672 4830 2872 4886 bonum
2900 4830 3144 4885 voluntas
3172 4828 3362 4892 libera,
3394 4827 3496 4883 nisi
3526 4828 3617 4882 Dei
3650 4840 3783 4880 mu-

2182 4939 2312 4980 nere
2353 4925 2595 4981 Iiberata.
2638 4922 2748 4978 Nec
2772 4922 3055 4978 attendunt
3082 4920 3311 4991 idipsum
3348 4920 3511 4974 etiam
3540 4933 3598 4972 se
3628 4918 3784 4985 ipsos

2186 5014 2280 5070 Dei
2310 5014 2453 5070 dono
2502 5014 2720 5080 habere,
2753 5012 2895 5084 quod
2935 5028 2997 5068 ea
3036 5011 3285 5066 facultate
3312 5010 3679 5071 exhortantur,
3714 5017 3783 5065 nt

2182 5107 2250 5162 ad
2292 5105 2673 5176 capessendam
2719 5105 2880 5159 vitam
2928 5104 3121 5159 bonam
3167 5103 3442 5158 hominum
3472 5102 3784 5158 voluntates

2184 5200 2359 5272 pigras
2382 5199 2636 5265 excitent,
2666 5196 2963 5252 accendant
2990 5195 3229 5268 frigidas,
3260 5196 3527 5265 corrigunt
3557 5208 3778 5265 pravas,

2181 5308 2395 5348 aversas
2423 5300 2764 5356 convertant,
2791 5299 3149 5361 repugnantes
3173 5289 3471 5359 paciﬁcent.
3513 5287 3601 5341 Sic
3624 5285 3779 5340 enim

2184 5388 2450 5456 possunt'
2481 5386 2801 5455 persuadere
2842 5385 2983 5456 quod
3027 5384 3273 5439 suadent.
3317 5385 3422 5437 Aut
3465 5384 3508 5436 si
3556 5381 3671 5435 hinc
3719 5381 3779 5435 itt

2183 5477 2540 5531 voluntatibus
2562 5477 2834 5532 hominum
2863 5493 2965 5531 non
2996 5484 3174 5547 agunt,
3206 5474 3331 5541 quid
3355 5473 3556 5544 agunt?
3584 5473 3778 5543 utquid

2184 5570 2507 5639 loquutttur?
2540 5569 2816 5623 Dimittunt
2847 5584 2938 5623 cas
2969 5568 3144 5637 potius
3170 5566 3390 5621 arbitrio
3420 5579 3537 5621 suo.
3578 5563 3635 5619 Si
3674 5577 3782 5617 au-

2249 5685 2266 5717 ι
2295 5691 2359 5734 tta
2391 5692 2494 5733 Mss.
2524 5691 2577 5734 At
2602 5686 2739 5745 editi,
2771 5682 2849 5735 hic
2889 5682 3041 5735 dedit.
3080 5689 3133 5732 Et
3165 5681 3305 5741 intra,
3347 5689 3397 5733 ut
3442 5678 3637 5747 expleat
3668 5692 3783 5731 orc-

2250 5761 2263 5794 (
2297 5785 2305 5794 .

2184 5761 2408 5921 ιιιιέἶςδιίιὶ
2429 5808 2505 5920 :[si
2525 5808 2651 5879 enim
2664 5822 2753 5863 non
2774 5814 2980 5875 possunt.
3004 5808 3288 5871 Abest,nott,
3312 5820 3339 5857 a
3363 5815 3464 5858 Mss.
3481 5806 3564 5871 qui
3582 5812 3631 5857 et
3646 5804 3781 5869 loco,

2184 5885 2223 5921 δι
2246 5911 2255 5921 .
2304 5885 2343 5921 lii
2366 5886 2441 5920 Wlt
2472 5906 2483 5921 .
2504 5885 2588 5921 αι’,

2182 5885 2223 5924 δι
2241 5911 2255 5934 ,
2285 5885 2483 5931 habent,
2504 5885 2588 5922 Atr.
