  <div class='ocr_page' id='page_1' title='image "/cluster/home/n/w/nwhite01/storage/ocr_20150623/40/hvd.32044024147290/228.png"; bbox 0 0 4070 6334; ppageno 0'>
   <div class='ocr_carea' id='block_1_1' title="bbox 959 315 1017 327">
    <p class='ocr_par' dir='ltr' id='par_1_1' title="bbox 959 315 1017 327">
     <span class='ocr_line' id='line_1_1' title="bbox 959 315 1017 327; baseline 0 0"><span class='ocrx_word' id='word_1_1' title='bbox 959 315 1017 327; x_wconf 67' lang='grc' dir='ltr'><strong>...ο-</strong></span> 
     </span>
    </p>
   </div>
   <div class='ocr_carea' id='block_1_2' title="bbox 238 378 1833 455">
    <p class='ocr_par' dir='ltr' id='par_1_2' title="bbox 238 379 1833 438">
     <span class='ocr_line' id='line_1_2' title="bbox 238 379 1833 438; baseline -0.001 -1"><span class='ocrx_word' id='word_1_2' title='bbox 238 380 337 437; x_wconf 68' lang='grc' dir='ltr'>κῦ</span> <span class='ocrx_word' id='word_1_3' title='bbox 1358 380 1449 436; x_wconf 82' lang='lat' dir='ltr'><strong>DE</strong></span> <span class='ocrx_word' id='word_1_4' title='bbox 1489 379 1667 438; x_wconf 83' lang='grc' dir='ltr'><strong>ΒΟΝΟ</strong></span> <span class='ocrx_word' id='word_1_5' title='bbox 1705 381 1833 437; x_wconf 74' lang='lat' dir='ltr'><strong>VlDl</strong></span> 
     </span>
    </p>
   </div>
   <div class='ocr_carea' id='block_1_3' title="bbox 1938 378 3543 455">
    <p class='ocr_par' dir='ltr' id='par_1_3' title="bbox 1938 379 3543 455">
     <span class='ocr_line' id='line_1_3' title="bbox 1938 379 3543 455; baseline 0.007 -21"><span class='ocrx_word' id='word_1_6' title='bbox 1938 379 2101 439; x_wconf 87' lang='lat' dir='ltr'><strong>&#39;ATlS</strong></span> <span class='ocrx_word' id='word_1_7' title='bbox 2138 384 2369 445; x_wconf 83' lang='lat' dir='ltr'><strong>LIBER.</strong></span> <span class='ocrx_word' id='word_1_8' title='bbox 3436 397 3543 455; x_wconf 70' lang='lat' dir='ltr'><strong>uc,</strong></span> 
     </span>
    </p>
   </div>
   <div class='ocr_carea' id='block_1_4' title="bbox 240 496 1843 570">
    <p class='ocr_par' dir='ltr' id='par_1_4' title="bbox 240 496 1843 570">
     <span class='ocr_line' id='line_1_4' title="bbox 240 496 1843 570; baseline 0.001 -18"><span class='ocrx_word' id='word_1_9' title='bbox 240 507 339 553; x_wconf 79' lang='lat' dir='ltr'><strong>teni</strong></span> <span class='ocrx_word' id='word_1_10' title='bbox 368 497 423 551; x_wconf 90' lang='lat' dir='ltr'><strong>in</strong></span> <span class='ocrx_word' id='word_1_11' title='bbox 451 496 533 551; x_wconf 82' lang='lat' dir='ltr'><strong>eis</strong></span> <span class='ocrx_word' id='word_1_12' title='bbox 562 496 689 555; x_wconf 84' lang='lat' dir='ltr'><strong>haec</strong></span> <span class='ocrx_word' id='word_1_13' title='bbox 718 506 901 570; x_wconf 87' lang='lat' dir='ltr'><strong>agunt,</strong></span> <span class='ocrx_word' id='word_1_14' title='bbox 937 499 1077 554; x_wconf 90' lang='lat' dir='ltr'><strong>itane</strong></span> <span class='ocrx_word' id='word_1_15' title='bbox 1106 499 1316 555; x_wconf 87' lang='lat' dir='ltr'><strong>tandem</strong></span> <span class='ocrx_word' id='word_1_16' title='bbox 1349 499 1510 556; x_wconf 91' lang='lat' dir='ltr'><strong>homo</strong></span> <span class='ocrx_word' id='word_1_17' title='bbox 1532 501 1583 555; x_wconf 91' lang='lat' dir='ltr'><strong>in</strong></span> <span class='ocrx_word' id='word_1_18' title='bbox 1611 500 1843 560; x_wconf 88' lang='lat' dir='ltr'><strong>hominis</strong></span> 
     </span>
    </p>
   </div>
   <div class='ocr_carea' id='block_1_5' title="bbox 244 592 1847 664">
    <p class='ocr_par' dir='ltr' id='par_1_5' title="bbox 244 592 1847 664">
     <span class='ocr_line' id='line_1_5' title="bbox 244 592 1847 664; baseline 0.001 -17"><span class='ocrx_word' id='word_1_19' title='bbox 244 592 509 648; x_wconf 83' lang='lat' dir='ltr'><strong>voluntate</strong></span> <span class='ocrx_word' id='word_1_20' title='bbox 540 600 693 646; x_wconf 88' lang='lat' dir='ltr'><strong>tanta</strong></span> <span class='ocrx_word' id='word_1_21' title='bbox 719 594 827 662; x_wconf 95' lang='lat' dir='ltr'><strong>agit</strong></span> <span class='ocrx_word' id='word_1_22' title='bbox 856 592 1160 663; x_wconf 87' lang='lat' dir='ltr'><strong>loquendo,</strong></span> <span class='ocrx_word' id='word_1_23' title='bbox 1190 601 1244 647; x_wconf 90' lang='lat' dir='ltr'><strong>et</strong></span> <span class='ocrx_word' id='word_1_24' title='bbox 1287 593 1424 648; x_wconf 88' lang='lat' dir='ltr'><strong>Deus</strong></span> <span class='ocrx_word' id='word_1_25' title='bbox 1469 593 1576 647; x_wconf 89' lang='lat' dir='ltr'><strong>illic</strong></span> <span class='ocrx_word' id='word_1_26' title='bbox 1604 608 1709 648; x_wconf 92' lang='lat' dir='ltr'><strong>non</strong></span> <span class='ocrx_word' id='word_1_27' title='bbox 1739 594 1847 664; x_wconf 82' lang='lat' dir='ltr'><strong>agit</strong></span> 
     </span>
    </p>
   </div>
   <div class='ocr_carea' id='block_1_6' title="bbox 251 683 1841 755">
    <p class='ocr_par' dir='ltr' id='par_1_6' title="bbox 251 683 1841 755">
     <span class='ocr_line' id='line_1_6' title="bbox 251 683 1841 755; baseline -0.001 -14"><span class='ocrx_word' id='word_1_28' title='bbox 251 684 438 755; x_wconf 83' lang='lat' dir='ltr'><strong>aliquid</strong></span> <span class='ocrx_word' id='word_1_29' title='bbox 468 683 822 754; x_wconf 86' lang='lat' dir='ltr'><strong>adjuvando?</strong></span> <span class='ocrx_word' id='word_1_30' title='bbox 852 684 963 739; x_wconf 90' lang='lat' dir='ltr'><strong>lmo</strong></span> <span class='ocrx_word' id='word_1_31' title='bbox 993 700 1140 750; x_wconf 90' lang='lat' dir='ltr'><strong>vero,</strong></span> <span class='ocrx_word' id='word_1_32' title='bbox 1171 684 1502 755; x_wconf 87' lang='lat' dir='ltr'><strong>quantalibet</strong></span> <span class='ocrx_word' id='word_1_33' title='bbox 1539 684 1699 739; x_wconf 87' lang='lat' dir='ltr'><strong>homo</strong></span> <span class='ocrx_word' id='word_1_34' title='bbox 1725 699 1841 740; x_wconf 88' lang='lat' dir='ltr'><strong>ser-</strong></span> 
     </span>
    </p>
   </div>
   <div class='ocr_carea' id='block_1_7' title="bbox 256 775 1846 846">
    <p class='ocr_par' dir='ltr' id='par_1_7' title="bbox 256 775 1846 846">
     <span class='ocr_line' id='line_1_7' title="bbox 256 775 1846 846; baseline -0.001 -13"><span class='ocrx_word' id='word_1_35' title='bbox 256 776 415 833; x_wconf 86' lang='lat' dir='ltr'><strong>monis</strong></span> <span class='ocrx_word' id='word_1_36' title='bbox 442 776 702 832; x_wconf 78' lang='lat' dir='ltr'><strong>facultate</strong></span> <span class='ocrx_word' id='word_1_37' title='bbox 746 776 1075 846; x_wconf 68' lang='lat' dir='ltr'><strong>prmpolleat,</strong></span> <span class='ocrx_word' id='word_1_38' title='bbox 1121 784 1179 830; x_wconf 93' lang='lat' dir='ltr'><strong>ut</strong></span> <span class='ocrx_word' id='word_1_39' title='bbox 1206 776 1422 831; x_wconf 82' lang='lat' dir='ltr'><strong>solertia</strong></span> <span class='ocrx_word' id='word_1_40' title='bbox 1450 775 1751 846; x_wconf 84' lang='lat' dir='ltr'><strong>disputandi</strong></span> <span class='ocrx_word' id='word_1_41' title='bbox 1791 784 1846 831; x_wconf 91' lang='lat' dir='ltr'><strong>et</strong></span> 
     </span>
    </p>
   </div>
   <div class='ocr_carea' id='block_1_8' title="bbox 254 868 1841 925">
    <p class='ocr_par' dir='ltr' id='par_1_8' title="bbox 254 868 1841 925">
     <span class='ocr_line' id='line_1_8' title="bbox 254 868 1841 925; baseline 0 -1"><span class='ocrx_word' id='word_1_42' title='bbox 254 871 504 924; x_wconf 86' lang='lat' dir='ltr'><strong>suavitate</strong></span> <span class='ocrx_word' id='word_1_43' title='bbox 530 868 751 924; x_wconf 80' lang='lat' dir='ltr'><strong>dicendi</strong></span> <span class='ocrx_word' id='word_1_44' title='bbox 780 870 832 924; x_wconf 90' lang='lat' dir='ltr'><strong>in</strong></span> <span class='ocrx_word' id='word_1_45' title='bbox 859 868 1089 924; x_wconf 81' lang='lat' dir='ltr'><strong>hominis</strong></span> <span class='ocrx_word' id='word_1_46' title='bbox 1116 870 1387 924; x_wconf 87' lang='lat' dir='ltr'><strong>voluntate</strong></span> <span class='ocrx_word' id='word_1_47' title='bbox 1417 872 1616 925; x_wconf 83' lang='lat' dir='ltr'><strong>inserat</strong></span> <span class='ocrx_word' id='word_1_48' title='bbox 1645 872 1841 925; x_wconf 79' lang='lat' dir='ltr'><strong>verita—</strong></span> 
     </span>
    </p>
   </div>
   <div class='ocr_carea' id='block_1_9' title="bbox 254 961 1841 1029">
    <p class='ocr_par' dir='ltr' id='par_1_9' title="bbox 254 961 1841 1029">
     <span class='ocr_line' id='line_1_9' title="bbox 254 961 1841 1029; baseline -0.001 -11"><span class='ocrx_word' id='word_1_49' title='bbox 254 972 371 1026; x_wconf 85' lang='lat' dir='ltr'><strong>tem,</strong></span> <span class='ocrx_word' id='word_1_50' title='bbox 402 961 606 1019; x_wconf 87' lang='lat' dir='ltr'><strong>nutriat</strong></span> <span class='ocrx_word' id='word_1_51' title='bbox 634 961 970 1027; x_wconf 88' lang='lat' dir='ltr'><strong>charitatem,</strong></span> <span class='ocrx_word' id='word_1_52' title='bbox 1004 961 1246 1023; x_wconf 87' lang='lat' dir='ltr'><strong>docendo</strong></span> <span class='ocrx_word' id='word_1_53' title='bbox 1276 964 1423 1017; x_wconf 84' lang='lat' dir='ltr'><strong>tollat</strong></span> <span class='ocrx_word' id='word_1_54' title='bbox 1452 979 1714 1029; x_wconf 86' lang='lat' dir='ltr'><strong>errorem,</strong></span> <span class='ocrx_word' id='word_1_55' title='bbox 1750 979 1841 1023; x_wconf 72' lang='lat' dir='ltr'><strong>ex-</strong></span> 
     </span>
    </p>
   </div>
   <div class='ocr_carea' id='block_1_10' title="bbox 252 1050 1838 1124">
    <p class='ocr_par' dir='ltr' id='par_1_10' title="bbox 252 1050 1838 1124">
     <span class='ocr_line' id='line_1_10' title="bbox 252 1050 1838 1124; baseline -0.002 -15"><span class='ocrx_word' id='word_1_56' title='bbox 252 1052 509 1109; x_wconf 82' lang='lat' dir='ltr'><strong>hortando</strong></span> <span class='ocrx_word' id='word_1_57' title='bbox 553 1061 873 1123; x_wconf 89' lang='lat' dir='ltr'><strong>torporem:</strong></span> <span class='ocrx_word' id='word_1_58' title='bbox 906 1050 1081 1123; x_wconf 83' lang='lat' dir='ltr'><strong>Neque</strong></span> <span class='ocrx_word' id='word_1_59' title='bbox 1123 1053 1209 1123; x_wconf 87' lang='lat' dir='ltr'><strong>qui</strong></span> <span class='ocrx_word' id='word_1_60' title='bbox 1247 1054 1443 1124; x_wconf 81' lang='lat' dir='ltr'><strong>plantat</strong></span> <span class='ocrx_word' id='word_1_61' title='bbox 1487 1063 1559 1107; x_wconf 86' lang='lat' dir='ltr'><strong>est</strong></span> <span class='ocrx_word' id='word_1_62' title='bbox 1606 1052 1838 1121; x_wconf 80' lang='lat' dir='ltr'><strong>aliquid,</strong></span> 
     </span>
    </p>
   </div>
   <div class='ocr_carea' id='block_1_11' title="bbox 252 1143 1835 1219">
    <p class='ocr_par' dir='ltr' id='par_1_11' title="bbox 252 1143 1835 1219">
     <span class='ocr_line' id='line_1_11' title="bbox 252 1143 1835 1219; baseline 0.001 -19"><span class='ocrx_word' id='word_1_63' title='bbox 252 1162 400 1217; x_wconf 84' lang='lat' dir='ltr'><strong>neque</strong></span> <span class='ocrx_word' id='word_1_64' title='bbox 427 1145 519 1215; x_wconf 87' lang='lat' dir='ltr'><strong>qui</strong></span> <span class='ocrx_word' id='word_1_65' title='bbox 546 1146 716 1216; x_wconf 85' lang='lat' dir='ltr'><strong>rigat;</strong></span> <span class='ocrx_word' id='word_1_66' title='bbox 743 1145 831 1199; x_wconf 86' lang='lat' dir='ltr'><strong>sed</strong></span> <span class='ocrx_word' id='word_1_67' title='bbox 857 1145 942 1216; x_wconf 83' lang='lat' dir='ltr'><strong>qui</strong></span> <span class='ocrx_word' id='word_1_68' title='bbox 970 1146 1327 1201; x_wconf 79' lang='lat' dir='ltr'><strong>incrementum</strong></span> <span class='ocrx_word' id='word_1_69' title='bbox 1352 1146 1439 1199; x_wconf 88' lang='lat' dir='ltr'><strong>dat</strong></span> <span class='ocrx_word' id='word_1_70' title='bbox 1473 1144 1605 1200; x_wconf 85' lang='lat' dir='ltr'><strong>Deus</strong></span> <span class='ocrx_word' id='word_1_71' title='bbox 1633 1143 1689 1219; x_wconf 85' lang='grc' dir='ltr'><strong>(Ι</strong></span> <span class='ocrx_word' id='word_1_72' title='bbox 1717 1145 1835 1202; x_wconf 88' lang='lat' dir='ltr'><strong>Cor.</strong></span> 
     </span>
    </p>
   </div>
   <div class='ocr_carea' id='block_1_12' title="bbox 251 1236 1840 1310">
    <p class='ocr_par' dir='ltr' id='par_1_12' title="bbox 251 1236 1840 1310">
     <span class='ocr_line' id='line_1_12' title="bbox 251 1236 1840 1310; baseline 0.001 -17"><span class='ocrx_word' id='word_1_73' title='bbox 251 1255 322 1305; x_wconf 84' lang='grc' dir='ltr'><strong>ιιι,</strong></span> <span class='ocrx_word' id='word_1_74' title='bbox 366 1236 459 1309; x_wconf 86' lang='lat'><strong>7).</strong></span> <span class='ocrx_word' id='word_1_75' title='bbox 502 1236 725 1294; x_wconf 87' lang='lat' dir='ltr'><strong>Frustra</strong></span> <span class='ocrx_word' id='word_1_76' title='bbox 775 1239 970 1309; x_wconf 88' lang='lat' dir='ltr'><strong>quippe</strong></span> <span class='ocrx_word' id='word_1_77' title='bbox 1017 1240 1293 1310; x_wconf 80' lang='lat' dir='ltr'><strong>Operarius</strong></span> <span class='ocrx_word' id='word_1_78' title='bbox 1338 1240 1515 1295; x_wconf 89' lang='lat' dir='ltr'><strong>omnia</strong></span> <span class='ocrx_word' id='word_1_79' title='bbox 1560 1240 1840 1296; x_wconf 89' lang='lat' dir='ltr'><strong>moliretur</strong></span> 
     </span>
    </p>
   </div>
   <div class='ocr_carea' id='block_1_13' title="bbox 249 1330 1840 1404">
    <p class='ocr_par' dir='ltr' id='par_1_13' title="bbox 249 1330 1840 1404">
     <span class='ocr_line' id='line_1_13' title="bbox 249 1330 1840 1404; baseline 0.001 -16"><span class='ocrx_word' id='word_1_80' title='bbox 249 1331 599 1396; x_wconf 73' lang='lat' dir='ltr'><strong>extrinsecus,</strong></span> <span class='ocrx_word' id='word_1_81' title='bbox 631 1331 735 1388; x_wconf 87' lang='lat' dir='ltr'><strong>nisi</strong></span> <span class='ocrx_word' id='word_1_82' title='bbox 771 1330 989 1397; x_wconf 76' lang='lat' dir='ltr'><strong>Greater</strong></span> <span class='ocrx_word' id='word_1_83' title='bbox 1033 1332 1354 1395; x_wconf 79' lang='lat' dir='ltr'><strong>intrinsecus</strong></span> <span class='ocrx_word' id='word_1_84' title='bbox 1382 1333 1612 1388; x_wconf 85' lang='lat' dir='ltr'><strong>latenter</strong></span> <span class='ocrx_word' id='word_1_85' title='bbox 1649 1348 1840 1404; x_wconf 78' lang='lat' dir='ltr'><strong>opera-</strong></span> 
     </span>
    </p>
   </div>
   <div class='ocr_carea' id='block_1_14' title="bbox 249 1422 1836 1495">
    <p class='ocr_par' dir='ltr' id='par_1_14' title="bbox 249 1422 1836 1495">
     <span class='ocr_line' id='line_1_14' title="bbox 249 1422 1836 1495; baseline 0 -14"><span class='ocrx_word' id='word_1_86' title='bbox 249 1435 413 1481; x_wconf 82' lang='lat' dir='ltr'><strong>retur.</strong></span> <span class='ocrx_word' id='word_1_87' title='bbox 454 1422 627 1494; x_wconf 88' lang='lat' dir='ltr'><strong>Spero</strong></span> <span class='ocrx_word' id='word_1_88' title='bbox 652 1440 782 1495; x_wconf 88' lang='lat' dir='ltr'><strong>ergo</strong></span> <span class='ocrx_word' id='word_1_89' title='bbox 811 1424 908 1485; x_wconf 86' lang='lat' dir='ltr'><strong>has</strong></span> <span class='ocrx_word' id='word_1_90' title='bbox 932 1424 1137 1480; x_wconf 85' lang='lat' dir='ltr'><strong>litteras</strong></span> <span class='ocrx_word' id='word_1_91' title='bbox 1163 1441 1309 1479; x_wconf 89' lang='lat' dir='ltr'><strong>meas</strong></span> <span class='ocrx_word' id='word_1_92' title='bbox 1338 1426 1530 1483; x_wconf 87' lang='lat' dir='ltr'><strong>merito</strong></span> <span class='ocrx_word' id='word_1_93' title='bbox 1557 1425 1836 1481; x_wconf 85' lang='lat' dir='ltr'><strong>Excellen-</strong></span> 
     </span>
    </p>
   </div>
   <div class='ocr_carea' id='block_1_15' title="bbox 251 1516 1834 1572">
    <p class='ocr_par' dir='ltr' id='par_1_15' title="bbox 251 1516 1834 1572">
     <span class='ocr_line' id='line_1_15' title="bbox 251 1516 1834 1572; baseline 0.001 -1"><span class='ocrx_word' id='word_1_94' title='bbox 251 1518 329 1571; x_wconf 71' lang='lat' dir='ltr'><strong>tiaa</strong></span> <span class='ocrx_word' id='word_1_95' title='bbox 353 1526 549 1571; x_wconf 70' lang='lat' dir='ltr'><strong>vestra:</strong></span> <span class='ocrx_word' id='word_1_96' title='bbox 575 1517 681 1571; x_wconf 89' lang='lat' dir='ltr'><strong>cito</strong></span> <span class='ocrx_word' id='word_1_97' title='bbox 706 1516 759 1570; x_wconf 92' lang='lat' dir='ltr'><strong>in</strong></span> <span class='ocrx_word' id='word_1_98' title='bbox 789 1531 981 1571; x_wconf 89' lang='lat' dir='ltr'><strong>manus</strong></span> <span class='ocrx_word' id='word_1_99' title='bbox 1008 1516 1168 1571; x_wconf 88' lang='lat' dir='ltr'><strong>etiam</strong></span> <span class='ocrx_word' id='word_1_100' title='bbox 1200 1516 1380 1571; x_wconf 85' lang='lat' dir='ltr'><strong>talium</strong></span> <span class='ocrx_word' id='word_1_101' title='bbox 1408 1532 1529 1571; x_wconf 88' lang='lat' dir='ltr'><strong>esse</strong></span> <span class='ocrx_word' id='word_1_102' title='bbox 1554 1525 1834 1572; x_wconf 89' lang='lat' dir='ltr'><strong>venturas:</strong></span> 
     </span>
    </p>
   </div>
   <div class='ocr_carea' id='block_1_16' title="bbox 249 1604 1837 1675">
    <p class='ocr_par' dir='ltr' id='par_1_16' title="bbox 249 1604 1837 1675">
     <span class='ocr_line' id='line_1_16' title="bbox 249 1604 1837 1675; baseline 0.001 -15"><span class='ocrx_word' id='word_1_103' title='bbox 249 1605 362 1675; x_wconf 83' lang='lat' dir='ltr'><strong>ideo</strong></span> <span class='ocrx_word' id='word_1_104' title='bbox 392 1605 649 1661; x_wconf 88' lang='lat' dir='ltr'><strong>nonnulla</strong></span> <span class='ocrx_word' id='word_1_105' title='bbox 699 1605 825 1663; x_wconf 85' lang='lat' dir='ltr'><strong>hinc</strong></span> <span class='ocrx_word' id='word_1_106' title='bbox 871 1604 1093 1667; x_wconf 85' lang='lat' dir='ltr'><strong>dicenda</strong></span> <span class='ocrx_word' id='word_1_107' title='bbox 1136 1606 1423 1661; x_wconf 81' lang='lat' dir='ltr'><strong>arbitratus</strong></span> <span class='ocrx_word' id='word_1_108' title='bbox 1454 1622 1592 1660; x_wconf 91' lang='lat' dir='ltr'><strong>sum.</strong></span> <span class='ocrx_word' id='word_1_109' title='bbox 1633 1606 1837 1662; x_wconf 88' lang='lat' dir='ltr'><strong>Deinde</strong></span> 
     </span>
    </p>
   </div>
   <div class='ocr_carea' id='block_1_17' title="bbox 248 1696 1836 1768">
    <p class='ocr_par' dir='ltr' id='par_1_17' title="bbox 248 1696 1836 1768">
     <span class='ocr_line' id='line_1_17' title="bbox 248 1696 1836 1768; baseline -0.001 -15"><span class='ocrx_word' id='word_1_110' title='bbox 248 1706 303 1753; x_wconf 87' lang='lat' dir='ltr'><strong>nt</strong></span> <span class='ocrx_word' id='word_1_111' title='bbox 325 1707 377 1753; x_wconf 90' lang='lat' dir='ltr'><strong>tu</strong></span> <span class='ocrx_word' id='word_1_112' title='bbox 404 1698 522 1767; x_wconf 84' lang='lat' dir='ltr'><strong>ipsa</strong></span> <span class='ocrx_word' id='word_1_113' title='bbox 547 1706 599 1751; x_wconf 89' lang='lat' dir='ltr'><strong>et</strong></span> <span class='ocrx_word' id='word_1_114' title='bbox 628 1712 976 1768; x_wconf 75' lang='lat' dir='ltr'><strong>qumcumque</strong></span> <span class='ocrx_word' id='word_1_115' title='bbox 1005 1697 1123 1751; x_wconf 74' lang='lat' dir='ltr'><strong>alia:</strong></span> <span class='ocrx_word' id='word_1_116' title='bbox 1152 1696 1323 1753; x_wconf 78' lang='lat' dir='ltr'><strong>vidua:</strong></span> <span class='ocrx_word' id='word_1_117' title='bbox 1350 1698 1447 1752; x_wconf 88' lang='lat' dir='ltr'><strong>ista</strong></span> <span class='ocrx_word' id='word_1_118' title='bbox 1472 1697 1717 1767; x_wconf 83' lang='lat' dir='ltr'><strong>legerint,</strong></span> <span class='ocrx_word' id='word_1_119' title='bbox 1750 1697 1836 1753; x_wconf 89' lang='lat' dir='ltr'><strong>vel</strong></span> 
     </span>
    </p>
   </div>
   <div class='ocr_carea' id='block_1_18' title="bbox 247 1786 1835 1859">
    <p class='ocr_par' dir='ltr' id='par_1_18' title="bbox 247 1786 1835 1859">
     <span class='ocr_line' id='line_1_18' title="bbox 247 1786 1835 1859; baseline -0.001 -16"><span class='ocrx_word' id='word_1_120' title='bbox 247 1804 360 1852; x_wconf 85' lang='lat' dir='ltr'><strong>cum</strong></span> <span class='ocrx_word' id='word_1_121' title='bbox 386 1788 640 1859; x_wconf 88' lang='lat' dir='ltr'><strong>leguntur</strong></span> <span class='ocrx_word' id='word_1_122' title='bbox 681 1788 966 1852; x_wconf 88' lang='lat' dir='ltr'><strong>audierint,</strong></span> <span class='ocrx_word' id='word_1_123' title='bbox 1001 1788 1254 1842; x_wconf 82' lang='lat' dir='ltr'><strong>noveritis</strong></span> <span class='ocrx_word' id='word_1_124' title='bbox 1280 1802 1375 1841; x_wconf 88' lang='lat' dir='ltr'><strong>vos</strong></span> <span class='ocrx_word' id='word_1_125' title='bbox 1410 1786 1475 1841; x_wconf 91' lang='lat' dir='ltr'><strong>ad</strong></span> <span class='ocrx_word' id='word_1_126' title='bbox 1505 1786 1835 1858; x_wconf 66' lang='lat' dir='ltr'><strong>diligendum</strong></span> 
     </span>
    </p>
   </div>
   <div class='ocr_carea' id='block_1_19' title="bbox 248 1877 1837 1949">
    <p class='ocr_par' dir='ltr' id='par_1_19' title="bbox 248 1877 1837 1949">
     <span class='ocr_line' id='line_1_19' title="bbox 248 1877 1837 1949; baseline -0.001 -15"><span class='ocrx_word' id='word_1_127' title='bbox 248 1889 297 1935; x_wconf 87' lang='lat' dir='ltr'><strong>et</strong></span> <span class='ocrx_word' id='word_1_128' title='bbox 330 1879 639 1935; x_wconf 88' lang='lat' dir='ltr'><strong>habendum</strong></span> <span class='ocrx_word' id='word_1_129' title='bbox 670 1878 1013 1935; x_wconf 67' lang='lat' dir='ltr'><strong>continentia:</strong></span> <span class='ocrx_word' id='word_1_130' title='bbox 1042 1878 1240 1933; x_wconf 92' lang='lat' dir='ltr'><strong>bonum</strong></span> <span class='ocrx_word' id='word_1_131' title='bbox 1276 1878 1395 1948; x_wconf 83' lang='lat' dir='ltr'><strong>plus</strong></span> <span class='ocrx_word' id='word_1_132' title='bbox 1427 1877 1684 1949; x_wconf 85' lang='lat' dir='ltr'><strong>proficere</strong></span> <span class='ocrx_word' id='word_1_133' title='bbox 1715 1893 1837 1932; x_wconf 89' lang='lat' dir='ltr'><strong>ora-</strong></span> 
     </span>
    </p>
   </div>
   <div class='ocr_carea' id='block_1_20' title="bbox 248 1968 1837 2041">
    <p class='ocr_par' dir='ltr' id='par_1_20' title="bbox 248 1968 1837 2041">
     <span class='ocr_line' id='line_1_20' title="bbox 248 1968 1837 2041; baseline -0.004 -14"><span class='ocrx_word' id='word_1_134' title='bbox 248 1971 474 2027; x_wconf 88' lang='lat' dir='ltr'><strong>tionibus</strong></span> <span class='ocrx_word' id='word_1_135' title='bbox 505 1971 718 2035; x_wconf 84' lang='lat' dir='ltr'><strong>vestris,</strong></span> <span class='ocrx_word' id='word_1_136' title='bbox 752 1986 908 2041; x_wconf 90' lang='lat' dir='ltr'><strong>quam</strong></span> <span class='ocrx_word' id='word_1_137' title='bbox 937 1969 1396 2025; x_wconf 73' lang='lat' dir='ltr'><strong>exhortationibus</strong></span> <span class='ocrx_word' id='word_1_138' title='bbox 1433 1968 1629 2024; x_wconf 88' lang='lat' dir='ltr'><strong>nostris</strong></span> <span class='ocrx_word' id='word_1_139' title='bbox 1660 1986 1673 2023; x_wconf 91' lang='lat'>:</span> <span class='ocrx_word' id='word_1_140' title='bbox 1701 1984 1837 2039; x_wconf 59' lang='lat' dir='ltr'><strong>quo.</strong></span> 
     </span>
    </p>
   </div>
   <div class='ocr_carea' id='block_1_21' title="bbox 246 2048 1834 2138">
    <p class='ocr_par' dir='ltr' id='par_1_21' title="bbox 246 2048 1834 2138">
     <span class='ocr_line' id='line_1_21' title="bbox 246 2048 1834 2138; baseline 0 -21"><span class='ocrx_word' id='word_1_141' title='bbox 246 2065 379 2138; x_wconf 80' lang='lat' dir='ltr'><strong>niam</strong></span> <span class='ocrx_word' id='word_1_142' title='bbox 428 2063 473 2118; x_wconf 90' lang='lat' dir='ltr'><strong>si</strong></span> <span class='ocrx_word' id='word_1_143' title='bbox 522 2061 648 2132; x_wconf 85' lang='lat' dir='ltr'><strong>quid</strong></span> <span class='ocrx_word' id='word_1_144' title='bbox 678 2048 781 2116; x_wconf 23' lang='lat' dir='ltr'><strong>vos.</strong></span> <span class='ocrx_word' id='word_1_145' title='bbox 798 2061 1029 2132; x_wconf 89' lang='lat' dir='ltr'><strong>adjuvat,</strong></span> <span class='ocrx_word' id='word_1_146' title='bbox 1063 2061 1208 2131; x_wconf 90' lang='lat' dir='ltr'><strong>quod</strong></span> <span class='ocrx_word' id='word_1_147' title='bbox 1256 2061 1405 2115; x_wconf 81' lang='lat' dir='ltr'><strong>vobis</strong></span> <span class='ocrx_word' id='word_1_148' title='bbox 1441 2061 1603 2116; x_wconf 91' lang='lat' dir='ltr'><strong>etiam</strong></span> <span class='ocrx_word' id='word_1_149' title='bbox 1648 2069 1834 2117; x_wconf 84' lang='lat' dir='ltr'><strong>nostra</strong></span> 
     </span>
    </p>
   </div>
   <div class='ocr_carea' id='block_1_22' title="bbox 247 2146 1832 2223">
    <p class='ocr_par' dir='ltr' id='par_1_22' title="bbox 247 2146 1832 2223">
     <span class='ocr_line' id='line_1_22' title="bbox 247 2146 1832 2223; baseline -0.001 -15"><span class='ocrx_word' id='word_1_150' title='bbox 247 2155 615 2208; x_wconf 89' lang='lat' dir='ltr'><strong>ministrantur</strong></span> <span class='ocrx_word' id='word_1_151' title='bbox 638 2153 888 2223; x_wconf 90' lang='lat' dir='ltr'><strong>alloquia,</strong></span> <span class='ocrx_word' id='word_1_152' title='bbox 921 2162 1085 2209; x_wconf 88' lang='lat' dir='ltr'><strong>totum</strong></span> <span class='ocrx_word' id='word_1_153' title='bbox 1118 2153 1256 2207; x_wconf 91' lang='lat' dir='ltr'><strong>illius</strong></span> <span class='ocrx_word' id='word_1_154' title='bbox 1282 2151 1466 2223; x_wconf 61' lang='lat' dir='ltr'><strong>gratiae</strong></span> <span class='ocrx_word' id='word_1_155' title='bbox 1494 2146 1832 2207; x_wconf 83' lang='lat' dir='ltr'><strong>tribuendum</strong></span> 
     </span>
    </p>
   </div>
   <div class='ocr_carea' id='block_1_23' title="bbox 245 2244 1833 2316">
    <p class='ocr_par' dir='ltr' id='par_1_23' title="bbox 245 2244 1833 2316">
     <span class='ocr_line' id='line_1_23' title="bbox 245 2244 1833 2316; baseline -0.003 -15"><span class='ocrx_word' id='word_1_156' title='bbox 245 2256 340 2308; x_wconf 87' lang='lat' dir='ltr'><strong>est,</strong></span> <span class='ocrx_word' id='word_1_157' title='bbox 377 2247 431 2299; x_wconf 88' lang='lat' dir='ltr'><strong>in</strong></span> <span class='ocrx_word' id='word_1_158' title='bbox 466 2246 611 2316; x_wconf 89' lang='lat' dir='ltr'><strong>cujus</strong></span> <span class='ocrx_word' id='word_1_159' title='bbox 637 2261 787 2299; x_wconf 88' lang='lat' dir='ltr'><strong>manu</strong></span> <span class='ocrx_word' id='word_1_160' title='bbox 809 2253 942 2309; x_wconf 85' lang='lat' dir='ltr'><strong>sunt,</strong></span> <span class='ocrx_word' id='word_1_161' title='bbox 974 2244 1112 2304; x_wconf 93' lang='lat' dir='ltr'><strong>sicut</strong></span> <span class='ocrx_word' id='word_1_162' title='bbox 1144 2244 1400 2314; x_wconf 87' lang='lat' dir='ltr'><strong>scriptum</strong></span> <span class='ocrx_word' id='word_1_163' title='bbox 1427 2251 1529 2311; x_wconf 87' lang='lat' dir='ltr'><strong>est,</strong></span> <span class='ocrx_word' id='word_1_164' title='bbox 1576 2251 1623 2300; x_wconf 88' lang='lat' dir='ltr'><strong>et</strong></span> <span class='ocrx_word' id='word_1_165' title='bbox 1671 2260 1762 2305; x_wconf 77' lang='lat' dir='ltr'><strong>nos</strong></span> <span class='ocrx_word' id='word_1_166' title='bbox 1786 2252 1833 2298; x_wconf 84' lang='lat' dir='ltr'><strong>et</strong></span> 
     </span>
    </p>
   </div>
   <div class='ocr_carea' id='block_1_24' title="bbox 247 2336 1118 2409">
    <p class='ocr_par' dir='ltr' id='par_1_24' title="bbox 247 2336 1118 2409">
     <span class='ocr_line' id='line_1_24' title="bbox 247 2336 1118 2409; baseline 0 -16"><span class='ocrx_word' id='word_1_167' title='bbox 247 2355 491 2398; x_wconf 85' lang='lat' dir='ltr'><strong>sermones</strong></span> <span class='ocrx_word' id='word_1_168' title='bbox 517 2338 674 2392; x_wconf 86' lang='lat' dir='ltr'><strong>nostri</strong></span> <span class='ocrx_word' id='word_1_169' title='bbox 701 2337 857 2409; x_wconf 84' lang='lat' dir='ltr'><strong>(Sap.</strong></span> <span class='ocrx_word' id='word_1_170' title='bbox 887 2354 977 2401; x_wconf 84' lang='lat' dir='ltr'><strong>vn,</strong></span> <span class='ocrx_word' id='word_1_171' title='bbox 1008 2336 1118 2404; x_wconf 75' lang='lat'><strong>16).</strong></span> 
     </span>
    </p>
   </div>
   <div class='ocr_carea' id='block_1_25' title="bbox 308 2427 1829 2487">
    <p class='ocr_par' dir='ltr' id='par_1_25' title="bbox 308 2427 1829 2487">
     <span class='ocr_line' id='line_1_25' title="bbox 308 2427 1829 2487; baseline -0.003 0"><span class='ocrx_word' id='word_1_172' title='bbox 308 2429 535 2487; x_wconf 61' lang='lat' dir='ltr'><strong>CAPUT</strong></span> <span class='ocrx_word' id='word_1_173' title='bbox 590 2429 736 2485; x_wconf 75' lang='lat' dir='ltr'><strong>XIX.</strong></span> <span class='ocrx_word' id='word_1_174' title='bbox 760 2460 830 2469; x_wconf 67' lang='grc' dir='ltr'><strong>σ-</strong></span> <span class='ocrx_word' id='word_1_175' title='bbox 854 2428 941 2483; x_wconf 69' lang='grc'><strong>25.</strong></span> <span class='ocrx_word' id='word_1_176' title='bbox 985 2427 1304 2482; x_wconf 66' lang='grc' dir='ltr'><strong>ΕατΙιονιαιαγ</strong></span> <span class='ocrx_word' id='word_1_177' title='bbox 1342 2428 1410 2481; x_wconf 86' lang='lat' dir='ltr'><strong>ad</strong></span> <span class='ocrx_word' id='word_1_178' title='bbox 1439 2428 1696 2483; x_wconf 85' lang='lat' dir='ltr'><strong>viduitatis</strong></span> <span class='ocrx_word' id='word_1_179' title='bbox 1737 2427 1829 2482; x_wconf 84' lang='lat' dir='ltr'><strong>bo-</strong></span> 
     </span>
    </p>
   </div>
   <div class='ocr_carea' id='block_1_26' title="bbox 245 2521 1832 2591">
    <p class='ocr_par' dir='ltr' id='par_1_26' title="bbox 245 2521 1832 2591">
     <span class='ocr_line' id='line_1_26' title="bbox 245 2521 1832 2591; baseline -0.004 -11"><span class='ocrx_word' id='word_1_180' title='bbox 245 2542 377 2581; x_wconf 76' lang='lat' dir='ltr'><strong>num.</strong></span> <span class='ocrx_word' id='word_1_181' title='bbox 422 2522 490 2579; x_wconf 89' lang='lat' dir='ltr'><strong>Ut</strong></span> <span class='ocrx_word' id='word_1_182' title='bbox 521 2532 626 2577; x_wconf 81' lang='lat' dir='ltr'><strong>tota</strong></span> <span class='ocrx_word' id='word_1_183' title='bbox 651 2523 857 2577; x_wconf 85' lang='lat' dir='ltr'><strong>intentio</strong></span> <span class='ocrx_word' id='word_1_184' title='bbox 883 2522 1109 2576; x_wconf 77' lang='lat' dir='ltr'><strong>Juliana:</strong></span> <span class='ocrx_word' id='word_1_185' title='bbox 1145 2521 1309 2576; x_wconf 78' lang='lat' dir='ltr'><strong>vidua:</strong></span> <span class='ocrx_word' id='word_1_186' title='bbox 1336 2523 1399 2575; x_wconf 87' lang='lat' dir='ltr'><strong>sit</strong></span> <span class='ocrx_word' id='word_1_187' title='bbox 1424 2521 1493 2575; x_wconf 87' lang='lat' dir='ltr'><strong>ad</strong></span> <span class='ocrx_word' id='word_1_188' title='bbox 1529 2521 1832 2591; x_wconf 84' lang='lat' dir='ltr'><strong>placendum</strong></span> 
     </span>
    </p>
   </div>
   <div class='ocr_carea' id='block_1_27' title="bbox 246 2611 1833 2692">
    <p class='ocr_par' dir='ltr' id='par_1_27' title="bbox 246 2611 1833 2692">
     <span class='ocr_line' id='line_1_27' title="bbox 246 2611 1833 2692; baseline -0.003 -23"><span class='ocrx_word' id='word_1_189' title='bbox 246 2616 363 2692; x_wconf 62' lang='lat' dir='ltr'><strong>Deo.</strong></span> <span class='ocrx_word' id='word_1_190' title='bbox 409 2615 749 2670; x_wconf 86' lang='lat' dir='ltr'><strong>Demetriadis</strong></span> <span class='ocrx_word' id='word_1_191' title='bbox 793 2615 999 2686; x_wconf 75' lang='lat' dir='ltr'><strong>virginis</strong></span> <span class='ocrx_word' id='word_1_192' title='bbox 1030 2614 1250 2685; x_wconf 72' lang='lat' dir='ltr'><strong>aviwque</strong></span> <span class='ocrx_word' id='word_1_193' title='bbox 1277 2614 1457 2684; x_wconf 86' lang='lat' dir='ltr'><strong>ipsius,</strong></span> <span class='ocrx_word' id='word_1_194' title='bbox 1501 2611 1707 2682; x_wconf 81' lang='lat' dir='ltr'><strong>perinde</strong></span> <span class='ocrx_word' id='word_1_195' title='bbox 1751 2622 1833 2665; x_wconf 85' lang='lat' dir='ltr'><strong>at-</strong></span> 
     </span>
    </p>
   </div>
   <div class='ocr_carea' id='block_1_28' title="bbox 244 2702 1831 2778">
    <p class='ocr_par' dir='ltr' id='par_1_28' title="bbox 244 2702 1831 2778">
     <span class='ocr_line' id='line_1_28' title="bbox 244 2702 1831 2778; baseline -0.001 -17"><span class='ocrx_word' id='word_1_196' title='bbox 244 2727 330 2778; x_wconf 80' lang='lat' dir='ltr'><strong>que</strong></span> <span class='ocrx_word' id='word_1_197' title='bbox 366 2710 570 2774; x_wconf 81' lang='lat' dir='ltr'><strong>matris,</strong></span> <span class='ocrx_word' id='word_1_198' title='bbox 594 2706 699 2762; x_wconf 79' lang='lat' dir='ltr'><strong>vult</strong></span> <span class='ocrx_word' id='word_1_199' title='bbox 729 2723 834 2762; x_wconf 80' lang='lat' dir='ltr'><strong>esse</strong></span> <span class='ocrx_word' id='word_1_200' title='bbox 875 2722 1031 2760; x_wconf 88' lang='lat' dir='ltr'><strong>unum</strong></span> <span class='ocrx_word' id='word_1_201' title='bbox 1069 2705 1293 2760; x_wconf 86' lang='lat' dir='ltr'><strong>studium</strong></span> <span class='ocrx_word' id='word_1_202' title='bbox 1335 2703 1438 2759; x_wconf 90' lang='lat' dir='ltr'><strong>Deo</strong></span> <span class='ocrx_word' id='word_1_203' title='bbox 1482 2703 1735 2774; x_wconf 79' lang='lat' dir='ltr'><strong>placendi.</strong></span> <span class='ocrx_word' id='word_1_204' title='bbox 1773 2702 1831 2759; x_wconf 90' lang='lat' dir='ltr'><strong>Si</strong></span> 
     </span>
    </p>
   </div>
   <div class='ocr_carea' id='block_1_29' title="bbox 246 2794 1827 2871">
    <p class='ocr_par' dir='ltr' id='par_1_29' title="bbox 246 2794 1827 2871">
     <span class='ocr_line' id='line_1_29' title="bbox 246 2794 1827 2871; baseline -0.006 -13"><span class='ocrx_word' id='word_1_205' title='bbox 246 2817 362 2871; x_wconf 87' lang='lat' dir='ltr'><strong>ergo</strong></span> <span class='ocrx_word' id='word_1_206' title='bbox 394 2800 638 2855; x_wconf 88' lang='lat' dir='ltr'><strong>nondum</strong></span> <span class='ocrx_word' id='word_1_207' title='bbox 678 2800 789 2854; x_wconf 90' lang='lat' dir='ltr'><strong>Deo</strong></span> <span class='ocrx_word' id='word_1_208' title='bbox 820 2798 1059 2857; x_wconf 84' lang='lat' dir='ltr'><strong>vovisses</strong></span> <span class='ocrx_word' id='word_1_209' title='bbox 1088 2797 1471 2852; x_wconf 85' lang='lat' dir='ltr'><strong>continentiam</strong></span> <span class='ocrx_word' id='word_1_210' title='bbox 1516 2794 1782 2851; x_wconf 88' lang='lat' dir='ltr'><strong>vidualem</strong></span> <span class='ocrx_word' id='word_1_211' title='bbox 1811 2835 1827 2862; x_wconf 89' lang='lat'><strong>,</strong></span> 
     </span>
    </p>
   </div>
   <div class='ocr_carea' id='block_1_30' title="bbox 246 2887 1828 2961">
    <p class='ocr_par' dir='ltr' id='par_1_30' title="bbox 246 2887 1828 2961">
     <span class='ocr_line' id='line_1_30' title="bbox 246 2887 1828 2961; baseline -0.003 -14"><span class='ocrx_word' id='word_1_212' title='bbox 246 2894 652 2948; x_wconf 80' lang='lat' dir='ltr'><strong>exhortaremur</strong></span> <span class='ocrx_word' id='word_1_213' title='bbox 689 2890 929 2961; x_wconf 85' lang='lat' dir='ltr'><strong>profecto</strong></span> <span class='ocrx_word' id='word_1_214' title='bbox 979 2897 1034 2943; x_wconf 89' lang='lat' dir='ltr'><strong>ut</strong></span> <span class='ocrx_word' id='word_1_215' title='bbox 1080 2903 1305 2943; x_wconf 87' lang='lat' dir='ltr'><strong>voveres</strong></span> <span class='ocrx_word' id='word_1_216' title='bbox 1334 2906 1347 2942; x_wconf 86' lang='lat'>:</span> <span class='ocrx_word' id='word_1_217' title='bbox 1377 2888 1501 2958; x_wconf 89' lang='lat' dir='ltr'><strong>quia</strong></span> <span class='ocrx_word' id='word_1_218' title='bbox 1545 2903 1672 2942; x_wconf 88' lang='lat' dir='ltr'><strong>vero</strong></span> <span class='ocrx_word' id='word_1_219' title='bbox 1718 2887 1828 2958; x_wconf 85' lang='lat' dir='ltr'><strong>jam</strong></span> 
     </span>
    </p>
   </div>
   <div class='ocr_carea' id='block_1_31' title="bbox 247 2978 1830 3050">
    <p class='ocr_par' dir='ltr' id='par_1_31' title="bbox 247 2978 1830 3050">
     <span class='ocr_line' id='line_1_31' title="bbox 247 2978 1830 3050; baseline -0.001 -13"><span class='ocrx_word' id='word_1_220' title='bbox 247 2984 446 3049; x_wconf 71' lang='lat' dir='ltr'><strong>vovisti,</strong></span> <span class='ocrx_word' id='word_1_221' title='bbox 478 2984 829 3047; x_wconf 79' lang='lat' dir='ltr'><strong>exhortamur</strong></span> <span class='ocrx_word' id='word_1_222' title='bbox 867 2991 923 3036; x_wconf 92' lang='lat' dir='ltr'><strong>ut</strong></span> <span class='ocrx_word' id='word_1_223' title='bbox 952 2995 1281 3050; x_wconf 86' lang='lat' dir='ltr'><strong>perseveres.</strong></span> <span class='ocrx_word' id='word_1_224' title='bbox 1322 2978 1467 3033; x_wconf 82' lang='lat' dir='ltr'><strong>Talia</strong></span> <span class='ocrx_word' id='word_1_225' title='bbox 1491 2978 1620 3037; x_wconf 85' lang='lat' dir='ltr'><strong>mihi</strong></span> <span class='ocrx_word' id='word_1_226' title='bbox 1652 2988 1830 3036; x_wconf 88' lang='lat' dir='ltr'><strong>tamen</strong></span> 
     </span>
    </p>
   </div>
   <div class='ocr_carea' id='block_1_32' title="bbox 245 3069 1831 3143">
    <p class='ocr_par' dir='ltr' id='par_1_32' title="bbox 245 3069 1831 3143">
     <span class='ocr_line' id='line_1_32' title="bbox 245 3069 1831 3143; baseline -0.001 -16"><span class='ocrx_word' id='word_1_227' title='bbox 245 3075 389 3131; x_wconf 70' lang='lat' dir='ltr'><strong>video</strong></span> <span class='ocrx_word' id='word_1_228' title='bbox 415 3090 540 3130; x_wconf 84' lang='lat' dir='ltr'><strong>esse</strong></span> <span class='ocrx_word' id='word_1_229' title='bbox 582 3073 830 3139; x_wconf 88' lang='lat' dir='ltr'><strong>dicenda,</strong></span> <span class='ocrx_word' id='word_1_230' title='bbox 859 3072 1049 3143; x_wconf 84' lang='lat' dir='ltr'><strong>quibus</strong></span> <span class='ocrx_word' id='word_1_231' title='bbox 1080 3086 1198 3125; x_wconf 86' lang='lat' dir='ltr'><strong>eam</strong></span> <span class='ocrx_word' id='word_1_232' title='bbox 1242 3069 1466 3140; x_wconf 79' lang='lat' dir='ltr'><strong>diligant</strong></span> <span class='ocrx_word' id='word_1_233' title='bbox 1490 3078 1545 3125; x_wconf 89' lang='lat' dir='ltr'><strong>et</strong></span> <span class='ocrx_word' id='word_1_234' title='bbox 1570 3070 1831 3140; x_wconf 83' lang='lat' dir='ltr'><strong>arripiant</strong></span> 
     </span>
    </p>
   </div>
   <div class='ocr_carea' id='block_1_33' title="bbox 244 3162 1831 3239">
    <p class='ocr_par' dir='ltr' id='par_1_33' title="bbox 244 3162 1831 3239">
     <span class='ocr_line' id='line_1_33' title="bbox 244 3162 1831 3239; baseline -0.002 -18"><span class='ocrx_word' id='word_1_235' title='bbox 244 3178 291 3229; x_wconf 86' lang='lat' dir='ltr'><strong>et</strong></span> <span class='ocrx_word' id='word_1_236' title='bbox 316 3184 435 3239; x_wconf 76' lang='lat' dir='ltr'><strong>qua:</strong></span> <span class='ocrx_word' id='word_1_237' title='bbox 459 3166 636 3221; x_wconf 88' lang='lat' dir='ltr'><strong>adhuc</strong></span> <span class='ocrx_word' id='word_1_238' title='bbox 678 3167 880 3221; x_wconf 88' lang='lat' dir='ltr'><strong>nubere</strong></span> <span class='ocrx_word' id='word_1_239' title='bbox 905 3163 1226 3233; x_wconf 85' lang='lat' dir='ltr'><strong>c0gitabant.</strong></span> <span class='ocrx_word' id='word_1_240' title='bbox 1268 3162 1464 3218; x_wconf 81' lang='lat' dir='ltr'><strong>Aurem</strong></span> <span class='ocrx_word' id='word_1_241' title='bbox 1496 3162 1657 3233; x_wconf 79' lang='lat' dir='ltr'><strong>igitur</strong></span> <span class='ocrx_word' id='word_1_242' title='bbox 1678 3162 1831 3218; x_wconf 81' lang='lat' dir='ltr'><strong>incli-</strong></span> 
     </span>
    </p>
   </div>
   <div class='ocr_carea' id='block_1_34' title="bbox 243 3254 1824 3329">
    <p class='ocr_par' dir='ltr' id='par_1_34' title="bbox 243 3254 1824 3329">
     <span class='ocr_line' id='line_1_34' title="bbox 243 3254 1824 3329; baseline -0.004 -16"><span class='ocrx_word' id='word_1_243' title='bbox 243 3275 424 3314; x_wconf 90' lang='lat' dir='ltr'><strong>ncmus</strong></span> <span class='ocrx_word' id='word_1_244' title='bbox 454 3257 717 3329; x_wconf 80' lang='lat' dir='ltr'><strong>Apostolo</strong></span> <span class='ocrx_word' id='word_1_245' title='bbox 752 3275 764 3312; x_wconf 91' lang='lat'><strong>:</strong></span> <span class='ocrx_word' id='word_1_246' title='bbox 797 3256 922 3323; x_wconf 71' lang='lat' dir='ltr'><strong>Qua:</strong></span> <span class='ocrx_word' id='word_1_247' title='bbox 948 3255 1159 3325; x_wconf 83' lang='lat' dir='ltr'><strong>innupta</strong></span> <span class='ocrx_word' id='word_1_248' title='bbox 1184 3264 1274 3322; x_wconf 89' lang='lat' dir='ltr'><strong>est,</strong></span> <span class='ocrx_word' id='word_1_249' title='bbox 1302 3254 1491 3325; x_wconf 86' lang='lat' dir='ltr'><strong>inquit,</strong></span> <span class='ocrx_word' id='word_1_250' title='bbox 1511 3254 1727 3309; x_wconf 82' lang='lat' dir='ltr'><strong>sollicita</strong></span> <span class='ocrx_word' id='word_1_251' title='bbox 1750 3263 1824 3309; x_wconf 83' lang='lat' dir='ltr'><strong>est</strong></span> 
     </span>
    </p>
   </div>
   <div class='ocr_carea' id='block_1_35' title="bbox 242 3340 1832 3419">
    <p class='ocr_par' dir='ltr' id='par_1_35' title="bbox 242 3340 1832 3419">
     <span class='ocr_line' id='line_1_35' title="bbox 242 3340 1832 3419; baseline -0.005 -12"><span class='ocrx_word' id='word_1_252' title='bbox 242 3367 296 3407; x_wconf 83' lang='lat' dir='ltr'><strong>ea</strong></span> <span class='ocrx_word' id='word_1_253' title='bbox 321 3367 433 3419; x_wconf 79' lang='lat' dir='ltr'><strong>qua:</strong></span> <span class='ocrx_word' id='word_1_254' title='bbox 458 3360 578 3405; x_wconf 82' lang='lat' dir='ltr'><strong>sunt</strong></span> <span class='ocrx_word' id='word_1_255' title='bbox 605 3340 834 3415; x_wconf 85' lang='lat' dir='ltr'><strong>Domini,</strong></span> <span class='ocrx_word' id='word_1_256' title='bbox 862 3356 917 3402; x_wconf 83' lang='lat' dir='ltr'><strong>ut</strong></span> <span class='ocrx_word' id='word_1_257' title='bbox 937 3347 1000 3400; x_wconf 89' lang='lat' dir='ltr'><strong>sit</strong></span> <span class='ocrx_word' id='word_1_258' title='bbox 1024 3356 1198 3400; x_wconf 87' lang='lat' dir='ltr'><strong>sancta</strong></span> <span class='ocrx_word' id='word_1_259' title='bbox 1223 3354 1268 3401; x_wconf 88' lang='lat' dir='ltr'><strong>et</strong></span> <span class='ocrx_word' id='word_1_260' title='bbox 1296 3362 1504 3415; x_wconf 86' lang='lat' dir='ltr'><strong>corpore</strong></span> <span class='ocrx_word' id='word_1_261' title='bbox 1537 3354 1584 3399; x_wconf 89' lang='lat' dir='ltr'><strong>et</strong></span> <span class='ocrx_word' id='word_1_262' title='bbox 1609 3346 1832 3414; x_wconf 85' lang='lat' dir='ltr'><strong>spiritu;</strong></span> 
     </span>
    </p>
   </div>
   <div class='ocr_carea' id='block_1_36' title="bbox 241 3438 1831 3514">
    <p class='ocr_par' dir='ltr' id='par_1_36' title="bbox 241 3438 1831 3514">
     <span class='ocr_line' id='line_1_36' title="bbox 241 3438 1831 3514; baseline -0.003 -19"><span class='ocrx_word' id='word_1_263' title='bbox 241 3459 344 3514; x_wconf 65' lang='lat' dir='ltr'><strong>qua</strong></span> <span class='ocrx_word' id='word_1_264' title='bbox 361 3452 535 3497; x_wconf 78' lang='lat' dir='ltr'><strong>autem</strong></span> <span class='ocrx_word' id='word_1_265' title='bbox 565 3451 728 3510; x_wconf 86' lang='lat' dir='ltr'><strong>nupta</strong></span> <span class='ocrx_word' id='word_1_266' title='bbox 748 3449 840 3507; x_wconf 90' lang='lat' dir='ltr'><strong>est,</strong></span> <span class='ocrx_word' id='word_1_267' title='bbox 863 3440 1079 3493; x_wconf 81' lang='lat' dir='ltr'><strong>sollicita</strong></span> <span class='ocrx_word' id='word_1_268' title='bbox 1099 3447 1169 3492; x_wconf 84' lang='lat' dir='ltr'><strong>est</strong></span> <span class='ocrx_word' id='word_1_269' title='bbox 1195 3454 1309 3508; x_wconf 66' lang='lat' dir='ltr'><strong>qua</strong></span> <span class='ocrx_word' id='word_1_270' title='bbox 1329 3448 1446 3491; x_wconf 83' lang='lat' dir='ltr'><strong>sunt</strong></span> <span class='ocrx_word' id='word_1_271' title='bbox 1474 3438 1669 3505; x_wconf 82' lang='lat' dir='ltr'><strong>mundi,</strong></span> <span class='ocrx_word' id='word_1_272' title='bbox 1699 3455 1831 3509; x_wconf 86' lang='lat' dir='ltr'><strong>quo-</strong></span> 
     </span>
    </p>
   </div>
   <div class='ocr_carea' id='block_1_37' title="bbox 241 3530 1830 3606">
    <p class='ocr_par' dir='ltr' id='par_1_37' title="bbox 241 3530 1830 3606">
     <span class='ocr_line' id='line_1_37' title="bbox 241 3530 1830 3606; baseline -0.001 -16"><span class='ocrx_word' id='word_1_273' title='bbox 241 3538 383 3590; x_wconf 73' lang='lat' dir='ltr'><strong>modo</strong></span> <span class='ocrx_word' id='word_1_274' title='bbox 411 3535 615 3605; x_wconf 81' lang='lat' dir='ltr'><strong>placeat</strong></span> <span class='ocrx_word' id='word_1_275' title='bbox 644 3534 748 3588; x_wconf 84' lang='lat' dir='ltr'><strong>viro</strong></span> <span class='ocrx_word' id='word_1_276' title='bbox 775 3531 833 3606; x_wconf 92' lang='lat' dir='ltr'><strong>(l</strong></span> <span class='ocrx_word' id='word_1_277' title='bbox 860 3532 978 3587; x_wconf 83' lang='lat' dir='ltr'><strong>Cor.</strong></span> <span class='ocrx_word' id='word_1_278' title='bbox 1025 3548 1121 3598; x_wconf 77' lang='lat' dir='ltr'><strong>vn,</strong></span> <span class='ocrx_word' id='word_1_279' title='bbox 1153 3532 1268 3602; x_wconf 73' lang='grc'><strong>54).</strong></span> <span class='ocrx_word' id='word_1_280' title='bbox 1308 3530 1423 3586; x_wconf 88' lang='lat' dir='ltr'><strong>Non</strong></span> <span class='ocrx_word' id='word_1_281' title='bbox 1463 3532 1557 3599; x_wconf 85' lang='lat' dir='ltr'><strong>ait,</strong></span> <span class='ocrx_word' id='word_1_282' title='bbox 1591 3531 1830 3588; x_wconf 82' lang='lat' dir='ltr'><strong>Sollicita</strong></span> 
     </span>
    </p>
   </div>
   <div class='ocr_carea' id='block_1_38' title="bbox 243 3625 1831 3698">
    <p class='ocr_par' dir='ltr' id='par_1_38' title="bbox 243 3625 1831 3698">
     <span class='ocr_line' id='line_1_38' title="bbox 243 3625 1831 3698; baseline 0 -15"><span class='ocrx_word' id='word_1_283' title='bbox 243 3636 318 3693; x_wconf 83' lang='lat' dir='ltr'><strong>est</strong></span> <span class='ocrx_word' id='word_1_284' title='bbox 342 3644 405 3683; x_wconf 84' lang='lat' dir='ltr'><strong>ea</strong></span> <span class='ocrx_word' id='word_1_285' title='bbox 433 3642 557 3698; x_wconf 62' lang='lat' dir='ltr'><strong>qua;</strong></span> <span class='ocrx_word' id='word_1_286' title='bbox 586 3634 712 3681; x_wconf 89' lang='lat' dir='ltr'><strong>sunt</strong></span> <span class='ocrx_word' id='word_1_287' title='bbox 749 3625 951 3693; x_wconf 91' lang='lat' dir='ltr'><strong>mundi,</strong></span> <span class='ocrx_word' id='word_1_288' title='bbox 984 3635 1043 3679; x_wconf 93' lang='lat' dir='ltr'><strong>ut</strong></span> <span class='ocrx_word' id='word_1_289' title='bbox 1069 3633 1252 3680; x_wconf 84' lang='lat' dir='ltr'><strong>sancta</strong></span> <span class='ocrx_word' id='word_1_290' title='bbox 1283 3640 1388 3680; x_wconf 92' lang='lat' dir='ltr'><strong>non</strong></span> <span class='ocrx_word' id='word_1_291' title='bbox 1418 3625 1490 3680; x_wconf 90' lang='lat' dir='ltr'><strong>sit</strong></span> <span class='ocrx_word' id='word_1_292' title='bbox 1515 3644 1529 3680; x_wconf 90' lang='lat'><strong>:</strong></span> <span class='ocrx_word' id='word_1_293' title='bbox 1557 3626 1653 3680; x_wconf 87' lang='lat' dir='ltr'><strong>sed</strong></span> <span class='ocrx_word' id='word_1_294' title='bbox 1682 3637 1831 3683; x_wconf 85' lang='lat' dir='ltr'><strong>certe</strong></span> 
     </span>
    </p>
   </div>
   <div class='ocr_carea' id='block_1_39' title="bbox 245 3715 1833 3787">
    <p class='ocr_par' dir='ltr' id='par_1_39' title="bbox 245 3715 1833 3787">
     <span class='ocr_line' id='line_1_39' title="bbox 245 3715 1833 3787; baseline 0 -15"><span class='ocrx_word' id='word_1_295' title='bbox 245 3717 411 3773; x_wconf 85' lang='lat' dir='ltr'><strong>minor</strong></span> <span class='ocrx_word' id='word_1_296' title='bbox 436 3727 521 3772; x_wconf 88' lang='lat' dir='ltr'><strong>est</strong></span> <span class='ocrx_word' id='word_1_297' title='bbox 564 3732 627 3773; x_wconf 89' lang='lat' dir='ltr'><strong>ea</strong></span> <span class='ocrx_word' id='word_1_298' title='bbox 654 3715 949 3787; x_wconf 87' lang='lat' dir='ltr'><strong>conjugalis</strong></span> <span class='ocrx_word' id='word_1_299' title='bbox 974 3716 1226 3772; x_wconf 84' lang='lat' dir='ltr'><strong>sanctitas</strong></span> <span class='ocrx_word' id='word_1_300' title='bbox 1248 3719 1290 3784; x_wconf 78' lang='grc'><strong>³,</strong></span> <span class='ocrx_word' id='word_1_301' title='bbox 1316 3732 1384 3772; x_wconf 83' lang='lat' dir='ltr'><strong>ex</strong></span> <span class='ocrx_word' id='word_1_302' title='bbox 1409 3732 1472 3772; x_wconf 88' lang='lat' dir='ltr'><strong>ea</strong></span> <span class='ocrx_word' id='word_1_303' title='bbox 1500 3727 1649 3786; x_wconf 88' lang='lat' dir='ltr'><strong>parte</strong></span> <span class='ocrx_word' id='word_1_304' title='bbox 1675 3732 1833 3772; x_wconf 88' lang='lat' dir='ltr'><strong>cura-</strong></span> 
     </span>
    </p>
   </div>
   <div class='ocr_carea' id='block_1_40' title="bbox 245 3808 1830 3881">
    <p class='ocr_par' dir='ltr' id='par_1_40' title="bbox 245 3808 1830 3881">
     <span class='ocr_line' id='line_1_40' title="bbox 245 3808 1830 3881; baseline -0.001 -16"><span class='ocrx_word' id='word_1_305' title='bbox 245 3826 354 3865; x_wconf 88' lang='lat' dir='ltr'><strong>rum</strong></span> <span class='ocrx_word' id='word_1_306' title='bbox 380 3825 486 3881; x_wconf 89' lang='lat' dir='ltr'><strong>qua</strong></span> <span class='ocrx_word' id='word_1_307' title='bbox 516 3808 787 3865; x_wconf 87' lang='lat' dir='ltr'><strong>mundana</strong></span> <span class='ocrx_word' id='word_1_308' title='bbox 829 3809 1092 3879; x_wconf 82' lang='lat' dir='ltr'><strong>cogitatur</strong></span> <span class='ocrx_word' id='word_1_309' title='bbox 1121 3810 1386 3880; x_wconf 82' lang='lat' dir='ltr'><strong>voluptas.</strong></span> <span class='ocrx_word' id='word_1_310' title='bbox 1427 3809 1692 3880; x_wconf 88' lang='lat' dir='ltr'><strong>Quidquid</strong></span> <span class='ocrx_word' id='word_1_311' title='bbox 1726 3810 1830 3864; x_wconf 80' lang='lat' dir='ltr'><strong>ita-</strong></span> 
     </span>
    </p>
   </div>
   <div class='ocr_carea' id='block_1_41' title="bbox 244 3900 1830 3973">
    <p class='ocr_par' dir='ltr' id='par_1_41' title="bbox 244 3900 1830 3973">
     <span class='ocr_line' id='line_1_41' title="bbox 244 3900 1830 3973; baseline 0.001 -17"><span class='ocrx_word' id='word_1_312' title='bbox 244 3918 338 3973; x_wconf 91' lang='lat' dir='ltr'><strong>que</strong></span> <span class='ocrx_word' id='word_1_313' title='bbox 367 3901 688 3958; x_wconf 88' lang='lat' dir='ltr'><strong>intentionis</strong></span> <span class='ocrx_word' id='word_1_314' title='bbox 715 3900 878 3955; x_wconf 90' lang='lat' dir='ltr'><strong>animi</strong></span> <span class='ocrx_word' id='word_1_315' title='bbox 906 3901 1067 3955; x_wconf 87' lang='lat' dir='ltr'><strong>etiam</strong></span> <span class='ocrx_word' id='word_1_316' title='bbox 1098 3900 1181 3955; x_wconf 88' lang='lat' dir='ltr'><strong>his</strong></span> <span class='ocrx_word' id='word_1_317' title='bbox 1224 3901 1385 3957; x_wconf 91' lang='lat' dir='ltr'><strong>rebus</strong></span> <span class='ocrx_word' id='word_1_318' title='bbox 1429 3900 1830 3971; x_wconf 89' lang='lat' dir='ltr'><strong>impenderetur</strong></span> 
     </span>
    </p>
   </div>
   <div class='ocr_carea' id='block_1_42' title="bbox 244 3990 1829 4063">
    <p class='ocr_par' dir='ltr' id='par_1_42' title="bbox 244 3990 1829 4063">
     <span class='ocr_line' id='line_1_42' title="bbox 244 3990 1829 4063; baseline 0.001 -17"><span class='ocrx_word' id='word_1_319' title='bbox 244 3993 428 4063; x_wconf 83' lang='lat' dir='ltr'><strong>quibus</strong></span> <span class='ocrx_word' id='word_1_320' title='bbox 460 3991 775 4062; x_wconf 86' lang='lat' dir='ltr'><strong>placendum</strong></span> <span class='ocrx_word' id='word_1_321' title='bbox 801 4000 945 4046; x_wconf 85' lang='lat' dir='ltr'><strong>esset</strong></span> <span class='ocrx_word' id='word_1_322' title='bbox 970 3992 1105 4056; x_wconf 86' lang='lat' dir='ltr'><strong>viro,</strong></span> <span class='ocrx_word' id='word_1_323' title='bbox 1134 3990 1384 4062; x_wconf 86' lang='lat' dir='ltr'><strong>colligere</strong></span> <span class='ocrx_word' id='word_1_324' title='bbox 1411 3992 1642 4062; x_wconf 90' lang='lat' dir='ltr'><strong>quodam</strong></span> <span class='ocrx_word' id='word_1_325' title='bbox 1669 3993 1829 4048; x_wconf 89' lang='lat' dir='ltr'><strong>modo</strong></span> 
     </span>
    </p>
   </div>
   <div class='ocr_carea' id='block_1_43' title="bbox 244 4083 1833 4156">
    <p class='ocr_par' dir='ltr' id='par_1_43' title="bbox 244 4083 1833 4156">
     <span class='ocr_line' id='line_1_43' title="bbox 244 4083 1833 4156; baseline -0.001 -16"><span class='ocrx_word' id='word_1_326' title='bbox 244 4093 295 4140; x_wconf 82' lang='lat' dir='ltr'><strong>et</strong></span> <span class='ocrx_word' id='word_1_327' title='bbox 320 4084 565 4156; x_wconf 82' lang='lat' dir='ltr'><strong>redigere</strong></span> <span class='ocrx_word' id='word_1_328' title='bbox 590 4083 747 4138; x_wconf 87' lang='lat' dir='ltr'><strong>debet</strong></span> <span class='ocrx_word' id='word_1_329' title='bbox 777 4084 998 4154; x_wconf 89' lang='lat' dir='ltr'><strong>innupta</strong></span> <span class='ocrx_word' id='word_1_330' title='bbox 1028 4084 1316 4139; x_wconf 88' lang='lat' dir='ltr'><strong>christiana</strong></span> <span class='ocrx_word' id='word_1_331' title='bbox 1348 4084 1402 4138; x_wconf 91' lang='lat' dir='ltr'><strong>in</strong></span> <span class='ocrx_word' id='word_1_332' title='bbox 1432 4099 1548 4138; x_wconf 88' lang='lat' dir='ltr'><strong>eam</strong></span> <span class='ocrx_word' id='word_1_333' title='bbox 1579 4086 1833 4149; x_wconf 82' lang='lat' dir='ltr'><strong>intentio-</strong></span> 
     </span>
    </p>
   </div>
   <div class='ocr_carea' id='block_1_44' title="bbox 245 4176 1832 4250">
    <p class='ocr_par' dir='ltr' id='par_1_44' title="bbox 245 4176 1832 4250">
     <span class='ocr_line' id='line_1_44' title="bbox 245 4176 1832 4250; baseline 0.001 -18"><span class='ocrx_word' id='word_1_334' title='bbox 245 4193 358 4233; x_wconf 88' lang='lat' dir='ltr'><strong>nem</strong></span> <span class='ocrx_word' id='word_1_335' title='bbox 386 4193 493 4249; x_wconf 88' lang='lat' dir='ltr'><strong>qua</strong></span> <span class='ocrx_word' id='word_1_336' title='bbox 537 4176 855 4247; x_wconf 86' lang='lat' dir='ltr'><strong>placendum</strong></span> <span class='ocrx_word' id='word_1_337' title='bbox 900 4186 982 4231; x_wconf 83' lang='lat' dir='ltr'><strong>est</strong></span> <span class='ocrx_word' id='word_1_338' title='bbox 1025 4176 1273 4231; x_wconf 87' lang='lat' dir='ltr'><strong>Domino.</strong></span> <span class='ocrx_word' id='word_1_339' title='bbox 1316 4178 1379 4231; x_wconf 82' lang='lat' dir='ltr'><strong>Et</strong></span> <span class='ocrx_word' id='word_1_340' title='bbox 1407 4177 1527 4233; x_wconf 83' lang='lat' dir='ltr'><strong>vide</strong></span> <span class='ocrx_word' id='word_1_341' title='bbox 1556 4179 1577 4209; x_wconf 79' lang='grc'>¹</span> <span class='ocrx_word' id='word_1_342' title='bbox 1604 4180 1685 4233; x_wconf 90' lang='lat' dir='ltr'><strong>cui</strong></span> <span class='ocrx_word' id='word_1_343' title='bbox 1715 4179 1832 4250; x_wconf 87' lang='lat' dir='ltr'><strong>pla-</strong></span> 
     </span>
    </p>
   </div>
   <div class='ocr_carea' id='block_1_45' title="bbox 245 4267 1828 4341">
    <p class='ocr_par' dir='ltr' id='par_1_45' title="bbox 245 4267 1828 4341">
     <span class='ocr_line' id='line_1_45' title="bbox 245 4267 1828 4341; baseline 0.002 -20"><span class='ocrx_word' id='word_1_344' title='bbox 245 4278 375 4332; x_wconf 85' lang='lat' dir='ltr'><strong>ceat,</strong></span> <span class='ocrx_word' id='word_1_345' title='bbox 402 4284 524 4341; x_wconf 59' lang='lat' dir='ltr'><strong>quae</strong></span> <span class='ocrx_word' id='word_1_346' title='bbox 547 4268 775 4323; x_wconf 88' lang='lat' dir='ltr'><strong>Domino</strong></span> <span class='ocrx_word' id='word_1_347' title='bbox 803 4267 974 4337; x_wconf 88' lang='lat' dir='ltr'><strong>placet</strong></span> <span class='ocrx_word' id='word_1_348' title='bbox 1004 4285 1018 4322; x_wconf 89' lang='lat'><strong>:</strong></span> <span class='ocrx_word' id='word_1_349' title='bbox 1046 4274 1101 4322; x_wconf 89' lang='lat' dir='ltr'><strong>et</strong></span> <span class='ocrx_word' id='word_1_350' title='bbox 1126 4268 1304 4338; x_wconf 84' lang='lat' dir='ltr'><strong>utique</strong></span> <span class='ocrx_word' id='word_1_351' title='bbox 1328 4276 1474 4323; x_wconf 89' lang='lat' dir='ltr'><strong>tanto</strong></span> <span class='ocrx_word' id='word_1_352' title='bbox 1496 4277 1582 4324; x_wconf 91' lang='lat' dir='ltr'><strong>est</strong></span> <span class='ocrx_word' id='word_1_353' title='bbox 1605 4269 1828 4336; x_wconf 86' lang='lat' dir='ltr'><strong>beatior,</strong></span> 
     </span>
    </p>
   </div>
   <div class='ocr_carea' id='block_1_46' title="bbox 246 4361 1832 4435">
    <p class='ocr_par' dir='ltr' id='par_1_46' title="bbox 246 4361 1832 4435">
     <span class='ocr_line' id='line_1_46' title="bbox 246 4361 1832 4435; baseline 0.003 -20"><span class='ocrx_word' id='word_1_354' title='bbox 246 4372 437 4431; x_wconf 86' lang='lat' dir='ltr'><strong>quanto</strong></span> <span class='ocrx_word' id='word_1_355' title='bbox 478 4361 600 4431; x_wconf 90' lang='lat' dir='ltr'><strong>plus</strong></span> <span class='ocrx_word' id='word_1_356' title='bbox 627 4361 807 4435; x_wconf 89' lang='lat' dir='ltr'><strong>placet</strong></span> <span class='ocrx_word' id='word_1_357' title='bbox 849 4361 927 4427; x_wconf 85' lang='lat' dir='ltr'><strong>ei;</strong></span> <span class='ocrx_word' id='word_1_358' title='bbox 967 4369 1170 4430; x_wconf 87' lang='lat' dir='ltr'><strong>quanto</strong></span> <span class='ocrx_word' id='word_1_359' title='bbox 1212 4369 1390 4415; x_wconf 80' lang='lat' dir='ltr'><strong>autent</strong></span> <span class='ocrx_word' id='word_1_360' title='bbox 1438 4363 1608 4432; x_wconf 82' lang='lat' dir='ltr'><strong>magis</strong></span> <span class='ocrx_word' id='word_1_361' title='bbox 1633 4364 1832 4433; x_wconf 84' lang='lat' dir='ltr'><strong>cogitat</strong></span> 
     </span>
    </p>
   </div>
   <div class='ocr_carea' id='block_1_47' title="bbox 245 4451 1832 4523">
    <p class='ocr_par' dir='ltr' id='par_1_47' title="bbox 245 4451 1832 4523">
     <span class='ocr_line' id='line_1_47' title="bbox 245 4451 1832 4523; baseline 0.002 -17"><span class='ocrx_word' id='word_1_362' title='bbox 245 4466 300 4506; x_wconf 85' lang='lat' dir='ltr'><strong>ea</strong></span> <span class='ocrx_word' id='word_1_363' title='bbox 327 4468 447 4522; x_wconf 68' lang='lat' dir='ltr'><strong>qua:</strong></span> <span class='ocrx_word' id='word_1_364' title='bbox 476 4461 603 4511; x_wconf 89' lang='lat' dir='ltr'><strong>sunt</strong></span> <span class='ocrx_word' id='word_1_365' title='bbox 646 4451 851 4516; x_wconf 89' lang='lat' dir='ltr'><strong>mundi,</strong></span> <span class='ocrx_word' id='word_1_366' title='bbox 882 4459 1028 4505; x_wconf 90' lang='lat' dir='ltr'><strong>tanto</strong></span> <span class='ocrx_word' id='word_1_367' title='bbox 1064 4451 1240 4505; x_wconf 89' lang='lat' dir='ltr'><strong>minus</strong></span> <span class='ocrx_word' id='word_1_368' title='bbox 1269 4452 1461 4523; x_wconf 91' lang='lat' dir='ltr'><strong>placet.</strong></span> <span class='ocrx_word' id='word_1_369' title='bbox 1494 4451 1705 4509; x_wconf 87' lang='lat' dir='ltr'><strong>Placete</strong></span> <span class='ocrx_word' id='word_1_370' title='bbox 1731 4455 1832 4509; x_wconf 86' lang='lat' dir='ltr'><strong>ita-</strong></span> 
     </span>
    </p>
   </div>
   <div class='ocr_carea' id='block_1_48' title="bbox 246 4543 1828 4615">
    <p class='ocr_par' dir='ltr' id='par_1_48' title="bbox 246 4543 1828 4615">
     <span class='ocr_line' id='line_1_48' title="bbox 246 4543 1828 4615; baseline 0.004 -18"><span class='ocrx_word' id='word_1_371' title='bbox 246 4559 338 4613; x_wconf 88' lang='lat' dir='ltr'><strong>que</strong></span> <span class='ocrx_word' id='word_1_372' title='bbox 361 4553 473 4599; x_wconf 82' lang='lat' dir='ltr'><strong>tota</strong></span> <span class='ocrx_word' id='word_1_373' title='bbox 501 4545 797 4599; x_wconf 89' lang='lat' dir='ltr'><strong>intentione</strong></span> <span class='ocrx_word' id='word_1_374' title='bbox 817 4544 1059 4615; x_wconf 88' lang='lat' dir='ltr'><strong>specioso</strong></span> <span class='ocrx_word' id='word_1_375' title='bbox 1077 4543 1244 4599; x_wconf 88' lang='lat' dir='ltr'><strong>forma</strong></span> <span class='ocrx_word' id='word_1_376' title='bbox 1263 4562 1371 4615; x_wconf 70' lang='lat' dir='ltr'><strong>pra:</strong></span> <span class='ocrx_word' id='word_1_377' title='bbox 1395 4546 1517 4601; x_wconf 87' lang='lat' dir='ltr'><strong>filiis</strong></span> <span class='ocrx_word' id='word_1_378' title='bbox 1535 4547 1828 4603; x_wconf 87' lang='lat' dir='ltr'><strong>hominum.</strong></span> 
     </span>
    </p>
   </div>
   <div class='ocr_carea' id='block_1_49' title="bbox 244 4635 1833 4711">
    <p class='ocr_par' dir='ltr' id='par_1_49' title="bbox 244 4635 1833 4711">
     <span class='ocr_line' id='line_1_49' title="bbox 244 4635 1833 4711; baseline 0.005 -21"><span class='ocrx_word' id='word_1_379' title='bbox 244 4635 364 4711; x_wconf 64' lang='lat' dir='ltr'><strong>Ejus</strong></span> <span class='ocrx_word' id='word_1_380' title='bbox 387 4637 533 4691; x_wconf 87' lang='lat' dir='ltr'><strong>enim</strong></span> <span class='ocrx_word' id='word_1_381' title='bbox 560 4637 726 4706; x_wconf 85' lang='lat' dir='ltr'><strong>gratia</strong></span> <span class='ocrx_word' id='word_1_382' title='bbox 756 4636 828 4690; x_wconf 90' lang='lat' dir='ltr'><strong>illi</strong></span> <span class='ocrx_word' id='word_1_383' title='bbox 858 4637 1097 4707; x_wconf 88' lang='lat' dir='ltr'><strong>placetis,</strong></span> <span class='ocrx_word' id='word_1_384' title='bbox 1124 4653 1243 4707; x_wconf 63' lang='lat' dir='ltr'><strong>qua:</strong></span> <span class='ocrx_word' id='word_1_385' title='bbox 1271 4638 1459 4693; x_wconf 81' lang='lat' dir='ltr'><strong>diffusa</strong></span> <span class='ocrx_word' id='word_1_386' title='bbox 1487 4649 1570 4695; x_wconf 90' lang='lat' dir='ltr'><strong>est</strong></span> <span class='ocrx_word' id='word_1_387' title='bbox 1595 4642 1646 4695; x_wconf 91' lang='lat' dir='ltr'><strong>in</strong></span> <span class='ocrx_word' id='word_1_388' title='bbox 1680 4643 1833 4699; x_wconf 85' lang='lat' dir='ltr'><strong>labiis</strong></span> 
     </span>
    </p>
   </div>
   <div class='ocr_carea' id='block_1_50' title="bbox 242 4727 1832 4801">
    <p class='ocr_par' dir='ltr' id='par_1_50' title="bbox 242 4727 1832 4801">
     <span class='ocr_line' id='line_1_50' title="bbox 242 4727 1832 4801; baseline 0.005 -22"><span class='ocrx_word' id='word_1_389' title='bbox 242 4727 369 4794; x_wconf 85' lang='lat' dir='ltr'><strong>ejus.</strong></span> <span class='ocrx_word' id='word_1_390' title='bbox 414 4728 632 4782; x_wconf 83' lang='lat' dir='ltr'><strong>Placete</strong></span> <span class='ocrx_word' id='word_1_391' title='bbox 673 4727 746 4781; x_wconf 91' lang='lat' dir='ltr'><strong>illi</strong></span> <span class='ocrx_word' id='word_1_392' title='bbox 777 4742 838 4781; x_wconf 90' lang='lat' dir='ltr'><strong>ea</strong></span> <span class='ocrx_word' id='word_1_393' title='bbox 875 4742 1087 4798; x_wconf 90' lang='lat' dir='ltr'><strong>quoque</strong></span> <span class='ocrx_word' id='word_1_394' title='bbox 1133 4737 1280 4797; x_wconf 89' lang='lat' dir='ltr'><strong>parte</strong></span> <span class='ocrx_word' id='word_1_395' title='bbox 1323 4730 1678 4799; x_wconf 85' lang='lat' dir='ltr'><strong>cogitationis,</strong></span> <span class='ocrx_word' id='word_1_396' title='bbox 1712 4748 1832 4801; x_wconf 77' lang='lat' dir='ltr'><strong>quae</strong></span> 
     </span>
    </p>
   </div>
   <div class='ocr_carea' id='block_1_51' title="bbox 245 4817 1831 4891">
    <p class='ocr_par' dir='ltr' id='par_1_51' title="bbox 245 4817 1831 4891">
     <span class='ocr_line' id='line_1_51' title="bbox 245 4817 1831 4891; baseline 0.004 -19"><span class='ocrx_word' id='word_1_397' title='bbox 245 4828 590 4888; x_wconf 87' lang='lat' dir='ltr'><strong>occuparetur</strong></span> <span class='ocrx_word' id='word_1_398' title='bbox 639 4817 865 4891; x_wconf 56' lang='lat' dir='ltr'><strong>mundo,</strong></span> <span class='ocrx_word' id='word_1_399' title='bbox 909 4828 965 4872; x_wconf 89' lang='lat' dir='ltr'><strong>ut</strong></span> <span class='ocrx_word' id='word_1_400' title='bbox 1008 4818 1310 4891; x_wconf 86' lang='lat' dir='ltr'><strong>placeretur</strong></span> <span class='ocrx_word' id='word_1_401' title='bbox 1341 4822 1474 4874; x_wconf 88' lang='lat' dir='ltr'><strong>viro.</strong></span> <span class='ocrx_word' id='word_1_402' title='bbox 1515 4821 1726 4876; x_wconf 86' lang='lat' dir='ltr'><strong>Placete</strong></span> <span class='ocrx_word' id='word_1_403' title='bbox 1755 4823 1831 4878; x_wconf 89' lang='lat' dir='ltr'><strong>illi</strong></span> 
     </span>
    </p>
   </div>
   <div class='ocr_carea' id='block_1_52' title="bbox 244 4898 1830 4981">
    <p class='ocr_par' dir='ltr' id='par_1_52' title="bbox 244 4898 1830 4981">
     <span class='ocr_line' id='line_1_52' title="bbox 244 4898 1830 4981; baseline 0.004 -18"><span class='ocrx_word' id='word_1_404' title='bbox 244 4911 323 4979; x_wconf 87' lang='lat' dir='ltr'><strong>qui</strong></span> <span class='ocrx_word' id='word_1_405' title='bbox 351 4910 627 4981; x_wconf 88' lang='lat' dir='ltr'><strong>displicuit</strong></span> <span class='ocrx_word' id='word_1_406' title='bbox 656 4898 877 4975; x_wconf 88' lang='lat' dir='ltr'><strong>mundo,</strong></span> <span class='ocrx_word' id='word_1_407' title='bbox 906 4919 962 4966; x_wconf 90' lang='lat' dir='ltr'><strong>ut</strong></span> <span class='ocrx_word' id='word_1_408' title='bbox 992 4912 1265 4980; x_wconf 90' lang='lat' dir='ltr'><strong>placentes</strong></span> <span class='ocrx_word' id='word_1_409' title='bbox 1303 4912 1352 4966; x_wconf 91' lang='lat' dir='ltr'><strong>ei</strong></span> <span class='ocrx_word' id='word_1_410' title='bbox 1384 4912 1738 4968; x_wconf 85' lang='lat' dir='ltr'><strong>liberarentur</strong></span> <span class='ocrx_word' id='word_1_411' title='bbox 1765 4932 1830 4970; x_wconf 72' lang='lat' dir='ltr'><strong>ex</strong></span> 
     </span>
    </p>
   </div>
   <div class='ocr_carea' id='block_1_53' title="bbox 246 5004 1834 5076">
    <p class='ocr_par' dir='ltr' id='par_1_53' title="bbox 246 5004 1834 5076">
     <span class='ocr_line' id='line_1_53' title="bbox 246 5004 1834 5076; baseline 0.003 -19"><span class='ocrx_word' id='word_1_412' title='bbox 246 5005 455 5067; x_wconf 77' lang='lat' dir='ltr'><strong>mundo.</strong></span> <span class='ocrx_word' id='word_1_413' title='bbox 501 5004 654 5059; x_wconf 91' lang='lat' dir='ltr'><strong>llunc</strong></span> <span class='ocrx_word' id='word_1_414' title='bbox 681 5004 824 5059; x_wconf 90' lang='lat' dir='ltr'><strong>enim</strong></span> <span class='ocrx_word' id='word_1_415' title='bbox 869 5005 1168 5074; x_wconf 88' lang='lat' dir='ltr'><strong>speciosum</strong></span> <span class='ocrx_word' id='word_1_416' title='bbox 1215 5004 1387 5061; x_wconf 85' lang='lat' dir='ltr'><strong>forma</strong></span> <span class='ocrx_word' id='word_1_417' title='bbox 1428 5022 1538 5076; x_wconf 85' lang='lat' dir='ltr'><strong>prae</strong></span> <span class='ocrx_word' id='word_1_418' title='bbox 1568 5006 1691 5062; x_wconf 84' lang='lat' dir='ltr'><strong>ﬁliis</strong></span> <span class='ocrx_word' id='word_1_419' title='bbox 1737 5008 1834 5063; x_wconf 81' lang='lat' dir='ltr'><strong>ho-</strong></span> 
     </span>
    </p>
   </div>
   <div class='ocr_carea' id='block_1_54' title="bbox 245 5096 1834 5171">
    <p class='ocr_par' dir='ltr' id='par_1_54' title="bbox 245 5096 1834 5171">
     <span class='ocr_line' id='line_1_54' title="bbox 245 5096 1834 5171; baseline 0.006 -22"><span class='ocrx_word' id='word_1_420' title='bbox 245 5099 442 5158; x_wconf 79' lang='lat' dir='ltr'><strong>minum</strong></span> <span class='ocrx_word' id='word_1_421' title='bbox 469 5097 717 5151; x_wconf 89' lang='lat' dir='ltr'><strong>viderunt</strong></span> <span class='ocrx_word' id='word_1_422' title='bbox 758 5096 1000 5153; x_wconf 90' lang='lat' dir='ltr'><strong>homines</strong></span> <span class='ocrx_word' id='word_1_423' title='bbox 1026 5098 1080 5153; x_wconf 91' lang='lat' dir='ltr'><strong>in</strong></span> <span class='ocrx_word' id='word_1_424' title='bbox 1120 5113 1280 5155; x_wconf 87' lang='lat' dir='ltr'><strong>cruce</strong></span> <span class='ocrx_word' id='word_1_425' title='bbox 1303 5101 1606 5171; x_wconf 84' lang='lat' dir='ltr'><strong>passionis;</strong></span> <span class='ocrx_word' id='word_1_426' title='bbox 1638 5110 1694 5157; x_wconf 89' lang='lat' dir='ltr'><strong>et</strong></span> <span class='ocrx_word' id='word_1_427' title='bbox 1730 5119 1834 5159; x_wconf 85' lang='lat' dir='ltr'><strong>non</strong></span> 
     </span>
    </p>
   </div>
   <div class='ocr_carea' id='block_1_55' title="bbox 244 5191 1833 5267">
    <p class='ocr_par' dir='ltr' id='par_1_55' title="bbox 244 5191 1833 5267">
     <span class='ocr_line' id='line_1_55' title="bbox 244 5191 1833 5267; baseline 0.006 -24"><span class='ocrx_word' id='word_1_428' title='bbox 244 5191 407 5245; x_wconf 79' lang='lat' dir='ltr'><strong>habuit</strong></span> <span class='ocrx_word' id='word_1_429' title='bbox 434 5192 653 5263; x_wconf 84' lang='lat' dir='ltr'><strong>speciem</strong></span> <span class='ocrx_word' id='word_1_430' title='bbox 694 5208 852 5261; x_wconf 82' lang='lat' dir='ltr'><strong>neque</strong></span> <span class='ocrx_word' id='word_1_431' title='bbox 874 5191 1127 5259; x_wconf 86' lang='lat' dir='ltr'><strong>decorem,</strong></span> <span class='ocrx_word' id='word_1_432' title='bbox 1169 5193 1258 5247; x_wconf 85' lang='lat' dir='ltr'><strong>sed</strong></span> <span class='ocrx_word' id='word_1_433' title='bbox 1287 5195 1441 5265; x_wconf 82' lang='lat' dir='ltr'><strong>facies</strong></span> <span class='ocrx_word' id='word_1_434' title='bbox 1466 5198 1573 5266; x_wconf 82' lang='lat' dir='ltr'><strong>ejus</strong></span> <span class='ocrx_word' id='word_1_435' title='bbox 1596 5196 1790 5267; x_wconf 78' lang='lat' dir='ltr'><strong>objecta</strong></span> <span class='ocrx_word' id='word_1_436' title='bbox 1814 5239 1833 5265; x_wconf 85' lang='lat'><strong>,</strong></span> 
     </span>
    </p>
   </div>
   <div class='ocr_carea' id='block_1_56' title="bbox 244 5282 1831 5358">
    <p class='ocr_par' dir='ltr' id='par_1_56' title="bbox 244 5282 1831 5358">
     <span class='ocr_line' id='line_1_56' title="bbox 244 5282 1831 5358; baseline 0.004 -21"><span class='ocrx_word' id='word_1_437' title='bbox 244 5294 284 5341; x_wconf 81' lang='lat' dir='ltr'><strong>et</strong></span> <span class='ocrx_word' id='word_1_438' title='bbox 309 5285 553 5355; x_wconf 74' lang='lat' dir='ltr'><strong>deformis</strong></span> <span class='ocrx_word' id='word_1_439' title='bbox 585 5283 767 5353; x_wconf 78' lang='lat' dir='ltr'><strong>positio</strong></span> <span class='ocrx_word' id='word_1_440' title='bbox 804 5284 915 5354; x_wconf 84' lang='lat' dir='ltr'><strong>ejus</strong></span> <span class='ocrx_word' id='word_1_441' title='bbox 946 5282 1098 5355; x_wconf 74' lang='lat' dir='ltr'><strong>(lsai.</strong></span> <span class='ocrx_word' id='word_1_442' title='bbox 1128 5300 1241 5352; x_wconf 84' lang='lat' dir='ltr'><strong>Lm,</strong></span> <span class='ocrx_word' id='word_1_443' title='bbox 1284 5285 1360 5358; x_wconf 77' lang='lat'><strong>5).</strong></span> <span class='ocrx_word' id='word_1_444' title='bbox 1405 5287 1482 5342; x_wconf 78' lang='lat' dir='ltr'><strong>Ex</strong></span> <span class='ocrx_word' id='word_1_445' title='bbox 1513 5288 1613 5343; x_wconf 87' lang='lat' dir='ltr'><strong>hac</strong></span> <span class='ocrx_word' id='word_1_446' title='bbox 1653 5297 1831 5345; x_wconf 88' lang='lat' dir='ltr'><strong>tamen</strong></span> 
     </span>
    </p>
   </div>
   <div class='ocr_carea' id='block_1_57' title="bbox 246 5373 1831 5450">
    <p class='ocr_par' dir='ltr' id='par_1_57' title="bbox 246 5373 1831 5450">
     <span class='ocr_line' id='line_1_57' title="bbox 246 5373 1831 5450; baseline 0.008 -23"><span class='ocrx_word' id='word_1_447' title='bbox 246 5373 578 5445; x_wconf 85' lang='lat' dir='ltr'><strong>deformitate</strong></span> <span class='ocrx_word' id='word_1_448' title='bbox 605 5375 978 5445; x_wconf 82' lang='lat' dir='ltr'><strong>Redemptoris</strong></span> <span class='ocrx_word' id='word_1_449' title='bbox 1005 5379 1187 5443; x_wconf 83' lang='lat' dir='ltr'><strong>vestri,</strong></span> <span class='ocrx_word' id='word_1_450' title='bbox 1218 5380 1452 5434; x_wconf 85' lang='lat' dir='ltr'><strong>manavit</strong></span> <span class='ocrx_word' id='word_1_451' title='bbox 1476 5382 1706 5450; x_wconf 87' lang='lat' dir='ltr'><strong>pretium</strong></span> <span class='ocrx_word' id='word_1_452' title='bbox 1733 5383 1831 5439; x_wconf 91' lang='lat' dir='ltr'><strong>de-</strong></span> 
     </span>
    </p>
   </div>
   <div class='ocr_carea' id='block_1_58' title="bbox 247 5469 1832 5547">
    <p class='ocr_par' dir='ltr' id='par_1_58' title="bbox 247 5469 1832 5547">
     <span class='ocr_line' id='line_1_58' title="bbox 247 5469 1832 5547; baseline 0.007 -28"><span class='ocrx_word' id='word_1_453' title='bbox 247 5469 381 5533; x_wconf 79' lang='lat' dir='ltr'><strong>coris</strong></span> <span class='ocrx_word' id='word_1_454' title='bbox 406 5470 594 5535; x_wconf 76' lang='lat' dir='ltr'><strong>vestri,</strong></span> <span class='ocrx_word' id='word_1_455' title='bbox 638 5470 732 5525; x_wconf 88' lang='lat' dir='ltr'><strong>sed</strong></span> <span class='ocrx_word' id='word_1_456' title='bbox 760 5469 973 5524; x_wconf 88' lang='lat' dir='ltr'><strong>decoris</strong></span> <span class='ocrx_word' id='word_1_457' title='bbox 1002 5471 1290 5527; x_wconf 88' lang='lat' dir='ltr'><strong>interioris.</strong></span> <span class='ocrx_word' id='word_1_458' title='bbox 1330 5472 1508 5528; x_wconf 81' lang='lat' dir='ltr'><strong>Omnis</strong></span> <span class='ocrx_word' id='word_1_459' title='bbox 1536 5475 1677 5531; x_wconf 85' lang='lat' dir='ltr'><strong>enim</strong></span> <span class='ocrx_word' id='word_1_460' title='bbox 1710 5477 1832 5547; x_wconf 82' lang='lat' dir='ltr'><strong>pul-</strong></span> 
     </span>
    </p>
   </div>
   <div class='ocr_carea' id='block_1_59' title="bbox 248 5558 1836 5640">
    <p class='ocr_par' dir='ltr' id='par_1_59' title="bbox 248 5558 1836 5640">
     <span class='ocr_line' id='line_1_59' title="bbox 248 5558 1836 5640; baseline 0.008 -29"><span class='ocrx_word' id='word_1_461' title='bbox 248 5558 474 5629; x_wconf 75' lang='lat' dir='ltr'><strong>clm‘tudo</strong></span> <span class='ocrx_word' id='word_1_462' title='bbox 493 5562 619 5632; x_wconf 75' lang='lat' dir='ltr'><strong>ﬁlia:</strong></span> <span class='ocrx_word' id='word_1_463' title='bbox 642 5561 774 5633; x_wconf 85' lang='lat' dir='ltr'><strong>regis</strong></span> <span class='ocrx_word' id='word_1_464' title='bbox 795 5561 1094 5618; x_wconf 80' lang='lat' dir='ltr'><strong>intrinsecus</strong></span> <span class='ocrx_word' id='word_1_465' title='bbox 1119 5561 1293 5635; x_wconf 82' lang='lat' dir='ltr'><strong>(Psal.</strong></span> <span class='ocrx_word' id='word_1_466' title='bbox 1325 5580 1467 5630; x_wconf 79' lang='lat' dir='ltr'><strong>xuv,</strong></span> <span class='ocrx_word' id='word_1_467' title='bbox 1496 5567 1552 5634; x_wconf 71' lang='grc' dir='ltr'><strong>ὅ,</strong></span> <span class='ocrx_word' id='word_1_468' title='bbox 1580 5566 1690 5640; x_wconf 75' lang='grc'><strong>14).</strong></span> <span class='ocrx_word' id='word_1_469' title='bbox 1723 5568 1836 5624; x_wconf 84' lang='lat' dir='ltr'><strong>Hac</strong></span> 
     </span>
    </p>
   </div>
   <div class='ocr_carea' id='block_1_60' title="bbox 309 5712 1835 5786">
    <p class='ocr_par' dir='ltr' id='par_1_60' title="bbox 309 5712 1835 5786">
     <span class='ocr_line' id='line_1_60' title="bbox 309 5712 1835 5786; baseline 0.011 -25"><span class='ocrx_word' id='word_1_470' title='bbox 309 5715 324 5744; x_wconf 83' lang='grc' dir='ltr'>ι</span> <span class='ocrx_word' id='word_1_471' title='bbox 349 5723 528 5786; x_wconf 57' lang='lat' dir='ltr'><strong>munies</strong></span> <span class='ocrx_word' id='word_1_472' title='bbox 550 5727 702 5778; x_wconf 60' lang='lat' dir='ltr'><strong>prope</strong></span> <span class='ocrx_word' id='word_1_473' title='bbox 721 5721 831 5764; x_wconf 78' lang='lat' dir='ltr'><strong>Mss.</strong></span> <span class='ocrx_word' id='word_1_474' title='bbox 851 5718 903 5763; x_wconf 89' lang='lat' dir='ltr'><strong>et</strong></span> <span class='ocrx_word' id='word_1_475' title='bbox 924 5712 1104 5778; x_wconf 77' lang='lat' dir='ltr'><strong>Florus,</strong></span> <span class='ocrx_word' id='word_1_476' title='bbox 1147 5714 1232 5769; x_wconf 83' lang='lat' dir='ltr'><strong>sed</strong></span> <span class='ocrx_word' id='word_1_477' title='bbox 1256 5723 1382 5770; x_wconf 80' lang='lat' dir='ltr'><strong>certe</strong></span> <span class='ocrx_word' id='word_1_478' title='bbox 1406 5716 1561 5772; x_wconf 83' lang='lat' dir='ltr'><strong>minor</strong></span> <span class='ocrx_word' id='word_1_479' title='bbox 1584 5723 1654 5775; x_wconf 75' lang='lat' dir='ltr'><strong>est</strong></span> <span class='ocrx_word' id='word_1_480' title='bbox 1672 5718 1835 5777; x_wconf 71' lang='lat' dir='ltr'><strong>dicina</strong></span> 
     </span>
    </p>
   </div>
   <div class='ocr_carea' id='block_1_61' title="bbox 248 5781 1051 5905">
    <p class='ocr_par' dir='ltr' id='par_1_61' title="bbox 248 5781 1051 5905">
     <span class='ocr_line' id='line_1_61' title="bbox 248 5781 482 5828; baseline 0 -4"><span class='ocrx_word' id='word_1_481' title='bbox 248 5781 482 5828; x_wconf 71' lang='grc' dir='ltr'><strong>εωιειξιω.</strong></span> 
     </span>
     <span class='ocr_line' id='line_1_62' title="bbox 310 5834 1051 5905; baseline 0 -18"><span class='ocrx_word' id='word_1_482' title='bbox 310 5839 329 5869; x_wconf 79' lang='grc'>³</span> <span class='ocrx_word' id='word_1_483' title='bbox 345 5839 415 5889; x_wconf 73' lang='lat' dir='ltr'><strong>sic</strong></span> <span class='ocrx_word' id='word_1_484' title='bbox 437 5846 540 5891; x_wconf 75' lang='lat' dir='ltr'><strong>Mss.</strong></span> <span class='ocrx_word' id='word_1_485' title='bbox 561 5843 615 5889; x_wconf 75' lang='lat' dir='ltr'><strong>At</strong></span> <span class='ocrx_word' id='word_1_486' title='bbox 637 5837 778 5897; x_wconf 68' lang='lat' dir='ltr'><strong>aliti.</strong></span> <span class='ocrx_word' id='word_1_487' title='bbox 812 5842 860 5905; x_wconf 80' lang='lat' dir='ltr'><strong>et</strong></span> <span class='ocrx_word' id='word_1_488' title='bbox 877 5834 1051 5895; x_wconf 80' lang='lat' dir='ltr'><strong>rideat.</strong></span> 
     </span>
    </p>
   </div>
   <div class='ocr_carea' id='block_1_62' title="bbox 1955 502 3538 582">
    <p class='ocr_par' dir='ltr' id='par_1_62' title="bbox 1955 502 3538 582">
     <span class='ocr_line' id='line_1_63' title="bbox 1955 502 3538 582; baseline 0.011 -27"><span class='ocrx_word' id='word_1_489' title='bbox 1955 502 2346 571; x_wconf 89' lang='lat' dir='ltr'><strong>pulchritudine</strong></span> <span class='ocrx_word' id='word_1_490' title='bbox 2373 507 2447 563; x_wconf 93' lang='lat' dir='ltr'><strong>illi</strong></span> <span class='ocrx_word' id='word_1_491' title='bbox 2495 509 2699 579; x_wconf 89' lang='lat' dir='ltr'><strong>placete</strong></span> <span class='ocrx_word' id='word_1_492' title='bbox 2724 527 2738 577; x_wconf 93' lang='lat'><strong>;</strong></span> <span class='ocrx_word' id='word_1_493' title='bbox 2768 508 2904 566; x_wconf 89' lang='lat' dir='ltr'><strong>hanc</strong></span> <span class='ocrx_word' id='word_1_494' title='bbox 2946 511 3393 582; x_wconf 86' lang='lat' dir='ltr'><strong>pulchritudinem</strong></span> <span class='ocrx_word' id='word_1_495' title='bbox 3422 526 3538 573; x_wconf 91' lang='lat' dir='ltr'><strong>stu-</strong></span> 
     </span>
    </p>
   </div>
   <div class='ocr_carea' id='block_1_63' title="bbox 1951 594 3541 676">
    <p class='ocr_par' dir='ltr' id='par_1_63' title="bbox 1951 594 3541 676">
     <span class='ocr_line' id='line_1_64' title="bbox 1951 594 3541 676; baseline 0.01 -27"><span class='ocrx_word' id='word_1_496' title='bbox 1951 594 2099 650; x_wconf 87' lang='lat' dir='ltr'><strong>diosa</strong></span> <span class='ocrx_word' id='word_1_497' title='bbox 2146 613 2272 654; x_wconf 91' lang='lat' dir='ltr'><strong>cura</strong></span> <span class='ocrx_word' id='word_1_498' title='bbox 2322 609 2377 655; x_wconf 90' lang='lat' dir='ltr'><strong>et</strong></span> <span class='ocrx_word' id='word_1_499' title='bbox 2420 602 2646 658; x_wconf 89' lang='lat' dir='ltr'><strong>sollicita</strong></span> <span class='ocrx_word' id='word_1_500' title='bbox 2695 604 3018 673; x_wconf 85' lang='lat' dir='ltr'><strong>cogitatione</strong></span> <span class='ocrx_word' id='word_1_501' title='bbox 3061 609 3383 676; x_wconf 87' lang='lat' dir='ltr'><strong>componite.</strong></span> <span class='ocrx_word' id='word_1_502' title='bbox 3422 609 3541 664; x_wconf 82' lang='lat' dir='ltr'><strong>Non</strong></span> 
     </span>
    </p>
   </div>
   <div class='ocr_carea' id='block_1_64' title="bbox 1946 688 3538 765">
    <p class='ocr_par' dir='ltr' id='par_1_64' title="bbox 1946 688 3538 765">
     <span class='ocr_line' id='line_1_65' title="bbox 1946 688 3538 765; baseline 0.008 -25"><span class='ocrx_word' id='word_1_503' title='bbox 1946 696 2093 741; x_wconf 78' lang='lat' dir='ltr'><strong>amat</strong></span> <span class='ocrx_word' id='word_1_504' title='bbox 2116 688 2204 744; x_wconf 93' lang='lat' dir='ltr'><strong>ille</strong></span> <span class='ocrx_word' id='word_1_505' title='bbox 2233 688 2559 746; x_wconf 82' lang='lat' dir='ltr'><strong>fallaciarum</strong></span> <span class='ocrx_word' id='word_1_506' title='bbox 2591 691 2740 748; x_wconf 88' lang='lat' dir='ltr'><strong>fucos</strong></span> <span class='ocrx_word' id='word_1_507' title='bbox 2774 711 2788 748; x_wconf 89' lang='lat'><strong>:</strong></span> <span class='ocrx_word' id='word_1_508' title='bbox 2818 694 2959 749; x_wconf 88' lang='lat' dir='ltr'><strong>veris</strong></span> <span class='ocrx_word' id='word_1_509' title='bbox 2990 696 3185 751; x_wconf 88' lang='lat' dir='ltr'><strong>veritas</strong></span> <span class='ocrx_word' id='word_1_510' title='bbox 3214 696 3538 765; x_wconf 84' lang='lat' dir='ltr'><strong>delectatur;</strong></span> 
     </span>
    </p>
   </div>
   <div class='ocr_carea' id='block_1_65' title="bbox 1949 780 3540 862">
    <p class='ocr_par' dir='ltr' id='par_1_65' title="bbox 1949 780 3540 862">
     <span class='ocr_line' id='line_1_66' title="bbox 1949 780 3540 862; baseline 0.008 -29"><span class='ocrx_word' id='word_1_511' title='bbox 1949 788 2003 834; x_wconf 90' lang='lat' dir='ltr'><strong>et</strong></span> <span class='ocrx_word' id='word_1_512' title='bbox 2028 780 2139 848; x_wconf 91' lang='lat' dir='ltr'><strong>ille,</strong></span> <span class='ocrx_word' id='word_1_513' title='bbox 2167 783 2211 837; x_wconf 91' lang='lat' dir='ltr'><strong>si</strong></span> <span class='ocrx_word' id='word_1_514' title='bbox 2240 784 2381 854; x_wconf 92' lang='lat' dir='ltr'><strong>quod</strong></span> <span class='ocrx_word' id='word_1_515' title='bbox 2410 785 2582 855; x_wconf 84' lang='lat' dir='ltr'><strong>legisti</strong></span> <span class='ocrx_word' id='word_1_516' title='bbox 2627 785 2895 857; x_wconf 86' lang='lat' dir='ltr'><strong>agnoscis,</strong></span> <span class='ocrx_word' id='word_1_517' title='bbox 2925 788 3123 843; x_wconf 88' lang='lat' dir='ltr'><strong>veritas</strong></span> <span class='ocrx_word' id='word_1_518' title='bbox 3147 798 3386 845; x_wconf 85' lang='lat' dir='ltr'><strong>vocatur.</strong></span> <span class='ocrx_word' id='word_1_519' title='bbox 3429 790 3540 862; x_wconf 83' lang='lat' dir='ltr'><strong>Ego</strong></span> 
     </span>
    </p>
   </div>
   <div class='ocr_carea' id='block_1_66' title="bbox 1948 872 3543 947">
    <p class='ocr_par' dir='ltr' id='par_1_66' title="bbox 1948 872 3543 947">
     <span class='ocr_line' id='line_1_67' title="bbox 1948 872 3543 947; baseline 0.005 -22"><span class='ocrx_word' id='word_1_520' title='bbox 1948 886 2079 934; x_wconf 79' lang='lat' dir='ltr'><strong>sum,</strong></span> <span class='ocrx_word' id='word_1_521' title='bbox 2110 872 2298 942; x_wconf 86' lang='lat' dir='ltr'><strong>inquit,</strong></span> <span class='ocrx_word' id='word_1_522' title='bbox 2328 876 2426 939; x_wconf 83' lang='lat' dir='ltr'><strong>via,</strong></span> <span class='ocrx_word' id='word_1_523' title='bbox 2451 885 2497 930; x_wconf 89' lang='lat' dir='ltr'><strong>et</strong></span> <span class='ocrx_word' id='word_1_524' title='bbox 2524 878 2722 943; x_wconf 84' lang='lat' dir='ltr'><strong>veritas,</strong></span> <span class='ocrx_word' id='word_1_525' title='bbox 2753 886 2801 932; x_wconf 86' lang='lat' dir='ltr'><strong>et</strong></span> <span class='ocrx_word' id='word_1_526' title='bbox 2826 879 2925 932; x_wconf 82' lang='lat' dir='ltr'><strong>vita</strong></span> <span class='ocrx_word' id='word_1_527' title='bbox 2951 878 3132 947; x_wconf 85' lang='lat' dir='ltr'><strong>(Joan.</strong></span> <span class='ocrx_word' id='word_1_528' title='bbox 3160 895 3275 943; x_wconf 79' lang='lat' dir='ltr'><strong>xw,</strong></span> <span class='ocrx_word' id='word_1_529' title='bbox 3299 879 3378 946; x_wconf 88' lang='lat'><strong>6).</strong></span> <span class='ocrx_word' id='word_1_530' title='bbox 3405 878 3543 935; x_wconf 81' lang='lat' dir='ltr'><strong>Cur-</strong></span> 
     </span>
    </p>
   </div>
   <div class='ocr_carea' id='block_1_67' title="bbox 1948 960 3540 1038">
    <p class='ocr_par' dir='ltr' id='par_1_67' title="bbox 1948 960 3540 1038">
     <span class='ocr_line' id='line_1_68' title="bbox 1948 960 3540 1038; baseline 0.009 -25"><span class='ocrx_word' id='word_1_531' title='bbox 1948 960 2049 1015; x_wconf 89' lang='lat' dir='ltr'><strong>rite</strong></span> <span class='ocrx_word' id='word_1_532' title='bbox 2078 961 2143 1015; x_wconf 89' lang='lat' dir='ltr'><strong>ad</strong></span> <span class='ocrx_word' id='word_1_533' title='bbox 2184 963 2331 1021; x_wconf 90' lang='lat' dir='ltr'><strong>illum</strong></span> <span class='ocrx_word' id='word_1_534' title='bbox 2382 981 2476 1034; x_wconf 90' lang='lat' dir='ltr'><strong>per</strong></span> <span class='ocrx_word' id='word_1_535' title='bbox 2519 965 2702 1033; x_wconf 90' lang='lat' dir='ltr'><strong>illum;</strong></span> <span class='ocrx_word' id='word_1_536' title='bbox 2748 968 2951 1038; x_wconf 88' lang='lat' dir='ltr'><strong>placete</strong></span> <span class='ocrx_word' id='word_1_537' title='bbox 2997 969 3069 1023; x_wconf 91' lang='lat' dir='ltr'><strong>illi</strong></span> <span class='ocrx_word' id='word_1_538' title='bbox 3100 984 3165 1024; x_wconf 81' lang='lat' dir='ltr'><strong>ex</strong></span> <span class='ocrx_word' id='word_1_539' title='bbox 3198 970 3328 1035; x_wconf 91' lang='lat' dir='ltr'><strong>illo;</strong></span> <span class='ocrx_word' id='word_1_540' title='bbox 3376 971 3540 1027; x_wconf 85' lang='lat' dir='ltr'><strong>vivite</strong></span> 
     </span>
    </p>
   </div>
   <div class='ocr_carea' id='block_1_68' title="bbox 1946 1053 3540 1123">
    <p class='ocr_par' dir='ltr' id='par_1_68' title="bbox 1946 1053 3540 1123">
     <span class='ocr_line' id='line_1_69' title="bbox 1946 1053 3540 1123; baseline 0.008 -17"><span class='ocrx_word' id='word_1_541' title='bbox 1946 1065 2067 1106; x_wconf 92' lang='lat' dir='ltr'><strong>cum</strong></span> <span class='ocrx_word' id='word_1_542' title='bbox 2100 1053 2209 1120; x_wconf 92' lang='lat' dir='ltr'><strong>illo,</strong></span> <span class='ocrx_word' id='word_1_543' title='bbox 2241 1056 2292 1109; x_wconf 90' lang='lat' dir='ltr'><strong>in</strong></span> <span class='ocrx_word' id='word_1_544' title='bbox 2322 1057 2432 1123; x_wconf 86' lang='lat' dir='ltr'><strong>illo,</strong></span> <span class='ocrx_word' id='word_1_545' title='bbox 2466 1056 2533 1113; x_wconf 87' lang='lat' dir='ltr'><strong>de</strong></span> <span class='ocrx_word' id='word_1_546' title='bbox 2574 1059 2684 1112; x_wconf 91' lang='lat' dir='ltr'><strong>illo.</strong></span> <span class='ocrx_word' id='word_1_547' title='bbox 2727 1060 3018 1116; x_wconf 80' lang='lat' dir='ltr'><strong>Alfectibus</strong></span> <span class='ocrx_word' id='word_1_548' title='bbox 3046 1062 3187 1118; x_wconf 89' lang='lat' dir='ltr'><strong>veris</strong></span> <span class='ocrx_word' id='word_1_549' title='bbox 3220 1071 3276 1118; x_wconf 88' lang='lat' dir='ltr'><strong>et</strong></span> <span class='ocrx_word' id='word_1_550' title='bbox 3314 1062 3540 1119; x_wconf 76' lang='lat' dir='ltr'><strong>sanctis-</strong></span> 
     </span>
    </p>
   </div>
   <div class='ocr_carea' id='block_1_69' title="bbox 1947 1143 3075 1209">
    <p class='ocr_par' dir='ltr' id='par_1_69' title="bbox 1947 1143 3075 1209">
     <span class='ocr_line' id='line_1_70' title="bbox 1947 1143 3075 1209; baseline 0.007 -11"><span class='ocrx_word' id='word_1_551' title='bbox 1947 1143 2080 1198; x_wconf 88' lang='lat' dir='ltr'><strong>sima</strong></span> <span class='ocrx_word' id='word_1_552' title='bbox 2107 1146 2346 1202; x_wconf 90' lang='lat' dir='ltr'><strong>castitate</strong></span> <span class='ocrx_word' id='word_1_553' title='bbox 2368 1163 2397 1202; x_wconf 91' lang='lat' dir='ltr'><strong>a</strong></span> <span class='ocrx_word' id='word_1_554' title='bbox 2425 1148 2539 1203; x_wconf 85' lang='lat' dir='ltr'><strong>viro</strong></span> <span class='ocrx_word' id='word_1_555' title='bbox 2568 1150 2653 1203; x_wconf 90' lang='lat' dir='ltr'><strong>tali</strong></span> <span class='ocrx_word' id='word_1_556' title='bbox 2685 1160 2859 1206; x_wconf 87' lang='lat' dir='ltr'><strong>amate</strong></span> <span class='ocrx_word' id='word_1_557' title='bbox 2883 1153 3075 1209; x_wconf 87' lang='lat' dir='ltr'><strong>amari.</strong></span> 
     </span>
    </p>
   </div>
   <div class='ocr_carea' id='block_1_70' title="bbox 2015 1237 3537 1316">
    <p class='ocr_par' dir='ltr' id='par_1_70' title="bbox 2015 1237 3537 1316">
     <span class='ocr_line' id='line_1_71' title="bbox 2015 1237 3537 1316; baseline 0.008 -26"><span class='ocrx_word' id='word_1_558' title='bbox 2015 1237 2105 1291; x_wconf 70' lang='lat'><strong>9.4.</strong></span> <span class='ocrx_word' id='word_1_559' title='bbox 2147 1239 2341 1293; x_wconf 89' lang='lat' dir='ltr'><strong>Audiat</strong></span> <span class='ocrx_word' id='word_1_560' title='bbox 2386 1239 2500 1295; x_wconf 57' lang='lat' dir='ltr'><strong>haec</strong></span> <span class='ocrx_word' id='word_1_561' title='bbox 2534 1241 2753 1310; x_wconf 83' lang='lat' dir='ltr'><strong>virginis</strong></span> <span class='ocrx_word' id='word_1_562' title='bbox 2790 1244 2951 1298; x_wconf 90' lang='lat' dir='ltr'><strong>etiam</strong></span> <span class='ocrx_word' id='word_1_563' title='bbox 2981 1253 3178 1299; x_wconf 72' lang='lat' dir='ltr'><strong>sancta:</strong></span> <span class='ocrx_word' id='word_1_564' title='bbox 3226 1246 3393 1316; x_wconf 88' lang='lat' dir='ltr'><strong>prolis</strong></span> <span class='ocrx_word' id='word_1_565' title='bbox 3433 1254 3537 1303; x_wconf 76' lang='lat' dir='ltr'><strong>tua:</strong></span> 
     </span>
    </p>
   </div>
   <div class='ocr_carea' id='block_1_71' title="bbox 1945 1330 3539 1409">
    <p class='ocr_par' dir='ltr' id='par_1_71' title="bbox 1945 1330 3539 1409">
     <span class='ocr_line' id='line_1_72' title="bbox 1945 1330 3539 1409; baseline 0.007 -25"><span class='ocrx_word' id='word_1_566' title='bbox 1945 1330 2089 1385; x_wconf 87' lang='lat' dir='ltr'><strong>auris</strong></span> <span class='ocrx_word' id='word_1_567' title='bbox 2119 1330 2356 1387; x_wconf 84' lang='lat' dir='ltr'><strong>interior.</strong></span> <span class='ocrx_word' id='word_1_568' title='bbox 2393 1333 2588 1389; x_wconf 77' lang='lat' dir='ltr'><strong>Vidcro</strong></span> <span class='ocrx_word' id='word_1_569' title='bbox 2611 1336 2625 1365; x_wconf 84' lang='grc'>¹</span> <span class='ocrx_word' id='word_1_570' title='bbox 2646 1344 2900 1406; x_wconf 89' lang='lat' dir='ltr'><strong>quantum</strong></span> <span class='ocrx_word' id='word_1_571' title='bbox 2930 1350 2980 1391; x_wconf 89' lang='lat' dir='ltr'><strong>te</strong></span> <span class='ocrx_word' id='word_1_572' title='bbox 3005 1338 3267 1407; x_wconf 68' lang='lat' dir='ltr'><strong>prmcedat</strong></span> <span class='ocrx_word' id='word_1_573' title='bbox 3293 1339 3345 1393; x_wconf 92' lang='lat' dir='ltr'><strong>in</strong></span> <span class='ocrx_word' id='word_1_574' title='bbox 3372 1354 3539 1409; x_wconf 89' lang='lat' dir='ltr'><strong>regno</strong></span> 
     </span>
    </p>
   </div>
   <div class='ocr_carea' id='block_1_72' title="bbox 1943 1420 3536 1497">
    <p class='ocr_par' dir='ltr' id='par_1_72' title="bbox 1943 1420 3536 1497">
     <span class='ocr_line' id='line_1_73' title="bbox 1943 1420 3536 1497; baseline 0.007 -21"><span class='ocrx_word' id='word_1_575' title='bbox 1943 1420 2104 1494; x_wconf 81' lang='lat' dir='ltr'><strong>Regis</strong></span> <span class='ocrx_word' id='word_1_576' title='bbox 2134 1424 2271 1479; x_wconf 90' lang='lat' dir='ltr'><strong>illius</strong></span> <span class='ocrx_word' id='word_1_577' title='bbox 2300 1443 2313 1480; x_wconf 90' lang='lat'><strong>:</strong></span> <span class='ocrx_word' id='word_1_578' title='bbox 2340 1426 2442 1480; x_wconf 88' lang='lat' dir='ltr'><strong>alia</strong></span> <span class='ocrx_word' id='word_1_579' title='bbox 2472 1428 2696 1497; x_wconf 64' lang='lat' dir='ltr'><strong>quatstio</strong></span> <span class='ocrx_word' id='word_1_580' title='bbox 2739 1437 2840 1485; x_wconf 89' lang='lat' dir='ltr'><strong>est.</strong></span> <span class='ocrx_word' id='word_1_581' title='bbox 2880 1429 3159 1486; x_wconf 86' lang='lat' dir='ltr'><strong>lnvenistis</strong></span> <span class='ocrx_word' id='word_1_582' title='bbox 3189 1440 3386 1497; x_wconf 89' lang='lat' dir='ltr'><strong>tamen,</strong></span> <span class='ocrx_word' id='word_1_583' title='bbox 3416 1448 3536 1487; x_wconf 87' lang='lat' dir='ltr'><strong>ma-</strong></span> 
     </span>
    </p>
   </div>
   <div class='ocr_carea' id='block_1_73' title="bbox 1943 1515 3535 1590">
    <p class='ocr_par' dir='ltr' id='par_1_73' title="bbox 1943 1515 3535 1590">
     <span class='ocr_line' id='line_1_74' title="bbox 1943 1515 3535 1590; baseline 0.006 -23"><span class='ocrx_word' id='word_1_584' title='bbox 1943 1520 2025 1567; x_wconf 91' lang='lat' dir='ltr'><strong>ter</strong></span> <span class='ocrx_word' id='word_1_585' title='bbox 2054 1522 2109 1569; x_wconf 87' lang='lat' dir='ltr'><strong>et</strong></span> <span class='ocrx_word' id='word_1_586' title='bbox 2149 1515 2276 1583; x_wconf 83' lang='lat' dir='ltr'><strong>tilia,</strong></span> <span class='ocrx_word' id='word_1_587' title='bbox 2320 1517 2406 1571; x_wconf 92' lang='lat' dir='ltr'><strong>cui</strong></span> <span class='ocrx_word' id='word_1_588' title='bbox 2444 1519 2764 1588; x_wconf 90' lang='lat' dir='ltr'><strong>contemptis</strong></span> <span class='ocrx_word' id='word_1_589' title='bbox 2794 1521 3010 1590; x_wconf 89' lang='lat' dir='ltr'><strong>nuptiis,</strong></span> <span class='ocrx_word' id='word_1_590' title='bbox 3040 1522 3128 1576; x_wconf 88' lang='lat' dir='ltr'><strong>illa</strong></span> <span class='ocrx_word' id='word_1_591' title='bbox 3176 1521 3442 1590; x_wconf 89' lang='lat' dir='ltr'><strong>omnibus,</strong></span> <span class='ocrx_word' id='word_1_592' title='bbox 3476 1530 3535 1577; x_wconf 90' lang='lat' dir='ltr'><strong>tu</strong></span> 
     </span>
    </p>
   </div>
   <div class='ocr_carea' id='block_1_74' title="bbox 1941 1606 3534 1683">
    <p class='ocr_par' dir='ltr' id='par_1_74' title="bbox 1941 1606 3534 1683">
     <span class='ocr_line' id='line_1_75' title="bbox 1941 1606 3534 1683; baseline 0.002 -19"><span class='ocrx_word' id='word_1_593' title='bbox 1941 1606 2213 1673; x_wconf 88' lang='lat' dir='ltr'><strong>secundis,</strong></span> <span class='ocrx_word' id='word_1_594' title='bbox 2236 1608 2628 1678; x_wconf 88' lang='lat' dir='ltr'><strong>pulchritudine</strong></span> <span class='ocrx_word' id='word_1_595' title='bbox 2641 1612 2898 1667; x_wconf 88' lang='lat' dir='ltr'><strong>castitatis</strong></span> <span class='ocrx_word' id='word_1_596' title='bbox 2925 1612 3080 1667; x_wconf 89' lang='lat' dir='ltr'><strong>simul</strong></span> <span class='ocrx_word' id='word_1_597' title='bbox 3104 1612 3315 1683; x_wconf 89' lang='lat' dir='ltr'><strong>placere</strong></span> <span class='ocrx_word' id='word_1_598' title='bbox 3336 1612 3534 1667; x_wconf 87' lang='lat' dir='ltr'><strong>debea-</strong></span> 
     </span>
    </p>
   </div>
   <div class='ocr_carea' id='block_1_75' title="bbox 1942 1696 3535 1775">
    <p class='ocr_par' dir='ltr' id='par_1_75' title="bbox 1942 1696 3535 1775">
     <span class='ocr_line' id='line_1_76' title="bbox 1942 1696 3535 1775; baseline 0.004 -22"><span class='ocrx_word' id='word_1_599' title='bbox 1942 1696 2029 1753; x_wconf 89' lang='lat' dir='ltr'><strong>tis.</strong></span> <span class='ocrx_word' id='word_1_600' title='bbox 2070 1698 2225 1754; x_wconf 86' lang='lat' dir='ltr'><strong>Certe</strong></span> <span class='ocrx_word' id='word_1_601' title='bbox 2267 1700 2314 1754; x_wconf 90' lang='lat' dir='ltr'><strong>si</strong></span> <span class='ocrx_word' id='word_1_602' title='bbox 2343 1702 2518 1755; x_wconf 87' lang='lat' dir='ltr'><strong>mariti</strong></span> <span class='ocrx_word' id='word_1_603' title='bbox 2564 1711 2747 1757; x_wconf 86' lang='lat' dir='ltr'><strong>essent</strong></span> <span class='ocrx_word' id='word_1_604' title='bbox 2774 1705 2965 1773; x_wconf 86' lang='lat' dir='ltr'><strong>quibus</strong></span> <span class='ocrx_word' id='word_1_605' title='bbox 3007 1704 3322 1775; x_wconf 82' lang='lat' dir='ltr'><strong>placendum</strong></span> <span class='ocrx_word' id='word_1_606' title='bbox 3350 1714 3535 1774; x_wconf 88' lang='lat' dir='ltr'><strong>esset,</strong></span> 
     </span>
    </p>
   </div>
   <div class='ocr_carea' id='block_1_76' title="bbox 1935 1787 3536 1863">
    <p class='ocr_par' dir='ltr' id='par_1_76' title="bbox 1935 1787 3536 1863">
     <span class='ocr_line' id='line_1_77' title="bbox 1935 1787 3536 1863; baseline 0.006 -20"><span class='ocrx_word' id='word_1_607' title='bbox 1935 1787 2046 1859; x_wconf 90' lang='lat' dir='ltr'><strong>jam</strong></span> <span class='ocrx_word' id='word_1_608' title='bbox 2072 1799 2124 1845; x_wconf 87' lang='lat' dir='ltr'><strong>te</strong></span> <span class='ocrx_word' id='word_1_609' title='bbox 2167 1790 2391 1847; x_wconf 89' lang='lat' dir='ltr'><strong>fortasse</strong></span> <span class='ocrx_word' id='word_1_610' title='bbox 2432 1808 2552 1847; x_wconf 91' lang='lat' dir='ltr'><strong>cum</strong></span> <span class='ocrx_word' id='word_1_611' title='bbox 2585 1794 2687 1849; x_wconf 85' lang='lat' dir='ltr'><strong>filia</strong></span> <span class='ocrx_word' id='word_1_612' title='bbox 2718 1794 2940 1863; x_wconf 89' lang='lat' dir='ltr'><strong>puderet</strong></span> <span class='ocrx_word' id='word_1_613' title='bbox 2986 1797 3165 1851; x_wconf 88' lang='lat' dir='ltr'><strong>ornari</strong></span> <span class='ocrx_word' id='word_1_614' title='bbox 3196 1815 3208 1851; x_wconf 92' lang='lat'><strong>:</strong></span> <span class='ocrx_word' id='word_1_615' title='bbox 3242 1811 3384 1852; x_wconf 89' lang='lat' dir='ltr'><strong>nunc</strong></span> <span class='ocrx_word' id='word_1_616' title='bbox 3425 1811 3536 1853; x_wconf 87' lang='lat' dir='ltr'><strong>non</strong></span> 
     </span>
    </p>
   </div>
   <div class='ocr_carea' id='block_1_77' title="bbox 1939 1881 3534 1958">
    <p class='ocr_par' dir='ltr' id='par_1_77' title="bbox 1939 1881 3534 1958">
     <span class='ocr_line' id='line_1_78' title="bbox 1939 1881 3534 1958; baseline 0.005 -22"><span class='ocrx_word' id='word_1_617' title='bbox 1939 1881 2134 1953; x_wconf 90' lang='lat' dir='ltr'><strong>pudeat</strong></span> <span class='ocrx_word' id='word_1_618' title='bbox 2176 1897 2332 1954; x_wconf 87' lang='lat' dir='ltr'><strong>agere</strong></span> <span class='ocrx_word' id='word_1_619' title='bbox 2374 1885 2565 1955; x_wconf 90' lang='lat' dir='ltr'><strong>quibus</strong></span> <span class='ocrx_word' id='word_1_620' title='bbox 2594 1886 2750 1941; x_wconf 91' lang='lat' dir='ltr'><strong>simul</strong></span> <span class='ocrx_word' id='word_1_621' title='bbox 2790 1887 3092 1953; x_wconf 90' lang='lat' dir='ltr'><strong>ornemini;</strong></span> <span class='ocrx_word' id='word_1_622' title='bbox 3140 1888 3262 1958; x_wconf 88' lang='lat' dir='ltr'><strong>quia</strong></span> <span class='ocrx_word' id='word_1_623' title='bbox 3295 1903 3401 1943; x_wconf 87' lang='lat' dir='ltr'><strong>non</strong></span> <span class='ocrx_word' id='word_1_624' title='bbox 3447 1895 3534 1945; x_wconf 84' lang='lat' dir='ltr'><strong>est</strong></span> 
     </span>
    </p>
   </div>
   <div class='ocr_carea' id='block_1_78' title="bbox 1939 1974 3536 2047">
    <p class='ocr_par' dir='ltr' id='par_1_78' title="bbox 1939 1974 3536 2047">
     <span class='ocr_line' id='line_1_79' title="bbox 1939 1974 3536 2047; baseline 0.003 -19"><span class='ocrx_word' id='word_1_625' title='bbox 1939 1974 2306 2040; x_wconf 89' lang='lat' dir='ltr'><strong>criminosum,</strong></span> <span class='ocrx_word' id='word_1_626' title='bbox 2338 1976 2433 2031; x_wconf 90' lang='lat' dir='ltr'><strong>sed</strong></span> <span class='ocrx_word' id='word_1_627' title='bbox 2476 1977 2649 2045; x_wconf 88' lang='lat' dir='ltr'><strong>potius</strong></span> <span class='ocrx_word' id='word_1_628' title='bbox 2674 1976 2984 2047; x_wconf 90' lang='lat' dir='ltr'><strong>gloriosum,</strong></span> <span class='ocrx_word' id='word_1_629' title='bbox 3018 1986 3074 2032; x_wconf 92' lang='lat' dir='ltr'><strong>ut</strong></span> <span class='ocrx_word' id='word_1_630' title='bbox 3097 1977 3164 2032; x_wconf 88' lang='lat' dir='ltr'><strong>ab</strong></span> <span class='ocrx_word' id='word_1_631' title='bbox 3189 1978 3280 2033; x_wconf 93' lang='lat' dir='ltr'><strong>illo</strong></span> <span class='ocrx_word' id='word_1_632' title='bbox 3306 1993 3415 2033; x_wconf 92' lang='lat' dir='ltr'><strong>uno</strong></span> <span class='ocrx_word' id='word_1_633' title='bbox 3459 1978 3536 2033; x_wconf 86' lang='lat' dir='ltr'><strong>si-</strong></span> 
     </span>
    </p>
   </div>
   <div class='ocr_carea' id='block_1_79' title="bbox 1939 2066 3533 2128">
    <p class='ocr_par' dir='ltr' id='par_1_79' title="bbox 1939 2066 3533 2128">
     <span class='ocr_line' id='line_1_80' title="bbox 1939 2066 3533 2128; baseline 0.006 -9"><span class='ocrx_word' id='word_1_634' title='bbox 1939 2066 2048 2121; x_wconf 92' lang='lat' dir='ltr'><strong>mul</strong></span> <span class='ocrx_word' id='word_1_635' title='bbox 2087 2068 2357 2123; x_wconf 88' lang='lat' dir='ltr'><strong>amemini.</strong></span> <span class='ocrx_word' id='word_1_636' title='bbox 2400 2068 2719 2125; x_wconf 88' lang='lat' dir='ltr'><strong>Simulatum</strong></span> <span class='ocrx_word' id='word_1_637' title='bbox 2742 2079 2920 2125; x_wconf 87' lang='lat' dir='ltr'><strong>autem</strong></span> <span class='ocrx_word' id='word_1_638' title='bbox 2950 2070 3237 2126; x_wconf 88' lang='lat' dir='ltr'><strong>candorem</strong></span> <span class='ocrx_word' id='word_1_639' title='bbox 3263 2086 3328 2127; x_wconf 87' lang='lat' dir='ltr'><strong>ac</strong></span> <span class='ocrx_word' id='word_1_640' title='bbox 3364 2071 3533 2128; x_wconf 82' lang='lat' dir='ltr'><strong>rubo-</strong></span> 
     </span>
    </p>
   </div>
   <div class='ocr_carea' id='block_1_80' title="bbox 1938 2160 3533 2229">
    <p class='ocr_par' dir='ltr' id='par_1_80' title="bbox 1938 2160 3533 2229">
     <span class='ocr_line' id='line_1_81' title="bbox 1938 2160 3533 2229; baseline 0.004 -16"><span class='ocrx_word' id='word_1_641' title='bbox 1938 2172 2050 2213; x_wconf 87' lang='lat' dir='ltr'><strong>rem</strong></span> <span class='ocrx_word' id='word_1_642' title='bbox 2098 2166 2153 2213; x_wconf 89' lang='lat' dir='ltr'><strong>et</strong></span> <span class='ocrx_word' id='word_1_643' title='bbox 2194 2160 2476 2229; x_wconf 85' lang='lat' dir='ltr'><strong>pigmentis</strong></span> <span class='ocrx_word' id='word_1_644' title='bbox 2524 2160 2714 2215; x_wconf 87' lang='lat' dir='ltr'><strong>illitum</strong></span> <span class='ocrx_word' id='word_1_645' title='bbox 2762 2176 2868 2217; x_wconf 91' lang='lat' dir='ltr'><strong>non</strong></span> <span class='ocrx_word' id='word_1_646' title='bbox 2918 2161 3273 2227; x_wconf 87' lang='lat' dir='ltr'><strong>adhiberetis,</strong></span> <span class='ocrx_word' id='word_1_647' title='bbox 3322 2163 3533 2219; x_wconf 89' lang='lat' dir='ltr'><strong>etiamsi</strong></span> 
     </span>
    </p>
   </div>
   <div class='ocr_carea' id='block_1_81' title="bbox 1938 2250 3527 2325">
    <p class='ocr_par' dir='ltr' id='par_1_81' title="bbox 1938 2250 3527 2325">
     <span class='ocr_line' id='line_1_82' title="bbox 1938 2250 3527 2325; baseline 0.004 -21"><span class='ocrx_word' id='word_1_648' title='bbox 1938 2250 2080 2305; x_wconf 88' lang='lat' dir='ltr'><strong>viros</strong></span> <span class='ocrx_word' id='word_1_649' title='bbox 2105 2251 2374 2307; x_wconf 88' lang='lat' dir='ltr'><strong>haberetis</strong></span> <span class='ocrx_word' id='word_1_650' title='bbox 2401 2270 2416 2319; x_wconf 89' lang='lat'><strong>;</strong></span> <span class='ocrx_word' id='word_1_651' title='bbox 2446 2268 2549 2308; x_wconf 93' lang='lat' dir='ltr'><strong>non</strong></span> <span class='ocrx_word' id='word_1_652' title='bbox 2580 2263 2828 2324; x_wconf 90' lang='lat' dir='ltr'><strong>putantes</strong></span> <span class='ocrx_word' id='word_1_653' title='bbox 2856 2254 3046 2324; x_wconf 88' lang='lat' dir='ltr'><strong>dignos</strong></span> <span class='ocrx_word' id='word_1_654' title='bbox 3070 2271 3203 2325; x_wconf 88' lang='lat' dir='ltr'><strong>quos</strong></span> <span class='ocrx_word' id='word_1_655' title='bbox 3232 2254 3485 2311; x_wconf 89' lang='lat' dir='ltr'><strong>falleretis</strong></span> <span class='ocrx_word' id='word_1_656' title='bbox 3508 2297 3527 2324; x_wconf 89' lang='lat'><strong>,</strong></span> 
     </span>
    </p>
   </div>
   <div class='ocr_carea' id='block_1_82' title="bbox 1937 2342 3532 2418">
    <p class='ocr_par' dir='ltr' id='par_1_82' title="bbox 1937 2342 3532 2418">
     <span class='ocr_line' id='line_1_83' title="bbox 1937 2342 3532 2418; baseline 0.004 -23"><span class='ocrx_word' id='word_1_657' title='bbox 1937 2355 2037 2396; x_wconf 89' lang='lat' dir='ltr'><strong>nec</strong></span> <span class='ocrx_word' id='word_1_658' title='bbox 2067 2356 2161 2396; x_wconf 88' lang='lat' dir='ltr'><strong>vos</strong></span> <span class='ocrx_word' id='word_1_659' title='bbox 2190 2357 2308 2411; x_wconf 66' lang='lat' dir='ltr'><strong>quae</strong></span> <span class='ocrx_word' id='word_1_660' title='bbox 2344 2342 2532 2399; x_wconf 87' lang='lat' dir='ltr'><strong>fallere</strong></span> <span class='ocrx_word' id='word_1_661' title='bbox 2562 2344 2827 2400; x_wconf 87' lang='lat' dir='ltr'><strong>deberetis</strong></span> <span class='ocrx_word' id='word_1_662' title='bbox 2859 2361 2872 2396; x_wconf 93' lang='lat'><strong>:</strong></span> <span class='ocrx_word' id='word_1_663' title='bbox 2905 2361 3046 2400; x_wconf 90' lang='lat' dir='ltr'><strong>nunc</strong></span> <span class='ocrx_word' id='word_1_664' title='bbox 3089 2362 3217 2417; x_wconf 88' lang='lat' dir='ltr'><strong>ergo</strong></span> <span class='ocrx_word' id='word_1_665' title='bbox 3259 2347 3332 2401; x_wconf 91' lang='lat' dir='ltr'><strong>illi</strong></span> <span class='ocrx_word' id='word_1_666' title='bbox 3358 2348 3532 2418; x_wconf 80' lang='lat' dir='ltr'><strong>Regi,</strong></span> 
     </span>
    </p>
   </div>
   <div class='ocr_carea' id='block_1_83' title="bbox 1936 2432 3532 2507">
    <p class='ocr_par' dir='ltr' id='par_1_83' title="bbox 1936 2432 3532 2507">
     <span class='ocr_line' id='line_1_84' title="bbox 1936 2432 3532 2507; baseline 0.005 -21"><span class='ocrx_word' id='word_1_667' title='bbox 1936 2432 2025 2503; x_wconf 89' lang='lat' dir='ltr'><strong>qui</strong></span> <span class='ocrx_word' id='word_1_668' title='bbox 2054 2434 2220 2488; x_wconf 63' lang='lat' dir='ltr'><strong>unicae</strong></span> <span class='ocrx_word' id='word_1_669' title='bbox 2250 2449 2477 2504; x_wconf 81' lang='lat' dir='ltr'><strong>Sponsae,</strong></span> <span class='ocrx_word' id='word_1_670' title='bbox 2508 2435 2659 2505; x_wconf 88' lang='lat' dir='ltr'><strong>cujus</strong></span> <span class='ocrx_word' id='word_1_671' title='bbox 2686 2436 2923 2491; x_wconf 91' lang='lat' dir='ltr'><strong>membra</strong></span> <span class='ocrx_word' id='word_1_672' title='bbox 2951 2437 3099 2502; x_wconf 88' lang='lat' dir='ltr'><strong>estis,</strong></span> <span class='ocrx_word' id='word_1_673' title='bbox 3128 2437 3361 2507; x_wconf 88' lang='lat' dir='ltr'><strong>speciem</strong></span> <span class='ocrx_word' id='word_1_674' title='bbox 3402 2454 3532 2494; x_wconf 83' lang='lat' dir='ltr'><strong>con-</strong></span> 
     </span>
    </p>
   </div>
   <div class='ocr_carea' id='block_1_84' title="bbox 1935 2527 3532 2599">
    <p class='ocr_par' dir='ltr' id='par_1_84' title="bbox 1935 2527 3532 2599">
     <span class='ocr_line' id='line_1_85' title="bbox 1935 2527 3532 2599; baseline 0.003 -17"><span class='ocrx_word' id='word_1_675' title='bbox 1935 2527 2152 2597; x_wconf 87' lang='lat' dir='ltr'><strong>cupivit,</strong></span> <span class='ocrx_word' id='word_1_676' title='bbox 2183 2529 2443 2584; x_wconf 88' lang='lat' dir='ltr'><strong>vcracitcr</strong></span> <span class='ocrx_word' id='word_1_677' title='bbox 2467 2529 2629 2584; x_wconf 91' lang='lat' dir='ltr'><strong>simul</strong></span> <span class='ocrx_word' id='word_1_678' title='bbox 2656 2530 2881 2599; x_wconf 89' lang='lat' dir='ltr'><strong>placete,</strong></span> <span class='ocrx_word' id='word_1_679' title='bbox 2910 2530 3070 2585; x_wconf 90' lang='lat' dir='ltr'><strong>simul</strong></span> <span class='ocrx_word' id='word_1_680' title='bbox 3114 2532 3406 2599; x_wconf 75' lang='lat' dir='ltr'><strong>inluerete;</strong></span> <span class='ocrx_word' id='word_1_681' title='bbox 3440 2532 3532 2587; x_wconf 83' lang='lat' dir='ltr'><strong>illa</strong></span> 
     </span>
    </p>
   </div>
   <div class='ocr_carea' id='block_1_85' title="bbox 1936 2618 3532 2691">
    <p class='ocr_par' dir='ltr' id='par_1_85' title="bbox 1936 2618 3532 2691">
     <span class='ocr_line' id='line_1_86' title="bbox 1936 2618 3532 2691; baseline 0.004 -18"><span class='ocrx_word' id='word_1_682' title='bbox 1936 2618 2239 2690; x_wconf 81' lang='lat' dir='ltr'><strong>integritate</strong></span> <span class='ocrx_word' id='word_1_683' title='bbox 2284 2620 2563 2691; x_wconf 86' lang='lat' dir='ltr'><strong>virginali,</strong></span> <span class='ocrx_word' id='word_1_684' title='bbox 2609 2630 2665 2676; x_wconf 92' lang='lat' dir='ltr'><strong>tu</strong></span> <span class='ocrx_word' id='word_1_685' title='bbox 2712 2622 3037 2677; x_wconf 89' lang='lat' dir='ltr'><strong>continentia</strong></span> <span class='ocrx_word' id='word_1_686' title='bbox 3098 2622 3313 2689; x_wconf 89' lang='lat' dir='ltr'><strong>viduali,</strong></span> <span class='ocrx_word' id='word_1_687' title='bbox 3359 2623 3532 2679; x_wconf 61' lang='lat' dir='ltr'><strong>ambat:</strong></span> 
     </span>
    </p>
   </div>
   <div class='ocr_carea' id='block_1_86' title="bbox 1936 2709 3531 2782">
    <p class='ocr_par' dir='ltr' id='par_1_86' title="bbox 1936 2709 3531 2782">
     <span class='ocr_line' id='line_1_87' title="bbox 1936 2709 3531 2782; baseline 0.001 -18"><span class='ocrx_word' id='word_1_688' title='bbox 1936 2709 2329 2779; x_wconf 88' lang='lat' dir='ltr'><strong>pulchritudine</strong></span> <span class='ocrx_word' id='word_1_689' title='bbox 2361 2710 2642 2781; x_wconf 89' lang='lat' dir='ltr'><strong>spirituali.</strong></span> <span class='ocrx_word' id='word_1_690' title='bbox 2683 2710 2740 2766; x_wconf 92' lang='lat' dir='ltr'><strong>ln</strong></span> <span class='ocrx_word' id='word_1_691' title='bbox 2787 2726 2891 2782; x_wconf 88' lang='lat' dir='ltr'><strong>qua</strong></span> <span class='ocrx_word' id='word_1_692' title='bbox 2930 2712 3324 2782; x_wconf 86' lang='lat' dir='ltr'><strong>pulchritudine</strong></span> <span class='ocrx_word' id='word_1_693' title='bbox 3368 2712 3531 2767; x_wconf 86' lang='lat' dir='ltr'><strong>etiam</strong></span> 
     </span>
    </p>
   </div>
   <div class='ocr_carea' id='block_1_87' title="bbox 1934 2802 3531 2874">
    <p class='ocr_par' dir='ltr' id='par_1_87' title="bbox 1934 2802 3531 2874">
     <span class='ocr_line' id='line_1_88' title="bbox 1934 2802 3531 2874; baseline 0.002 -19"><span class='ocrx_word' id='word_1_694' title='bbox 1934 2802 2078 2856; x_wconf 92' lang='lat' dir='ltr'><strong>illius</strong></span> <span class='ocrx_word' id='word_1_695' title='bbox 2102 2802 2239 2866; x_wconf 88' lang='lat' dir='ltr'><strong>avia,</strong></span> <span class='ocrx_word' id='word_1_696' title='bbox 2268 2817 2453 2858; x_wconf 89' lang='lat' dir='ltr'><strong>socrus</strong></span> <span class='ocrx_word' id='word_1_697' title='bbox 2484 2812 2595 2865; x_wconf 90' lang='lat' dir='ltr'><strong>tua,</strong></span> <span class='ocrx_word' id='word_1_698' title='bbox 2623 2819 2739 2873; x_wconf 71' lang='lat' dir='ltr'><strong>qua:</strong></span> <span class='ocrx_word' id='word_1_699' title='bbox 2759 2803 2868 2874; x_wconf 86' lang='lat' dir='ltr'><strong>jam</strong></span> <span class='ocrx_word' id='word_1_700' title='bbox 2899 2813 3047 2860; x_wconf 89' lang='lat' dir='ltr'><strong>certe</strong></span> <span class='ocrx_word' id='word_1_701' title='bbox 3075 2804 3268 2868; x_wconf 87' lang='lat' dir='ltr'><strong>senuit,</strong></span> <span class='ocrx_word' id='word_1_702' title='bbox 3297 2812 3379 2859; x_wconf 90' lang='lat' dir='ltr'><strong>est</strong></span> <span class='ocrx_word' id='word_1_703' title='bbox 3410 2804 3531 2874; x_wconf 81' lang='lat' dir='ltr'><strong>pul-</strong></span> 
     </span>
    </p>
   </div>
   <div class='ocr_carea' id='block_1_88' title="bbox 1934 2892 3531 2968">
    <p class='ocr_par' dir='ltr' id='par_1_88' title="bbox 1934 2892 3531 2968">
     <span class='ocr_line' id='line_1_89' title="bbox 1934 2892 3531 2968; baseline 0.001 -18"><span class='ocrx_word' id='word_1_704' title='bbox 1934 2892 2061 2950; x_wconf 87' lang='lat' dir='ltr'><strong>chra</strong></span> <span class='ocrx_word' id='word_1_705' title='bbox 2092 2895 2365 2950; x_wconf 89' lang='lat' dir='ltr'><strong>vobiscum</strong></span> <span class='ocrx_word' id='word_1_706' title='bbox 2400 2895 2495 2967; x_wconf 92' lang='lat' dir='ltr'><strong>(a).</strong></span> <span class='ocrx_word' id='word_1_707' title='bbox 2535 2895 2785 2966; x_wconf 84' lang='lat' dir='ltr'><strong>Vigorem</strong></span> <span class='ocrx_word' id='word_1_708' title='bbox 2811 2898 3007 2968; x_wconf 87' lang='lat' dir='ltr'><strong>quippe</strong></span> <span class='ocrx_word' id='word_1_709' title='bbox 3051 2897 3209 2966; x_wconf 84' lang='lat' dir='ltr'><strong>hujus</strong></span> <span class='ocrx_word' id='word_1_710' title='bbox 3236 2896 3531 2966; x_wconf 89' lang='lat' dir='ltr'><strong>pulchritu-</strong></span> 
     </span>
    </p>
   </div>
   <div class='ocr_carea' id='block_1_89' title="bbox 1934 2985 3531 3060">
    <p class='ocr_par' dir='ltr' id='par_1_89' title="bbox 1934 2985 3531 3060">
     <span class='ocr_line' id='line_1_90' title="bbox 1934 2985 3531 3060; baseline 0.002 -17"><span class='ocrx_word' id='word_1_711' title='bbox 1934 2985 2076 3043; x_wconf 90' lang='lat' dir='ltr'><strong>dinis</strong></span> <span class='ocrx_word' id='word_1_712' title='bbox 2117 2988 2243 3043; x_wconf 93' lang='lat' dir='ltr'><strong>dum</strong></span> <span class='ocrx_word' id='word_1_713' title='bbox 2288 2988 2529 3044; x_wconf 79' lang='lat' dir='ltr'><strong>extendit</strong></span> <span class='ocrx_word' id='word_1_714' title='bbox 2567 2988 2621 3042; x_wconf 89' lang='lat' dir='ltr'><strong>in</strong></span> <span class='ocrx_word' id='word_1_715' title='bbox 2667 2990 2933 3044; x_wconf 89' lang='lat' dir='ltr'><strong>anteriora</strong></span> <span class='ocrx_word' id='word_1_716' title='bbox 2978 2990 3230 3049; x_wconf 89' lang='lat' dir='ltr'><strong>charitas.</strong></span> <span class='ocrx_word' id='word_1_717' title='bbox 3262 3005 3445 3060; x_wconf 89' lang='lat' dir='ltr'><strong>rugam</strong></span> <span class='ocrx_word' id='word_1_718' title='bbox 3476 2990 3531 3046; x_wconf 89' lang='lat' dir='ltr'><strong>in</strong></span> 
     </span>
    </p>
   </div>
   <div class='ocr_carea' id='block_1_90' title="bbox 1934 3078 3526 3137">
    <p class='ocr_par' dir='ltr' id='par_1_90' title="bbox 1934 3078 3526 3137">
     <span class='ocr_line' id='line_1_91' title="bbox 1934 3078 3526 3137; baseline 0.001 -2"><span class='ocrx_word' id='word_1_719' title='bbox 1934 3094 1999 3135; x_wconf 81' lang='lat' dir='ltr'><strong>ea</strong></span> <span class='ocrx_word' id='word_1_720' title='bbox 2025 3095 2130 3135; x_wconf 91' lang='lat' dir='ltr'><strong>non</strong></span> <span class='ocrx_word' id='word_1_721' title='bbox 2156 3078 2282 3134; x_wconf 82' lang='lat' dir='ltr'><strong>facit</strong></span> <span class='ocrx_word' id='word_1_722' title='bbox 2309 3079 2604 3134; x_wconf 87' lang='lat' dir='ltr'><strong>annositas.</strong></span> <span class='ocrx_word' id='word_1_723' title='bbox 2648 3080 2870 3135; x_wconf 89' lang='lat' dir='ltr'><strong>llabetis</strong></span> <span class='ocrx_word' id='word_1_724' title='bbox 2897 3081 3172 3137; x_wconf 83' lang='lat' dir='ltr'><strong>vobiscum</strong></span> <span class='ocrx_word' id='word_1_725' title='bbox 3203 3096 3362 3135; x_wconf 89' lang='lat' dir='ltr'><strong>anum</strong></span> <span class='ocrx_word' id='word_1_726' title='bbox 3396 3096 3526 3136; x_wconf 86' lang='lat' dir='ltr'><strong>san-</strong></span> 
     </span>
    </p>
   </div>
   <div class='ocr_carea' id='block_1_91' title="bbox 1934 3170 3529 3241">
    <p class='ocr_par' dir='ltr' id='par_1_91' title="bbox 1934 3170 3529 3241">
     <span class='ocr_line' id='line_1_92' title="bbox 1934 3170 3529 3241; baseline 0.001 -15"><span class='ocrx_word' id='word_1_727' title='bbox 1934 3180 2074 3227; x_wconf 77' lang='lat' dir='ltr'><strong>ctam</strong></span> <span class='ocrx_word' id='word_1_728' title='bbox 2101 3181 2156 3226; x_wconf 89' lang='lat' dir='ltr'><strong>et</strong></span> <span class='ocrx_word' id='word_1_729' title='bbox 2182 3172 2234 3226; x_wconf 91' lang='lat' dir='ltr'><strong>in</strong></span> <span class='ocrx_word' id='word_1_730' title='bbox 2263 3171 2421 3227; x_wconf 85' lang='lat' dir='ltr'><strong>domo</strong></span> <span class='ocrx_word' id='word_1_731' title='bbox 2446 3180 2499 3225; x_wconf 92' lang='lat' dir='ltr'><strong>et</strong></span> <span class='ocrx_word' id='word_1_732' title='bbox 2525 3172 2577 3225; x_wconf 90' lang='lat' dir='ltr'><strong>iu</strong></span> <span class='ocrx_word' id='word_1_733' title='bbox 2605 3170 2837 3236; x_wconf 85' lang='lat' dir='ltr'><strong>Christo,</strong></span> <span class='ocrx_word' id='word_1_734' title='bbox 2863 3186 3021 3241; x_wconf 87' lang='lat' dir='ltr'><strong>quam</strong></span> <span class='ocrx_word' id='word_1_735' title='bbox 3044 3171 3111 3225; x_wconf 90' lang='lat' dir='ltr'><strong>de</strong></span> <span class='ocrx_word' id='word_1_736' title='bbox 3137 3172 3529 3239; x_wconf 87' lang='lat' dir='ltr'><strong>perseverantia</strong></span> 
     </span>
    </p>
   </div>
   <div class='ocr_carea' id='block_1_92' title="bbox 1934 3262 3529 3332">
    <p class='ocr_par' dir='ltr' id='par_1_92' title="bbox 1934 3262 3529 3332">
     <span class='ocr_line' id='line_1_93' title="bbox 1934 3262 3529 3332; baseline -0.003 -13"><span class='ocrx_word' id='word_1_737' title='bbox 1934 3263 2259 3325; x_wconf 87' lang='lat' dir='ltr'><strong>consulatis;</strong></span> <span class='ocrx_word' id='word_1_738' title='bbox 2287 3262 2554 3332; x_wconf 91' lang='lat' dir='ltr'><strong>quomodo</strong></span> <span class='ocrx_word' id='word_1_739' title='bbox 2578 3277 2697 3317; x_wconf 92' lang='lat' dir='ltr'><strong>cum</strong></span> <span class='ocrx_word' id='word_1_740' title='bbox 2728 3262 2816 3317; x_wconf 86' lang='lat' dir='ltr'><strong>illa</strong></span> <span class='ocrx_word' id='word_1_741' title='bbox 2838 3262 2918 3317; x_wconf 90' lang='lat' dir='ltr'><strong>vel</strong></span> <span class='ocrx_word' id='word_1_742' title='bbox 2948 3263 3030 3315; x_wconf 90' lang='lat' dir='ltr'><strong>illa</strong></span> <span class='ocrx_word' id='word_1_743' title='bbox 3060 3262 3349 3317; x_wconf 90' lang='lat' dir='ltr'><strong>tentatione</strong></span> <span class='ocrx_word' id='word_1_744' title='bbox 3375 3264 3395 3293; x_wconf 77' lang='grc'>³</span> <span class='ocrx_word' id='word_1_745' title='bbox 3428 3278 3529 3332; x_wconf 85' lang='lat' dir='ltr'><strong>pu-</strong></span> 
     </span>
    </p>
   </div>
   <div class='ocr_carea' id='block_1_93' title="bbox 1933 3353 3527 3431">
    <p class='ocr_par' dir='ltr' id='par_1_93' title="bbox 1933 3353 3527 3431">
     <span class='ocr_line' id='line_1_94' title="bbox 1933 3353 3527 3431; baseline 0.002 -23"><span class='ocrx_word' id='word_1_746' title='bbox 1933 3354 2200 3426; x_wconf 83' lang='lat' dir='ltr'><strong>gnandum</strong></span> <span class='ocrx_word' id='word_1_747' title='bbox 2227 3354 2313 3419; x_wconf 90' lang='lat' dir='ltr'><strong>sit,</strong></span> <span class='ocrx_word' id='word_1_748' title='bbox 2348 3353 2474 3424; x_wconf 89' lang='lat' dir='ltr'><strong>quid</strong></span> <span class='ocrx_word' id='word_1_749' title='bbox 2500 3354 2765 3431; x_wconf 82' lang='lat' dir='ltr'><strong>agendum</strong></span> <span class='ocrx_word' id='word_1_750' title='bbox 2794 3363 2848 3409; x_wconf 89' lang='lat' dir='ltr'><strong>ut</strong></span> <span class='ocrx_word' id='word_1_751' title='bbox 2881 3354 3030 3408; x_wconf 91' lang='lat' dir='ltr'><strong>facile</strong></span> <span class='ocrx_word' id='word_1_752' title='bbox 3058 3363 3363 3425; x_wconf 85' lang='lat' dir='ltr'><strong>superetur,</strong></span> <span class='ocrx_word' id='word_1_753' title='bbox 3385 3354 3527 3425; x_wconf 87' lang='lat' dir='ltr'><strong>quod</strong></span> 
     </span>
    </p>
   </div>
   <div class='ocr_carea' id='block_1_94' title="bbox 1934 3445 3525 3512">
    <p class='ocr_par' dir='ltr' id='par_1_94' title="bbox 1934 3445 3525 3512">
     <span class='ocr_line' id='line_1_95' title="bbox 1934 3445 3525 3512; baseline -0.001 -9"><span class='ocrx_word' id='word_1_754' title='bbox 1934 3446 2320 3503; x_wconf 88' lang='lat' dir='ltr'><strong>munimentum</strong></span> <span class='ocrx_word' id='word_1_755' title='bbox 2351 3445 2689 3512; x_wconf 88' lang='lat' dir='ltr'><strong>sumendum,</strong></span> <span class='ocrx_word' id='word_1_756' title='bbox 2720 3461 2789 3501; x_wconf 88' lang='lat' dir='ltr'><strong>ne</strong></span> <span class='ocrx_word' id='word_1_757' title='bbox 2821 3445 2973 3501; x_wconf 87' lang='lat' dir='ltr'><strong>facile</strong></span> <span class='ocrx_word' id='word_1_758' title='bbox 2996 3461 3184 3500; x_wconf 91' lang='lat' dir='ltr'><strong>rursus</strong></span> <span class='ocrx_word' id='word_1_759' title='bbox 3209 3446 3525 3502; x_wconf 85' lang='lat' dir='ltr'><strong>insidietur:</strong></span> 
     </span>
    </p>
   </div>
   <div class='ocr_carea' id='block_1_95' title="bbox 1935 3536 3526 3607">
    <p class='ocr_par' dir='ltr' id='par_1_95' title="bbox 1935 3536 3526 3607">
     <span class='ocr_line' id='line_1_96' title="bbox 1935 3536 3526 3607; baseline 0.002 -14"><span class='ocrx_word' id='word_1_760' title='bbox 1935 3546 1989 3593; x_wconf 87' lang='lat' dir='ltr'><strong>et</strong></span> <span class='ocrx_word' id='word_1_761' title='bbox 2016 3536 2063 3592; x_wconf 88' lang='lat' dir='ltr'><strong>si</strong></span> <span class='ocrx_word' id='word_1_762' title='bbox 2089 3536 2213 3607; x_wconf 87' lang='lat' dir='ltr'><strong>quid</strong></span> <span class='ocrx_word' id='word_1_763' title='bbox 2243 3536 2545 3606; x_wconf 89' lang='lat' dir='ltr'><strong>hujusmodi</strong></span> <span class='ocrx_word' id='word_1_764' title='bbox 2588 3545 2690 3603; x_wconf 89' lang='lat' dir='ltr'><strong>est,</strong></span> <span class='ocrx_word' id='word_1_765' title='bbox 2731 3536 2891 3593; x_wconf 89' lang='lat' dir='ltr'><strong>docet</strong></span> <span class='ocrx_word' id='word_1_766' title='bbox 2918 3553 3012 3592; x_wconf 85' lang='lat' dir='ltr'><strong>vos</strong></span> <span class='ocrx_word' id='word_1_767' title='bbox 3048 3538 3395 3592; x_wconf 89' lang='lat' dir='ltr'><strong>diuturnitate</strong></span> <span class='ocrx_word' id='word_1_768' title='bbox 3412 3538 3526 3607; x_wconf 82' lang='lat' dir='ltr'><strong>jam</strong></span> 
     </span>
    </p>
   </div>
   <div class='ocr_carea' id='block_1_96' title="bbox 1935 3626 3526 3697">
    <p class='ocr_par' dir='ltr' id='par_1_96' title="bbox 1935 3626 3526 3697">
     <span class='ocr_line' id='line_1_97' title="bbox 1935 3626 3526 3697; baseline 0 -14"><span class='ocrx_word' id='word_1_769' title='bbox 1935 3637 2101 3692; x_wconf 83' lang='lat' dir='ltr'><strong>certa,</strong></span> <span class='ocrx_word' id='word_1_770' title='bbox 2122 3641 2305 3683; x_wconf 86' lang='lat' dir='ltr'><strong>amore</strong></span> <span class='ocrx_word' id='word_1_771' title='bbox 2329 3626 2607 3687; x_wconf 83' lang='lat' dir='ltr'><strong>benevola.</strong></span> <span class='ocrx_word' id='word_1_772' title='bbox 2637 3627 2831 3697; x_wconf 87' lang='lat' dir='ltr'><strong>pietate</strong></span> <span class='ocrx_word' id='word_1_773' title='bbox 2859 3627 3104 3696; x_wconf 89' lang='lat' dir='ltr'><strong>sollicita,</strong></span> <span class='ocrx_word' id='word_1_774' title='bbox 3133 3637 3291 3683; x_wconf 68' lang='lat' dir='ltr'><strong>aetate</strong></span> <span class='ocrx_word' id='word_1_775' title='bbox 3314 3643 3526 3684; x_wconf 88' lang='lat' dir='ltr'><strong>secura.</strong></span> 
     </span>
    </p>
   </div>
   <div class='ocr_carea' id='block_1_97' title="bbox 1937 3719 3528 3790">
    <p class='ocr_par' dir='ltr' id='par_1_97' title="bbox 1937 3719 3528 3790">
     <span class='ocr_line' id='line_1_98' title="bbox 1937 3719 3528 3790; baseline 0.001 -17"><span class='ocrx_word' id='word_1_776' title='bbox 1937 3719 2014 3773; x_wconf 79' lang='lat' dir='ltr'><strong>&#39;l&#39;u</strong></span> <span class='ocrx_word' id='word_1_777' title='bbox 2037 3719 2322 3790; x_wconf 63' lang='lat' dir='ltr'><strong>prsecipue,</strong></span> <span class='ocrx_word' id='word_1_778' title='bbox 2358 3727 2412 3774; x_wconf 89' lang='lat' dir='ltr'><strong>tu</strong></span> <span class='ocrx_word' id='word_1_779' title='bbox 2442 3719 2661 3775; x_wconf 89' lang='lat' dir='ltr'><strong>consule</strong></span> <span class='ocrx_word' id='word_1_780' title='bbox 2690 3719 2742 3773; x_wconf 91' lang='lat' dir='ltr'><strong>in</strong></span> <span class='ocrx_word' id='word_1_781' title='bbox 2773 3719 2964 3773; x_wconf 90' lang='lat' dir='ltr'><strong>talibus</strong></span> <span class='ocrx_word' id='word_1_782' title='bbox 2986 3733 3127 3785; x_wconf 89' lang='lat' dir='ltr'><strong>eam,</strong></span> <span class='ocrx_word' id='word_1_783' title='bbox 3155 3734 3274 3788; x_wconf 82' lang='lat' dir='ltr'><strong>quae</strong></span> <span class='ocrx_word' id='word_1_784' title='bbox 3308 3730 3528 3789; x_wconf 75' lang='lat' dir='ltr'><strong>experta</strong></span> 
     </span>
    </p>
   </div>
   <div class='ocr_carea' id='block_1_98' title="bbox 1935 3810 3525 3882">
    <p class='ocr_par' dir='ltr' id='par_1_98' title="bbox 1935 3810 3525 3882">
     <span class='ocr_line' id='line_1_99' title="bbox 1935 3810 3525 3882; baseline -0.001 -15"><span class='ocrx_word' id='word_1_785' title='bbox 1935 3820 2018 3867; x_wconf 89' lang='lat' dir='ltr'><strong>est</strong></span> <span class='ocrx_word' id='word_1_786' title='bbox 2057 3810 2198 3882; x_wconf 88' lang='lat' dir='ltr'><strong>quod</strong></span> <span class='ocrx_word' id='word_1_787' title='bbox 2239 3820 2456 3881; x_wconf 82' lang='lat' dir='ltr'><strong>experta</strong></span> <span class='ocrx_word' id='word_1_788' title='bbox 2488 3827 2567 3867; x_wconf 90' lang='lat' dir='ltr'><strong>es.</strong></span> <span class='ocrx_word' id='word_1_789' title='bbox 2607 3811 2740 3866; x_wconf 87' lang='lat' dir='ltr'><strong>Nam</strong></span> <span class='ocrx_word' id='word_1_790' title='bbox 2774 3811 2951 3881; x_wconf 82' lang='lat' dir='ltr'><strong>proles</strong></span> <span class='ocrx_word' id='word_1_791' title='bbox 2992 3820 3166 3866; x_wconf 89' lang='lat' dir='ltr'><strong>vestra</strong></span> <span class='ocrx_word' id='word_1_792' title='bbox 3196 3811 3324 3866; x_wconf 90' lang='lat' dir='ltr'><strong>illud</strong></span> <span class='ocrx_word' id='word_1_793' title='bbox 3353 3813 3525 3866; x_wconf 87' lang='lat' dir='ltr'><strong>canti-</strong></span> 
     </span>
    </p>
   </div>
   <div class='ocr_carea' id='block_1_99' title="bbox 1935 3900 3529 3973">
    <p class='ocr_par' dir='ltr' id='par_1_99' title="bbox 1935 3900 3529 3973">
     <span class='ocr_line' id='line_1_100' title="bbox 1935 3900 3529 3973; baseline 0.001 -16"><span class='ocrx_word' id='word_1_794' title='bbox 1935 3918 2055 3957; x_wconf 83' lang='lat' dir='ltr'><strong>cum</strong></span> <span class='ocrx_word' id='word_1_795' title='bbox 2083 3911 2280 3968; x_wconf 89' lang='lat' dir='ltr'><strong>cantat,</strong></span> <span class='ocrx_word' id='word_1_796' title='bbox 2311 3901 2451 3973; x_wconf 91' lang='lat' dir='ltr'><strong>quod</strong></span> <span class='ocrx_word' id='word_1_797' title='bbox 2480 3901 2536 3956; x_wconf 92' lang='lat' dir='ltr'><strong>in</strong></span> <span class='ocrx_word' id='word_1_798' title='bbox 2577 3901 2895 3973; x_wconf 84' lang='lat' dir='ltr'><strong>Apocalypsi</strong></span> <span class='ocrx_word' id='word_1_799' title='bbox 2928 3900 3029 3955; x_wconf 90' lang='lat' dir='ltr'><strong>nisi</strong></span> <span class='ocrx_word' id='word_1_800' title='bbox 3057 3902 3287 3972; x_wconf 77' lang='lat' dir='ltr'><strong>virgines</strong></span> <span class='ocrx_word' id='word_1_801' title='bbox 3311 3911 3529 3958; x_wconf 87' lang='lat' dir='ltr'><strong>cantare</strong></span> 
     </span>
    </p>
   </div>
   <div class='ocr_carea' id='block_1_100' title="bbox 1934 3990 3526 4064">
    <p class='ocr_par' dir='ltr' id='par_1_100' title="bbox 1934 3990 3526 4064">
     <span class='ocr_line' id='line_1_101' title="bbox 1934 3990 3526 4064; baseline 0.001 -16"><span class='ocrx_word' id='word_1_802' title='bbox 1934 4010 2041 4049; x_wconf 91' lang='lat' dir='ltr'><strong>non</strong></span> <span class='ocrx_word' id='word_1_803' title='bbox 2086 4001 2309 4064; x_wconf 89' lang='lat' dir='ltr'><strong>possunt</strong></span> <span class='ocrx_word' id='word_1_804' title='bbox 2355 3990 2535 4064; x_wconf 82' lang='lat' dir='ltr'><strong>(Apoc.</strong></span> <span class='ocrx_word' id='word_1_805' title='bbox 2582 4008 2692 4056; x_wconf 78' lang='lat' dir='ltr'><strong>xw,</strong></span> <span class='ocrx_word' id='word_1_806' title='bbox 2724 3994 2776 4058; x_wconf 83' lang='lat'><strong>5,</strong></span> <span class='ocrx_word' id='word_1_807' title='bbox 2810 3992 2888 4063; x_wconf 70' lang='grc'><strong>4).</strong></span> <span class='ocrx_word' id='word_1_808' title='bbox 2928 3992 3033 4047; x_wconf 90' lang='lat' dir='ltr'><strong>Pro</strong></span> <span class='ocrx_word' id='word_1_809' title='bbox 3062 3992 3327 4047; x_wconf 85' lang='lat' dir='ltr'><strong>ambabus</strong></span> <span class='ocrx_word' id='word_1_810' title='bbox 3348 4000 3526 4049; x_wconf 87' lang='lat' dir='ltr'><strong>tamen</strong></span> 
     </span>
    </p>
   </div>
   <div class='ocr_carea' id='block_1_101' title="bbox 1934 4083 3529 4154">
    <p class='ocr_par' dir='ltr' id='par_1_101' title="bbox 1934 4083 3529 4154">
     <span class='ocr_line' id='line_1_102' title="bbox 1934 4083 3529 4154; baseline -0.001 -13"><span class='ocrx_word' id='word_1_811' title='bbox 1934 4085 2086 4141; x_wconf 82' lang='lat' dir='ltr'><strong>vobis</strong></span> <span class='ocrx_word' id='word_1_812' title='bbox 2132 4084 2408 4141; x_wconf 85' lang='lat' dir='ltr'><strong>sollicitius</strong></span> <span class='ocrx_word' id='word_1_813' title='bbox 2452 4093 2749 4154; x_wconf 86' lang='lat' dir='ltr'><strong>oratquam</strong></span> <span class='ocrx_word' id='word_1_814' title='bbox 2796 4099 2892 4153; x_wconf 90' lang='lat' dir='ltr'><strong>pro</strong></span> <span class='ocrx_word' id='word_1_815' title='bbox 2931 4099 2990 4138; x_wconf 90' lang='lat' dir='ltr'><strong>se</strong></span> <span class='ocrx_word' id='word_1_816' title='bbox 3028 4084 3141 4153; x_wconf 90' lang='lat' dir='ltr'><strong>ipsa</strong></span> <span class='ocrx_word' id='word_1_817' title='bbox 3175 4083 3308 4139; x_wconf 87' lang='lat' dir='ltr'><strong>:sed</strong></span> <span class='ocrx_word' id='word_1_818' title='bbox 3359 4084 3529 4154; x_wconf 88' lang='lat' dir='ltr'><strong>magis</strong></span> 
     </span>
    </p>
   </div>
   <div class='ocr_carea' id='block_1_102' title="bbox 1935 4177 3524 4250">
    <p class='ocr_par' dir='ltr' id='par_1_102' title="bbox 1935 4177 3524 4250">
     <span class='ocr_line' id='line_1_103' title="bbox 1935 4177 3524 4250; baseline -0.001 -15"><span class='ocrx_word' id='word_1_819' title='bbox 1935 4196 2033 4250; x_wconf 89' lang='lat' dir='ltr'><strong>pro</strong></span> <span class='ocrx_word' id='word_1_820' title='bbox 2073 4188 2233 4250; x_wconf 87' lang='lat' dir='ltr'><strong>nepte</strong></span> <span class='ocrx_word' id='word_1_821' title='bbox 2256 4180 2478 4234; x_wconf 90' lang='lat' dir='ltr'><strong>sollicita</strong></span> <span class='ocrx_word' id='word_1_822' title='bbox 2506 4188 2607 4241; x_wconf 90' lang='lat' dir='ltr'><strong>est,</strong></span> <span class='ocrx_word' id='word_1_823' title='bbox 2639 4179 2723 4233; x_wconf 89' lang='lat' dir='ltr'><strong>cui</strong></span> <span class='ocrx_word' id='word_1_824' title='bbox 2754 4177 3135 4234; x_wconf 90' lang='lat' dir='ltr'><strong>vincendarum</strong></span> <span class='ocrx_word' id='word_1_825' title='bbox 3176 4178 3524 4233; x_wconf 87' lang='lat' dir='ltr'><strong>teutationum</strong></span> 
     </span>
    </p>
   </div>
   <div class='ocr_carea' id='block_1_103' title="bbox 1935 4270 3526 4344">
    <p class='ocr_par' dir='ltr' id='par_1_103' title="bbox 1935 4270 3526 4344">
     <span class='ocr_line' id='line_1_104' title="bbox 1935 4270 3526 4344; baseline -0.001 -17"><span class='ocrx_word' id='word_1_826' title='bbox 1935 4276 2161 4344; x_wconf 88' lang='lat' dir='ltr'><strong>spatium</strong></span> <span class='ocrx_word' id='word_1_827' title='bbox 2206 4272 2325 4344; x_wconf 92' lang='lat' dir='ltr'><strong>plus</strong></span> <span class='ocrx_word' id='word_1_828' title='bbox 2372 4280 2536 4328; x_wconf 87' lang='lat' dir='ltr'><strong>restat</strong></span> <span class='ocrx_word' id='word_1_829' title='bbox 2586 4287 2844 4325; x_wconf 83' lang='lat' dir='ltr'><strong>annorum</strong></span> <span class='ocrx_word' id='word_1_830' title='bbox 2880 4289 2892 4325; x_wconf 94' lang='lat'>:</span> <span class='ocrx_word' id='word_1_831' title='bbox 2927 4281 2977 4326; x_wconf 90' lang='lat' dir='ltr'><strong>te</strong></span> <span class='ocrx_word' id='word_1_832' title='bbox 3009 4278 3186 4326; x_wconf 89' lang='lat' dir='ltr'><strong>autem</strong></span> <span class='ocrx_word' id='word_1_833' title='bbox 3226 4270 3369 4326; x_wconf 90' lang='lat' dir='ltr'><strong>videt</strong></span> <span class='ocrx_word' id='word_1_834' title='bbox 3410 4286 3526 4328; x_wconf 67' lang='lat' dir='ltr'><strong>aevo</strong></span> 
     </span>
    </p>
   </div>
   <div class='ocr_carea' id='block_1_104' title="bbox 1935 4361 3526 4432">
    <p class='ocr_par' dir='ltr' id='par_1_104' title="bbox 1935 4361 3526 4432">
     <span class='ocr_line' id='line_1_105' title="bbox 1935 4361 3526 4432; baseline -0.002 -12"><span class='ocrx_word' id='word_1_835' title='bbox 1935 4375 2033 4421; x_wconf 89' lang='lat' dir='ltr'><strong>suo</strong></span> <span class='ocrx_word' id='word_1_836' title='bbox 2058 4365 2390 4430; x_wconf 86' lang='lat' dir='ltr'><strong>vicinioretn,</strong></span> <span class='ocrx_word' id='word_1_837' title='bbox 2422 4373 2476 4420; x_wconf 91' lang='lat' dir='ltr'><strong>et</strong></span> <span class='ocrx_word' id='word_1_838' title='bbox 2522 4366 2638 4432; x_wconf 85' lang='lat' dir='ltr'><strong>ejus</strong></span> <span class='ocrx_word' id='word_1_839' title='bbox 2682 4364 2805 4418; x_wconf 64' lang='lat' dir='ltr'><strong>filiae</strong></span> <span class='ocrx_word' id='word_1_840' title='bbox 2846 4373 3095 4426; x_wconf 90' lang='lat' dir='ltr'><strong>matrem,</strong></span> <span class='ocrx_word' id='word_1_841' title='bbox 3147 4378 3305 4432; x_wconf 90' lang='lat' dir='ltr'><strong>quam</strong></span> <span class='ocrx_word' id='word_1_842' title='bbox 3357 4361 3401 4417; x_wconf 91' lang='lat' dir='ltr'><strong>si</strong></span> <span class='ocrx_word' id='word_1_843' title='bbox 3435 4379 3526 4417; x_wconf 81' lang='lat' dir='ltr'><strong>nu-</strong></span> 
     </span>
    </p>
   </div>
   <div class='ocr_carea' id='block_1_105' title="bbox 1936 4453 3525 4528">
    <p class='ocr_par' dir='ltr' id='par_1_105' title="bbox 1936 4453 3525 4528">
     <span class='ocr_line' id='line_1_106' title="bbox 1936 4453 3525 4528; baseline -0.003 -17"><span class='ocrx_word' id='word_1_844' title='bbox 1936 4466 2100 4528; x_wconf 91' lang='lat' dir='ltr'><strong>ptam,</strong></span> <span class='ocrx_word' id='word_1_845' title='bbox 2132 4455 2271 4525; x_wconf 89' lang='lat' dir='ltr'><strong>quod</strong></span> <span class='ocrx_word' id='word_1_846' title='bbox 2297 4455 2406 4525; x_wconf 87' lang='lat' dir='ltr'><strong>jam</strong></span> <span class='ocrx_word' id='word_1_847' title='bbox 2433 4471 2537 4509; x_wconf 90' lang='lat' dir='ltr'><strong>non</strong></span> <span class='ocrx_word' id='word_1_848' title='bbox 2567 4456 2705 4516; x_wconf 89' lang='lat' dir='ltr'><strong>licet,</strong></span> <span class='ocrx_word' id='word_1_849' title='bbox 2739 4462 2899 4522; x_wconf 88' lang='lat' dir='ltr'><strong>atque</strong></span> <span class='ocrx_word' id='word_1_850' title='bbox 2927 4454 3083 4517; x_wconf 89' lang='lat' dir='ltr'><strong>absit,</strong></span> <span class='ocrx_word' id='word_1_851' title='bbox 3123 4453 3367 4517; x_wconf 86' lang='lat' dir='ltr'><strong>vidisses,</strong></span> <span class='ocrx_word' id='word_1_852' title='bbox 3399 4463 3525 4523; x_wconf 92' lang='lat' dir='ltr'><strong>puto</strong></span> 
     </span>
    </p>
   </div>
   <div class='ocr_carea' id='block_1_106' title="bbox 1935 4545 3526 4620">
    <p class='ocr_par' dir='ltr' id='par_1_106' title="bbox 1935 4545 3526 4620">
     <span class='ocr_line' id='line_1_107' title="bbox 1935 4545 3526 4620; baseline -0.001 -18"><span class='ocrx_word' id='word_1_853' title='bbox 1935 4548 2075 4620; x_wconf 88' lang='lat' dir='ltr'><strong>quod</strong></span> <span class='ocrx_word' id='word_1_854' title='bbox 2110 4563 2298 4619; x_wconf 88' lang='lat' dir='ltr'><strong>parere</strong></span> <span class='ocrx_word' id='word_1_855' title='bbox 2321 4562 2439 4602; x_wconf 92' lang='lat' dir='ltr'><strong>cum</strong></span> <span class='ocrx_word' id='word_1_856' title='bbox 2484 4547 2568 4601; x_wconf 88' lang='lat' dir='ltr'><strong>illa</strong></span> <span class='ocrx_word' id='word_1_857' title='bbox 2596 4546 2921 4601; x_wconf 89' lang='lat' dir='ltr'><strong>erubuisses.</strong></span> <span class='ocrx_word' id='word_1_858' title='bbox 2962 4545 3230 4614; x_wconf 86' lang='lat' dir='ltr'><strong>Quantum</strong></span> <span class='ocrx_word' id='word_1_859' title='bbox 3274 4555 3353 4601; x_wconf 90' lang='lat' dir='ltr'><strong>est</strong></span> <span class='ocrx_word' id='word_1_860' title='bbox 3396 4561 3526 4617; x_wconf 85' lang='lat' dir='ltr'><strong>ergo</strong></span> 
     </span>
    </p>
   </div>
   <div class='ocr_carea' id='block_1_107' title="bbox 1935 4638 3523 4711">
    <p class='ocr_par' dir='ltr' id='par_1_107' title="bbox 1935 4638 3523 4711">
     <span class='ocr_line' id='line_1_108' title="bbox 1935 4638 3523 4711; baseline 0.001 -19"><span class='ocrx_word' id='word_1_861' title='bbox 1935 4640 2075 4711; x_wconf 90' lang='lat' dir='ltr'><strong>quod</strong></span> <span class='ocrx_word' id='word_1_862' title='bbox 2097 4640 2208 4710; x_wconf 88' lang='lat' dir='ltr'><strong>jam</strong></span> <span class='ocrx_word' id='word_1_863' title='bbox 2238 4640 2331 4695; x_wconf 91' lang='lat' dir='ltr'><strong>tibi</strong></span> <span class='ocrx_word' id='word_1_864' title='bbox 2365 4638 2678 4709; x_wconf 61' lang='lat' dir='ltr'><strong>periculosa:</strong></span> <span class='ocrx_word' id='word_1_865' title='bbox 2707 4646 2874 4693; x_wconf 87' lang='lat' dir='ltr'><strong>restat</strong></span> <span class='ocrx_word' id='word_1_866' title='bbox 2894 4640 3088 4706; x_wconf 77' lang='lat' dir='ltr'><strong>:etatis,</strong></span> <span class='ocrx_word' id='word_1_867' title='bbox 3117 4654 3235 4709; x_wconf 76' lang='lat' dir='ltr'><strong>qua:</strong></span> <span class='ocrx_word' id='word_1_868' title='bbox 3267 4639 3386 4694; x_wconf 83' lang='lat' dir='ltr'><strong>ideo</strong></span> <span class='ocrx_word' id='word_1_869' title='bbox 3417 4654 3523 4693; x_wconf 90' lang='lat' dir='ltr'><strong>non</strong></span> 
     </span>
    </p>
   </div>
   <div class='ocr_carea' id='block_1_108' title="bbox 1936 4732 3525 4801">
    <p class='ocr_par' dir='ltr' id='par_1_108' title="bbox 1936 4732 3525 4801">
     <span class='ocr_line' id='line_1_109' title="bbox 1936 4732 3525 4801; baseline -0.001 -14"><span class='ocrx_word' id='word_1_870' title='bbox 1936 4733 2133 4788; x_wconf 89' lang='lat' dir='ltr'><strong>diceris</strong></span> <span class='ocrx_word' id='word_1_871' title='bbox 2170 4732 2307 4796; x_wconf 85' lang='lat' dir='ltr'><strong>avia,</strong></span> <span class='ocrx_word' id='word_1_872' title='bbox 2354 4740 2410 4785; x_wconf 90' lang='lat' dir='ltr'><strong>ut</strong></span> <span class='ocrx_word' id='word_1_873' title='bbox 2457 4740 2760 4785; x_wconf 89' lang='lat' dir='ltr'><strong>sanctarum</strong></span> <span class='ocrx_word' id='word_1_874' title='bbox 2810 4732 3189 4801; x_wconf 82' lang='lat' dir='ltr'><strong>cogitationum</strong></span> <span class='ocrx_word' id='word_1_875' title='bbox 3220 4739 3274 4786; x_wconf 90' lang='lat' dir='ltr'><strong>et</strong></span> <span class='ocrx_word' id='word_1_876' title='bbox 3301 4746 3525 4800; x_wconf 89' lang='lat' dir='ltr'><strong>operum</strong></span> 
     </span>
    </p>
   </div>
   <div class='ocr_carea' id='block_1_109' title="bbox 1936 4822 3523 4891">
    <p class='ocr_par' dir='ltr' id='par_1_109' title="bbox 1936 4822 3523 4891">
     <span class='ocr_line' id='line_1_110' title="bbox 1936 4822 3523 4891; baseline -0.001 -13"><span class='ocrx_word' id='word_1_877' title='bbox 1936 4825 2128 4881; x_wconf 88' lang='lat' dir='ltr'><strong>fetibus</strong></span> <span class='ocrx_word' id='word_1_878' title='bbox 2170 4839 2291 4879; x_wconf 89' lang='lat' dir='ltr'><strong>cum</strong></span> <span class='ocrx_word' id='word_1_879' title='bbox 2339 4823 2445 4878; x_wconf 87' lang='lat' dir='ltr'><strong>filia</strong></span> <span class='ocrx_word' id='word_1_880' title='bbox 2492 4823 2664 4891; x_wconf 89' lang='lat' dir='ltr'><strong>possis</strong></span> <span class='ocrx_word' id='word_1_881' title='bbox 2703 4838 2822 4878; x_wconf 88' lang='lat' dir='ltr'><strong>esse</strong></span> <span class='ocrx_word' id='word_1_882' title='bbox 2866 4822 3135 4878; x_wconf 83' lang='lat' dir='ltr'><strong>fecunda?</strong></span> <span class='ocrx_word' id='word_1_883' title='bbox 3180 4822 3294 4878; x_wconf 85' lang='lat' dir='ltr'><strong>Non</strong></span> <span class='ocrx_word' id='word_1_884' title='bbox 3346 4823 3523 4890; x_wconf 85' lang='lat' dir='ltr'><strong>itaque</strong></span> 
     </span>
    </p>
   </div>
   <div class='ocr_carea' id='block_1_110' title="bbox 1936 4915 3520 4987">
    <p class='ocr_par' dir='ltr' id='par_1_110' title="bbox 1936 4915 3520 4987">
     <span class='ocr_line' id='line_1_111' title="bbox 1936 4915 3520 4987; baseline -0.002 -16"><span class='ocrx_word' id='word_1_885' title='bbox 1936 4915 2203 4971; x_wconf 85' lang='lat' dir='ltr'><strong>immerito</strong></span> <span class='ocrx_word' id='word_1_886' title='bbox 2229 4915 2395 4985; x_wconf 87' lang='lat' dir='ltr'><strong>magis</strong></span> <span class='ocrx_word' id='word_1_887' title='bbox 2439 4930 2535 4987; x_wconf 87' lang='lat' dir='ltr'><strong>pro</strong></span> <span class='ocrx_word' id='word_1_888' title='bbox 2561 4915 2647 4969; x_wconf 88' lang='lat' dir='ltr'><strong>illa</strong></span> <span class='ocrx_word' id='word_1_889' title='bbox 2677 4915 2903 4969; x_wconf 87' lang='lat' dir='ltr'><strong>sollicita</strong></span> <span class='ocrx_word' id='word_1_890' title='bbox 2932 4925 3012 4970; x_wconf 88' lang='lat' dir='ltr'><strong>est</strong></span> <span class='ocrx_word' id='word_1_891' title='bbox 3039 4916 3176 4981; x_wconf 88' lang='lat' dir='ltr'><strong>avia,</strong></span> <span class='ocrx_word' id='word_1_892' title='bbox 3204 4930 3304 4985; x_wconf 88' lang='lat' dir='ltr'><strong>pro</strong></span> <span class='ocrx_word' id='word_1_893' title='bbox 3329 4928 3431 4983; x_wconf 87' lang='lat' dir='ltr'><strong>qua</strong></span> <span class='ocrx_word' id='word_1_894' title='bbox 3470 4921 3520 4968; x_wconf 89' lang='lat' dir='ltr'><strong>et</strong></span> 
     </span>
    </p>
   </div>
   <div class='ocr_carea' id='block_1_111' title="bbox 1938 5004 3522 5076">
    <p class='ocr_par' dir='ltr' id='par_1_111' title="bbox 1938 5004 3522 5076">
     <span class='ocr_line' id='line_1_112' title="bbox 1938 5004 3522 5076; baseline -0.002 -14"><span class='ocrx_word' id='word_1_895' title='bbox 1938 5017 1993 5062; x_wconf 93' lang='lat' dir='ltr'><strong>tu</strong></span> <span class='ocrx_word' id='word_1_896' title='bbox 2023 5016 2190 5062; x_wconf 90' lang='lat' dir='ltr'><strong>mater</strong></span> <span class='ocrx_word' id='word_1_897' title='bbox 2215 5024 2229 5061; x_wconf 86' lang='lat'><strong>:</strong></span> <span class='ocrx_word' id='word_1_898' title='bbox 2266 5007 2387 5076; x_wconf 88' lang='lat' dir='ltr'><strong>quia</strong></span> <span class='ocrx_word' id='word_1_899' title='bbox 2414 5014 2468 5060; x_wconf 89' lang='lat' dir='ltr'><strong>et</strong></span> <span class='ocrx_word' id='word_1_900' title='bbox 2511 5005 2682 5075; x_wconf 84' lang='lat' dir='ltr'><strong>majus</strong></span> <span class='ocrx_word' id='word_1_901' title='bbox 2711 5014 2792 5060; x_wconf 90' lang='lat' dir='ltr'><strong>est</strong></span> <span class='ocrx_word' id='word_1_902' title='bbox 2821 5006 2961 5076; x_wconf 91' lang='lat' dir='ltr'><strong>quod</strong></span> <span class='ocrx_word' id='word_1_903' title='bbox 2992 5007 3153 5071; x_wconf 87' lang='lat' dir='ltr'><strong>vovit,</strong></span> <span class='ocrx_word' id='word_1_904' title='bbox 3200 5014 3252 5060; x_wconf 87' lang='lat' dir='ltr'><strong>et</strong></span> <span class='ocrx_word' id='word_1_905' title='bbox 3281 5013 3446 5059; x_wconf 91' lang='lat' dir='ltr'><strong>totum</strong></span> <span class='ocrx_word' id='word_1_906' title='bbox 3472 5004 3522 5059; x_wconf 90' lang='lat' dir='ltr'><strong>ei</strong></span> 
     </span>
    </p>
   </div>
   <div class='ocr_carea' id='block_1_112' title="bbox 1934 5098 3525 5170">
    <p class='ocr_par' dir='ltr' id='par_1_112' title="bbox 1934 5098 3525 5170">
     <span class='ocr_line' id='line_1_113' title="bbox 1934 5098 3525 5170; baseline -0.002 -16"><span class='ocrx_word' id='word_1_907' title='bbox 1934 5109 2103 5156; x_wconf 87' lang='lat' dir='ltr'><strong>restat</strong></span> <span class='ocrx_word' id='word_1_908' title='bbox 2141 5098 2280 5170; x_wconf 92' lang='lat' dir='ltr'><strong>quod</strong></span> <span class='ocrx_word' id='word_1_909' title='bbox 2309 5098 2465 5153; x_wconf 88' lang='lat' dir='ltr'><strong>modo</strong></span> <span class='ocrx_word' id='word_1_910' title='bbox 2495 5099 2656 5169; x_wconf 72' lang='lat' dir='ltr'><strong>cmpit</strong></span> <span class='ocrx_word' id='word_1_911' title='bbox 2681 5098 2721 5151; x_wconf 85' lang='grc'><strong>³.</strong></span> <span class='ocrx_word' id='word_1_912' title='bbox 2763 5098 3023 5153; x_wconf 78' lang='lat' dir='ltr'><strong>Exaudiat</strong></span> <span class='ocrx_word' id='word_1_913' title='bbox 3056 5098 3310 5152; x_wconf 87' lang='lat' dir='ltr'><strong>Dominus</strong></span> <span class='ocrx_word' id='word_1_914' title='bbox 3338 5111 3525 5164; x_wconf 85' lang='lat' dir='ltr'><strong>preces</strong></span> 
     </span>
    </p>
   </div>
   <div class='ocr_carea' id='block_1_113' title="bbox 1937 5188 3522 5262">
    <p class='ocr_par' dir='ltr' id='par_1_113' title="bbox 1937 5188 3522 5262">
     <span class='ocr_line' id='line_1_114' title="bbox 1937 5188 3522 5262; baseline -0.001 -17"><span class='ocrx_word' id='word_1_915' title='bbox 1937 5190 2072 5262; x_wconf 88' lang='lat' dir='ltr'><strong>ejus,</strong></span> <span class='ocrx_word' id='word_1_916' title='bbox 2102 5197 2160 5244; x_wconf 89' lang='lat' dir='ltr'><strong>ut</strong></span> <span class='ocrx_word' id='word_1_917' title='bbox 2184 5198 2364 5245; x_wconf 86' lang='lat' dir='ltr'><strong>sancto</strong></span> <span class='ocrx_word' id='word_1_918' title='bbox 2393 5188 2415 5219; x_wconf 70' lang='lat'><strong>‘</strong></span> <span class='ocrx_word' id='word_1_919' title='bbox 2445 5188 2808 5260; x_wconf 88' lang='lat' dir='ltr'><strong>obsequamini</strong></span> <span class='ocrx_word' id='word_1_920' title='bbox 2839 5188 3043 5243; x_wconf 80' lang='lat' dir='ltr'><strong>meritis</strong></span> <span class='ocrx_word' id='word_1_921' title='bbox 3072 5188 3208 5258; x_wconf 89' lang='lat' dir='ltr'><strong>ejus,</strong></span> <span class='ocrx_word' id='word_1_922' title='bbox 3254 5202 3374 5257; x_wconf 79' lang='lat' dir='ltr'><strong>qua:</strong></span> <span class='ocrx_word' id='word_1_923' title='bbox 3401 5201 3522 5243; x_wconf 85' lang='lat' dir='ltr'><strong>car-</strong></span> 
     </span>
    </p>
   </div>
   <div class='ocr_carea' id='block_1_114' title="bbox 2001 5342 3526 5410">
    <p class='ocr_par' dir='ltr' id='par_1_114' title="bbox 2001 5342 3526 5410">
     <span class='ocr_line' id='line_1_115' title="bbox 2001 5342 3526 5410; baseline 0.002 -16"><span class='ocrx_word' id='word_1_924' title='bbox 2001 5346 2019 5378; x_wconf 81' lang='grc' dir='ltr'>ι</span> <span class='ocrx_word' id='word_1_925' title='bbox 2051 5345 2187 5404; x_wconf 78' lang='lat' dir='ltr'><strong>Edlti,</strong></span> <span class='ocrx_word' id='word_1_926' title='bbox 2222 5357 2330 5410; x_wconf 79' lang='lat' dir='ltr'><strong>qua:</strong></span> <span class='ocrx_word' id='word_1_927' title='bbox 2350 5357 2477 5410; x_wconf 77' lang='lat' dir='ltr'><strong>vero.</strong></span> <span class='ocrx_word' id='word_1_928' title='bbox 2507 5350 2562 5393; x_wconf 76' lang='lat' dir='ltr'><strong>At</strong></span> <span class='ocrx_word' id='word_1_929' title='bbox 2582 5351 2717 5410; x_wconf 72' lang='lat' dir='ltr'><strong>lltss.,</strong></span> <span class='ocrx_word' id='word_1_930' title='bbox 2752 5342 2947 5404; x_wconf 78' lang='lat' dir='ltr'><strong>videro;</strong></span> <span class='ocrx_word' id='word_1_931' title='bbox 2971 5344 3150 5393; x_wconf 91' lang='lat' dir='ltr'><strong>omisso</strong></span> <span class='ocrx_word' id='word_1_932' title='bbox 3174 5379 3189 5406; x_wconf 96' lang='lat'><strong>,</strong></span> <span class='ocrx_word' id='word_1_933' title='bbox 3222 5356 3349 5410; x_wconf 68' lang='lat' dir='ltr'><strong>qua}.</strong></span> <span class='ocrx_word' id='word_1_934' title='bbox 3397 5352 3526 5397; x_wconf 82' lang='lat' dir='ltr'><strong>Unus</strong></span> 
     </span>
    </p>
   </div>
   <div class='ocr_carea' id='block_1_115' title="bbox 1939 5407 2743 5465">
    <p class='ocr_par' dir='ltr' id='par_1_115' title="bbox 1939 5407 2743 5465">
     <span class='ocr_line' id='line_1_116' title="bbox 1939 5407 2743 5465; baseline -0.005 -8"><span class='ocrx_word' id='word_1_935' title='bbox 1939 5407 2361 5465; x_wconf 69' lang='lat' dir='ltr'><strong>AugustiuenSittm</strong></span> <span class='ocrx_word' id='word_1_936' title='bbox 2379 5407 2543 5465; x_wconf 89' lang='lat' dir='ltr'><strong>habet,</strong></span> <span class='ocrx_word' id='word_1_937' title='bbox 2566 5408 2743 5458; x_wconf 71' lang='lat' dir='ltr'><strong>ridere.</strong></span> 
     </span>
    </p>
   </div>
   <div class='ocr_carea' id='block_1_116' title="bbox 2044 5466 3528 5532">
    <p class='ocr_par' dir='ltr' id='par_1_116' title="bbox 2044 5466 3528 5532">
     <span class='ocr_line' id='line_1_117' title="bbox 2044 5466 3528 5532; baseline 0.001 -14"><span class='ocrx_word' id='word_1_938' title='bbox 2044 5472 2116 5532; x_wconf 73' lang='lat' dir='ltr'><strong>sic</strong></span> <span class='ocrx_word' id='word_1_939' title='bbox 2142 5477 2249 5532; x_wconf 78' lang='lat' dir='ltr'><strong>Mss.</strong></span> <span class='ocrx_word' id='word_1_940' title='bbox 2284 5483 2381 5518; x_wconf 90' lang='lat' dir='ltr'><strong>uno</strong></span> <span class='ocrx_word' id='word_1_941' title='bbox 2417 5477 2627 5532; x_wconf 79' lang='lat' dir='ltr'><strong>excepto</strong></span> <span class='ocrx_word' id='word_1_942' title='bbox 2657 5466 3099 5532; x_wconf 52' lang='lat' dir='ltr'><strong>Augustinensium,</strong></span> <span class='ocrx_word' id='word_1_943' title='bbox 3126 5471 3206 5532; x_wconf 88' lang='lat' dir='ltr'><strong>qui</strong></span> <span class='ocrx_word' id='word_1_944' title='bbox 3225 5470 3392 5532; x_wconf 75' lang='lat' dir='ltr'><strong>habet,</strong></span> <span class='ocrx_word' id='word_1_945' title='bbox 3416 5482 3528 5520; x_wconf 86' lang='lat' dir='ltr'><strong>cum</strong></span> 
     </span>
    </p>
   </div>
   <div class='ocr_carea' id='block_1_117' title="bbox 1936 5504 3523 5605">
    <p class='ocr_par' dir='ltr' id='par_1_117' title="bbox 1936 5504 3523 5605">
     <span class='ocr_line' id='line_1_118' title="bbox 1936 5504 3523 5605; baseline -0.001 -23"><span class='ocrx_word' id='word_1_946' title='bbox 1936 5528 2031 5605; x_wconf 36' lang='lat' dir='ltr'><strong>tu...</strong></span> <span class='ocrx_word' id='word_1_947' title='bbox 2044 5504 2254 5583; x_wconf 55' lang='lat' dir='ltr'><strong>mea</strong></span> <span class='ocrx_word' id='word_1_948' title='bbox 2267 5504 2772 5589; x_wconf 41' lang='lat' dir='ltr'><strong>assesasses,</strong></span> <span class='ocrx_word' id='word_1_949' title='bbox 2793 5504 3011 5579; x_wconf 68' lang='grc' dir='ltr'><strong>εηηῖίιιςι</strong></span> <span class='ocrx_word' id='word_1_950' title='bbox 3036 5504 3206 5581; x_wconf 55' lang='lat' dir='ltr'><strong>Ean-3</strong></span> <span class='ocrx_word' id='word_1_951' title='bbox 3226 5504 3523 5583; x_wconf 65' lang='grc' dir='ltr'><strong>ῖιτξιδῖεῖιῑάτ</strong></span> 
     </span>
    </p>
   </div>
   <div class='ocr_carea' id='block_1_118' title="bbox 1937 5601 3526 5728">
    <p class='ocr_par' dir='ltr' id='par_1_118' title="bbox 1937 5601 3526 5728">
     <span class='ocr_line' id='line_1_119' title="bbox 1937 5601 3526 5728; baseline 0.002 -23"><span class='ocrx_word' id='word_1_952' title='bbox 1937 5601 2348 5728; x_wconf 48' lang='grc' dir='ltr'><strong>ωνξδῷρὼεὶθηεὶδ</strong></span> <span class='ocrx_word' id='word_1_953' title='bbox 2363 5654 2720 5705; x_wconf 84' lang='lat' dir='ltr'><strong>vetustissimus</strong></span> <span class='ocrx_word' id='word_1_954' title='bbox 2741 5658 2794 5703; x_wconf 89' lang='lat' dir='ltr'><strong>et</strong></span> <span class='ocrx_word' id='word_1_955' title='bbox 2813 5650 2895 5705; x_wconf 86' lang='lat' dir='ltr'><strong>alii</strong></span> <span class='ocrx_word' id='word_1_956' title='bbox 2914 5661 3016 5706; x_wconf 86' lang='lat' dir='ltr'><strong>tres</strong></span> <span class='ocrx_word' id='word_1_957' title='bbox 3039 5663 3169 5721; x_wconf 47' lang='grc' dir='ltr'><strong>Μελ,</strong></span> <span class='ocrx_word' id='word_1_958' title='bbox 3193 5656 3318 5722; x_wconf 88' lang='lat' dir='ltr'><strong>quod</strong></span> <span class='ocrx_word' id='word_1_959' title='bbox 3336 5655 3526 5709; x_wconf 72' lang='lat' dir='ltr'><strong>modico</strong></span> 
     </span>
    </p>
   </div>
   <div class='ocr_carea' id='block_1_119' title="bbox 1938 5725 2786 5838">
    <p class='ocr_par' dir='ltr' id='par_1_119' title="bbox 1938 5725 2786 5838">
     <span class='ocr_line' id='line_1_120' title="bbox 1938 5725 2786 5838; baseline 0 -12"><span class='ocrx_word' id='word_1_960' title='bbox 1938 5725 2210 5828; x_wconf 31' lang='lat' dir='ltr'><strong>(ﬁgi-obs:</strong></span> <span class='ocrx_word' id='word_1_961' title='bbox 2231 5785 2356 5828; x_wconf 63' lang='lat' dir='ltr'><strong>notae</strong></span> <span class='ocrx_word' id='word_1_962' title='bbox 2378 5787 2505 5838; x_wconf 65' lang='lat' dir='ltr'><strong>Mss,</strong></span> <span class='ocrx_word' id='word_1_963' title='bbox 2522 5784 2569 5829; x_wconf 87' lang='lat' dir='ltr'><strong>et</strong></span> <span class='ocrx_word' id='word_1_964' title='bbox 2590 5782 2786 5828; x_wconf 66' lang='lat' dir='ltr'><strong>sanctae.</strong></span> 
     </span>
    </p>
   </div>
   <div class='ocr_carea' id='block_1_120' title="bbox 2011 5840 3158 5915">
    <p class='ocr_par' dir='ltr' id='par_1_120' title="bbox 2011 5840 3158 5915">
     <span class='ocr_line' id='line_1_121' title="bbox 2011 5840 3158 5915; baseline 0.003 -26"><span class='ocrx_word' id='word_1_965' title='bbox 2011 5843 2083 5906; x_wconf 76' lang='lat' dir='ltr'><strong>(tt)</strong></span> <span class='ocrx_word' id='word_1_966' title='bbox 2117 5841 2264 5893; x_wconf 77' lang='lat' dir='ltr'><strong>Proba</strong></span> <span class='ocrx_word' id='word_1_967' title='bbox 2281 5842 2598 5893; x_wconf 83' lang='lat' dir='ltr'><strong>Demetriadis</strong></span> <span class='ocrx_word' id='word_1_968' title='bbox 2614 5840 2737 5904; x_wconf 83' lang='lat' dir='ltr'><strong>avia,</strong></span> <span class='ocrx_word' id='word_1_969' title='bbox 2757 5854 2924 5915; x_wconf 71' lang='lat' dir='ltr'><strong>socrus</strong></span> <span class='ocrx_word' id='word_1_970' title='bbox 2944 5844 3158 5895; x_wconf 81' lang='lat' dir='ltr'><strong>Juliame.</strong></span> 
     </span>
    </p>
   </div>
  </div>
