4070 6334
502 405 603 460 H7

499 534 620 573 nem
650 517 753 573 viri
786 518 863 574 tui
894 516 970 591 (a)
999 518 1051 573 in
1090 516 1305 589 juventa
1354 514 1576 585 peperit,
1605 527 1700 567 cor
1744 511 1865 565 filia:
1899 519 2002 563 tua:
2030 506 2084 561 in

497 612 716 659 senecta
748 605 995 675 parturit.
1034 603 1234 658 Omnes
1260 604 1436 671 itaque
1458 601 1655 670 pariter
1680 607 1840 669 atque
1864 609 2091 651 concor-

499 696 639 751 diter
678 698 884 753 univiro
913 697 1068 752 unius
1097 695 1358 767 conjugis,
1408 693 1461 747 in
1503 692 1655 761 cujus
1703 704 1928 760 corpore
1980 703 2088 743 uno

500 790 689 859 spiritu
737 789 912 843 vivitis
931 829 947 852 ,
979 789 1183 857 placete
1209 786 1443 841 moribus
1468 827 1482 851 ,
1515 785 1707 838 instate
1735 781 2088 837 orationibus.

572 879 801 936 CAPUT
837 879 956 935 XX.
992 879 1177 933 —25.
1221 877 1480 932 I‘llecebrae
1515 875 1784 930 strculares
1827 890 1939 946 qua:
1984 883 2086 927 tant

503 972 605 1029 cito
630 973 889 1043 deﬁciunt,
918 972 1312 1029 contemnenda.
1358 971 1669 1026 Prmteritus
1708 968 1821 1025 dies
1851 982 1956 1022 non
1998 983 2086 1021 re-

504 1065 730 1121 vertitur
749 1065 800 1119 in
830 1064 1081 1128 futurum,
1111 1073 1163 1119 et
1194 1071 1313 1133 post
1339 1063 1647 1117 hesternum
1671 1060 1841 1130 pergit
1872 1057 2091 1113 hodier-

508 1171 631 1222 nus,
659 1163 712 1210 et
741 1166 859 1225 post
888 1156 1202 1210 hodiernum
1234 1161 1573 1224 perrecturus
1600 1161 1680 1208 est
1700 1151 1966 1206 crastinus
1993 1166 2006 1203 :
2039 1157 2093 1204 et

507 1262 635 1306 ecce
660 1250 836 1302 omnia
864 1259 1102 1318 tempora
1143 1256 1198 1303 et
1232 1247 1541 1318 temporalia
1571 1254 1865 1309 transeunt,
1906 1252 1965 1299 ut
1996 1259 2088 1298 ve—

508 1340 621 1396 niat
648 1355 895 1395 mansum
925 1340 1243 1412 promissio;
1275 1348 1331 1395 et
1350 1340 1437 1410 qui
1463 1338 1843 1408 perseveraverit
1866 1352 2021 1402 usque
2041 1336 2093 1389 in

508 1432 685 1503 ﬁnem,
726 1432 807 1485 Itic
828 1416 997 1487 salvus
1024 1432 1116 1486 erit
1143 1431 1356 1503 (Matth.
1390 1447 1448 1493 ι,
1478 1429 1594 1498 22).
1627 1428 1684 1485 Si
1725 1427 1955 1497 mundus
1983 1428 2093 1498 jam

507 1525 679 1595 perit,
705 1532 875 1593 nupta
897 1524 979 1579 cui
1019 1524 1185 1593 parit?
1212 1524 1320 1578 Aut
1362 1521 1523 1577 corde
1552 1522 1805 1591 paritura,
1851 1529 1907 1575 et
1933 1534 2093 1575 carne

509 1629 616 1671 non
652 1616 907 1685 paritura,
952 1630 1048 1670 cur
1088 1614 1279 1669 nubit?
1319 1615 1373 1670 Si
1399 1622 1576 1668 autem
1605 1612 1783 1669 adhuc
1809 1613 2096 1668 duraturus

512 1715 598 1765 est
624 1705 872 1769 mundus,
900 1721 996 1760 cur
1034 1719 1141 1761 non
1180 1706 1347 1775 magis
1384 1714 1593 1759 amatur
1616 1719 1711 1774 per
1736 1718 1893 1774 quem
1925 1702 2095 1759 factus

518 1807 602 1853 est
640 1797 901 1853 mundus?
937 1796 993 1854 Si
1028 1797 1137 1867 jam
1180 1797 1432 1853 deficiunt
1474 1797 1739 1853 illecebrae
1789 1796 2093 1861 strcufares,

512 1903 623 1944 non
662 1898 745 1944 est
771 1889 913 1960 quod
954 1889 1277 1944 cltristianus
1316 1890 1523 1944 animus
1550 1879 1848 1959 cupiditate
1876 1888 2097 1957 conquio

513 1983 707 2040 ratzsi
747 1991 925 2039 autem
965 1981 1138 2038 adhuc
1176 1981 1485 2048 manebunt,
1529 1991 1612 2036 est
1637 1979 1779 2051 quod
1818 1980 2098 2035 sanctitate

512 2082 839 2131 contemnat.
874 2074 1069 2130 Horum
1100 2072 1326 2130 duorum
1372 2074 1426 2128 in
1453 2072 1623 2128 altero
1650 2086 1773 2143 spes
1800 2072 1944 2126 nulla
1980 2070 2097 2125 libi-

513 2163 675 2227 dinis,
706 2165 757 2219 in
787 2165 958 2220 altero
992 2167 1162 2234 major
1199 2175 1281 2220 est
1306 2165 1475 2235 gloria
1502 2164 1799 2218 charitatis.
1835 2162 1976 2229 Quot
2005 2170 2097 2217 aut

512 2255 729 2325 quanti‘
772 2262 903 2310 sunt
935 2257 1034 2325 ipsi
1083 2256 1230 2321 anni,
1275 2256 1468 2326 quibus
1521 2255 1731 2309 videtur
1776 2253 1956 2323 vigere
1999 2252 2099 2308 ﬂos

513 2328 744 2400 carnalis
770 2346 974 2400 aetatis?
1012 2345 1287 2401 Nonnullae
1318 2345 1526 2399 femina:
1564 2344 1778 2415 nuptias
1805 2344 2099 2414 cogitantes

515 2443 572 2490 et
589 2434 837 2491 ardenter
863 2444 1128 2506 optantes,
1157 2436 1283 2491 dum
1312 2444 1632 2505 spernuntur
1651 2444 1743 2490 aut
1761 2435 2095 2502 differuntur,

515 2533 738 2595 repente
774 2536 1083 2593 senuerunt,
1118 2535 1176 2582 ut
1216 2541 1306 2582 eas
1348 2528 1549 2583 nubere
1576 2527 1687 2598 jam
1728 2526 1954 2597 puderet
1981 2542 2099 2580 am-

515 2617 656 2687 plius
683 2632 841 2689 quam
870 2619 1080 2675 liberet.
1110 2619 1286 2675 Multa:
1323 2628 1498 2675 autem
1528 2630 1707 2690 nuptte
1734 2621 2098 2675 recentissima

513 2722 611 2765 sua
648 2711 1023 2779 conjunctione
1066 2712 1119 2766 in
1163 2711 1448 2782 longinqua
1491 2711 1745 2780 profectis
1789 2710 1918 2765 viris
1962 2712 2092 2773 suis,

516 2799 748 2855 reditum
776 2814 959 2856 eorum
977 2801 1337 2871 exspectando
1364 2801 1659 2873 grandarva:
1685 2800 1839 2856 facta:
1867 2809 2012 2869 sunt,
2044 2809 2097 2857 et

515 2902 766 2961 tanquam
806 2893 915 2947 cito
939 2893 1166 2948 viduata:
1202 2894 1490 2964 aliquando
1518 2909 1614 2949 nec
1656 2902 1957 2950 remeantes
1996 2894 2101 2948 sal-

515 2989 623 3037 tem
664 2998 821 3038 senes
861 2997 989 3038 suos
1027 3000 1161 3039 anus
1207 2985 1478 3056 suscipere
1514 2995 1843 3042 meruerunt.
1886 2985 1944 3041 Si
1973 3000 2099 3056 ergo

513 3074 604 3129 vel
628 3076 1001 3144 spernentibus
1032 3079 1113 3133 vel
1138 3078 1465 3135 tardantibus
1485 3081 1715 3151 sponsis,
1746 3082 1828 3136 vel
1861 3082 2099 3151 peregri-

514 3167 764 3222 nantibus
794 3170 1015 3234 maritis,
1057 3170 1287 3225 carnalis
1315 3172 1743 3242 concupiscentia
1774 3174 1943 3244 potuit
1969 3189 2100 3229 con—

514 3257 673 3311 tineri
704 3274 769 3313 ne
798 3269 1037 3329 stuprum
1063 3270 1154 3317 aut
1177 3262 1496 3318 adulterium
1532 3265 1969 3331 committeretur,
2003 3283 2100 3322 cur

513 3350 776 3404 contineri
805 3366 909 3406 non
942 3361 1116 3421 potest
1154 3370 1221 3410 ne
1250 3355 1585 3426 sacrilegium
1612 3358 2014 3413 committatur?
2041 3359 2099 3414 Si

513 3453 756 3510 repressa
786 3451 873 3497 est
899 3458 1021 3498 cum
1047 3443 1275 3500 ferveret
1304 3446 1490 3514 dilata,
1526 3462 1623 3502 cur
1652 3464 1755 3503 non
1784 3450 2101 3521 opprimitur

512 3544 636 3586 cum
663 3531 903 3603 friguerit
926 3538 1234 3606 amputata?
1263 3537 1386 3593 Plus
1405 3539 1548 3594 enim
1579 3539 1851 3595 ardentem
1869 3545 1891 3574 ’
1921 3541 2099 3597 ferunt

514 3621 809 3690 libidinem,
849 3642 968 3697 qua:
1013 3645 1116 3682 non
1155 3627 1443 3699 desperant
1481 3630 1721 3700 ejusdem
1750 3633 1981 3688 libidinis
2007 3650 2100 3687 vo-

516 3714 796 3784 luptatem.
819 3718 948 3785 Qua:
972 3728 1148 3774 autem
1178 3721 1514 3791 innuptarum
1544 3723 1842 3777 castitatem
1875 3724 1983 3780 Deo
2006 3742 2100 3780 vo-

513 3814 659 3870 vent,
695 3807 861 3876 ipsam
890 3825 1038 3879 spem
1064 3812 1399 3878 subtrahunt,
1430 3829 1548 3883 qua:
1580 3814 1749 3870 fomes
1775 3819 1972 3872 amoris
1995 3829 2093 3874 est.

515 3896 670 3953 Unde
699 3898 907 3956 facilius
951 3905 1382 3973 concupiscentia
1426 3903 1744 3973 refrenatur,
1799 3924 1917 3978 quae
1954 3912 2096 3965 nulla

514 3990 915 4058 exspectatione
958 3993 1339 4049 succenditur:
1370 4004 1552 4051 comra
1592 4012 1750 4067 quam
1784 4007 1959 4053 tamen
1993 4002 2095 4056 nisi

514 4090 718 4147 oretur,
745 4090 801 4136 ut
821 4095 1122 4154 superetur,
1154 4087 1266 4156 ipsa
1298 4087 1473 4143 illicita
1499 4098 1779 4159 ex0ptatur
1797 4092 2093 4148 ardentius.

583 4172 813 4229 CAPUT
850 4174 990 4229 XXI.
1018 4205 1089 4216 -—-
1110 4175 1200 4231 26.
1242 4177 1449 4232 Delicia:
1476 4180 1764 4249 spirituales
1794 4183 1957 4238 viduis
1993 4186 2095 4239 sint

517 4266 628 4319 loco
655 4269 954 4321 carnalium.
986 4269 1199 4324 Delicize
1226 4270 1385 4340 igitur
1405 4272 1709 4342 spirituales
1737 4275 1941 4332 deliciis
1967 4294 2089 4334 car-

516 4356 724 4411 nalibus
751 4358 801 4412 in
840 4370 1022 4414 sancta
1049 4361 1291 4416 eastitate
1326 4362 1647 4429 succedant;
1682 4366 1859 4433 lectio,
1900 4371 2090 4439 oratio,

518 4447 771 4516 psalmus,
805 4449 942 4504 bona
984 4450 1256 4523 cogitatio,
1300 4451 1557 4508 bonorutn
1594 4470 1816 4525 Operum
1845 4457 2095 4530 frequen-

516 4538 667 4602 tatio,
707 4553 834 4606 spes
870 4538 1029 4593 futuri
1066 4542 1267 4607 surculi,
1316 4549 1373 4597 et
1413 4559 1506 4598 eor
1547 4558 1756 4601 sursum
1789 4566 1801 4601 :
1834 4558 1992 4620 atque
2029 4551 2096 4607 de

516 4626 600 4684 his
627 4630 875 4685 omnibus
917 4633 1204 4702 gratiarum
1249 4634 1387 4689 actio
1433 4635 1573 4692 Patri
1620 4638 1902 4706 luminum,
1932 4658 1962 4696 a
1990 4658 2095 4712 quo

513 4720 632 4776 sine
667 4722 771 4776 ulla
798 4723 1128 4779 dubitatione
1152 4739 1311 4781 omne
1336 4726 1517 4782 datum
1560 4731 1820 4800 Optimum
1845 4743 1898 4787 et
1933 4749 2095 4790 omne

512 4811 713 4868 donum
759 4816 1085 4885 perfectum,
1137 4817 1406 4888 Scriptura
1449 4829 1612 4887 teste,
1659 4822 1935 4880 descendit
1982 4826 2098 4893 (Ja-

513 4904 626 4960 cobi
663 4922 701 4971 ι,
735 4906 847 4976 l7).
873 4907 1004 4962 Nam
1031 4908 1244 4978 quando
1282 4926 1378 4981 pro
1402 4911 1607 4968 deliciis
1650 4923 1933 4985 nuptarum
1962 4933 2095 4987 quas

514 4998 567 5053 iu
599 5015 761 5057 carne
798 5002 1032 5058 virorum
1058 5003 1276 5067 habent,
1308 5005 1527 5061 aliarum
1565 5009 1853 5063 carnalium
1880 5010 2096 5065 delicia-

511 5106 631 5147 rum
663 5102 908 5165 tauquam
950 5095 1000 5150 in
1044 5097 1290 5153 solatium
1325 5114 1451 5153 usus
1490 5101 1797 5169 assumitur,
1826 5102 1951 5172 quid
1991 5120 2092 5174 ego

511 5183 684 5239 dicam
720 5203 839 5257 qua:
866 5200 1158 5259 sequantur
1187 5191 1345 5255 mala,
1390 5207 1508 5247 cum
1545 5192 1779 5248 breviter
1806 5195 2093 5266 Apostolus

511 5273 726 5343 dixerit,
758 5279 1026 5335 viventem
1057 5290 1318 5336 mortuam
1344 5297 1463 5339 esse
1491 5283 1700 5340 viduam
1734 5301 1851 5355 qua:
1882 5287 1932 5342 in
1958 5288 2094 5344 deli-

512 5368 609 5421 ciis
635 5370 761 5423 vivit
788 5371 828 5442 (l
861 5370 994 5425 Tim.
1023 5389 1076 5439 v,
1109 5374 1205 5443 6)?
1231 5374 1383 5430 Absit
1423 5385 1599 5430 autem
1628 5393 1657 5431 a
1688 5378 1839 5434 vobis
1877 5389 1934 5435 ut
1959 5382 2096 5438 divi-

513 5459 705 5514 tiarum
722 5462 1007 5530 cupiditate
1028 5466 1306 5535 capiamini
1332 5482 1426 5537 pro
1450 5468 1738 5536 cupiditate
1764 5473 2087 5542 nuptiarum,

513 5560 567 5605 et
596 5551 647 5604 in
688 5553 936 5610 cordibus
965 5559 1154 5613 vestris
1199 5575 1447 5615 nummus
1472 5561 1569 5615 viri
1608 5564 1774 5618 amori
1818 5568 2089 5623 succedat.

515 5641 789 5701 Iutueutes
813 5647 954 5701 enim
986 5647 1262 5705 hominum
1306 5653 1787 5722 conversationem,
1829 5671 1971 5731 stupe
2000 5675 2090 5716 ex-

579 5761 597 5833 ξ
617 5759 697 5833 sic
711 5766 817 5810 Mss.
846 5768 899 5833 {lt
922 5763 1059 5833 editi,
1079 5768 1391 5833 qupdgrtem
1411 5773 1458 5817 et
1478 5770 1659 5833 quanti.

576 5823 748 5887 ξιμονε,
770 5824 1011 5887 ardenter.
1033 5823 1153 5887 Bd'iﬁ
1167 5827 1253 5879 alii
1272 5842 1382 5878 eum
1406 5823 1529 5887 Mss}
1557 5833 1823 5886 ardentem.

575 5883 653 5951 (ts)
676 5884 841 5939 Ohbrii
875 5901 935 5938 ex
970 5883 1161 5940 Βίρπῶ.
1190 5893 1332 5955 epist.
1354 5891 1382 5941 8
1402 5893 1458 5943 ad
1492 5883 1703 5946 Demctr.

1742 396 1799 451 S.
1844 390 2206 450 AUGUSTINI
2252 392 2549 450 EPlSCOPl

3663 400 3772 456 ΗΒ

2200 508 2335 576 perti
2371 522 2574 574 sumus,
2621 508 2672 561 in
2714 506 3024 578 quibusdam
3057 508 3269 563 lascivia
3312 524 3614 582 compressa
3652 529 3778 570 cre—

2194 600 2336 655 visse
2361 601 2660 655 avaritiam.
2689 599 2819 654 Nam
2863 602 3001 657 sicut
3027 601 3079 656 in
3111 602 3238 671 ipsis
3264 603 3509 659 sensibus
3534 608 3782 678 corporis

2196 691 2403 745 acutius
2443 690 2665 746 audiunt
2703 692 2792 761 qui
2838 707 2943 747 non
2983 690 3183 759 vident,
3232 703 3287 749 et
3315 695 3581 766 tangendo
3609 699 3781 754 multa

2196 782 2526 848 discernunt,
2569 798 2668 839 nec
2713 792 2857 839 tanta
2886 785 3173 849 vivacitate,
3212 794 3433 859 tangunt
3470 790 3562 859 qui
3605 791 3781 846 oculis

2197 881 2450 939 utuntur;
2483 872 2571 928 ubi
2609 873 2921 945 intelligitur
2951 890 3019 931 ex
3047 891 3154 931 uno
3193 876 3361 945 aditu,
3396 877 3447 934 id
3477 889 3580 945 est,
3623 882 3785 936 lumi-

2198 980 2345 1032 num,
2374 979 2619 1036 repressa
2658 966 2954 1023 intentione
2992 968 3278 1037 sentiendi,
3308 985 3428 1024 eam
3455 986 3512 1026 se
3555 972 3609 1026 in
3646 973 3785 1029 alios

2197 1069 2385 1112 sensus
2414 1057 2796 1127 promptiorem
2816 1058 2841 1089 "
2860 1057 3205 1128 dignoscendi
3232 1061 3474 1117 acumine
3497 1076 3776 1130 exserere,

2200 1158 2452 1220 tanquam
2490 1164 2558 1205 ex
2583 1150 2753 1205 altero
2794 1159 3018 1207 conetur
3045 1151 3267 1221 implere
3295 1152 3437 1222 quod
3477 1163 3700 1224 negatur
3727 1155 3783 1209 in

2198 1240 2369 1297 altero
2398 1258 2413 1293 :
2442 1242 2512 1297 ita
2551 1242 2714 1297 etiam
2744 1256 2887 1314 smpe
2914 1245 3143 1299 carnalis
3167 1245 3427 1315 cupiditas
3464 1260 3493 1299 a
3538 1261 3787 1302 concum-

2198 1331 2359 1388 bendi
2387 1332 2661 1402 voluptate
2684 1333 2940 1401 cohibita,
2986 1334 3276 1405 majoribus
3300 1335 3501 1390 viribus
3542 1335 3596 1390 in
3623 1352 3760 1406 pecu
3777 1366 3791 1379 ο

2200 1421 2303 1477 nia:
2348 1437 2408 1479 se
2436 1423 2658 1493 porrigit
2693 1424 3007 1493 appetitum,
3052 1432 3107 1479 et
3151 1425 3297 1480 illinc
3338 1440 3545 1491 aversa,
3582 1426 3685 1481 huc
3726 1442 3790 1483 se

2199 1513 2398 1584 impetu
2426 1513 2729 1571 ardentiore
2748 1515 3031 1570 convertit.
3056 1514 3114 1569 ln
3136 1514 3286 1570 vobis
3312 1528 3490 1571 autem
3520 1532 3671 1572 amor
3696 1517 3788 1572 (li-

2199 1607 2448 1663 vitiarum
2493 1608 2651 1662 simul
2680 1606 2932 1679 frigescat
2978 1623 3098 1663 cum
3126 1623 3309 1664 amore
3354 1610 3693 1679 nuptiarum;
3727 1619 3785 1665 et

2199 1698 2319 1769 pius
2347 1712 2474 1753 usus
2498 1713 2675 1753 rerum
2710 1712 2842 1768 quas
2870 1698 3176 1769 possidetis,
3208 1698 3276 1753 ad
3318 1699 3620 1769 spirituales
3645 1699 3788 1755 deli-

2199 1790 2310 1846 cias
2349 1788 2671 1855 conferatur,
2719 1800 2775 1845 ut
2819 1790 3113 1845 liberalitas
3150 1798 3326 1846 vestra
3369 1791 3537 1862 magis
3583 1791 3793 1849 ferveat

2200 1878 2517 1949 adjuvandis
2547 1881 2729 1952 egenis
2766 1896 2926 1951 quam
2968 1881 3201 1936 ditandis
3239 1882 3436 1937 avaris.
3477 1883 3533 1937 ln
3572 1882 3794 1938 thesau-

2199 1985 2320 2027 rum
2352 1970 2547 2043 quippe
2590 1972 2867 2028 cmlestem
2915 1988 3021 2027 non
3067 1974 3348 2028 mittuntur
3394 1974 3532 2029 dona
3566 1975 3795 2045 cupido-

2201 2078 2342 2129 rum,
2384 2064 2479 2120 sed
2508 2065 2862 2139 eleemosyuze
2890 2081 3204 2137 pauperum,
3241 2082 3359 2137 quae
3385 2067 3434 2121 in
3468 2068 3791 2124 immensum

2202 2153 2422 2209 modum
2443 2156 2735 2211 ’orationes
2771 2157 3028 2227 adjuvant
3073 2157 3369 2212 viduarum.
3414 2158 3620 2229 Jejunia
3650 2174 3793 2230 quu-

2203 2261 2308 2317 que
2344 2262 2408 2303 ac
2447 2247 2636 2318 vigiliae
2673 2248 2724 2302 in
2763 2259 3018 2319 quantum
3045 2248 3407 2305 valetudinem
3434 2266 3549 2305 non
3575 2266 3791 2322 pertur-

2203 2338 2356 2406 bant,
2395 2339 2442 2394 si
2480 2340 2703 2406 orando,
2735 2342 3031 2411 psalleudo,
3076 2343 3333 2413 legendo,
3367 2352 3422 2400 et
3459 2344 3511 2399 in
3548 2346 3660 2416 lege
3692 2346 3796 2402 Dei

2203 2431 2510 2488 meditando
2556 2434 2906 2501 insumantur,
2949 2435 3001 2490 in
3039 2435 3257 2491 delicias
3298 2437 3598 2508 spirituales
3627 2439 3792 2493 etiam

2204 2525 2317 2595 ipsa
2357 2540 2476 2596 quas
2505 2526 2753 2582 videntur
2799 2528 3059 2583 laboriosa
3089 2536 3389 2584 vertuntur.
3437 2529 3591 2585 Nullo
3631 2531 3795 2587 modo

2203 2617 2346 2672 enim
2371 2626 2496 2673 sunt
2520 2620 2734 2675 onerosi
2763 2620 2976 2676 labores
3012 2622 3325 2685 amantium,
3366 2623 3461 2678 sed
3490 2624 3650 2678 etiam
3688 2624 3794 2693 ipsi

2203 2708 2497 2776 delectant,
2544 2713 2683 2773 sicut
2725 2714 3060 2779 venantium,
3110 2716 3521 2783 aucupantium,
3574 2716 3795 2785 piscan-

2207 2803 2359 2866 tium,
2384 2801 2847 2868 viudemiantium,
2884 2804 3292 2873 negotiantium,
3320 2804 3447 2859 ludo
3469 2806 3645 2875 aliquo
3669 2822 3799 2861 sese

2204 2894 2602 2950 oblectantium.
2633 2896 2862 2952 interest
2893 2911 3021 2967 ergo
3049 2896 3173 2967 quid
3214 2907 3443 2952 ametur.
3470 2897 3602 2952 Nam
3642 2898 3695 2953 in
3724 2913 3798 2953 eo

2204 2986 2345 3058 quod
2383 2996 2611 3055 amatur,
2641 2996 2733 3043 aut
2762 3002 2870 3045 non
2914 2989 3201 3053 laboratur,
3233 3000 3325 3043 aut
3378 2999 3433 3045 et
3470 2989 3621 3045 labor
3642 3005 3799 3046 ama-

2204 3064 2309 3133 tur.
2343 3078 2413 3133 Et
2433 3078 2551 3135 vide
2574 3094 2733 3149 quam
2764 3079 3072 3152 pudendum
3101 3087 3163 3134 et~
3184 3079 3468 3145 dolendum
3506 3081 3593 3145 sit,
3623 3082 3666 3134 si
3690 3080 3799 3135 deo

2204 3167 2365 3223 lectat
2394 3168 2543 3224 labor
2568 3178 2624 3224 ut
2651 3170 2760 3225 fera
2788 3171 3050 3239 capiatur,
3081 3179 3143 3226 ut
3172 3185 3306 3239 cupa
3330 3180 3384 3225 et
3407 3170 3652 3225 sacculus
3679 3171 3791 3224 im-

2206 3258 2430 3328 pleatur,
2474 3268 2533 3315 ut
2581 3260 2686 3331 pila
2720 3259 2968 3331 jaciatur,
3026 3268 3080 3316 et
3127 3276 3233 3316 non
3274 3260 3502 3316 delectat
3549 3270 3603 3315 ut
3646 3261 3793 3316 Deus

2205 3349 2528 3418 acquiratur.

2273 3438 2509 3496 CAPUT
2538 3439 2705 3496 XXII.
2732 3440 2910 3495 —27.
2954 3440 3134 3496 Fama?
3159 3441 3304 3496 bona!
3336 3458 3479 3496 cura.
3515 3440 3572 3496 in
3614 3442 3795 3496 omni-

2205 3528 2305 3584 bus
2330 3545 2457 3585 sane
2485 3531 2846 3601 spiritualibus
2871 3531 3097 3598 deliciis,
3129 3532 3321 3602 quibus
3347 3531 3594 3587 fruuntur
3624 3533 3788 3586 innu-

2206 3627 2331 3690 ptae,
2383 3631 2564 3677 sancta
2614 3638 2798 3678 earum
2845 3632 3179 3679 conversatio
3220 3631 3375 3677 cauta
3418 3624 3580 3678 etiam
3627 3622 3796 3678 debet

2206 3727 2355 3779 esse;
2397 3731 2465 3770 ne
2494 3715 2631 3771 forte
2670 3731 2791 3771 cum
2822 3718 2959 3771 mala
2988 3718 3093 3771 vita
3133 3732 3240 3770 non
3271 3716 3341 3770 sit
3365 3731 3464 3787 per
3490 3716 3761 3771 laserviam
3792 3738 3795 3739 ν

2207 3805 2344 3858 mala
2384 3805 2453 3859 sit
2490 3804 2626 3860 fama
2652 3822 2752 3878 per
2785 3807 3180 3878 negligentiam.
3209 3806 3319 3862 Nec
3351 3807 3599 3863 audiendi
3639 3817 3789 3875 sunt,

2203 3896 2316 3949 sive
2347 3895 2443 3949 viri
2484 3898 2674 3965 sancti,
2723 3898 2835 3953 sive
2865 3899 3097 3964 feminae,
3128 3898 3342 3970 quando
3380 3897 3705 3969 reprehensa
3734 3899 3792 3955 in

2203 3987 2381 4059 aliquo
2409 3989 2728 4060 negligentia
2754 4004 2870 4057 sua,
2899 4006 2995 4061 per
3017 4006 3173 4061 quam
3200 3990 3260 4046 fit
3286 4000 3349 4045 ut
3390 3991 3443 4046 in
3476 3990 3670 4047 malam
3696 4007 3794 4048 ve-

2205 4079 2355 4133 niant
2398 4080 2778 4148 suspicionem,
2824 4079 2963 4135 unde
3001 4096 3152 4136 suam
3189 4081 3352 4135 vitam
3398 4082 3555 4152 longe
3598 4081 3792 4137 abesse

2203 4169 2399 4234 sciunt,
2430 4168 2613 4224 dicunt
2641 4171 2739 4225 sibi
2771 4185 2950 4227 coram
2974 4171 3084 4227 Deo
3108 4171 3352 4227 sufficere
3377 4173 3789 4242 conscientiam,

2202 4258 2651 4317 existimationem
2681 4260 2957 4317 hominum
3000 4278 3104 4317 non
3147 4263 3513 4333 imprudenter
3539 4267 3561 4296 '
3586 4264 3785 4332 solum,

2202 4364 2387 4405 verum
2410 4351 2570 4405 etiam
2599 4351 2887 4409 crudeliter
2915 4363 3349 4417 contemnentes;
3382 4369 3501 4409 cum
3535 4355 3793 4412 occidunt

2202 4442 2406 4496 animas
2425 4442 2672 4509 aliorum,
2709 4445 2822 4500 sive
2850 4444 3327 4515 blasphemantium
3350 4448 3490 4503 viam
3518 4448 3634 4518 Dei,
3662 4451 3787 4520 qui-

2203 4532 2303 4588 bus
2345 4534 2637 4590 secundum
2681 4551 2832 4592 suam
2880 4538 3237 4607 suspicionem
3267 4542 3416 4611 quasi
3451 4542 3621 4611 turpis
3663 4558 3790 4612 qua:

2202 4631 2346 4678 easta
2385 4634 2469 4679 est
2496 4624 2744 4696 displicet
2783 4628 2890 4682 vita
2935 4637 3262 4695 sanctorum,
3312 4631 3424 4686 sive
3463 4633 3623 4686 etiam
3661 4648 3787 4687 cum

2201 4716 2545 4772 excusatione
2575 4718 2918 4783 imitantium,
2960 4735 3064 4775 non
3104 4720 3246 4793 quod
3272 4722 3473 4788 vident,
3516 4724 3610 4779 sed
3640 4726 3789 4795 quod

2202 4815 2407 4874 putant.
2459 4808 2690 4866 Proinde
2732 4811 2970 4881 quisquis
3016 4827 3046 4866 a
3090 4814 3405 4871 criminibus
3459 4817 3785 4885 flagitiorum

2200 4905 2361 4968 atque
2394 4899 2686 4956 facinorum
2714 4903 2875 4957 vitam
2913 4919 3063 4959 suam
3105 4906 3358 4973 custodit,
3405 4909 3503 4963 sibi
3535 4910 3670 4965 bene
3704 4911 3785 4963 fa-

2201 4989 2310 5044 cit:
2335 4992 2575 5062 quisquis
2602 5001 2780 5047 autem
2808 4994 2965 5048 etiam
2999 4995 3218 5061 famam,
3248 5008 3302 5052 et
3332 4998 3382 5051 iu
3411 4999 3545 5054 alios
3573 5001 3789 5056 miscri-

2200 5096 2324 5137 oors
2354 5093 2456 5138 est.
2487 5082 2650 5137 Nobis
2677 5084 2817 5137 enim
2853 5087 3150 5140 necessaria
3176 5095 3267 5142 est
3287 5088 3394 5142 vita
3429 5098 3631 5154 nostra,
3664 5092 3790 5148 aliis

2202 5173 2338 5227 fama
2370 5183 2548 5228 nostra
2579 5184 2669 5228 :ct
2700 5174 2881 5246 utique
2906 5178 3065 5232 etiam
3105 5179 3247 5249 quod
3274 5181 3391 5235 aliis
3418 5182 3789 5239 ministramus

2201 5265 2618 5320 misericorditer
2653 5267 2717 5321 ad
2760 5268 3008 5332 salutem,
3048 5268 3114 5322 ad
3164 5280 3400 5326 nostram
3439 5288 3651 5343 quoque
3695 5290 3788 5329 re—

2199 5355 2398 5411 dundat
2427 5357 2719 5412 utilitatem.
2762 5358 2915 5416 Unde
2940 5373 3047 5415 non
3072 5360 3264 5416 frustra
3289 5362 3578 5433 Apostolus
3607 5381 3620 5417 :
3649 5363 3787 5419 Pro-

2198 5450 2440 5513 videmus,
2484 5451 2671 5518 inquit,
2704 5451 2853 5518 bona,
2902 5471 3004 5507 non
3039 5454 3206 5509 solum
3235 5472 3409 5510 coram
3451 5453 3582 5522 Deo,
3611 5471 3785 5510 verum

2199 5541 2348 5594 etiam
2386 5557 2556 5595 coram
2599 5543 2885 5600 hontinibus
2910 5546 2975 5616 (ll
3004 5544 3123 5602 Cor.
3154 5564 3265 5616 vm,
3295 5548 3409 5621 2i).
3441 5548 3570 5605 item
3602 5546 3737 5604 dicit
3766 5567 3778 5603 τ

2255 5717 2279 5787 ,⁸
2305 5717 2378 5766 sic
2400 5723 2507 5767 Mss.
2536 5724 2590 5767 At
2614 5719 2752 5789 editi,
2794 5733 3016 5783 repressa
3053 5722 3326 5789 fatentium,
3360 5725 3592 5789 mutandi
3616 5724 3709 5776 vim
3733 5726 3784 5778 in

2198 5777 2502 5901 gazam}:
2523 5777 2876 5843 promptiorem.
2900 5791 2973 5832 Fr.
2994 5793 3043 5851 et
3065 5785 3241 5850 aliquot
3268 5777 3394 5849 Mss,
3416 5788 3467 5839 in
3485 5786 3601 5843 alias
3616 5777 3783 5840 sensus

2263 5905 2281 5934 ³
2307 5902 2472 5954 I'lures
2487 5910 2616 5964 Mss,
2640 5902 2955 5969 impudenter.
