4070 6334
298 344 402 402 διο

298 457 502 521 Placete
538 458 779 512 omnibus
819 474 908 529 per
940 459 1128 523 omnia,
1158 458 1287 513 sicut
1333 466 1378 512 et
1420 475 1510 530 ego
1544 460 1773 515 omnibus
1799 448 1887 530 per

298 548 464 603 omnia
506 548 702 615 placeo,
755 564 858 601 non
898 562 1125 617 quarens
1163 548 1297 617 quod
1337 548 1459 602 mihi
1489 550 1611 603 utile
1656 560 1750 616 est,
1797 551 1884 604 sed

296 639 428 709 quod
454 638 651 701 multis,
693 646 749 692 ut
782 639 907 692 salvi
932 638 1058 706 [iant
1089 637 1133 706 (I
1171 637 1290 693 Cor.
1322 653 1380 704 x,
1408 637 1519 708 55).
1560 639 1615 693 ln
1656 639 1883 708 quadam

297 731 455 787 etiam
506 729 886 786 exhortatione
934 729 1104 784 dicit:
1133 728 1212 784 De
1255 737 1453 795 ecetero,
1501 731 1704 797 fratres,
1741 745 1882 798 qna:-

292 838 505 892 csunque
545 830 669 875 sunt
700 836 840 889 vera,
869 836 1193 891 quacumque
1221 830 1415 886 sancta,
1453 804 1774 889 quiscumque
1791 821 1884 889 ju-

294 924 391 981 sto,
429 928 760 983 quacumque
807 921 966 980 casta,
1007 927 1330 983 quacumque
1383 911 1715 975 charissima,‘
1746 925 1883 981 quae-

293 1020 504 1073 cumque
528 1004 677 1059 bona:
712 1004 886 1073 fama,
917 1004 961 1058 si
979 1020 1079 1074 qua
1100 1004 1273 1069 virtus,
1301 1003 1345 1057 si
1374 1018 1475 1073 qua
1502 1003 1637 1068 laus,
1664 1003 1770 1056 haec
1794 1018 1881 1056 co-

292 1097 465 1166 gitate,
508 1111 626 1168 qua:
675 1106 722 1150 et
763 1095 1029 1161 didicistis,
1074 1105 1121 1150 et
1149 1095 1434 1165 accepistis,
1481 1104 1526 1149 et
1547 1093 1785 1161 audistis,
1834 1103 1882 1148 et

292 1188 485 1242 vidistis
513 1188 569 1242 in
597 1205 676 1243 me
699 1187 956 1261 (Philipp.
981 1202 1063 1253 1v,
1092 1186 1125 1241 8
1145 1195 1191 1240 et
1217 1185 1298 1257 9).
1326 1185 1515 1241 Cernis
1539 1185 1882 1256 quemadmo-

291 1279 416 1334 dum
462 1278 607 1333 inter
643 1278 809 1333 multa
854 1293 973 1347 qua:
1010 1276 1341 1333 exhortando
1383 1279 1731 1341 commonuit,
1774 1291 1879 1330 non

293 1368 588 1442 neglexerit
628 1382 849 1440 ponere,
896 1382 1220 1442 quacumque
1258 1368 1401 1421 bonte
1429 1371 1616 1438 fovive;
1646 1366 1881 1421 duobus-

291 1478 394 1533 que
419 1461 602 1516 verbis
638 1468 824 1517 cuncta
854 1460 1192 1525 concluserit,
1229 1459 1319 1515 ubi
1358 1460 1452 1525 ait,
1488 1459 1533 1513 si
1566 1474 1665 1528 qua
1701 1458 1875 1525 virtus,

291 1552 453 1621 siqua
478 1551 616 1604 laus.
662 1549 744 1604 Ad
771 1549 1019 1604 virtutem
1060 1563 1289 1619 namque
1328 1549 1597 1619 pertinent
1621 1564 1739 1619 quas
1778 1564 1878 1603 an-

293 1652 378 1699 tea
414 1641 738 1697 memoravit
778 1641 955 1705 bona;
997 1640 1137 1695 fama
1168 1655 1317 1706 vero,
1365 1639 1432 1695 ad
1481 1639 1713 1695 laudem.
1744 1640 1878 1694 Puto

291 1730 429 1802 quod
455 1746 565 1786 non
595 1730 808 1786 Iaudem
834 1730 1108 1785 hominum
1138 1745 1235 1800 pro
1260 1744 1455 1800 magno
1476 1726 1716 1787 sumebat
1736 1736 1879 1800 Apo—

291 1821 478 1887 stolus,
509 1821 618 1876 alio
650 1821 770 1877 loco
799 1819 1003 1887 dicens,
1037 1820 1167 1875 Milli
1195 1829 1360 1875 autem
1386 1822 1646 1875 minimum
1670 1831 1741 1876 est
1768 1831 1822 1875 ut
1846 1839 1878 1875 a

292 1912 425 1966 vobis
453 1912 727 1982 dijudicer,
770 1922 858 1966 aut
894 1912 956 1965 ab
995 1912 1215 1965 humano
1243 1912 1324 1965 die
1353 1911 1393 1981 (Ι
1420 1911 1541 1967 Cor.
1577 1928 1650 1979 tv,
1690 1913 1775 1982 5);
1824 1921 1880 1968 et

290 2002 434 2067 alibi,
468 2002 532 2058 Si
559 2003 846 2057 hominibus
874 2002 1144 2073 placerem,
1180 2002 1367 2057 Christi
1394 2018 1562 2057 servus
1594 2019 1695 2057 non
1721 2020 1876 2057 essent

290 2093 485 2165 (Colat.
512 2109 549 2160 I,
580 2094 668 2164 IO)
692 2112 705 2160 ;
748 2103 801 2149 et
834 2094 1054 2163 iterum,
1097 2094 1233 2147 Nam
1258 2094 1422 2163 gloria
1451 2102 1620 2147 nostra
1649 2094 1755 2148 lucc
1783 2102 1872 2159 cst,

288 2186 623 2240 testimonium
664 2186 983 2240 conscientia:
1012 2194 1196 2239 nostra:
1226 2184 1293 2257 (ll
1324 2184 1442 2240 Cor.
1461 2201 1499 2252 ι,
1532 2185 1645 2256 η).
1676 2185 1782 2242 Sed
1814 2185 1877 2240 il-

288 2276 462 2330 lorum
489 2276 742 2342 duorum,
776 2275 827 2330 id
856 2285 959 2343 est,
988 2276 1144 2332 bonae
1174 2277 1295 2331 vita:
1324 2285 1378 2332 et
1403 2276 1558 2332 boum
1591 2278 1767 2345 famas,
1790 2279 1876 2333 vel

287 2367 430 2437 quod
467 2368 685 2423 brevius
736 2367 951 2433 dicitur,
990 2367 1204 2421 virtutis
1240 2375 1296 2422 et
1323 2366 1513 2433 laudis,
1560 2383 1722 2421 unum
1753 2383 1878 2437 pro-

288 2468 406 2528 pter
432 2474 493 2514 se
532 2459 706 2529 ipsum
737 2458 1132 2528 sapientissime
1170 2458 1451 2524 retinebat,
1493 2458 1720 2513 alterum
1749 2473 1875 2527 pro-
1914 2474 1921 2482 ·

289 2559 404 2621 pter
430 2550 569 2604 alios
598 2549 1101 2605 misericordissime
1126 2549 1454 2619 providebat.
1483 2549 1589 2605 Sed
1624 2551 1873 2620 quoniam

287 2641 611 2711 quantalibet
643 2642 876 2695 humana
917 2641 1124 2695 cautela
1170 2641 1501 2711 suspiciones
1544 2642 1875 2698 malevolen-

290 2733 518 2787 tissimas
566 2747 674 2786 non
716 2739 893 2802 potest
932 2733 1077 2786 omni
1121 2746 1188 2787 ex
1230 2740 1382 2803 parte
1409 2734 1599 2801 vitare,
1646 2734 1735 2789 ubi
1778 2750 1874 2804 pro

288 2823 687 2877 existimatione
734 2830 916 2877 nostra
954 2820 1208 2893 quidquid
1244 2833 1391 2878 recte
1415 2838 1699 2893 possumus
1736 2823 1876 2880 fece-

288 2915 467 2981 rimus,
496 2915 543 2968 si
576 2914 742 2984 aliqui
762 2913 831 2968 de
853 2913 1005 2969 nobis
1029 2915 1113 2969 vel
1135 2915 1272 2969 mala
1297 2916 1546 2986 tingendo
1563 2918 1602 2983 ι,
1633 2917 1714 2972 vel
1736 2918 1875 2973 male

290 3004 581 3070 credendo,
612 3005 811 3060 famam
835 3014 1071 3060 nostram
1091 3004 1402 3061 decolorare
1425 3016 1703 3074 conantur,
1737 3008 1875 3063 adsit

287 3097 632 3151 conscientia:
659 3096 927 3162 solatium,
955 3097 1219 3168 planeque
1252 3098 1409 3152 etiam
1440 3100 1710 3168 gaudium,
1732 3101 1873 3169 quod

288 3204 487 3244 merces
518 3199 704 3244 nostra
732 3204 923 3259 magna
950 3197 1032 3243 est
1061 3189 1114 3244 in
1154 3189 1324 3256 ctelis,
1348 3191 1508 3245 etiam
1546 3206 1667 3245 cum
1691 3191 1874 3247 dicunt

288 3278 531 3335 homines
573 3279 715 3333 mala
758 3280 923 3334 multa
962 3279 1030 3335 de
1073 3279 1249 3346 nobis,
1299 3280 1384 3349 pie
1424 3289 1599 3335 tamen
1626 3281 1874 3351 justeque

284 3373 585 3427 viventibus
615 3370 826 3441 (Matth.
859 3387 911 3438 v,
946 3372 1032 3438 Il,
1068 3371 1179 3441 12).
1207 3370 1299 3425 Illa
1337 3371 1478 3426 enim
1519 3386 1724 3426 merces
1759 3380 1874 3427 tan-

286 3479 437 3533 quam
465 3463 795 3534 stipendium
828 3471 911 3518 est
936 3463 1298 3530 militantium,
1332 3479 1428 3532 per
1451 3478 1599 3518 arma
1631 3465 1871 3534 justitias,

286 3570 384 3608 non
416 3556 595 3610 solum
626 3554 865 3621 dextera,
899 3569 1082 3610 verum
1126 3563 1181 3610 et
1219 3554 1472 3620 sinistra;
1519 3570 1614 3625 per
1650 3556 1872 3626 gloriam

287 3646 483 3700 scilicet
514 3654 571 3700 et
608 3644 1013 3715 ignobilitatem,
1049 3661 1144 3716 per
1171 3645 1440 3701 infamiam
1480 3655 1533 3701 et
1573 3646 1763 3702 bonam
1796 3648 1871 3703 fa-

287 3753 420 3792 mam
448 3737 519 3810 (ΙΙ
542 3736 664 3792 Cor.
695 3753 767 3803 vr,
800 3739 851 3805 7,
881 3739 959 3808 8).

352 3827 584 3885 CAPUT
625 3828 814 3883 XXIII.
854 3859 926 3868 --
952 3828 1047 3884 28.
1090 3830 1410 3886 Continenles
1459 3842 1788 3902 perseverent,
1826 3845 1872 3887 et

285 3923 399 3976 aliis
422 3923 761 3991 persuadeant
788 3924 1164 3978 continentiam.
1195 3924 1481 3979 Conclusio.
1514 3927 1663 3996 Agite
1695 3927 1870 3996 itaque

286 4032 500 4071 cursum
526 4025 785 4081 vestrum,
827 4025 883 4072 et
920 4025 1324 4086 perseveranter
1366 4019 1581 4080 currite,
1631 4028 1686 4072 ιιι
1725 4035 1871 4073 COIII-

286 4106 663 4177 prehendatis;
704 4117 760 4163 et
796 4109 1045 4178 exemplo
1069 4109 1189 4163 vitae
1233 4108 1723 4179 exhortationisque
1752 4126 1869 4166 ser-

287 4212 444 4252 mone
488 4199 659 4267 rapite
704 4198 759 4253 in
788 4198 1034 4253 eumdem
1072 4213 1289 4254 cursum
1320 4208 1552 4254 vestrum
1581 4215 1867 4270 quascum-

286 4303 388 4359 que
413 4290 717 4359 potueritis.
747 4290 860 4344 Non
887 4305 983 4345 vos
1007 4290 1075 4344 ab
1101 4290 1204 4345 hoc
1230 4289 1426 4356 studio,
1453 4306 1559 4361 quo
1584 4292 1776 4346 multas
1804 4292 1871 4348 ad

288 4381 599 4437 imitandum
643 4382 905 4447 excitatis,
946 4383 1153 4453 frangat
1197 4384 1411 4453 querela
1458 4398 1738 4450 vanorum,
1779 4384 1871 4453 qui

288 4470 469 4529 dicunt
512 4490 526 4526 :
574 4473 856 4541 Quomodo
916 4474 1171 4529 subsistet
1223 4488 1389 4545 genus
1441 4475 1764 4541 humanum,
1826 4476 1871 4529 si

288 4580 472 4621 omnes
514 4566 713 4622 fuerint
754 4568 1121 4622 continentes?
1157 4568 1317 4635 Quasi
1348 4576 1563 4637 propter
1606 4567 1746 4622 aliud
1788 4583 1872 4623 re-

289 4644 523 4712 tardetur
548 4658 651 4714 hoc
678 4660 951 4723 saeculum,
986 4659 1085 4714 nisi
1125 4669 1183 4714 ut
1212 4660 1495 4729 impleatur
1520 4660 1868 4728 prtedestina-

290 4756 372 4803 tus
396 4764 652 4805 numerus
679 4750 768 4804 ille
794 4760 1120 4817 sanctorum,
1154 4765 1258 4819 quo
1299 4751 1454 4805 citius
1482 4750 1719 4820 impleto,
1750 4766 1870 4820 pro-

290 4837 423 4894 iecto
460 4856 561 4896 nec
602 4841 865 4896 terminus
904 4842 1084 4897 smculi
1120 4841 1414 4898 dillcretur.
1452 4841 1561 4896 Nec
1605 4841 1735 4897 illud
1776 4857 1869 4898 vos

352 4969 369 5000 ι
389 4969 526 5031 Editi,
551 4970 624 5023 vel
655 4968 780 5022 male
802 4968 1045 5036 ﬁngenao.
1069 4972 1295 5023 Meliores
1312 4979 1439 5032 Mss,
1460 4972 1605 5023 mala.

1474 347 1560 403 DE
1598 348 1776 405 BONO
1818 348 2205 408 VIDUITATIS
2245 353 2465 410 LIBER.

1994 463 2229 520 retardet
2257 465 2324 521 ab
2345 466 2520 522 studio
2549 470 2901 537 persuadendi
2934 474 3050 530 aliis
3087 474 3283 534 bonum
3309 495 3570 552 vestrum,

1994 556 2038 610 si
2076 556 2283 612 dicatur
2327 559 2475 614 vobis
2508 560 2680 615 :Cum
2724 571 2780 618 et
2823 566 3019 634 nuptis:
3057 567 3210 623 bona:
3255 572 3391 639 sint,
3436 590 3570 644 quo-

1995 646 2154 701 modo
2175 659 2331 703 erunt
2351 651 2527 705 omnia
2554 652 2691 707 bona
2721 654 2774 708 in
2795 654 2992 710 Christi
3015 672 3257 728 corpore,
3286 669 3340 717 et
3368 665 3570 734 majora

1993 736 2196 791 scilicet
2222 747 2275 793 et
2303 739 2528 807 minora,
2558 743 2602 797 si
2627 759 2815 800 omnes
2841 747 3181 803 continentia:
3224 752 3378 807 laude
3412 762 3570 824 atque

1992 842 2174 884 amore
2205 831 2557 888 ‘imitentur?
2600 834 2796 901 Primo,
2842 839 2963 908 quia
3003 842 3243 897 conando
3292 853 3350 897 ut
3390 859 3578 901 omnes

1992 920 2098 975 sint
2130 922 2482 990 continentes,
2517 933 2642 981 tunc
2668 938 2823 983 erunt
2859 930 2943 985 vel
2978 945 3177 1000 paucze.
3215 932 3392 1002 Neque
3429 936 3572 991 enim

1992 1028 2159 1066 omnes
2186 1014 2390 1083 capiunt
2412 1015 2612 1070 verbum
2640 1018 2752 1071 hoc.
2785 1018 2887 1074 Sed
2910 1022 3159 1089 quoniam
3186 1024 3439 1093 scriptum
3464 1036 3572 1087 est,

1995 1104 2095 1171 Qui
2122 1114 2282 1175 potest
2325 1123 2520 1176 capere,
2563 1110 2727 1179 capiat
2763 1110 2977 1178 (Matth.
3008 1129 3116 1179 nx,
3162 1115 3248 1179 Η,
3283 1114 3409 1187 12);
3449 1125 3574 1171 tunc

1990 1194 2203 1264 capiunt
2242 1211 2359 1266 qua:
2407 1208 2647 1266 possunt,
2690 1200 2734 1252 si
2774 1215 2874 1255 nec
2910 1202 3015 1256 illis
3044 1219 3162 1273 qum
3203 1219 3308 1259 non
3353 1206 3571 1276 capiunt

1991 1292 2243 1339 taceatur.
2276 1286 2494 1355 Deinde,
2525 1304 2623 1345 nec
2645 1290 2831 1347 timere
2855 1292 3110 1349 debemus
3140 1310 3206 1350 ne
3227 1297 3360 1351 forte
3385 1312 3574 1353 omnes

1990 1373 2223 1442 capiant,
2256 1384 2309 1429 et
2346 1377 2542 1446 aliquid
2567 1378 2635 1433 de
2664 1379 2959 1436 minoribus
2984 1382 3158 1447 bonis,
3192 1384 3243 1439 id
3277 1395 3360 1441 est
3387 1389 3577 1457 conju—

1988 1461 2118 1529 galis
2150 1462 2255 1517 vita
2275 1465 2317 1529 ',
2343 1463 2539 1519 Christi
2569 1466 2710 1521 desit
2742 1468 2793 1521 in
2836 1484 3079 1539 corpore.
3119 1471 3176 1527 Si
3212 1474 3353 1528 enim
3383 1489 3573 1530 omnes

1989 1552 2253 1609 audierint
2278 1564 2333 1610 et
2360 1571 2547 1612 omnes
2574 1560 2834 1629 ceperint,
2867 1562 3161 1633 intelligere
3188 1564 3445 1622 debemus
3470 1568 3574 1624 hoc

1989 1641 2160 1711 ipsum
2206 1645 2370 1701 fuisse
2405 1647 2859 1715 prmdestinatum,
2912 1662 2969 1706 ut
3006 1654 3302 1724 conjugalia
3333 1657 3471 1712 bona
3516 1658 3571 1712 in

1988 1732 2196 1788 illorum
2222 1751 2443 1792 numero
2474 1738 2832 1795 membrorum
2856 1741 2965 1811 jam
2995 1743 3277 1810 sufﬁciant,
3309 1762 3427 1816 qua:
3466 1757 3571 1802 tam

1987 1824 2150 1878 multa
2196 1840 2263 1880 ex
2299 1826 2397 1881 hac
2424 1828 2527 1882 vita
2557 1831 2897 1885 transierunt.
2930 1831 3112 1902 Neque
3150 1835 3292 1888 enim
3334 1851 3494 1902 nunc,
3524 1839 3572 1893 si

1985 1926 2171 1969 omnes
2218 1914 2413 1971 fuerint
2456 1920 2827 1985 continentes,
2875 1920 3132 1976 honorem
3182 1924 3570 1980 continentium

1985 2002 2159 2058 daturi
2188 2013 2313 2060 sunt
2340 2005 2419 2061 eis
2454 2008 2540 2077 qui
2574 2009 2915 2064 tricenarium
2940 2011 3188 2078 fructum,
3218 2014 3264 2068 si
3299 2014 3352 2068 iu
3378 2015 3571 2085 conjua

1984 2095 2087 2165 gali
2131 2095 2273 2151 bono
2311 2097 2424 2166 ipse
2472 2099 2781 2169 intelligitur
2802 2101 2842 2167 ³,
2880 2101 2989 2170 jam
3034 2102 3317 2159 dominicis
3360 2104 3570 2162 horreis

1984 2182 2275 2240 intulerunt
2318 2186 2427 2258 (Id.
2459 2203 2577 2254 xm,
2616 2189 2694 2260 8).
2743 2189 3024 2247 Habebunt
3066 2208 3195 2264 ergo
3235 2194 3346 2250 illic
3385 2197 3566 2250 omnia

1986 2273 2085 2328 ista
2117 2274 2252 2328 bona
2297 2291 2451 2330 suum
2478 2277 2678 2343 locum,
2718 2280 2926 2334 etiamsi
2975 2282 3227 2353 deinceps
3268 2285 3409 2340 nulla
3434 2287 3566 2341 velit

1984 2364 2206 2432 nubere,
2234 2366 2314 2421 vel
2356 2382 2515 2422 nemo
2543 2367 2739 2424 ducere
2778 2385 3020 2426 uxorem.
3052 2373 3252 2428 Securo
3280 2374 3456 2445 itaque
3482 2376 3569 2430 in-

1983 2465 2120 2512 state
2148 2457 2338 2527 quibus
2367 2460 2610 2527 potestis,
2641 2469 2699 2515 ut
2719 2462 2847 2517 fiant
2873 2463 3015 2532 quod
3033 2478 3127 2519 vos
3153 2466 3281 2521 estis
3304 2484 3317 2520 :
3340 2474 3394 2521 et
3419 2477 3571 2523 orate

1985 2550 2262 2619 vigilanter
2287 2560 2445 2621 atque
2472 2550 2766 2619 ferventer,
2798 2562 2855 2608 ut
2891 2555 3158 2625 adjutorio
3186 2556 3420 2613 dexterae
3470 2559 3577 2613 Ex-

1983 2642 2112 2695 celsi
2141 2650 2195 2695 et
2231 2642 2554 2698 abundantia
2583 2643 3095 2700 misericordissima:
3123 2647 3310 2716 gratiae
3338 2648 3570 2716 Domini,

1984 2739 2037 2787 et
2061 2733 2412 2800 perseveretis
2441 2733 2494 2788 in
2534 2749 2601 2789 eo
2639 2733 2780 2804 quod
2811 2735 2961 2802 estis,
3006 2745 3058 2790 ct
3099 2736 3386 2805 proficiatis
3414 2738 3482 2792 ad
3520 2740 3574 2793 id

1983 2823 2124 2892 quod
2152 2825 2321 2879 eritis.

2054 2915 2143 2970 29.
2179 2915 2379 2969 Deinde
2407 2916 2629 2971 obsecro
2656 2931 2751 2972 vos
2780 2931 2874 2987 per
2901 2918 3045 2972 illum
3070 2933 3100 2972 a
3125 2933 3230 2989 quo
3259 2929 3315 2975 et
3342 2919 3446 2975 hoc
3471 2920 3568 2975 do-

1984 3019 2112 3058 num
2156 3005 2472 3074 accepistis,
2521 3016 2574 3061 et
2617 3006 2774 3077 hujus
2817 3007 2942 3062 doni
2981 3010 3196 3077 praemia
3224 3011 3488 3080 speratis,
3520 3021 3576 3065 ut

1984 3110 2070 3151 me
2110 3111 2319 3165 quoque
2358 3098 2686 3152 orationibus
2727 3100 2916 3154 vestris
2958 3100 3309 3155 memineritis
3335 3101 3573 3157 inserere

1983 3202 2101 3241 cum
2149 3197 2257 3242 tota
2300 3188 2590 3243 domestica
2639 3198 2811 3243 vestra
2860 3188 3115 3244 Ecclesia.
3159 3190 3569 3247 Ordinatissime

1982 3278 2177 3346 quippe
2220 3279 2463 3346 provenit
2507 3288 2564 3332 ut
2610 3279 2765 3332 matri
2801 3287 2990 3334 vestrae
3024 3279 3133 3349 jam
3171 3280 3468 3350 grandaeva:
3505 3283 3574 3339 de

1981 3368 2221 3423 oratione
2264 3368 2545 3437 epistolam
2592 3368 2883 3423 scriberem
2926 3368 3038 3439 (a);
3079 3369 3146 3424 ad
3179 3370 3346 3440 ipsam
3377 3372 3575 3443 quippe

1984 3459 2214 3514 maxime
2254 3460 2485 3529 pertinet
2527 3459 2731 3514 orando
2772 3471 3083 3515 concertare
3120 3475 3215 3529 pro
3238 3463 3423 3529 vobis,
3452 3478 3573 3533 quae

1982 3550 2049 3605 de
2085 3566 2144 3606 se
2184 3552 2358 3605 minus
2388 3550 2613 3606 sollicita
2640 3560 2723 3606 est
2747 3565 2905 3621 quam
2935 3551 3002 3606 de
3031 3552 3182 3607 vobis
3211 3570 3223 3604 :
3253 3562 3306 3608 et
3334 3562 3394 3607 ut
3420 3554 3488 3609 ad
3520 3563 3574 3611 te

1984 3646 2159 3715 potius
2188 3660 2345 3715 quam
2374 3644 2442 3699 ad
2474 3645 2615 3700 illam
2644 3645 2745 3699 hoc
2769 3644 2837 3700 de
2861 3644 3183 3699 continentia
3212 3645 3407 3700 viduali
3436 3661 3571 3716 opu-

1982 3738 2186 3792 sculum
2236 3737 2504 3801 facerem;
2553 3737 2676 3806 quia
2722 3736 2813 3791 tibi
2860 3751 3115 3806 superare
3158 3735 3331 3792 adhuc
3362 3748 3567 3805 restat,

1982 3832 2121 3903 quod
2166 3832 2275 3901 jam
2319 3841 2449 3886 tetas
2495 3830 2638 3885 illius
2678 3831 2966 3898 superavit.
2999 3828 3160 3899 Virgo
3184 3838 3360 3885 autem
3388 3840 3570 3885 sancta

1982 3928 2159 3996 proles
2189 3934 2363 3980 vestra
2388 3966 2403 3989 ,
2435 3925 2478 3979 si
2502 3923 2701 3993 aliquid
2729 3922 2796 3977 de
2824 3938 2917 3976 sua
2948 3921 3281 3991 professione
3303 3920 3574 3977 desiderat

1982 4035 2050 4075 ex
2082 4017 2353 4073 laboribus
2382 4017 2578 4071 nostris
2599 4057 2613 4081 ,
2644 4014 2801 4069 habet
2826 4013 3084 4084 grandem
3110 4013 3306 4068 librum
3335 4013 3402 4069 de
3429 4011 3571 4068 San-

1980 4119 2064 4164 cta
2099 4107 2441 4177 Virginitate,
2475 4120 2632 4175 quem
2664 4105 2821 4175 legat.
2850 4104 2925 4160 De
2951 4118 3056 4173 quo
3082 4103 3306 4174 legendo
3334 4105 3493 4159 etiam
3520 4114 3572 4160 te

1980 4213 2412 4256 commonueram
2434 4239 2449 4264 ,
2487 4197 2737 4267 quoniam
2773 4196 2938 4251 multa
2972 4195 3207 4251 continet
3238 4195 3454 4265 utrique
3478 4210 3573 4251 ne-

1981 4293 2211 4349 cessaria
2239 4290 2488 4353 castitati,
2516 4290 2617 4345 hoc
2642 4296 2743 4353 est,
2773 4287 3014 4358 virginali
3036 4294 3195 4356 atque
3215 4284 3429 4351 viduali,
3452 4301 3573 4355 qua:

1983 4385 2071 4439 hic
2114 4392 2394 4453 propterea
2437 4381 2629 4453 partim
2672 4380 2899 4435 tenuiter
2924 4378 3101 4447 attigi,
3135 4378 3323 4446 partim
3354 4376 3573 4431 omnino

1984 4475 2296 4545 prmtcrmisi
2323 4515 2336 4536 ,
2375 4473 2497 4543 quia
2537 4472 2608 4526 ibi
2640 4470 2908 4540 copiosius
2934 4468 3220 4538 disputavi.
3254 4467 3574 4522 Perseveres

1983 4568 2035 4622 in
2061 4566 2230 4637 gratia
2255 4563 2476 4621 Christi.

2047 4709 2059 4737 ι
2093 4707 2165 4753 sic
2186 4710 2293 4752 Mss.
2323 4710 2376 4752 At
2400 4701 2533 4762 editi,
2564 4700 2757 4764 tandem
2779 4706 2920 4764 atque
2943 4713 3170 4751 antorem.

2046 4772 2065 4799 ³
2091 4776 2163 4814 lir.
2192 4774 2243 4815 et
2268 4765 2434 4826 plures
2458 4772 2584 4828 Mss,
2603 4763 2729 4828 vitta.
2845 4763 2854 4828 '_
2961 4821 2989 4828 ,Α
3043 4823 3051 4828 _
3210 4821 3220 4828 _
3404 4819 3414 4828 ,

2023 4831 2065 4900 ,³
2088 4836 2152 4878 Ita
2188 4819 2290 4876 Mss.
2328 4832 2383 4875 At
2427 4819 2579 4885 editi,
2622 4824 2703 4887 qui
2746 4821 2989 4888 coniugali
3036 4823 3154 4874 bono
3202 4821 3352 4872 inesse
3398 4819 3572 4869 intelli~

1981 4899 2126 4955 gitur.

2047 4974 2118 5035 (α)
2139 4970 2342 5034 Epistula
2362 4971 2467 5030 150,
2498 4969 2557 5018 ad
2587 4970 2801 5017 Probum.

292 5147 3569 5180 _______________________________________________

366 5314 441 5373 In
468 5312 667 5375 libros
703 5312 783 5374 de
814 5311 1143 5392 Conjugiis
1176 5310 1565 5373 Adulterinis
1603 5309 1743 5371 vide
1790 5308 1899 5369 lib.
1931 5306 1992 5371 2.
2028 5324 2161 5385 cap.
2205 5306 2305 5380 57,
2339 5304 2914 5373 Retractatiomim,
2966 5305 3113 5357 tom.
3146 5294 3205 5369 1,
3249 5291 3372 5354 col.
3413 5290 3571 5364 653,

295 5408 502 5486 verbis,
519 5412 762 5494 Scripsi
791 5412 952 5477 duos
986 5412 1211 5489 libros,
1240 5430 1429 5494 usque
1457 5410 1539 5474 ad
1568 5409 1771 5479 verba,
1819 5409 1977 5473 Mihi
2008 5407 2387 5487 scripseras.
2473 5405 2557 5466 M.
