4070 6334
481 326 3753 399 W

1074 472 1222 586 S.
1304 464 2069 583 AURELII

2200 412 3157 577 undosum":

1656 653 2172 720 HIPPONENSIS
2212 654 2565 717 EPISCOPI

607 809 927 974 “DE
1042 814 2100 977 CONJUGIIS
2225 774 3671 961 ADULTERINIS’

1548 1061 1722 1134 AD
1791 1056 2657 1131 POLLENTIUM

1856 1225 2123 1317 “fieri
2160 1234 2357 1319 Iano
2401 1228 2460 1309 α.

1811 1410 2445 1464 ww

1482 1526 1961 1639 LIBER
2032 1527 2682 1638 PRIMUS.

549 1756 709 1811 aquo
731 1750 990 1811 tractantur
1013 1740 1310 1811 (luat-stiones
1331 1734 1780 1811 potissimemﬂue:
1802 1733 2049 1811 "£9110?!
2061 1732 2635 1811 39.i_'!9<_1_e€190sinthioez
2659 1736 2743 1811 "is
2758 1742 2917 1811 αιιιεῖιε
2937 1738 3023 1802 qui
3040 1747 3149 1811 ξτεηι
3170 1740 3219 1790 in
3242 1741 3463 1811 coniugio
3477 1745 3777 1811 preciae»

821 1805 865 1855 si
887 1794 1175 1869 disceSSerit,
1200 1794 1395 1869 mamfre
1409 1797 1677 1869 innuptam,
1705 1803 1819 1869 etc.,
1840 1795 1974 1869 quod
1991 1794 2199 1869 Apostoll
2223 1805 2517 1869 praeceptum
2543 1797 2776 1869 Pollentio
2797 1794 2997 1869 quidem
3020 1802 3213 1851 videtur
3235 1794 3489 1863 pertiti'ere'
3510 1794 3566 1855 ad
3588 1794 3780 1857 mrulie;

488 1854 886 1923 iéé'iéc'é‘tiemés
907 1879 935 1914 a
958 1866 1073 1914 viris
1105 1854 1291 1929 praeter
1319 1854 1641 1929 fornicationis
1661 1854 2233 1929 causamihisquesolis’
2245 1854 2536 1929 prohibitum
2560 1862 2752 1929 nubere
2774 1854 2914 1911 alteri
2941 1864 3042 1929 viro
3066 1878 3077 1912 :
3104 1854 3270 1913 contra
3292 1873 3455 1915 autem
3478 1854 3783 1929 “gestias.

490 1918 576 1983 cas
591 1918 783 1981 tantum
804 1934 1029 1991 Spectare
1053 1918 1301 1991 contendit
1316 1957 1329 1980 ,
1344 1988 1351 1991 Α
1367 1932 1480 1991 quae
1502 1918 2017 1991 auviri‘sfornicatinonigs
2029 1928 2196 1991 ‘Lcausa
2214 1922 2550 1991 recesserint,
2597 1927 2965 1991 atqueuprmter
3009 1924 3139 1991 hanc
3168 1938 3364 1975 causam
3406 1918 3653 1979 reced‘ére
3670 1918 3781 1980 non

490 1976 798 2057 ὖέῐιὶιῖξέίιέη·
816 1976 1259 2057 έεουξιάθ.ίιυεβεείο
1282 1976 2697 2057 estsitsaélhlii.i‘ﬁ‘!‘29.99!‘9§'3§9§x€£€‘€’i€€Mamre?)
2714 1976 2854 2057 91359.».
2873 1997 2967 2034 ηοη
3000 1985 3251 2057 Dominus:
3283 1996 3376 2057 etc:
3410 1976 3519 2039 Ηοῖ
3528 1976 3780 2041 {ridet—1&3

489 2052 669 2105 dictum
689 2052 751 2100 ab
770 2059 800 2099 Α

492 2235 737 2298 baptizari.

564 2358 788 2415 CAPUT
836 2354 1121 2411 PRIMUM.
1169 2381 1240 2393 ——
1282 2352 1333 2405 l.
1381 2349 1450 2403 In
1493 2349 1599 2402 loco
1644 2347 1796 2400 Pauli
1830 2346 2082 2399 dissensus

496 2451 736 2507 Pollentii
784 2459 829 2503 et
878 2447 1165 2519 Augustini.
1206 2445 1285 2498 An
1333 2441 1460 2496 citra
1500 2456 1705 2495 causam
1735 2438 2083 2510 fornicationis

442 2552 451 2555 “
496 2543 748 2598 discedere
794 2541 939 2595 liceat
985 2537 1189 2609 conjugi
1233 2536 1341 2590 sine
1388 2534 1579 2604 nuptiis
1626 2546 1829 2585 manere
1876 2528 2084 2585 volenti.

495 2635 671 2692 Prima
741 2630 966 2703 quaestio
1029 2637 1113 2685 est
1142 2670 1156 2694 ,
1208 2627 1372 2681 frater
1420 2624 1764 2680 dilectissime
1816 2621 2081 2688 Pollenti,

495 2740 678 2780 earum
706 2738 836 2794 quas
862 2721 926 2776 ad
948 2735 1034 2775 me
1054 2720 1294 2774 scribens
1314 2758 1329 2783 ,
1354 2725 1604 2786 tanquam
1625 2712 1955 2769 consulendo
1977 2720 2086 2765 tra-

497 2816 687 2881 ctasti,
741 2813 881 2884 quod
931 2813 1007 2867 ait
1049 2810 1368 2879 Apostolus,
1422 2807 1517 2861 His
1560 2817 1726 2859 autem
1769 2805 1853 2875 qui
1889 2811 2004 2856 sunt
2033 2804 2086 2856 in

497 2905 732 2976 conjttgio
758 2903 996 2974 prwcipio
1016 2943 1031 2969 ,
1060 2917 1159 2953 non
1187 2915 1298 2969 ego,
1343 2897 1432 2952 sed
1462 2895 1705 2950 Dominus
1725 2935 1738 2959 ,
1770 2893 2031 2947 mulierem
2056 2910 2088 2946 a

497 2996 604 3048 viro
634 3010 736 3048 non
778 2992 1067 3055 discedere;
1110 2989 1243 3059 quod
1273 2988 1317 3042 si
1362 2986 1674 3051 discesserit,
1705 3001 1909 3038 manere
1933 2986 2087 3038 innu-

498 3096 660 3159 ptam,
683 3093 770 3139 aut
796 3086 900 3137 viro
929 3097 1020 3136 suo
1052 3079 1366 3135 reconciliari
1395 3086 1474 3131 :ct
1489 3077 1565 3129 vir
1581 3091 1787 3129 uxorem
1800 3090 1899 3128 non
1920 3073 2089 3127 dimit-

501 3185 574 3231 tat
617 3174 659 3249 (l
687 3174 803 3229 Cor.
838 3190 908 3229 vn
928 3215 941 3241 ,
973 3173 1041 3228 lO
1057 3182 1100 3225 et
1132 3172 1252 3241 Η),
1282 3179 1455 3223 utrum
1485 3167 1555 3221 ita
1587 3166 1658 3220 sit
1682 3166 2045 3235 accipiendum
2071 3205 2085 3231 ,

498 3278 561 3321 ut
609 3282 726 3322 eam
776 3263 1114 3335 prohibuisse
1160 3261 1361 3316 nubere
1404 3257 1759 3327 intelligatur,
1808 3271 1927 3325 quce
1975 3255 2089 3310 sine

502 3372 662 3412 causa
702 3353 1064 3411 fornicationis
1104 3351 1348 3407 discessit
1382 3364 1409 3403 a
1439 3350 1592 3413 viro;
1627 3346 1677 3401 id
1708 3346 1848 3401 enim
1877 3347 2042 3400 sentis
2075 3363 2089 3399 :

501 3464 569 3503 an
613 3449 751 3503 sicut
799 3462 899 3518 ego
942 3445 1084 3501 sensi
1124 3444 1179 3498 in
1223 3442 1300 3497 eis
1340 3441 1487 3495 libris
1524 3452 1659 3509 quos
1685 3446 1809 3492 ante
1832 3436 2091 3508 plurimos

502 3557 673 3596 annos
718 3540 785 3596 de
828 3554 1075 3595 sermone
1111 3535 1419 3606 evangelico
1449 3532 1675 3601 scripsi,
1708 3545 1865 3602 quem
1897 3542 2090 3584 secun-

426 3660 433 3665 -
502 3632 628 3686 dum
658 3631 961 3685 Matthzcum
993 3629 1176 3682 habuit
1205 3627 1448 3681 Salvator
1474 3625 1525 3677 in
1554 3633 1763 3687 monte,
1788 3621 1907 3675 illas
1933 3622 2090 3673 innu-

500 3730 619 3788 ptas
664 3734 879 3773 manere
920 3717 1264 3786 praeceperit,
1313 3729 1431 3784 quae
1473 3729 1502 3766 a
1545 3712 1671 3766 viris
1710 3712 1822 3765 suis
1848 3724 1909 3763 ea
1935 3724 2091 3763 causa

502 3810 823 3865 recesserint
848 3824 967 3879 qua:
996 3809 1105 3861 sola
1140 3806 1395 3875 permissa
1425 3812 1540 3866 est,
1565 3802 1616 3856 id
1642 3811 1724 3855 est
1748 3843 1762 3867 ,
1786 3799 2095 3853 fornicatio-

504 3901 608 3954 nis.
643 3899 861 3955 Videtur
893 3899 1034 3953 cnim
1074 3898 1166 3951 tibi
1197 3905 1323 3951 tunc
1347 3911 1376 3949 a
1408 3896 1522 3948 viro
1545 3892 1909 3947 discedentem
1932 3887 2090 3944 femi-

506 4012 629 4051 nam
680 3996 879 4051 nubere
930 4010 1034 4048 non
1079 3994 1275 4049 debere
1301 4035 1314 4059 ,
1361 3993 1404 4045 si
1446 3990 1587 4045 nulla
1617 3990 1716 4042 viri
1747 3986 2093 4043 fornicatione

501 4089 778 4158 compulsa
804 4087 1125 4141 discesserit.
1159 4084 1266 4139 Nec
1293 4084 1521 4138 attendis
1539 4125 1552 4147 ,
1583 4083 1627 4137 si
1657 4081 1854 4134 nullam
1880 4080 1959 4133 vir
1980 4080 2094 4149 ejus

505 4192 721 4234 causam
760 4177 1122 4232 fornicationis
1163 4176 1440 4240 habuerit,
1470 4188 1576 4228 non
1598 4188 1714 4227 eam
1736 4172 2092 4226 discedentem

507 4283 727 4325 manere
752 4268 1024 4339 innuptam
1051 4309 1064 4331 ,
1093 4266 1187 4321 sed
1213 4266 1429 4319 omnino
1450 4263 1725 4319 discedere
1746 4278 1852 4316 non
1874 4262 2091 4318 debere.

506 4358 641 4417 Nam
668 4363 847 4433 utique
872 4362 954 4418 cui
978 4362 1280 4431 praecipitur
1302 4401 1315 4425 ,
1347 4368 1403 4413 ut
1429 4360 1471 4414 si
1499 4373 1529 4413 a
1557 4359 1673 4413 viro
1690 4357 1998 4413 discesserit
2018 4356 2098 4410 in-

508 4465 673 4526 nupta
712 4464 1059 4525 permaneat,
1100 4469 1205 4509 non
1246 4451 1553 4507 discedendi
1581 4450 1822 4507 aufertur
1847 4450 2093 4517 licentia,

507 4546 603 4602 sed
640 4546 896 4601 nubendi.
932 4544 1082 4613 Quod
1110 4545 1154 4599 si
1188 4545 1258 4599 ita
1288 4552 1406 4610 est,
1434 4543 1593 4597 datur
1619 4556 1749 4612 ergo
1777 4541 1991 4596 licentia
2022 4538 2099 4594 fe-

508 4638 670 4693 minis
708 4653 829 4708 quaa
868 4637 1199 4691 continentes
1234 4650 1354 4689 esse
1382 4635 1644 4689 voluerint
1667 4676 1682 4701 ,
1710 4634 1911 4688 nullum
1937 4632 2099 4686 mari-

511 4741 688 4785 torum
732 4738 1044 4800 exspectare
1087 4742 1406 4784 consensum
1428 4769 1442 4794 ,
1490 4735 1547 4781 ut
1575 4726 1717 4796 quod
1748 4725 1948 4781 dictum
1978 4732 2093 4791 est,

510 4823 769 4877 mulierem
817 4838 848 4874 a
892 4820 1000 4875 viro
1044 4837 1142 4873 non
1187 4819 1480 4885 discedere,
1523 4818 1600 4873 eis
1625 4825 1945 4888 prmceptum
1977 4832 2096 4873 esse

509 4916 787 4979 videatur;
839 4929 958 4984 quae
1007 4923 1225 4984 possent
1266 4914 1493 4983 eligere,
1545 4926 1647 4966 non
1677 4911 2093 4977 continentiam,

510 5009 604 5063 sed
645 5009 751 5063 tale
780 5008 1064 5062 divortium
1095 5021 1201 5076 quo
1228 5006 1414 5060 liceret
1440 5005 1519 5060 eis
1549 5005 1598 5058 in
1630 5004 1856 5058 aliorum
1888 5003 2096 5073 nuptias

510 5099 814 5154 convenire.
848 5097 1077 5153 Proinde
1106 5113 1223 5167 qua:
1250 5096 1535 5152 dilexerint
1563 5096 1762 5151 nullum
1790 5095 2097 5150 desiderare

2110 2113 2166 2149 es
2190 2102 2335 2150 etiam
2358 2102 2437 2150 inti

805 2036 993 2112 postolo
1012 2036 1157 2096 docet
1178 2044 1485 2116 Augustinus,
1511 2048 1567 2091 ut
1587 2039 1775 2090 scilicet
1796 2036 1971 2087 ﬁdeles
1991 2038 2231 2110 coniuges
2243 2040 2292 2110 in
2311 2036 2937 2150 relinﬂuendis'inﬁdelibus
2958 2036 3193 2108 permiSsa
3214 2036 3776 2102 licentiavnon—utant—urvz

805 2117 935 2150 nntm
960 2110 1109 2150 sentit
1132 2113 1335 2150 vetitum
1365 2106 1433 2150 lbl
1458 2114 1572 2150 esse
1593 2113 1623 2150 a
1644 2099 1787 2149 Paulo
1803 2133 1817 2150 .
1838 2111 1903 2147 ne
1926 2110 2166 2150 coniuges
2190 2106 2335 2150 etiam
2358 2102 2437 2150 Iuli
2474 2102 2580 2150 eles
2598 2104 2898 2150 dimittantur
2921 2121 2946 2150 a
2971 2108 3211 2150 ﬁdelibus-
3250 2113 3503 2150 Allingilm-
3526 2120 3776 2150 nmlrpln.‘

490 2099 751 2165 Folleutius
772 2099 938 2160 contra
960 2110 1109 2157 sentit
1132 2099 1351 2171 vetitum
1365 2104 1433 2171 ibi
1458 2099 1572 2171 esse
1593 2113 1623 2150 a
1644 2099 1817 2171 Paulo,
1838 2111 1903 2171 ne
1926 2099 2105 2171 conjug

490 2160 781 2238 ouiestiode
802 2169 1171 2221 Catechumenis
1210 2168 1263 2216 in
1305 2164 1475 2215 ultimo
1497 2165 1609 2213 vitae
1631 2160 1936 2220 constitutis,
1982 2160 2126 2209 auiis
2162 2174 2257 2211 nec
2295 2166 2604 2226 petentibus,
2650 2180 2743 2216 nec
2787 2180 2876 2230 pro
2918 2181 2974 2219 se
2998 2170 3299 2232 respondere
3323 2186 3351 2223 v

2474 2102 2580 2175 eles
2598 2104 2898 2155 dimittantur
2921 2102 3211 2157 a'ﬁdelibns.
3247 2113 3371 2159 Attin
3410 2113 3503 2161 'tur
3526 2120 3776 2175 postremi

2474 2166 2604 2221 ibus,
2650 2180 2743 2216 nec
2787 2180 2876 2221 oro
2918 2181 2974 2219 se
2998 2170 3299 2221 resoondere
3323 2126 3599 2221 visentibus
3622 2176 3776 2221 prosit

3404 2174 3599 2225 cutibus
3622 2176 3785 2237 prosit

2193 2348 2528 2403 concubitum
2550 2390 2564 2415 ,
2594 2352 2794 2406 nullum
2826 2353 2967 2411 ferre
2992 2356 3316 2412 connubium
3340 2398 3356 2425 ,
3388 2358 3564 2415 licebit
3585 2359 3663 2415 eis
3688 2361 3784 2414 vi-

2193 2454 2284 2493 ros
2328 2453 2453 2494 suos
2490 2441 2651 2496 etiam
2691 2444 2806 2499 sine
2848 2446 2955 2499 ulla
2994 2447 3362 2503 fornicationis
3405 2464 3563 2505 causa
3606 2450 3786 2505 relin-

2193 2545 2358 2599 quere
2379 2573 2394 2597 ,
2424 2540 2478 2586 ct
2506 2533 2751 2604 innuptas
2780 2536 3071 2593 secundum
3095 2540 3407 2609 Apostolum
3438 2555 3786 2609 permanere.

2195 2619 2263 2674 Et
2290 2621 2386 2675 viri
2417 2622 2665 2679 similiter
2690 2623 3082 2698 (quoniampar
3106 2629 3273 2684 forma
3303 2640 3385 2686 est
3408 2629 3461 2685 in
3485 2629 3747 2703 utrisque)
3766 2673 3783 2694 ,

2195 2712 2239 2767 si
2284 2714 2619 2769 continentes
2664 2730 2783 2771 esse
2822 2718 3120 2788 voluerint,
3167 2720 3329 2775 etiam
3373 2722 3626 2777 uxoribus
3667 2737 3788 2778 non

2195 2804 2651 2859 consentientibus
2698 2806 2951 2864 deserent
2994 2825 3125 2879 eas,
3171 2819 3225 2866 et
3270 2813 3386 2868 sine
3430 2813 3547 2869 ullis
3582 2814 3795 2883 nuptiis

2194 2895 2601 2963 permanebunt.
2625 2895 2775 2953 Tunc
2798 2900 2941 2954 enim
2966 2900 3045 2955 eis
3065 2944 3081 2968 ,
3112 2912 3167 2955 ut
3190 2910 3344 2971 putas
3369 2945 3381 2969 ,
3410 2904 3512 2959 alia
3533 2905 3794 2976 conjugia

2196 2983 2382 3039 liceret
2431 2984 2742 3056 inquirere,
2794 2990 2839 3044 si
2889 2990 3255 3047 fornicationis
3299 3009 3458 3050 causa
3495 2996 3792 3052 divortium

2195 3086 2524 3133 nasceretur.
2566 3080 2696 3135 Cum
2741 3097 2870 3137 vero
2910 3083 3009 3137 ista
3036 3099 3195 3140 causa
3221 3103 3326 3141 non
3355 3097 3436 3143 est
3454 3131 3468 3155 ,
3496 3098 3749 3160 superest
3773 3131 3794 3156 ,

2197 3168 2487 3224 secundum
2519 3171 2571 3225 id
2599 3173 2740 3242 quod
2760 3174 3054 3243 existimas,
3079 3185 3136 3231 ut
3161 3187 3252 3232 aut
3270 3178 3459 3249 conjux
3480 3195 3585 3234 non
3606 3180 3790 3238 disce.

2196 3257 2288 3313 dat
2323 3274 2353 3313 a
2393 3260 2649 3331 conjuge,
2694 3273 2784 3317 aut
2814 3265 2859 3319 si
2892 3265 3234 3335 discesserit,
3259 3268 3374 3324 sine
3398 3271 3642 3342 coniugio
3671 3289 3797 3327 ma-

2198 3360 2358 3417 neat,
2403 3360 2494 3407 aut
2535 3353 2602 3407 ad
2641 3354 2922 3424 pristinum
2958 3358 3264 3429 conjugium
3288 3370 3603 3415 revertatur.
3627 3360 3794 3418 Nulla

2197 3456 2327 3512 ergo
2374 3445 2639 3501 existente
2687 3461 2846 3501 causa
2888 3447 3289 3517 fornicationis,
3331 3451 3544 3506 cuilibet
3570 3452 3797 3524 conjugi

2198 3533 2379 3590 licebit
2423 3551 2588 3590 unum
2633 3536 2701 3591 de
2738 3538 2906 3592 tribus
2933 3540 3131 3609 eligere
3160 3556 3175 3595 ε
3201 3550 3290 3595 aut
3320 3557 3427 3596 non
3447 3542 3725 3598 discedere
3753 3561 3793 3599 a

2198 3627 2459 3699 conjuge;
2503 3638 2593 3682 aut
2635 3630 2677 3683 si
2708 3630 3055 3699 discesserit,
3098 3633 3175 3687 sic
3202 3648 3456 3699 manere;
3486 3644 3575 3689 aut
3603 3635 3645 3688 si
3676 3649 3794 3690 non

2198 3719 2274 3773 sic
2321 3720 2608 3786 manserit,
2655 3736 2759 3774 non
2803 3720 3027 3777 alterum
3070 3738 3345 3791 qumrere,
3391 3723 3485 3778 sed
3530 3724 3692 3794 priori
3726 3739 3799 3779 se

2199 3808 2441 3864 reddere.

2270 3899 2494 3957 CAPUT
2520 3902 2583 3956 ll.
2613 3933 2683 3943 —
2705 3902 2760 3956 2.
2790 3902 2911 3957 Νοη
2935 3903 3083 3959 licere
3102 3906 3305 3977 conjugi
3324 3906 3578 3961 discedere
3606 3906 3704 3961 nisi
3724 3923 3801 3961 η

2199 3991 2547 4061 fornicationis
2590 4004 2761 4049 causa.
2808 3995 2873 4048 Et
2910 3995 2999 4049 ubi
3027 4005 3110 4052 est
3137 3996 3277 4066 quod
3306 3996 3445 4052 idem
3472 3997 3744 4067 apostolus
3764 4038 3796 4063 τ

2200 4100 2299 4139 nec
2324 4083 2388 4138 ad
2421 4092 2649 4154 tempus,
2679 4093 2735 4139 ut
2757 4094 2973 4141 vacetur
2992 4088 3239 4153 orationi,
3267 4087 3365 4141 nisi
3394 4104 3461 4143 ex
3485 4102 3795 4156 consensu,

2200 4177 2366 4231 voluit
2388 4178 2641 4247 conjuges
2661 4179 2862 4233 carnali
2891 4179 3137 4235 fraudare
3157 4181 3384 4236 invicem
3406 4181 3587 4237 debito
3601 4182 3627 4235 ἲ
3645 4183 3802 4249 Quo-

2201 4268 2361 4323 modo
2413 4268 2616 4322 salvum
2668 4269 2771 4323 erit
2821 4269 2962 4339 quod
3012 4270 3119 4337 ait,
3170 4269 3390 4341 Propter
3432 4271 3803 4340 fornicationes

2200 4368 2367 4413 autem
2395 4359 2733 4429 unusquisque
2758 4375 2966 4414 uxorem
2994 4376 3141 4414 suam
3165 4360 3378 4426 habeat,
3407 4370 3451 4415 et
3475 4377 3802 4433 unaquaque

2200 4448 2361 4501 virum
2380 4463 2527 4502 suum
2556 4448 2752 4502 habeat.
2786 4448 2946 4503 Uxori
2972 4449 3046 4503 vir
3072 4449 3294 4505 debitum
3315 4451 3528 4520 reddat,
3557 4452 3803 4506 similiter

2202 4548 2365 4592 autem
2393 4548 2438 4593 et
2466 4554 2594 4593 uxor
2618 4540 2745 4594 viro.
2777 4537 2919 4595 Uxor
2943 4557 3046 4595 non
3072 4541 3218 4597 habet
3246 4552 3541 4613 potestatem
3561 4545 3802 4613 corporis

2201 4633 2298 4698 sui,
2318 4632 2408 4686 sed
2430 4634 2529 4697 vir;
2556 4632 2785 4687 similiter
2802 4643 2848 4686 et
2876 4634 2951 4688 vir
2979 4650 3079 4689 non
3105 4635 3250 4689 habet
3279 4644 3575 4707 potestatem
3601 4652 3801 4707 carpo-

2202 4726 2272 4780 ris
2293 4727 2393 4793 sui,
2410 4726 2498 4782 sed
2509 4727 2689 4780 mulier
2708 4725 2753 4799 (l
2781 4726 3121 4800 Cor.vu,2-5)
3135 4729 3161 4782 ?
3183 4728 3296 4784 lloc
3315 4729 3584 4799 quomodo
3601 4744 3801 4786 verum

2202 4816 2342 4882 erit,
2397 4817 2495 4871 nisi
2544 4816 2667 4888 quia
2712 4817 2929 4873 nolente
2970 4820 3231 4892 conjuge,
3271 4835 3378 4875 non
3419 4820 3543 4876 licet
3577 4820 3803 4891 coniugi

2204 4908 2516 4979 continere?
2553 4908 2686 4962 Nam
2715 4909 2759 4963 si
2788 4909 2911 4964 licet
2937 4910 3148 4965 mulieri
3178 4912 3257 4966 sic
3281 4910 3551 4967 dimittere
3578 4912 3753 4966 virum
3787 4956 3803 4978 ,

2204 5008 2261 5054 ut
2288 5008 2498 5053 maneat
2524 4998 2765 5069 innupta,
2797 5015 2903 5053 non
2930 4999 3013 5055 vir
3036 4999 3216 5068 habet,
3240 5001 3334 5056 sed
3360 5002 3473 5072 ipsa
3493 5002 3573 5057 sui
3595 5016 3803 5074 corpo-

2204 5091 2280 5146 ris
2324 5099 2642 5162 potestatem
2696 5108 2709 5143 :
2765 5091 2908 5162 quod
2961 5093 3120 5148 etiam
3171 5092 3238 5149 de
3289 5094 3407 5149 viro
3458 5094 3801 5165 intelligitur.

1688 5201 1970 5242 ADIONITIO
2007 5201 2087 5239 PP.
2129 5198 2606 5239 BENEDICTINORUI.

570 5282 693 5332 libri
715 5284 780 5334 de
821 5281 1064 5346 coniugiis
1077 5280 1367 5346 Adulterinis
1387 5279 1623 5346 recogniti
1645 5285 1757 5328 sunt
1777 5278 1840 5328 de
1855 5290 1983 5346 noyo
2003 5276 2065 5326 ad
2087 5283 2193 5346 Mss,
2214 5275 2431 5346 Regium,
2446 5282 2841 5346 permanensem,
2862 5274 3179 5346 sigotianum,
3198 5274 3577 5346 pratelleosem,
3590 5277 3803 5346 Midiae-

512 5344 678 5407 linum,
702 5336 1109 5407 ,Ebrulph'ed'sem,
1132 5344 1477 5407 Oorbeiensem
1501 5336 1693 5402 optimm
1713 5346 1855 5407 noue,
1881 5339 1941 5407 a_d
1966 5346 2070 5407 tres
2092 5336 2357 5407 \‘aticauOS,
2372 5336 2689 5407 adiectiones
2706 5336 2949 5407 variantes
2964 5338 3108 5407 trium
3131 5339 3431 5401 Belgioorum
3453 5338 3580 5401 apud
3592 5343 3716 5407 μον.
3745 5347 3802 5389 et

512 5405 570 5451 ad
596 5398 837 5455 editiones
854 5398 1037 5454 'Erasmi
1069 5398 1125 5454 ac
1156 5405 1514 5455 Lovaniensium
1532 5398 1548 5464 ξ
1566 5413 1755 5451 necnon
1790 5398 2010 5451 absoluta
2044 5398 2366 5461 impressione
2398 5399 2457 5447 ad
2493 5398 2919 5450 Amerbachianam
2936 5398 3248 5462 seditionem}
3265 5412 3379 5463 quae
3401 5398 3661 5452 micordat
3681 5412 3799 5449 cum

510 5466 798 5516 Iirasmiana.

598 5544 1110 5625 Comparavimus
1126 5555 1433 5628 prteterea
1460 5565 1558 5606 eas
1591 5562 1794 5606 omnes
1824 5543 2123 5607 editiones
2150 5543 2339 5608 initio
2365 5545 2537 5606 Retr.
2567 5553 2621 5605 et
2647 5543 2933 5606 Confess.
2978 5551 3024 5605 t.
3059 5545 3118 5621 1,
3146 5554 3536 5607 memoratas.
3621 5543 3712 5607 Μ.

573 5647 648 5709 (a)
666 5647 846 5719 scripti
865 5648 1060 5719 pliciter
1078 5660 1256 5719 annum
1276 5648 1445 5719 Christi
1467 5646 1575 5719 illi).
1616 5652 1667 5719 tn
1693 5646 2092 5719 Retractationum
2115 5644 2239 5695 libro
2256 5644 2507 5719 secundo,
2548 5645 2767 5719 proxime
2807 5652 3069 5719 post_0pu§
3105 5645 3393 5719 de__0ri_g{ine
3429 5647 3602 5696 anime
3619 5679 3635 5706 ,
3658 5643 3796 5708 quod

510 5706 638 5759 aliud
660 5706 828 5757 Christi
853 5708 944 5758 419
960 5711 1284 5772 conscriptum
1300 5718 1390 5770 est,
1420 5708 1730 5759 collocantur.
1757 5714 1852 5756 Hoc
1866 5709 2104 5757 Possidius
2126 5721 2230 5771 cap.
2253 5707 2284 5757 6
2303 5706 2532 5770 appellat,
2556 5706 2588 5753 'c
2605 5713 2672 5756 De
2696 5706 3136 5768 Incoinpetentibus
3157 5706 3359 5770 Nuptiis.
3382 5722 3405 5752 υ
