4070 6334
233 397 327 453 453

232 507 421 567 Deinde
453 521 581 564 cum
622 508 826 564 dictum
861 518 975 575 est,
1006 509 1317 579 Quicumque
1346 506 1589 562 dimiserit
1614 519 1822 559 uxorem

230 618 401 665 suam,
442 609 655 671 excepta
690 617 847 655 causa
885 601 1264 671 fornicationis,
1303 600 1423 670 facit
1448 614 1556 652 eam
1584 596 1823 651 maritari

231 692 434 761 (Matth.
463 706 530 757 v,
560 691 656 760 '52)
682 707 697 753 ;
730 692 999 761 quomodo
1024 692 1224 746 dictum
1252 690 1573 746 intellecturi
1602 701 1820 755 sumus,

231 783 330 837 nisi
379 780 709 853 prohibitum
760 796 880 837 esse
926 781 1127 835 homini
1168 781 1434 835 dimittere
1476 794 1730 845 uxorem,
1778 777 1821 831 si

230 873 375 928 nulla
424 887 585 928 causa
633 871 1001 928 fornicationis
1042 871 1346 928 exstiterit?
1390 871 1456 925 Et
1495 870 1695 925 dictum
1744 877 1826 923 est

228 982 395 1037 quare
416 1008 429 1032 ,
460 980 529 1020 ne
557 965 762 1020 scilicet
789 962 947 1019 faciat
975 979 1091 1019 eam
1124 963 1377 1019 mmcltari
1409 978 1424 1018 :
1452 962 1637 1032 utique
1667 958 1821 1024 ideo,

226 1061 351 1130 quia
389 1059 600 1113 etiamsi
643 1074 747 1112 non
788 1057 900 1127 ipsa
933 1057 1226 1121 dimiserit,
1266 1056 1359 1110 sed
1384 1055 1597 1110 dimissa
1624 1051 1820 1120 fuerit,

227 1153 329 1205 erit
360 1149 567 1205 moecha
590 1192 603 1213 ,
638 1149 681 1203 si
713 1148 972 1218 nupserit.

299 1240 531 1299 CAPUT
559 1240 646 1295 Ill.
679 1271 742 1281 —
771 1239 933 1296 Locus
964 1240 1193 1311 Apostoli
1219 1239 1282 1294 de
1302 1239 1508 1292 muliere
1535 1253 1646 1308 qua:
1666 1254 1696 1291 a
1717 1239 1823 1291 viro

229 1335 516 1406 {emicante
559 1332 807 1399 discedit,
859 1331 1237 1402 intelligendus.
1288 1330 1509 1399 Propter
1552 1328 1651 1383 hoc
1696 1343 1824 1396 ergo

230 1438 340 1480 tam
370 1440 624 1496 magnum
649 1425 847 1478 malum
866 1465 879 1487 ,
913 1438 1015 1477 non
1043 1424 1162 1477 licet
1185 1422 1384 1477 homini
1407 1422 1671 1476 dimittere
1693 1435 1825 1475 uxo-

234 1533 347 1572 rein
366 1557 381 1582 ,
412 1517 516 1571 nisi
544 1531 609 1570 ex
637 1530 795 1569 causa
825 1514 1208 1569 fornicationis.
1242 1514 1390 1568 Tunc
1415 1514 1555 1567 enim
1584 1528 1687 1567 non
1711 1513 1826 1582 ipse

229 1609 550 1667 dimittendo
590 1609 713 1663 facit
751 1608 1082 1672 adulteram,
1126 1607 1219 1662 sed
1263 1606 1480 1661 dimittit
1505 1604 1823 1662 adulteram.

231 1702 370 1771 Quid
412 1702 458 1755 si
504 1715 633 1771 ergo
676 1699 853 1766 dicat,
902 1699 1115 1753 Dimitte
1150 1697 1362 1768 quidem
1405 1712 1622 1752 uxorem
1650 1712 1824 1751 meam

237 1796 353 1849 sine
394 1793 502 1848 ulla
544 1808 703 1847 causa
749 1789 1146 1851 fornicationis,
1194 1788 1285 1844 sed
1315 1788 1592 1843 continens
1620 1802 1829 1858 perma¢

232 1884 417 1941 nebo?
461 1884 653 1938 ideone
686 1883 926 1937 dicemus
956 1897 1075 1936 cum
1111 1881 1325 1950 impune
1350 1877 1544 1934 fecisse
1573 1877 1713 1948 quod
1745 1877 1824 1932 fe-

232 1978 347 2033 cit?
387 1976 519 2046 Quis
560 1974 662 2029 hoc
699 1974 880 2028 dicere
918 1971 1165 2034 audebit,
1211 1969 1299 2040 qui
1342 1969 1671 2023 voluntatem
1721 1966 1826 2020 Do-

232 2067 363 2121 mini
408 2066 523 2119 lucc
560 2063 785 2118 dicentis
825 2061 1104 2131 intelligit?
1134 2060 1394 2127 Quoniam
1423 2070 1522 2113 nec
1547 2057 1827 2114 continen-

235 2158 327 2214 tia:
351 2172 511 2211 causa
540 2155 736 2210 dimitti
761 2155 1040 2226 coniugem
1067 2154 1263 2221 voluit,
1294 2152 1384 2225 qui
1412 2152 1580 2208 solam
1609 2166 1825 2207 causam

232 2246 602 2303 fornicationis
630 2245 860 2316 excepit.

306 2339 361 2393 3.
405 2336 704 2392 Redeamus
738 2338 897 2406 igitur
924 2335 989 2391 ad
1026 2336 1136 2406 ipsa
1167 2334 1408 2406 Apostoli
1447 2334 1611 2391 verba
1637 2335 1825 2392 dicen-

236 2428 307 2483 tis
327 2470 342 2494 ,
376 2426 472 2481 His
492 2437 657 2480 autem
680 2429 767 2499 qui
790 2437 908 2481 sunt
931 2429 982 2481 in
1004 2428 1238 2499 conjugio
1268 2427 1508 2498 principio
1528 2470 1542 2494 ,
1569 2445 1670 2482 non
1698 2444 1787 2499 ego
1808 2469 1824 2494 ,

236 2522 325 2576 sed
343 2520 618 2586 Dominus,
642 2538 849 2576 uxorem
875 2539 906 2575 a
927 2522 1031 2576 viro
1054 2538 1152 2575 non
1175 2521 1427 2575 discedere
1454 2536 1474 2585 ,°
1497 2524 1631 2593 quod
1661 2522 1704 2575 si
1728 2523 1829 2576 dis-

235 2612 434 2667 cesserit
455 2654 471 2679 ,
504 2628 709 2665 orauere
742 2613 1008 2683 innuptam
1039 2628 1058 2675 ;
1100 2622 1152 2666 et
1182 2624 1303 2666 eum
1347 2612 1491 2667 velut
1527 2611 1826 2682 interroge-

237 2719 381 2772 mus,
410 2714 466 2759 et
495 2713 745 2775 tanquam
776 2712 1091 2773 praesentem
1119 2703 1349 2775 quodam
1380 2703 1540 2759 modo
1580 2704 1827 2759 consula-

243 2810 361 2852 tnus
384 2815 398 2851 :
423 2796 537 2853 Cur
561 2796 763 2863 dixisti,
803 2795 1078 2866 ApOstole,
1118 2794 1253 2865 quod
1289 2793 1331 2849 si
1358 2796 1672 2862 discesserit,
1719 2810 1829 2849 rna-

238 2908 354 2946 nere
380 2893 653 2962 innuptam
682 2892 708 2945 .9
733 2890 953 2946 Licetne
978 2890 1286 2958 discedere,
1314 2905 1380 2945 an
1410 2906 1518 2946 non
1565 2891 1690 2946 licet
1714 2889 1740 2943 ἲ
1769 2889 1827 2945 Si

236 2998 339 3038 non
366 2982 524 3049 licet,
553 2996 652 3036 cur
694 2982 940 3052 prmcipis
978 2980 1272 3037 discedenti
1303 2988 1360 3035 ut
1407 2990 1621 3037 maneat
1667 2982 1828 3036 innu-

241 3084 323 3145 pta
349 3076 374 3129 τ
397 3076 455 3132 Si
484 3084 665 3129 autem
688 3073 848 3139 licet,
882 3071 1125 3143 profecto
1165 3080 1247 3127 est
1287 3072 1467 3144 aliqua
1514 3086 1672 3127 causa
1723 3082 1828 3143 qua

240 3166 414 3223 liceat.
443 3167 576 3223 Hatc
602 3175 778 3220 autem
805 3165 1053 3236 inquisita
1080 3180 1187 3221 non
1216 3166 1503 3234 invenitur,
1537 3167 1637 3220 nisi
1668 3182 1827 3235 quam

240 3259 405 3314 solam
434 3258 685 3314 Salvator
722 3258 967 3327 excepit,
1002 3257 1052 3311 id
1080 3267 1198 3325 est,
1248 3271 1408 3313 causa
1441 3256 1825 3312 fornicationis.

241 3351 316 3404 Ae
354 3364 454 3420 per
496 3348 603 3404 hoc
638 3362 745 3403 non
789 3348 1041 3419 prmcepit
1091 3349 1379 3420 Apostolus
1418 3349 1733 3414 mulierem,
1782 3350 1827 3405 si

240 3440 567 3506 discesserit,
599 3454 817 3493 manere
846 3439 1139 3510 innuptam,
1162 3440 1261 3495 nisi
1288 3456 1406 3511 quae
1434 3441 1519 3495 illa
1544 3455 1703 3496 causa
1729 3439 1830 3496 dis.

241 3533 377 3588 cedit
421 3548 454 3587 a
481 3532 621 3599 viro,
648 3547 752 3602 qua
783 3532 894 3587 sola
924 3532 971 3588 ei
999 3533 1198 3588 licitum
1226 3543 1309 3590 est
1336 3533 1610 3590 discedere
1636 3550 1666 3589 a
1691 3534 1826 3590 viro.

244 3622 337 3679 Ubi
363 3624 509 3678 enim
548 3622 781 3688 dicitur,
827 3619 1081 3694 Prwcipio
1125 3640 1226 3678 non
1265 3623 1518 3679 discedere
1550 3640 1572 3690 ,-
1611 3624 1746 3695 quod
1785 3625 1830 3679 si

244 3714 545 3778 discesserit,
568 3729 771 3766 manere
794 3712 1058 3784 innuptam
1082 3713 1260 3778 ;absit
1281 3725 1338 3769 ut
1360 3724 1543 3769 contra
1567 3714 1671 3771 hoc
1695 3730 1832 3785 pra»

244 3814 450 3874 ceptum
490 3801 670 3869 faciat,
712 3819 830 3873 qua:
858 3802 938 3859 sic
969 3801 1195 3859 discedit
1239 3813 1298 3858 ut
1350 3804 1566 3873 innupta
1615 3819 1832 3874 perma-

246 3904 384 3950 neat.
429 3893 545 3950 Nisi
587 3909 718 3965 ergo
746 3894 834 3949 illa
878 3895 1206 3964 intelligatur
1251 3895 1336 3950 cui
1386 3895 1509 3950 licet
1554 3894 1831 3951 discedere

247 3987 393 4056 (non
419 3994 598 4041 autem
630 3988 752 4042 licet
780 3986 882 4041 nisi
920 3985 1033 4041 viro
1061 3985 1384 4059 fornicante)
1410 4029 1423 4053 ,
1452 3986 1719 4057 quomodo
1740 3987 1831 4057 ju-

247 4076 403 4131 hetur
443 4077 655 4149 innupta
677 4118 692 4145 ,
723 4077 769 4132 si
797 4077 1098 4133 discesserit
1128 4120 1142 4143 ,
1176 4093 1488 4148 permanere
1514 4078 1538 4132 1
1577 4076 1705 4144 Quis
1748 4086 1832 4133 est

246 4170 334 4239 qui
365 4168 508 4224 dicat
555 4188 570 4224 :
616 4170 674 4225 Si
720 4170 1030 4225 discesserit
1081 4170 1272 4225 mulier
1309 4185 1340 4223 a
1374 4169 1490 4225 viro
1519 4186 1622 4225 non
1650 4170 1829 4225 forni-

250 4273 401 4319 caute
422 4304 436 4327 ,
484 4262 706 4334 innupta
736 4272 1065 4333 permaneat,
1099 4277 1219 4318 cum
1250 4263 1299 4318 ei
1331 4263 1432 4318 nisi
1454 4277 1484 4317 a
1522 4265 1634 4318 viro
1666 4263 1831 4318 forni-

250 4363 401 4409 cante
453 4353 736 4410 discedere
778 4355 997 4409 omnino
1028 4371 1134 4409 non
1176 4355 1384 4410 liceat'!
1412 4356 1614 4411 Sensus
1656 4356 1833 4426 itaque

252 4445 344 4500 iste
372 4456 496 4501 tuus
521 4455 776 4517 quantum
808 4445 1120 4502 adversetur
1162 4449 1374 4503 vinculo
1401 4449 1667 4520 coniugali
1693 4491 1707 4515 ,
1744 4448 1830 4503 ubi

254 4536 502 4592 Dominus
531 4552 634 4592 nec
671 4538 1053 4593 continentiam
1083 4540 1251 4595 voluit
1305 4541 1543 4611 suscipi,
1584 4541 1684 4595 nisi
1720 4543 1833 4614 pari

254 4627 607 4699 concordique
634 4644 896 4686 consensu
922 4672 935 4695 ,
967 4640 1094 4701 puto
1132 4632 1272 4703 quod
1300 4632 1410 4703 jam
1443 4633 1725 4703 intelligas.

315 4718 546 4775 CAPUT
585 4719 675 4775 IV.
704 4751 777 4761 —
796 4720 849 4776 4.
882 4720 1155 4792 Apostolus
1179 4724 1310 4777 male
1332 4722 1618 4778 intellectus
1638 4724 1700 4778 de
1720 4741 1833 4777 mu-

257 4811 366 4866 liere
388 4813 449 4867 ob
470 4814 792 4868 continentia:
812 4814 1051 4885 placitum
1073 4816 1376 4870 discedente.
1402 4815 1506 4871 Sed
1531 4832 1641 4871 rem
1665 4817 1835 4886 ipsam

256 4903 408 4971 paulo
446 4904 687 4974 apertius
734 4905 1115 4975 proloquamur
1136 4948 1150 4971 ,
1181 4917 1235 4961 et
1272 4907 1423 4977 quasi
1452 4908 1838 4962 constituamus

254 5005 370 5051 ante
419 4997 626 5053 oculos.
673 4997 813 5053 Ecce
854 4998 1051 5068 placuit
1079 4999 1404 5053 continentia
1450 5000 1689 5065 mulieri,
1724 5001 1837 5056 viro

260 5103 353 5143 non
386 5088 584 5161 placuit
617 5108 631 5145 :
662 5090 910 5147 discessit
948 5090 1015 5144 ab
1044 5106 1110 5145 eo
1136 5092 1345 5191 mulieg,
1373 5103 1426 5148 ct
1470 5108 1536 5148 co
1557 5093 1631 5162 pit
1660 5094 1838 5149 vivere

258 5183 602 5245 continenter,
632 5183 746 5251 ipsa
768 5182 972 5238 scilicet
991 5192 1135 5238 casta
1164 5182 1409 5238 mans'ura
1428 5226 1442 5249 ,
1480 5184 1572 5239 sed
1600 5183 1796 5239 factura
1820 5227 1835 5253 ,

255 5273 389 5342 quod
422 5274 680 5329 Dominus
712 5291 817 5330 non
844 5275 957 5331 vult
981 5318 996 5343 ,
1027 5275 1328 5331 adulterum
1356 5275 1527 5331 virum
1559 5292 1574 5342 ;
1602 5278 1839 5347 quicum

256 5378 309 5422 Ie
331 5381 438 5422 non
475 5366 818 5433 continuerit,
841 5368 1063 5423 alteram
1084 5374 1308 5438 quaeret.
1334 5367 1468 5435 Quid
1511 5384 1697 5424 sumus
1753 5370 1838 5424 di-

254 5458 383 5513 cturi
422 5457 653 5523 mulieri,
674 5458 772 5513 nisi
800 5458 940 5529 quod
967 5457 1094 5513 dicit
1123 5452 1375 5515 Ecclesiae
1395 5475 1520 5515 sana
1548 5460 1786 5517 doctrina
1817 5461 1841 5515 ?

258 5546 433 5605 Redde
460 5549 700 5607 debitum
730 5551 869 5617 viro,
896 5565 964 5606 ne
988 5549 1114 5605 dum
1144 5559 1197 5605 tu
1224 5552 1418 5621 quaeris
1445 5553 1586 5609 unde
1616 5555 1841 5625 amplius

260 5637 550 5710 honoret-is,
591 5642 684 5698 ille
722 5643 866 5700 unde
893 5642 1177 5699 damnetur
1204 5644 1455 5700 inveniat.
1491 5645 1599 5701 Hoc
1622 5648 1763 5701 enim
1788 5656 1843 5702 et

262 5731 328 5785 illi
357 5734 660 5791 diceremus
679 5775 698 5801 ,
723 5734 768 5789 si
809 5746 861 5790 te
883 5736 1098 5793 nolente
1116 5736 1394 5793 continere
1417 5738 1692 5794 voluisset.
1724 5739 1840 5795 Non

263 5824 391 5882 enim
422 5825 587 5884 habes
630 5834 951 5899 potestatem
990 5828 1230 5899 corporis
1256 5828 1367 5900 tui,
1399 5829 1493 5887 sed
1536 5829 1627 5887 ille
1659 5848 1675 5887 :
1703 5830 1839 5888 sicut

801 394 887 450 DE
932 391 1279 450 CONJUGIIS
1316 385 1789 453 ADULTERINIS,
1832 382 1893 441 S.
1940 380 2311 441 AUGUSTINI
2366 385 2571 444 LIBER
2611 384 2888 449 ιιιιιιιυέ.

3417 384 3521 456 ἱείό

1934 515 2036 556 nec
2066 501 2154 557 ille
2188 501 2347 557 habet
2374 514 2687 573 potestatem
2713 508 2955 577 corporis
2976 509 3079 577 sui,
3109 511 3205 568 sed
3240 523 3313 568 tu.
3344 515 3521 572 Nolite

1932 593 2160 648 invicem
2190 592 2456 660 fraudare,
2485 598 2585 652 nisi
2616 615 2681 655 ex
2725 614 3013 656 consensu.
3049 600 3183 657 Cum
3224 604 3337 661 hare
3360 616 3520 676 atque

1931 683 2235 754 hujusmodi
2264 687 2413 757 plura
2443 707 2560 760 quae
2605 691 2671 745 ad
2714 691 2813 747 hoc
2852 694 3151 762 pertineant
3189 696 3519 767 dixerimus,

1930 777 2173 847 plaeetne
2204 779 2296 833 tibi
2338 788 2398 835 ut
2438 782 2589 836 nobis
2618 783 2809 838 mulier
2834 798 2896 839 ex
2936 784 3036 840 ista
3068 793 3154 841 tua
3183 789 3386 843 ratione
3437 805 3522 845 re-

1932 868 2192 937 spondeat
2225 871 2249 924 ?
2277 871 2388 942 Ego
2415 873 2726 943 Apostolum
2750 875 2909 929 audio
2931 877 3192 933 dicentem
3218 920 3234 947 ,
3270 879 3520 951 Principio

1930 959 2187 1014 mulierem
2212 979 2243 1015 a
2264 964 2370 1018 viro
2392 980 2491 1019 non
2528 966 2781 1021 discedere
2811 970 2989 1040 μικρά
3012 971 3055 1025 si
3089 970 3389 1038 discesserit,
3421 992 3523 1029 ma-

1931 1066 2047 1105 nere
2069 1051 2355 1124 innuptam,
2379 1065 2465 1108 aut
2485 1056 2590 1110 viro
2609 1070 2705 1111 suo
2728 1061 3047 1115 reconciliari
3075 1078 3094 1115 :
3122 1078 3247 1119 ecce
3269 1063 3514 1133 discessi,

1930 1140 2056 1196 nolo
2097 1145 2431 1199 reconciliari
2473 1146 2585 1201 viro
2613 1189 2626 1212 ,
2672 1149 2766 1204 scd
2808 1151 3025 1221 innupta
3067 1152 3374 1224 permaneo.
3404 1158 3521 1213 Non

1931 1231 2074 1287 enim
2108 1234 2219 1300 ait,
2250 1234 2305 1289 Si
2347 1235 2691 1305 discesserit,
2736 1255 2953 1297 manere
2993 1243 3301 1316 innuptam,
3349 1247 3521 1304 donec

1929 1324 2046 1379 viro
2079 1337 2178 1380 suo
2225 1328 2643 1395 reconcilietur;
2678 1330 2802 1394 sed,
2838 1349 3078 1400 manere,
3123 1337 3326 1407 inquit,
3366 1340 3520 1392 innu-

1931 1422 2087 1485 ptam,
2115 1426 2201 1471 aut
2236 1419 2341 1472 viro
2371 1428 2462 1473 suo
2485 1422 2819 1476 reconciliari.
2849 1424 2978 1490 lloc,
3007 1426 3195 1497 inquit,
3228 1428 3400 1495 faciat,
3430 1438 3524 1485 aut

1930 1504 2059 1561 illud
2103 1525 2116 1561 :
2171 1523 2333 1563 unum
2375 1525 2406 1565 e
2434 1510 2643 1566 duobus
2689 1514 2992 1584 eligendum
3051 1520 3289 1587 permisit
3340 1537 3356 1587 ;
3410 1537 3520 1578 non

1929 1607 2107 1653 autem
2148 1599 2200 1654 in
2232 1600 2420 1655 horum
2466 1603 2692 1659 alterum
2737 1609 3011 1678 compulit.
3044 1609 3258 1668 Mancre
3300 1613 3520 1684 innupta

1929 1689 2093 1761 eligo,
2126 1707 2189 1747 ac
2210 1691 2286 1748 sie
2307 1705 2627 1767 praeceptum
2658 1698 2870 1770 impleo.
2910 1701 3147 1774 Corripe,
3196 1720 3388 1776 argue,
3435 1708 3524 1763 in-

1930 1795 2110 1852 crepa,
2143 1793 2290 1839 utere
2316 1801 2416 1856 qua
2448 1789 2676 1844 volueris
2705 1792 3017 1858 severitate,
3051 1795 3093 1849 si
3127 1811 3375 1865 nupsero.

2000 1871 2225 1930 CAPUT
2265 1874 2480 1933 V.—-5.
2530 1878 2800 1953 Refutatur
2846 1884 2937 1937 illa
2982 1886 3328 1956 interpretatio
3377 1890 3519 1961 Apo.

1929 1964 2067 2020 stall.
2109 1966 2244 2033 Quid
2273 1968 2397 2025 huic
2442 1976 2801 2029 contradicam
2836 1991 2851 2043 ;
2887 1977 2984 2032 nisi
3008 2021 3023 2045 ,
3068 1980 3382 2046 Apostolum
3412 2000 3522 2040 non

1930 2053 2071 2111 bene
2116 2058 2415 2131 intelligis?
2456 2061 2639 2134 Neque
2670 2065 2810 2120 enim
2859 2066 2947 2122 ille
2976 2072 3315 2141 praecepisset
3339 2113 3355 2140 ,
3404 2075 3449 2129 si
3488 2090 3521 2130 ιι

1929 2149 2046 2205 viro
2095 2149 2439 2218 discesserit,
2483 2154 2754 2225 innuptam
2807 2174 3021 2215 manere
3066 2161 3375 2229 mulierem,
3417 2166 3521 2221 nisi

1930 2254 2051 2297 eam
2087 2244 2172 2299 cui
2194 2244 2468 2302 discedere
2498 2248 2734 2304 licuisset
2758 2292 2773 2316 ,
2800 2250 2887 2304 illa
2918 2268 3019 2306 una
3047 2253 3291 2310 videlicet
3320 2271 3476 2311 causa
3501 2292 3520 2326 ,

1930 2342 2051 2406 Quae
2076 2335 2146 2391 ibi
2179 2347 2456 2407 propterea
2482 2341 2634 2395 tacita
2663 2350 2775 2407 est,
2803 2343 2924 2412 quia
2954 2344 3228 2400 notissima
3254 2355 3338 2402 est
3358 2390 3373 2414 ,
3421 2349 3524 2405 hoc

1931 2433 2036 2494 est,
2060 2425 2443 2484 fernicationis.
2474 2428 2621 2485 lianc
2640 2431 2781 2486 cnim
2807 2434 2975 2487 solam
2994 2435 3131 2489 Deus
3160 2438 3411 2508 magister
3430 2455 3524 2494 ex-
3584 2448 3585 2451 “

1932 2517 2092 2588 cepit,
2118 2534 2239 2574 cum
2262 2520 2329 2576 de
2354 2521 2665 2578 dimittenda
2688 2524 3000 2595 loqueretur
3026 2543 3191 2583 uxore
3223 2546 3238 2594 ;
3270 2530 3523 2602 deditque

1932 2608 2157 2681 intelligi
2184 2612 2344 2669 talem
2367 2613 2592 2670 formam
2615 2616 2774 2691 etiam
2802 2616 2854 2673 in
2885 2619 2999 2673 viro
3022 2635 3140 2675 esse
3169 2623 3481 2677 servandam
3505 2638 3518 2678 :

1930 2703 2185 2774 quoniam
2231 2719 2338 2759 non
2378 2706 2549 2761 solum
2595 2708 2785 2763 mulier
2832 2725 2936 2764 non
2983 2710 3142 2767 habet
3198 2721 3519 2782 potestatem

1932 2793 2175 2864 corporis
2208 2795 2324 2864 sui,
2362 2796 2456 2852 sed
2489 2792 2569 2851 vir
2599 2815 2613 2864 ;
2647 2798 2739 2853 sed
2770 2800 3017 2856 similiter
3045 2811 3099 2857 et
3122 2804 3202 2858 vir
3228 2819 3332 2859 non
3364 2805 3526 2861 habet

1933 2897 2252 2958 potestatem
2278 2891 2521 2961 corporis
2549 2892 2652 2958 sui,
2682 2891 2774 2947 scd
2803 2895 3014 2950 mulier.
3042 2894 3174 2950 Cum
3202 2910 3329 2967 ergo
3374 2908 3523 2953 tuum

1932 2981 2182 3035 maritum
2225 2994 2449 3053 arguere
2478 2982 2545 3037 de
2593 2983 2937 3040 fornicatione
2984 3003 3086 3041 non
3139 2990 3346 3058 possis,
3385 3007 3523 3062 quo-

1933 3070 2093 3125 modo
2119 3078 2273 3142 putas
2298 3073 2437 3144 quod
2472 3073 2538 3129 ab
2565 3090 2629 3129 eo
2656 3075 2883 3130 discedis
2927 3093 3032 3133 non
3074 3080 3320 3135 nubendo
3362 3097 3525 3137 excu-

1933 3178 2084 3230 sare,
2124 3178 2153 3217 a
2183 3180 2290 3235 quo
2334 3166 2425 3220 tibi
2467 3180 2571 3221 non
2619 3165 2743 3221 licet
2785 3169 3003 3223 omnino
3028 3170 3352 3226 discedere?
3388 3173 3522 3229 Cum

1935 3253 2050 3310 haec
2079 3270 2107 3309 a
2148 3255 2299 3310 nobis
2328 3256 2518 3310 mulier
2544 3256 2809 3323 audierit,
2854 3270 2981 3328 puto
3024 3261 3165 3330 quod
3214 3262 3352 3317 nolis
3399 3279 3521 3319 eam

1933 3347 2012 3403 sic
2036 3348 2363 3419 respondere
2389 3389 2404 3413 ,
2434 3359 2490 3404 ut
2513 3349 2653 3404 dicat
2699 3358 2977 3420 prepterea
3017 3367 3075 3407 se
3117 3369 3331 3409 manere
3361 3356 3523 3409 innu-

1932 3446 2077 3510 ptam
2098 3480 2114 3507 ,
2144 3439 2266 3510 quia
2295 3440 2409 3494 sine
2433 3440 2539 3495 ulla
2571 3441 2667 3495 viri
2700 3440 3047 3497 fornicatione
3073 3443 3351 3509 discessit;
3399 3462 3521 3502 nam

1934 3532 1979 3584 si
2029 3529 2116 3585 ille
2167 3529 2459 3585 fornicatus
2486 3540 2664 3597 esset,
2698 3548 2804 3587 non
2846 3533 3017 3588 solum
3064 3535 3165 3590 sibi
3204 3536 3519 3604 discedere,

1933 3637 2117 3676 verum
2145 3621 2303 3676 etiam
2341 3622 2542 3677 nubere
2571 3624 2827 3679 licuisset.

2004 3711 2229 3769 CAPUT
2255 3712 2339 3769 Vl.
2365 3739 2432 3754 —-
2452 3714 2503 3769 6.
2531 3712 2771 3769 Pollentii
2790 3717 3053 3783 sententia,
3078 3718 3278 3773 mulieri
3297 3719 3360 3773 ab
3381 3721 3525 3775 adul-

1936 3812 2040 3859 tero
2069 3804 2344 3859 discedenti
2379 3807 2581 3877 nuptias
2604 3822 2719 3860 cum
2741 3807 2843 3862 alio
2885 3826 2985 3863 non
3013 3826 3121 3865 esse
3158 3822 3405 3881 praecepto
3444 3829 3527 3868 ve-

1936 3896 2073 3963 titas,
2113 3895 2202 3949 sed
2226 3905 2420 3950 tantum
2450 3907 2655 3967 propter
2686 3899 3009 3969 opprobrium
3036 3902 3289 3960 vitandas.
3317 3903 3527 3975 Nequa-

1935 4000 2092 4054 quam
2116 3984 2217 4040 hoc
2258 3985 2345 4040 illa
2374 3986 2575 4043 diceret
2599 4029 2613 4051 ,
2636 4003 2757 4043 cum
2792 3999 2846 4043 et
2886 3988 2999 4059 ipse
3023 3991 3097 4045 sis
3126 3994 3522 4050 verecundatus

1936 4075 2091 4131 istam
2118 4076 2435 4134 mulieribus
2455 4079 2583 4133 dare
2612 4078 2904 4134 licentiam.
2936 4081 3120 4137 Dixisti
3175 4084 3317 4138 enim
3350 4103 3362 4138 :
3402 4102 3420 4137 ι
3468 4085 3527 4142 Si

1945 4185 1964 4219 ι
2011 4167 2091 4222 vir
2120 4183 2338 4222 uxorem
2368 4168 2662 4223 adulteram
2686 4169 2985 4235 dimiserit,
3013 4182 3066 4227 ct
3094 4173 3249 4228 aliam
3280 4175 3525 4241 duxerit,

1942 4277 1961 4312 ι
2010 4260 2201 4315 mulier
2230 4269 2435 4315 tantum
2469 4261 2813 4332 opprobrium
2854 4262 3089 4319 habebit.
3119 4265 3173 4320 Si
3201 4275 3377 4321 autem
3406 4284 3527 4322 mu-

1944 4369 1963 4403 ι
2011 4350 2110 4405 lier
2147 4366 2306 4422 supra
2332 4351 2469 4406 dicta
2506 4367 2663 4407 causa
2692 4354 2860 4408 virum
2906 4354 3187 4422 dimiserit,
3227 4367 3280 4411 et
3301 4356 3389 4412 alii
3430 4375 3532 4414 nn-

1945 4458 1964 4493 ι
2014 4441 2175 4510 pserit
2195 4483 2209 4508 ,
2244 4455 2349 4496 non
2382 4444 2464 4496 vir
2494 4452 2719 4509 tantum,
2750 4442 2843 4498 sed
2875 4454 2928 4499 et
2969 4447 3157 4500 mulier
3185 4428 3528 4518 Oppt'obrium

1944 4548 1963 4582 ι
2013 4531 2246 4586 habebit.
2286 4551 2305 4584 ι
2338 4531 2498 4601 Cujus
2527 4532 2807 4587 sententia:
2838 4543 2943 4588 tua:
2965 4536 3225 4592 rationem
3256 4539 3528 4595 reddens:

1945 4643 1964 4678 ι
2014 4626 2198 4681 Dicent
2224 4627 2386 4690 enim,
2417 4626 2611 4696 inquis,
2635 4641 2753 4682 eam
2782 4626 2901 4683 ideo
2923 4628 3258 4695 discessisse,
3288 4640 3345 4687 ut
3369 4633 3531 4688 alium

1947 4737 1966 4772 ι
2012 4719 2184 4774 virum
2213 4718 2315 4774 sibi
2346 4719 2693 4790 coniungeret
2717 4764 2731 4789 ,
2762 4722 2860 4776 etsi
2904 4723 3024 4778 talis
3054 4724 3188 4781 forte
3216 4724 3372 4780 fuerit
3397 4742 3532 4796 qua.

1948 4829 1966 4862 ι
2015 4810 2082 4866 lis
2125 4825 2154 4864 a
2197 4826 2302 4881 quo
2346 4810 2591 4865 discessit
2644 4829 2659 4878 ;
2708 4828 2965 4883 perquam
3016 4815 3173 4871 facile
3220 4817 3364 4871 enim
3404 4818 3534 4872 viris

1948 4920 1968 4955 ι
2012 4911 2128 4971 est,
2181 4900 2232 4956 in
2266 4901 2367 4957 hoc
2393 4902 2563 4981 morbi
2592 4904 2775 4958 vilium
2806 4906 3028 4961 irruere.
3057 4905 3111 4962 Si
3148 4917 3324 4962 autem
3369 4915 3422 4961 et
3451 4907 3533 4977 ip-

1949 5014 1967 5049 ι
2017 5011 2132 5051 sum
2180 4993 2479 5061 dimiserit,
2531 5005 2586 5051 et
2627 4997 2715 5052 alii
2746 4998 3015 5067 nupserit,
3058 5000 3225 5069 magis
3262 4998 3536 5067 magisque

1949 5107 1967 5141 ι
2014 5089 2194 5143 dicent
2240 5103 2356 5142 eam
2405 5089 2840 5143 numerositatem
2882 5090 3115 5142 virorum
3166 5088 3451 5158 appetisse.
3510 5108 3531 5141 ι

1944 5181 2053 5235 llac
2094 5179 2297 5235 reddita
2338 5181 2543 5236 ratione
2567 5180 2843 5235 concludis
2867 5221 2883 5246 ,
2930 5191 2984 5235 et
3017 5180 3189 5233 dicis:
3224 5197 3243 5232 ι
3286 5179 3377 5234 His
3406 5193 3536 5250 ergo

1950 5294 1969 5327 ι
2017 5274 2357 5346 pertractatis
2385 5274 2467 5328 vel
2493 5275 2652 5329 etiam
2683 5272 2937 5328 discussis
2966 5314 2981 5339 ,
3010 5281 3222 5341 oportet
3253 5271 3532 5328 mulierem

1950 5383 1970 5417 ι
2017 5366 2191 5420 virum
2240 5365 2492 5431 tolerare,
2532 5373 2623 5418 aut
2669 5363 2942 5431 innuptam
2981 5374 3218 5416 manere.
3259 5380 3279 5414 ι
3329 5362 3532 5418 Bonum

1944 5459 2103 5529 plane
2153 5455 2348 5512 dedisti
2392 5452 2678 5511 consilium
2723 5450 3073 5519 mulieribus,
3105 5462 3161 5508 ut
3198 5469 3318 5510 cum
3365 5456 3535 5512 sciant

1944 5554 2047 5609 sibi
2074 5567 2194 5610 esse
2240 5550 2558 5622 permissum
2583 5589 2599 5613 ,
2643 5547 2688 5601 si
2710 5546 2986 5603 adulteros
3018 5548 3159 5603 viros
3188 5547 3485 5607 dimiserint
3514 5590 3529 5613 ,

1945 5645 2063 5700 aliis
2103 5640 2408 5714 conjugari,
2456 5655 2561 5694 non
2608 5647 2781 5693 tamen
2834 5636 3031 5694 faciant
3070 5647 3288 5711 prepter
3335 5654 3533 5709 Oppl'O-

1947 5738 2119 5793 brium
2154 5753 2168 5802 ;
2199 5735 2293 5790 sed
2319 5734 2493 5805 potius
2525 5730 2752 5786 tolerent
2780 5732 2939 5786 ctiam
2964 5733 3237 5788 adulteros
3265 5732 3425 5796 viros,
3469 5746 3536 5783 ne

1947 5829 2230 5886 videantur
2257 5826 2354 5881 hac
2380 5824 2664 5882 occasione
2686 5821 2864 5881 multis
2889 5823 3025 5879 velle
3047 5822 3278 5892 misceri,
3309 5836 3372 5876 eo
3394 5820 3534 5891 quod
