4070 6334
545 333 652 390 465

540 447 755 505 difficile
792 446 863 500 sit
903 453 953 499 ut
986 457 1088 496 non
1120 440 1281 495 talem
1311 438 1545 493 inveniat
1574 435 1765 491 mulier
1792 433 1876 487 cui
1922 430 2087 485 nubat
2107 471 2123 495 ,

541 541 713 612 qualis
756 538 914 593 fuerit
950 550 1106 606 quem
1138 532 1368 594 dimisit,
1400 528 1650 600 quoniam
1690 526 1845 582 valde
1893 525 1947 580 in
1986 524 2129 579 hunc

541 632 786 687 morbum
832 636 957 684 sunt
988 624 1249 697 proclives
1274 621 1392 675 viri.
1424 620 1557 674 Cum
1596 632 1725 687 ergo
1767 631 1866 672 nos
1901 613 2127 699 dicimus

538 726 699 779 etiam
731 722 804 777 illi
836 718 1075 784 mulieri,
1105 733 1225 786 qua:
1254 715 1420 768 virum
1448 710 1797 765 fornicantem
1827 705 2123 773 dimiserit,

540 815 693 870 alteri
717 813 915 867 nubere
938 826 1040 864 non
1073 809 1254 869 licere,
1285 815 1337 859 tu
1359 811 1533 858 autem
1556 801 1688 857 dicis
1710 799 1869 853 licere
1888 795 2125 867 quidem,

540 907 635 963 sed
666 920 770 961 non
801 902 1053 973 expedire
1086 916 1100 966 ;
1133 898 1341 967 utrique
1366 894 1551 966 procul
1579 893 1740 965 dubio
1759 891 1984 947 dicimus
2008 903 2126 944 eam

539 1013 659 1068 qua:
694 995 1041 1063 fornicantem
1067 992 1236 1045 virum
1265 988 1514 1050 dimittit,
1542 985 1743 1040 nubere
1774 998 1879 1037 non
1908 981 2124 1047 debere.

538 1086 739 1144 Verum
788 1086 889 1141 hoc
940 1084 1199 1148 interest,
1253 1079 1394 1149 quod
1445 1091 1577 1143 nos,
1625 1074 1836 1146 quando
1875 1072 2127 1142 coniuges

473 1195 479 1206 ’
537 1180 695 1235 ambo
723 1175 995 1234 christiani
1027 1184 1182 1238 sunt,
1230 1166 1479 1234 mulieri,
1533 1168 1578 1224 si
1621 1183 1650 1222 a
1681 1167 1796 1221 viro
1831 1166 2127 1221 fornicante

537 1268 880 1331 discesserit,
911 1264 1135 1323 dicimus
1162 1279 1265 1319 non
1296 1264 1456 1318 licere
1483 1262 1636 1317 alteri
1670 1259 1872 1315 nubere
1896 1300 1911 1323 ,
1952 1273 1982 1312 a
2010 1258 2128 1313 viro

536 1374 714 1419 autem
743 1378 848 1416 non
890 1359 1188 1425 fornicante
1226 1371 1331 1411 non
1372 1355 1531 1409 licere
1562 1353 1780 1407 omnino
1804 1349 2122 1405 discedere:

538 1465 595 1510 tu
619 1470 748 1509 vero
778 1453 930 1515 dicis,
962 1452 1006 1505 si
1035 1450 1223 1504 mulier
1247 1462 1276 1500 a
1315 1447 1432 1501 viro
1461 1459 1568 1498 non
1607 1442 1899 1498 fornicante
1927 1434 2128 1495 disces-

538 1546 710 1609 serit,
739 1559 842 1598 non
873 1543 922 1597 ei
968 1526 1130 1596 licere
1171 1538 1323 1594 alteri
1390 1532 1623 1600 nubere,
1678 1541 1895 1603 propter
1921 1545 2124 1601 praece-

537 1648 685 1709 ptum
712 1656 725 1703 ;
751 1638 794 1692 si
820 1645 996 1691 autem
1023 1650 1053 1688 a
1081 1633 1372 1686 fornicante
1396 1628 1842 1691 discesserit,non
1874 1624 1932 1686 ei,
1953 1638 2124 1709 expe-

536 1708 653 1785 dire
696 1727 897 1783 nubere
946 1734 1162 1795 propter
1207 1720 1571 1791 opprobrium.
1626 1716 1904 1773 Mulierem
1940 1708 2125 1783 itaque

530 1837 646 1891 non
670 1829 953 1890 nupturam
974 1814 1251 1872 discedere
1276 1829 1307 1868 a
1332 1813 1468 1879 viro,
1501 1812 1612 1867 sive
1646 1808 1978 1873 fornicante,
2011 1806 2124 1861 sive

535 1928 645 1974 non
674 1910 971 1965 fornicante
990 1949 1007 1975 ,
1039 1905 1322 1977 permittis.
2106 1948 2109 1951 γ

605 2001 832 2058 CAPUT
874 1999 1135 2054 Vll.-—7.
1172 1994 1393 2066 Prwcipi
1422 2003 1478 2047 ut
1506 1995 1721 2063 innupta
1747 2000 1947 2045 maneat
1974 1990 2125 2044 etiam

536 2108 651 2165 qua:
694 2094 755 2145 ab
806 2090 1037 2144 adultero
1083 2086 1312 2141 discedit.
1361 2086 1531 2140 Porro
1576 2085 1761 2139 beatus
1798 2081 2121 2151 Apostolus,

536 2184 645 2238 imo
676 2197 770 2252 per
823 2178 1136 2249 Apostolum
1179 2176 1475 2241 Dominus,
1522 2175 1643 2243 quia
1690 2173 1966 2226 mulierem
2019 2184 2123 2224 non

531 2273 793 2345 permittit
819 2286 849 2325 a
890 2269 1004 2326 viro
1033 2286 1138 2324 non
1170 2267 1463 2323 fornicaute
1490 2265 1767 2331 discedere
1808 2282 1821 2329 ;
1867 2274 2033 2320 restat
2058 2270 2119 2317 ut

535 2382 655 2423 eam
681 2364 996 2435 prohibeat,
1021 2362 1064 2416 si
1086 2359 1425 2425 discesserit,
1456 2357 1662 2412 nubere
1680 2396 1694 2421 ,
1722 2371 1879 2425 quam
1908 2354 2127 2425 permit-

536 2458 600 2513 tit
628 2473 660 2511 a
688 2456 986 2510 fornicante
1009 2451 1306 2509 discedere.
1347 2451 1423 2505 De
1460 2464 1564 2519 qua
1589 2449 1731 2503 enim
1760 2448 1973 2513 dicitur,
2007 2446 2061 2501 Si
2092 2462 2122 2501 a

534 2550 653 2606 viro
679 2546 1017 2619 discesserit,
1046 2560 1152 2599 non
1181 2542 1343 2597 nubat
1366 2557 1381 2605 ;
1426 2556 1489 2595 ea
1516 2538 1820 2594 conditione
1847 2533 2124 2595 discedere

535 2625 860 2712 permittitur
884 2679 899 2703 ,
930 2644 988 2691 ut
1020 2650 1129 2689 non
1154 2630 1336 2689 nubat.
1379 2632 1435 2688 Si
1466 2646 1594 2701 ergo
1623 2628 1842 2700 elegerit
1885 2644 1989 2683 non
2024 2645 2124 2684 nu-

533 2735 695 2799 bere,
746 2744 851 2792 non
884 2738 966 2785 est
1000 2744 1097 2782 cur
1134 2725 1482 2795 prohibeatur
1511 2721 1806 2777 discedere.
1857 2719 2007 2775 Sicut
2033 2719 2122 2774 illa

536 2824 605 2880 de
632 2837 734 2893 qua
764 2820 957 2875 dicitur
978 2859 992 2885 ,
1020 2815 1076 2873 Si
1101 2831 1158 2871 se
1186 2830 1291 2869 non
1320 2813 1578 2877 continet,
1600 2811 1765 2866 nubat
1794 2809 1849 2884 (l
1880 2810 1999 2864 Cor.
2028 2826 2120 2876 vn,

537 2915 607 2985 9)
638 2930 653 2980 ;
682 2914 779 2968 hac
801 2913 984 2981 utique
1008 2909 1317 2965 conditione
1342 2922 1447 2961 non
1472 2906 1745 2961 continere
1772 2900 2122 2977 permittitur,

536 3014 597 3062 ut
617 3014 789 3060 tamen
817 3002 998 3057 nubat.
1019 3001 1075 3058 Si
1101 3014 1230 3070 ergo
1250 2998 1471 3069 elegerit
1493 2996 1713 3062 nubere,
1739 2996 1858 3066 cogi
1896 3010 2000 3051 non
2022 3010 2123 3065 po-

537 3108 644 3156 test
683 3098 975 3155 continere.
1018 3094 1169 3149 Sicut
1211 3107 1338 3163 ergo
1380 3091 1480 3145 ista
1520 3090 1855 3145 incontinens
1884 3088 2123 3159 compel-

537 3190 665 3248 litur
712 3188 945 3251 nubere,
988 3194 1045 3241 ut
1087 3184 1256 3255 possit
1279 3181 1421 3253 quod
1460 3196 1566 3236 non
1596 3181 1833 3236 continet
1856 3195 1963 3234 non
2006 3195 2126 3235 esse

537 3282 839 3340 damnabile
874 3297 889 3336 :
922 3280 999 3334 sic
1034 3294 1065 3332 a
1095 3277 1211 3332 viro
1254 3276 1339 3329 illa
1369 3274 1683 3340 discedens,
1718 3275 1937 3343 innupta
1979 3289 2127 3327 com-

538 3376 754 3447 pellitur
779 3386 1121 3444 permanere,
1154 3377 1214 3423 ut
1242 3368 1408 3438 possit
1437 3366 1579 3438 quod
1606 3366 1830 3421 discedit
1862 3380 1966 3420 non
2005 3382 2125 3422 esse

537 3466 819 3538 culpabile.
844 3463 1190 3533 Cnlpabiliter
1229 3471 1406 3516 autem
1451 3475 1481 3512 a
1522 3459 1637 3514 viro
1678 3474 1785 3514 non
1832 3459 2125 3515 fornicante

538 3559 783 3623 discedit,
814 3556 1022 3613 etiamsi
1049 3555 1266 3622 innupta
1298 3552 1666 3623 permanserit.
1692 3550 1786 3605 llla
1814 3565 1941 3620 ergo
1966 3551 2121 3606 inuno

538 3661 630 3723 pta
669 3663 886 3704 manere
914 3645 1255 3716 praccipitur,
1297 3643 1342 3697 si
1374 3642 1710 3703 discesserit,
1743 3657 1860 3710 qua:
1886 3657 1916 3695 a
1959 3641 2124 3695 forni-

538 3751 697 3797 canle
735 3738 981 3794 discedit.
1009 3739 1138 3803 Qua:
1162 3751 1283 3789 cum
1312 3736 1382 3788 ita
1409 3749 1467 3788 se
1497 3730 1766 3799 habeant,
1795 3732 1839 3786 si
1868 3747 1933 3787 eo
1967 3733 2126 3788 modo

538 3808 956 3889 intellexerimus
1002 3825 1317 3897 Apostolum
1343 3865 1357 3890 ,
1400 3832 1458 3877 ut
1496 3822 1810 3877 mulieribus
1850 3822 2123 3889 dicamus,

536 3924 612 3982 Ita
642 3924 805 3979 nolite
832 3920 1106 3977 discedere
1134 3934 1165 3973 a
1210 3918 1339 3973 viris
1366 3917 1557 3972 vestris
1596 3916 1755 3971 etiam
1796 3915 2001 3986 pudicis
2022 3958 2036 3982 ,
2071 3925 2129 3973 ut

537 4017 583 4071 si
627 4013 903 4071 discedere
948 4009 1255 4073 volueritis,
1307 4008 1541 4078 innupta:
1591 4007 1896 4073 maneatis;
1938 4022 2127 4063 omnes

538 4107 733 4180 quibus
770 4103 1029 4175 placuerit
1071 4100 1420 4162 continentia,
1457 4099 1616 4153 etiam
1649 4113 1756 4152 non
1786 4100 2125 4154 consentien-

537 4202 679 4258 tibus
709 4197 838 4253 viris
863 4236 877 4259 ,
904 4192 1284 4250 existimabunt
1313 4190 1411 4244 sibi
1449 4190 1609 4245 licere
1646 4188 1942 4244 discedere.
1974 4190 2125 4257 Quod

542 4290 730 4364 procul
769 4286 932 4344 dubio
968 4284 1089 4356 quia
1132 4281 1441 4352 permittere
1480 4294 1586 4334 non
1612 4278 1907 4347 debemus,
1960 4290 2127 4336 restat

539 4393 600 4438 ut
622 4380 770 4451 quod
799 4378 998 4434 dictum
1026 4385 1144 4440 est,
1193 4373 1236 4428 si
1257 4370 1556 4438 discesserit,
1590 4388 1791 4427 manere
1813 4370 2082 4438 innuptam
2104 4415 2120 4442 ,

538 4477 607 4532 de
629 4476 717 4530 illa
744 4472 942 4528 dictum
972 4469 1167 4524 docere
1187 4466 1496 4531 debeamus,
1528 4464 1613 4519 cui
1636 4464 1797 4520 licere
1824 4464 2121 4532 discedere,

539 4586 646 4627 non
671 4569 848 4637 utique
877 4563 978 4619 nisi
1008 4578 1038 4616 a
1064 4561 1358 4617 fornicante
1380 4600 1396 4626 ,
1429 4558 1733 4614 didicimus.
1763 4555 1841 4614 Ne
1877 4559 1923 4614 si
1965 4560 2126 4615 aliter

538 4660 906 4720 docuerimus.
936 4655 1156 4711 obtentu
1193 4651 1532 4707 continentiae
1575 4652 1952 4720 perturbemus
1981 4653 2124 4707 chri-

538 4758 712 4813 stiana
749 4748 1021 4821 coniugia,
1070 4755 1125 4801 et
1171 4753 1355 4801 contra
1399 4745 1954 4802 misericordissimum
2004 4747 2120 4801 Do-

537 4848 670 4904 mitti
694 4850 1019 4916 prmceptum
1050 4836 1300 4892 dimissos
1337 4850 1367 4889 a
1390 4834 1784 4891 continentibus
1814 4838 2124 4893 mulieribus

534 4940 931 4997 incontinentes
957 4931 1130 4995 viros,
1158 4927 1245 4982 vel
1290 4942 1319 4980 a
1347 4927 1744 4983 continentibus
1778 4929 1906 4984 viris
1937 4930 2120 4985 incon-

538 5034 771 5086 tinentes
792 5025 1039 5081 mulieres
1066 5021 1119 5074 in
1148 5016 1410 5072 adulteria
1442 5018 1846 5087 compellamus.

606 5118 831 5177 CAPUT
874 5112 1002 5168 Vill.
1022 5139 1093 5151 —-
1116 5109 1171 5165 8.
1206 5108 1391 5163 Parem
1417 5123 1525 5163 esse
1549 5110 1602 5163 in
1628 5127 1687 5164 ea
1711 5126 1766 5164 re
1789 5115 2005 5182 formam
2030 5113 2124 5167 viri

539 5225 585 5268 et
625 5208 868 5265 mulieris.
894 5203 1024 5259 Illud
1054 5217 1179 5273 ergo
1202 5199 1343 5271 quod
1376 5200 1648 5265 Dominus,
1680 5215 1783 5255 non
1823 5202 2039 5272 quidem
2068 5204 2120 5259 in

538 5319 785 5362 sermone
816 5304 932 5372 ipso
960 5299 1048 5370 qui
1084 5295 1445 5366 exponebatur
1484 5309 1511 5348 a
1561 5295 1715 5352 nobis
1741 5337 1756 5362 ,
1806 5296 1900 5352 sed
1944 5305 2122 5354 [amen

537 5397 661 5451 alibi
686 5397 761 5450 ait
788 5434 803 5460 ,
835 5394 1141 5461 Quicumque
1180 5388 1425 5443 dimiserit
1458 5404 1664 5441 uxorem
1696 5406 1842 5443 suam
1866 5431 1881 5456 ,
1928 5392 2025 5444 nisi
2062 5408 2125 5447 ca:

535 5502 693 5542 causa
714 5482 1089 5556 fornicationis,
1114 5488 1157 5533 et
1177 5478 1332 5532 aliam
1358 5477 1574 5543 duxerit,
1599 5480 1875 5533 moechatur
1896 5479 2117 5549 (Matth.

536 5593 651 5641 nx,
678 5574 776 5642 9),
808 5572 851 5626 si
878 5571 978 5624 hoc
1004 5568 1163 5624 modo
1193 5567 1586 5638 intelligendum
1614 5578 1695 5624 est
1719 5610 1733 5632 ,
1775 5578 1833 5624 ut
1876 5571 2121 5639 quicum-

538 5683 643 5738 que
687 5677 845 5720 causa
891 5660 1249 5715 fornicationis
1292 5659 1552 5715 dimiserit
1580 5669 1634 5717 et
1676 5660 1833 5716 aliam
1872 5662 2115 5731 duxerit,

538 5773 648 5815 non
674 5752 971 5813 nimchetur
998 5768 1012 5819 ;
1060 5767 1162 5807 non
1189 5750 1395 5808 videtur
1427 5752 1479 5807 in
1508 5751 1605 5813 hac
1630 5768 1785 5811 causa
1812 5771 1908 5827 par
1947 5755 2117 5815 forma

1421 321 1509 377 DE
1546 316 1893 376 CONJUGIIS
1929 312 2408 389 ADULTERINIS,
2449 321 2508 378 S.
2548 320 2913 383 AUGUSTINI

3715 329 3818 389 4‘50

2235 447 2355 488 esse
2380 436 2554 491 mariti
2590 445 2645 492 et
2672 440 2853 495 uxoris
2885 457 2897 493 :
2931 438 3355 510 quandoquidem
3381 442 3570 498 mulier
3605 444 3819 504 etiamsi

2231 539 2391 580 causa
2420 526 2783 584 fornicationis
2807 524 3111 586 discesserit
3138 546 3168 585 a
3199 532 3315 586 viro
3343 542 3396 587 et
3418 534 3506 587 alii
3537 538 3814 605 nupserit,

2232 610 2529 674 mmchatur
2559 636 2574 686 ;
2608 620 2687 675 vir
2710 630 2890 677 autem
2926 623 2968 677 si
3013 622 3199 678 eadem
3224 638 3383 678 causa
3410 640 3636 681 uxorem
3660 627 3819 683 dimi-

2232 709 2361 762 serit
2383 718 2437 766 et
2461 710 2618 765 aliam
2639 710 2870 780 duxerit,
2900 729 3004 769 non
3029 713 3343 769 mmcbatur.
3367 716 3438 770 At
3460 717 3503 772 si
3531 732 3625 787 par
3646 718 3818 776 forma

2231 807 2315 855 est
2342 800 2392 855 in
2425 811 2679 873 utroque,
2707 812 2928 874 uterque
2948 806 3246 860 moechatur
3267 846 3283 871 ,
3311 806 3356 860 si
3390 822 3451 862 se
3487 808 3641 864 alteri
3680 809 3815 879 iun-

2233 896 2409 957 xerit,
2438 896 2597 950 etiam
2637 910 2757 951 cum
2787 911 2845 951 se
2885 912 2915 952 a
2942 896 3235 953 fornicante
3262 898 3595 969 disiunxerit.
3626 901 3821 958 Parem

2232 1001 2359 1040 vero
2396 1000 2515 1041 esse
2543 980 2765 1041 formam
2798 988 2850 1041 in
2882 987 2981 1043 hac
3022 1004 3180 1045 causa
3210 990 3309 1044 viri
3342 998 3500 1060 atque
3536 992 3778 1047 mulieris
3801 1033 3818 1057 ,

2233 1073 2303 1130 ibi
2321 1077 2555 1131 ostendit
2579 1079 2864 1146 Apostolus
2894 1079 3073 1150 (quod
3105 1094 3249 1151 saepe
3287 1084 3818 1140 commemorandum

2230 1172 2392 1234 est),
2440 1168 2525 1223 ubi
2571 1185 2691 1222 cum
2734 1169 2993 1237 dixisset,
3038 1171 3182 1226 Uazor
3202 1188 3303 1226 non
3340 1172 3485 1226 habet
3524 1182 3819 1243 potestatem

2230 1259 2454 1329 corporis
2476 1260 2557 1312 sui
2577 1300 2595 1327 ,
2626 1259 2714 1314 sed
2732 1261 2807 1314 vir
2834 1276 2856 1324 ;
2890 1260 3082 1330 adjecit
3117 1273 3279 1332 atque
3321 1264 3435 1330 ait,
3479 1264 3728 1321 Similiter
3771 1274 3822 1320 et

2230 1349 2304 1401 vir
2324 1366 2423 1402 non
2444 1350 2588 1404 habet
2612 1361 2901 1421 potestatem
2923 1354 3148 1423 corporis
3172 1356 3252 1409 sui
3274 1398 3288 1421 ,
3318 1357 3406 1410 sed
3432 1358 3631 1412 mulier.

2299 1438 2527 1496 CAPUT
2565 1436 2657 1497 IX.
2697 1473 2769 1483 ——
2805 1444 2857 1499 9.
2902 1444 3129 1515 Objectio
3164 1446 3405 1502 Pollentii
3440 1465 3503 1503 ea:
3530 1450 3640 1504 loco
3669 1449 3819 1503 Mat-

2233 1533 2373 1587 thwi.
2418 1534 2690 1604 Refellitur
2726 1553 2791 1590 ea:
2817 1537 2973 1591 simili
3009 1538 3121 1592 loco
3162 1534 3362 1592 Jacobi.
3412 1538 3625 1593 Pcccata
3662 1541 3820 1610 igno-

2237 1629 2479 1683 rantium.
2511 1628 2596 1684 Ea:
2627 1630 2802 1683 Marco
2849 1641 2894 1684 et
2935 1630 3078 1685 Luca
3120 1632 3392 1687 Matt/tarus
3432 1628 3816 1704 intelligendus.

2236 1736 2255 1769 ι
2290 1718 2397 1774 Cur
2422 1735 2565 1790 ergo,
2598 1721 2792 1791 inquis,
2822 1721 3136 1792 interposuit
3165 1720 3419 1777 Dominus
3442 1737 3655 1778 causam
3703 1723 3823 1778 for-

2235 1829 2253 1861 ‹
2288 1811 2586 1877 nicationis,
2614 1820 2668 1867 et
2694 1828 2799 1866 non
2828 1814 3001 1883 potius
3024 1814 3343 1883 generaliter
3368 1815 3458 1880 ait,
3483 1815 3821 1885 Quicumque

2235 1920 2254 1952 ι
2288 1901 2555 1958 dimiserit
2582 1920 2801 1959 uxorem
2845 1919 2994 1960 suam
3023 1916 3077 1961 et
3104 1906 3263 1962 aliam
3299 1906 3529 1974 duxerit,
3571 1910 3819 1964 moecha-

2236 2013 2255 2046 ι
2296 2004 2411 2059 tur;
2442 1995 2486 2050 si
2512 2005 2564 2050 et
2592 1997 2679 2052 ille
2699 1997 2941 2053 mazchus
2970 2007 3051 2052 est
3078 2001 3117 2065 ί,
3148 2000 3238 2069 qui
3257 1999 3475 2054 dimissa
3515 1998 3820 2056 fornieante

2234 2104 2253 2137 ι
2287 2087 2514 2145 muliere
2544 2088 2762 2144 alteram
2804 2088 2982 2144 ducit?
3015 2108 3033 2142 ι
3082 2090 3275 2158 Credo,
3324 2092 3446 2161 quia
3492 2091 3621 2146 illud
3667 2092 3819 2161 quod

2228 2180 2398 2250 majus
2418 2190 2519 2247 est,
2544 2181 2645 2236 hoc
2669 2182 2922 2238 Dominus
2938 2199 3360 2240 commemorare
3391 2187 3411 2215 ⁸
3438 2185 3622 2240 voluit.
3646 2186 3823 2255 Maius

2228 2271 2368 2326 enim
2396 2271 2712 2328 adulterium
2741 2288 2861 2329 esse
2878 2275 2997 2344 quis
3017 2284 3194 2345 negat,
3213 2290 3379 2331 uxore
3396 2291 3501 2331 non
3518 2278 3823 2333 fornicante

2226 2360 2443 2415 dimissa
2473 2360 2695 2417 alteram
2724 2363 2953 2431 ducere,
2984 2380 3143 2433 quam
3184 2366 3229 2420 si
3270 2364 3620 2423 fornicantem
3664 2370 3824 2437 quis-

2227 2468 2332 2523 que
2359 2452 2657 2519 dimiserit,
2694 2463 2751 2510 et
2780 2464 2904 2510 tunc
2946 2456 3167 2511 alteram
3198 2456 3443 2513 duxerit?
3465 2457 3581 2514 Non
3607 2459 3729 2529 quia
3758 2468 3825 2515 et

2228 2546 2331 2600 hoc
2355 2546 2677 2602 adulterium
2705 2563 2810 2603 non
2838 2558 2953 2616 est;
2981 2550 3075 2606 sed
3099 2553 3223 2621 quia
3249 2553 3425 2608 minus
3452 2562 3553 2619 est,
3581 2554 3670 2609 ubi
3707 2555 3826 2610 for-

2228 2638 2439 2694 nicante
2464 2638 2685 2696 dimissa
2713 2642 2880 2697 altera
2930 2642 3162 2699 ducitur.
3188 2644 3321 2700 Nam
3356 2646 3518 2701 simili
3545 2646 3825 2704 locutione

2227 2746 2353 2784 usus
2379 2732 2542 2787 etiam
2575 2733 2864 2803 Apostolus
2888 2734 3118 2791 Iacobus
3156 2736 3231 2789 ait
3259 2753 3272 2788 :
3302 2735 3497 2791 Scienti
3537 2738 3691 2808 igitur
3718 2738 3825 2792 bo-

2220 2838 2347 2879 num
2374 2828 2560 2894 facere,
2601 2833 2647 2879 et
2680 2842 2782 2880 non
2811 2826 3039 2896 facienti,
3080 2827 3342 2898 peccatum
3377 2837 3453 2882 est
3490 2829 3566 2883 illi
3591 2829 3825 2899 (Jacobi

2227 2930 2300 2979 1v,
2332 2913 2456 2987 17).
2498 2916 2764 2987 Numquid
2802 2916 2922 2972 ideo
2964 2934 3069 2973 non
3112 2926 3387 2988 peccatum
3427 2932 3509 2975 est
3538 2921 3610 2974 illi
3648 2921 3824 2977 etiam

2233 3006 2322 3076 qui
2348 3007 2523 3063 nescit
2546 3008 2746 3063 bonum
2784 3007 2981 3087 facere,
3024 3018 3079 3065 et
3122 3008 3242 3064 ideo
3281 3024 3387 3065 non
3425 3009 3586 3066 facit?
3618 3010 3827 3081 Utique

2233 3110 2509 3170 peccatum
2540 3110 2651 3168 est;
2682 3101 2776 3157 sed
2807 3101 2909 3158 hoc
2932 3103 3170 3173 gravius,
3201 3102 3246 3158 si
3277 3103 3434 3158 etiam
3460 3103 3593 3158 sciat
3619 3112 3674 3158 et
3700 3119 3827 3161 non

2228 3192 2421 3247 faciat:
2454 3207 2553 3248 nec
2592 3192 2724 3247 illud
2769 3193 2888 3249 ideo
2914 3194 3149 3259 nullum,
3180 3194 3305 3265 quia
3335 3194 3527 3249 minus.
3571 3193 3639 3250 Ut
3680 3209 3827 3265 ergo

2227 3282 2418 3338 eodem
2464 3283 2629 3339 modo
2658 3292 2945 3354 utrumque
2987 3284 3267 3340 dicamus:
3313 3285 3452 3343 sicut
3493 3285 3828 3356 quicumque

2228 3371 2492 3429 dimiserit
2543 3390 2789 3439 uxorem,
2845 3384 3073 3446 excepta
3125 3391 3284 3431 causa
3328 3375 3712 3443 fornicationis,
3758 3386 3829 3433 et

2230 3465 2389 3519 aliam
2418 3465 2652 3533 duxerit,
2679 3465 3012 3533 mtechatur;
3044 3467 3114 3522 ita
3142 3468 3462 3539 quicumque
3489 3469 3591 3524 scit
3611 3468 3825 3527 bonum

2177 3632 2181 3636 ι
2216 3554 2429 3620 facere,
2461 3565 2514 3611 et
2543 3573 2649 3611 non
2689 3556 2835 3622 facit,
2864 3565 3068 3628 peccat.
3096 3558 3202 3615 Sed
3236 3558 3680 3629 quemadmodum
3725 3559 3827 3618 hic

2232 3658 2379 3701 recte
2408 3646 2516 3701 dici
2558 3662 2666 3703 non
2695 3658 2901 3718 potest,
2942 3650 3081 3720 Ergo
3124 3650 3169 3705 si
3210 3652 3413 3718 nescit,
3443 3667 3552 3708 non
3594 3662 3822 3723 peccat;

2234 3742 2358 3790 sunt
2383 3737 2528 3791 enim
2567 3738 2726 3791 etiam
2775 3748 2989 3808 peccata
3018 3740 3375 3810 ignorantium
3400 3782 3415 3807 ,
3446 3744 3686 3813 quamvis
3712 3744 3829 3800 mi—

2234 3843 2363 3882 nora
2391 3844 2551 3898 quam
2578 3832 2860 3885 scientium
2887 3849 2900 3883 :
2930 3832 3003 3885 ita
3034 3847 3133 3887 nec
3159 3833 3268 3888 illic
3304 3845 3449 3890 recte
3485 3835 3588 3891 dici
3616 3844 3825 3905 potest,

2237 3919 2377 3989 Ergo
2409 3920 2453 3974 si
2484 3934 2644 3975 causa
2678 3921 3041 3979 fornicationis
3070 3924 3347 3990 dimiserit,
3379 3936 3433 3981 et
3456 3927 3615 3982 aliam
3641 3927 3825 3984 duxe-

2230 4012 2320 4077 rit,
2347 4027 2454 4065 non
2481 4013 2809 4079 mmchatur;
2834 4025 2916 4070 est
2940 4016 3082 4071 enim
3108 4017 3392 4074 tiimcliatio
3415 4034 3601 4075 eorum
3627 4021 3821 4089 etiam,

2229 4105 2317 4173 qui
2348 4088 2480 4158 alias
2511 4105 2732 4171 ducunt,
2763 4106 2962 4161 relictis
2991 4118 3208 4178 propter
3238 4111 3639 4167 fornicationem
3670 4088 3829 4181 prio?

2231 4195 2413 4261 ribus;
2441 4196 2535 4250 scd
2572 4198 2756 4267 utique
2786 4199 2958 4253 minor
2980 4215 3139 4270 quam
3168 4217 3354 4258 eorum
3398 4204 3488 4274 qui
3533 4220 3637 4258 non
3685 4220 3826 4272 pro-

2229 4296 2347 4356 pter
2382 4285 2792 4344 fornicationem
2820 4290 3114 4359 dimittunt,
3145 4302 3200 4347 et
3230 4293 3423 4349 alteras
3454 4294 3673 4350 ducunt.
3706 4296 3826 4350 Po-

2232 4385 2337 4432 test
2363 4377 2577 4448 quippe,
2606 4379 2744 4434 sicnt
2767 4380 2964 4435 dictum
2993 4391 3096 4443 est,
3128 4383 3323 4438 Scienti
3347 4385 3530 4440 bonum
3555 4388 3828 4457 facere,“

2230 4485 2331 4521 non
2356 4470 2581 4539 facienti,
2616 4480 2873 4540 peccatum
2903 4482 2975 4527 est
3004 4474 3121 4537 illi;
3156 4474 3346 4530 eodem
3386 4477 3544 4531 modo
3585 4486 3640 4533 et
3680 4477 3825 4535 illud

2228 4558 2359 4627 dici,
2395 4560 2687 4616 Dimittenti
2719 4578 2937 4618 uxorem
2973 4564 3089 4619 sine
3125 4580 3284 4620 causa
3324 4566 3724 4633 fornicationis,
3761 4554 3827 4626 ct

2226 4649 2385 4704 aliam
2413 4650 2651 4719 ducenti,
2678 4653 2959 4709 moechatio
2987 4663 3070 4710 est
3096 4655 3196 4710 illi.
3224 4656 3683 4724 Quemadmodum
3712 4661 3826 4731 igi-

2228 4751 2315 4797 tur
2335 4744 2379 4798 si
2401 4744 2717 4813 dixerimus,
2746 4746 3076 4817 Quicumque
3102 4749 3382 4806 mulierem
3405 4766 3434 4805 a
3460 4753 3649 4807 marito
3675 4770 3826 4823 prm—

2228 4843 2311 4891 ter
2334 4851 2548 4891 causam
2582 4836 2946 4894 fornicationis
2985 4838 3256 4895 dimissam
3297 4840 3544 4910 duxerit,
3577 4844 3826 4900 macha-

2229 4937 2336 4994 tur,
2369 4931 2553 4999 procul
2589 4930 2751 4985 duhio
2784 4946 2969 4987 verum
3014 4931 3275 5001 dicimus;
3325 4949 3424 4991 nec
3470 4946 3644 4992 tamen
3693 4938 3829 4993 ideo

2232 5018 2381 5074 illum
2408 5022 2495 5091 qui
2528 5030 2749 5091 propter
2775 5037 2990 5078 causam
3018 5023 3385 5081 fornicationis
3412 5027 3685 5083 dimissam
3715 5029 3829 5085 du-

2227 5110 2384 5174 xerit,
2421 5109 2489 5164 ab
2516 5110 2619 5165 hoc
2643 5110 2866 5167 crimine
2890 5113 3238 5181 absolvimus,
3265 5116 3359 5172 sed
3390 5126 3645 5188 utrosque
3674 5137 3827 5177 tnta:—

2228 5203 2360 5257 chos
2398 5217 2519 5257 esse
2563 5202 2783 5259 minime
2823 5203 3128 5261 dubitamus
3160 5224 3173 5261 :
3216 5208 3286 5263 ita
3327 5223 3448 5265 eum
3485 5210 3576 5282 qui
3621 5224 3830 5281 printer

2228 5311 2442 5351 causam
2470 5295 2836 5353 fornicationis
2875 5314 3096 5355 uxorem
3124 5300 3389 5359 dimiserit
3416 5313 3471 5358 et
3513 5305 3675 5361 aliam
3714 5307 3832 5365 du-

2228 5388 2389 5454 xerit,
2432 5389 2699 5445 mmchum
2741 5393 3179 5461 pronuntiamus;
3210 5410 3309 5451 nec
3337 5396 3457 5451 ideo
3486 5406 3661 5452 tamen
3694 5414 3831 5455 eum

2229 5482 2319 5553 qui
2348 5491 2565 5551 prOptcr
2597 5498 2813 5538 causam
2852 5483 3217 5543 fornicationis
3257 5487 3541 5558 dimiserit,
3585 5499 3643 5545 et
3674 5493 3833 5548 alte-

2231 5590 2342 5629 ram
2372 5573 2604 5638 duxerit,
2634 5575 2703 5631 ab
2730 5575 2887 5647 huius
2914 5579 3119 5647 peccati
3147 5578 3265 5639 labe
3293 5578 3653 5639 defendimus.
3684 5585 3828 5640 Am-

2291 5712 2307 5739 ι
2345 5715 2468 5765 λιες..
2493 5706 2537 5757 si
2549 5714 2594 5759 et
2614 5707 2699 5759 ille
2720 5709 2983 5763 machinas
2996 5719 3082 5764 est.

2290 5773 2310 5802 ³
2342 5777 2391 5818 tu
2417 5778 2542 5832 Mss,
2567 5774 2916 5823 (Ollitm’lidttt'e.
