4070 6334
274 332 357 391 ιεῖ

272 441 517 507 bosenlm,
549 440 681 496 licet
715 437 937 493 alterum
973 432 1144 488 altero
1176 429 1408 500 gravius,
1449 424 1685 482 moechos
1723 435 1803 479 ta-

273 550 370 591 men
392 545 503 589 esse
526 527 928 599 cognoscimus.
951 522 1134 593 Neque
1160 519 1302 576 enim
1325 517 1604 588 quisquam
1635 515 1705 569 ita
1731 522 1817 569 est

271 623 520 688 absurdus,
563 629 625 675 ut
660 617 930 675 misellum
977 621 1135 684 neget
1177 626 1298 667 esse
1324 610 1412 679 qui
1440 607 1654 662 duxerit
1697 621 1815 660 eam

271 731 401 788 quam
436 713 664 768 maritus
693 718 912 781 propter
944 719 1157 762 causam
1197 699 1559 757 fornicationis
1602 696 1816 765 abiecit,

272 826 369 865 cum
395 805 660 863 moechum
690 803 833 857 dicat
857 815 978 855 eum
1017 799 1107 868 qui
1134 794 1347 850 duxerit
1371 806 1490 848 eam
1526 804 1645 860 quae
1684 802 1821 858 prm-

276 911 342 955 ter
362 910 571 953 causam
606 889 978 949 fornicationis
1015 887 1220 956 abjecta
1262 891 1347 938 est
1389 899 1403 935 :
1448 881 1527 936 sic
1567 892 1695 949 ergo
1733 876 1822 932 isti

272 990 404 1045 ambo
435 995 558 1043 sunt
597 982 818 1040 mmchi.
855 980 1005 1037 Unde
1043 993 1166 1035 cum
1204 975 1450 1040 dicimus,
1491 971 1821 1039 Quicumque

273 1079 524 1135 mulierem
553 1082 752 1146 prteter
774 1085 988 1127 causam
1023 1065 1387 1122 fornicationis
1425 1078 1456 1117 a
1498 1062 1613 1116 viro
1638 1059 1823 1115 dimis-

274 1187 368 1227 sam
394 1169 629 1233 duxerit,
657 1165 989 1228 mmchatur;
1011 1160 1081 1215 de
1110 1172 1216 1213 uno
1239 1156 1453 1228 quidem
1483 1155 1718 1223 ipsorum
1744 1149 1825 1204 di-

272 1263 437 1325 cimus,
468 1272 569 1312 nee
602 1266 779 1310 tamen
818 1252 937 1307 ideo
974 1248 1232 1305 mtechari
1275 1259 1534 1315 negamus
1573 1256 1692 1297 eum
1736 1239 1825 1309 qui

273 1365 370 1404 eam
393 1345 624 1409 duxerit,
652 1358 811 1415 quam
840 1349 1062 1413 propter
1088 1352 1302 1393 causam
1329 1332 1693 1391 fornicationis
1720 1345 1827 1384 ma-

275 1444 385 1497 ritus
413 1437 720 1494 dimiserit:
753 1435 825 1488 ita
863 1447 983 1487 cum
1026 1430 1185 1484 ambo
1213 1428 1320 1482 sint
1366 1424 1560 1481 nunchi
1587 1461 1604 1489 ,
1645 1430 1699 1476 et
1741 1419 1828 1474 ille

275 1532 450 1586 scilicet
474 1528 570 1599 qui
613 1524 876 1581 dimiserit
916 1536 1137 1578 uxorein
1180 1533 1331 1572 suam
1380 1523 1574 1587 praeter
1614 1524 1829 1567 causam

274 1618 619 1676 fornicationis
638 1626 692 1671 et
718 1615 877 1669 aliam
901 1611 1132 1674 duxerit,
1160 1617 1214 1663 ει
1242 1606 1329 1661 ille
1355 1605 1443 1675 qui
1473 1610 1689 1674 propter
1706 1615 1829 1655 cau-

275 1727 371 1766 sam
396 1706 765 1764 fornicationis
793 1717 961 1759 uxore
989 1701 1207 1756 dimissa
1247 1713 1306 1753 se
1341 1695 1494 1750 alteri
1542 1693 1829 1763 copulave-

276 1802 363 1865 rit;
394 1798 630 1869 profecto
658 1794 871 1867 quando
896 1793 965 1849 de
992 1807 1099 1848 uno
1126 1804 1311 1871 eorum
1352 1788 1598 1858 legimus,
1626 1799 1733 1839 non
1758 1784 1831 1838 ita

276 1892 549 1961 intelligere
573 1888 855 1952 debemus,
881 1884 1029 1954 quasi
1059 1897 1124 1937 ex
1167 1882 1268 1935 hoc
1304 1879 1437 1934 alter
1471 1876 1712 1933 mtechus
1738 1891 1832 1931 ne-

275 1992 410 2053 gatus
436 1981 525 2046 sit,
552 1977 698 2049 quod
726 1977 865 2031 alter
890 1987 1174 2043 expressus
1201 1971 1292 2025 sit.

339 2075 417 2128 10.
445 2071 551 2128 Sed
572 2071 616 2124 si
647 2071 748 2124 hoc
776 2067 1096 2136 evangelista
1120 2062 1417 2127 ilattiimus,
1440 2060 1562 2131 quia
1582 2070 1837 2128 expressa

275 2180 372 2219 una
398 2164 571 2233 specie
594 2160 817 2215 alteram
846 2158 1026 2223 tacuit,
1051 2155 1174 2210 facit
1200 2154 1269 2208 ad
1311 2150 1708 2222 intelligendum
1736 2147 1840 2203 dif-

278 2255 436 2317 ficile;
465 2249 717 2320 numquid
746 2262 852 2302 non
883 2246 971 2301 alii
989 2245 1314 2317 generaliter
1340 2242 1567 2313 idipsum
1593 2242 1662 2295 ita
1691 2253 1840 2294 com-

278 2345 401 2416 plexi
430 2352 573 2408 sunt,
601 2352 660 2396 ut
686 2340 753 2395 de
781 2349 1005 2410 utroque
1054 2344 1234 2407 posset
1276 2335 1532 2404 intelligi?
1567 2332 1698 2388 Nam
1749 2346 1837 2388 se-

276 2434 493 2490 cundum
529 2431 762 2486 Marcum
800 2430 880 2486 sic
908 2428 1160 2498 scriptum
1186 2434 1307 2482 est:
1340 2424 1649 2495 Quicumque
1689 2421 1841 2477 dimi-

275 2528 382 2581 serit
427 2540 639 2580 uxorem
678 2538 849 2588 nam,
895 2530 940 2574 et
987 2520 1196 2573 alterum
1247 2517 1492 2580 duxerit,
1540 2514 1844 2568 adulterium

275 2617 526 2671 committit
550 2631 706 2685 super
727 2628 872 2677 eam;
902 2622 948 2667 et
972 2611 1016 2667 si
1045 2627 1175 2666 uxor
1202 2609 1446 2665 dimiserit
1483 2608 1646 2662 virum
1673 2622 1842 2673 suum,

273 2717 315 2761 et
335 2707 417 2760 alii
446 2705 697 2776 nupserit,
725 2704 1000 2759 mtecltatur
1031 2700 1220 2775 (Marc.
1246 2716 1300 2765 χ,
1331 2701 1391 2756 11
1415 2710 1462 2753 et
1486 2696 1607 2772 ιε).
1637 2697 1843 2755 Secun-

274 2798 387 2853 dum
428 2798 632 2852 Lucam
658 2795 781 2852 sic:
828 2794 1003 2849 Omnis
1042 2794 1128 2864 qui
1172 2792 1374 2846 dimittit
1420 2807 1627 2845 uxorem
1674 2805 1843 2857 suam,

276 2904 317 2944 et
356 2889 570 2941 alterum
615 2885 777 2954 ducit,
825 2886 1132 2947 mire/tatur;
1173 2891 1221 2938 et
1260 2882 1346 2953 qui
1375 2882 1635 2936 dimissam
1668 2896 1702 2935 a
1739 2880 1848 2935 viro

276 2978 435 3047 ducit,
490 2976 775 3033 mtrcltatur
820 2973 991 3047 (Luc.
1037 2989 1170 3042 XVI,
1228 2973 1366 3042 18).
1415 2972 1517 3039 Qui
1568 2985 1697 3043 ergo
1748 2985 1848 3026 nos

277 3086 485 3138 Similis,
539 3079 601 3125 ut
647 3070 923 3133 dicamus,
982 3065 1080 3122 Est
1133 3064 1224 3136 qui
1279 3062 1574 3120 moechatur
1602 3105 1617 3130 ,
1682 3075 1849 3118 uxore

278 3178 362 3217 sua
390 3161 613 3216 dimissa
644 3160 864 3214 alteram
895 3158 1115 3222 ducens,
1161 3165 1217 3212 et
1258 3163 1340 3210 est
1385 3154 1474 3224 qui
1507 3154 1609 3208 hoc
1647 3151 1849 3208 faciens

278 3267 373 3308 non
401 3251 726 3317 nuncinatur,
766 3266 887 3304 cum
919 3248 1263 3319 Evangelium
1293 3246 1435 3301 dicat
1462 3260 1676 3301 omnem
1709 3259 1849 3301 mm-

281 3345 419 3399 chari
448 3345 543 3415 qui
572 3342 677 3397 hoc
707 3341 866 3395 facit?
895 3339 1122 3395 Proinde
1152 3340 1195 3392 si
1225 3338 1544 3407 quicumque
1572 3336 1675 3390 hoc
1710 3333 1853 3390 fece-

278 3436 361 3503 rit,
406 3436 593 3499 idest,
626 3434 802 3487 omnis
830 3431 920 3501 qui
947 3431 1049 3486 hoc
1073 3429 1282 3495 fecerit,
1324 3437 1381 3482 ut
1422 3441 1585 3481 uxore
1630 3440 1726 3481 sua
1766 3424 1850 3481 di-

276 3528 429 3581 missa
458 3526 685 3579 alteram
711 3524 889 3589 ducat,
918 3520 1250 3585 mmchatur;
1282 3521 1399 3574 sine
1427 3518 1756 3573 dubitatione
1782 3517 1853 3571 ibi

274 3628 391 3670 sunt
434 3615 620 3679 antlia,
650 3623 705 3669 et
741 3612 831 3683 qui
874 3621 1065 3681 praeter
1106 3624 1323 3665 causam
1370 3606 1751 3673 fornicationis,
1799 3613 1855 3661 et

275 3709 358 3777 qui
408 3716 632 3778 propter
673 3720 887 3760 causam
932 3703 1294 3758 fornicationis
1336 3701 1553 3755 dimittit
1600 3713 1848 3755 uxorem.

277 3796 383 3853 lloc
412 3809 497 3853 est
522 3798 666 3852 enim
686 3838 701 3863 ,
735 3795 1042 3865 Quicumque
1077 3793 1319 3847 dimiserit
1346 3809 1365 3847 :
1392 3791 1493 3846 hoc
1528 3798 1629 3859 est,
1667 3789 1843 3843 Omnis

271 3890 356 3956 qui
388 3889 618 3942 dimittit.

341 3978 577 4034 CAPUT
628 3976 698 4033 Χ.
753 4006 823 4017 -
868 3976 957 4031 11.
1015 3973 1245 4028 Matt/nvi
1294 3974 1432 4027 locus
1505 3980 1745 4027 tractatus
1802 3972 1857 4025 in

271 4070 423 4124 libris
480 4085 601 4138 quos
646 4068 766 4140 legit
821 4064 1104 4121 Pallantius
1126 4105 1141 4129 ,
1187 4063 1435 4133 quomodo
1495 4063 1691 4117 habeat.
1741 4060 1857 4117 Non

270 4172 457 4217 autem
486 4160 647 4232 (sicut
700 4159 882 4215 nescio
935 4172 1100 4227 quare
1158 4157 1248 4211 tibi
1302 4157 1472 4210 visum
1517 4155 1635 4227 est)
1668 4196 1684 4223 ,
1736 4169 1858 4212 eum

274 4251 551 4322 Evangelii
610 4248 901 4305 secundum
958 4246 1259 4300 Mattineum
1323 4245 1483 4300 verba
1525 4244 1857 4315 prokrrem,

272 4344 598 4413 pnetennim
632 4339 774 4411 quod
802 4343 1054 4409 scriptum
1085 4346 1198 4402 est,
1240 4346 1289 4391 et
1333 4337 1489 4390 aliam
1533 4335 1766 4400 duxerit;
1806 4344 1862 4390 et

273 4433 349 4486 sic
376 4433 514 4500 dixi,
540 4429 818 4485 ηιωεΙιηιιιι·
848 4446 866 4483 :
905 4428 998 4483 sed
1041 4444 1101 4482 ea
1127 4426 1288 4481 verba
1328 4425 1477 4495 posui
1505 4441 1623 4495 qua:
1651 4427 1706 4480 in
1741 4438 1858 4480 ser-

274 4538 439 4579 mone
487 4523 583 4576 illo
622 4520 830 4591 prolixo
871 4520 1132 4589 leguntur,
1175 4532 1332 4587 quem
1379 4516 1633 4570 Dominus
1677 4514 1861 4571 habuit

273 4613 324 4665 iu
356 4622 569 4667 monte.
606 4611 757 4664 llunc
784 4609 926 4663 enim
958 4607 1286 4661 tractandum
1326 4619 1661 4676 susceperam
1685 4645 1699 4670 ,
1742 4621 1860 4675 quae

272 4703 438 4757 verba
470 4702 581 4756 illic
613 4701 683 4755 ita
711 4700 951 4768 leguntur
980 4706 1036 4751 ut
1076 4696 1223 4766 posui
1249 4737 1265 4762 ,
1312 4694 1364 4749 id
1394 4704 1474 4750 est
1494 4735 1509 4762 ,
1544 4694 1861 4763 Quicumque

271 4794 528 4847 dimiserit
572 4806 783 4846 uxorem
828 4806 1004 4857 suam,
1045 4796 1252 4856 excepta
1294 4803 1447 4839 causa
1490 4784 1858 4855 fornicationis,

270 4887 394 4954 facit
420 4902 540 4939 eam
565 4882 805 4937 mwchari
827 4897 846 4945 ,'
871 4890 927 4935 et
942 4882 1023 4948 qui
1049 4878 1268 4933 solutam
1295 4895 1328 4931 a
1356 4878 1461 4930 viro
1493 4876 1712 4940 duxerit,
1739 4892 1862 4930 mae-

268 4977 484 5031 chatur.
530 4975 635 5031 Ubi
663 4974 763 5029 etsi
793 4972 1045 5027 nonnulla
1083 4969 1406 5039 exemplaria
1430 4969 1608 5023 verbis
1636 4966 1864 5022 diversis

267 5068 534 5123 eumdem
574 5079 790 5120 sensum
831 5062 1027 5117 habent
1054 5061 1454 5131 interpretatum
1479 5101 1495 5127 ,
1538 5074 1644 5114 non
1688 5067 1862 5113 tamen

261 5162 332 5213 ab
364 5175 437 5215 co
481 5158 626 5229 quod
658 5155 970 5225 intelligitur
997 5130 1319 5222 discrepant.
1352 5130 1484 5207 *Alia
1528 5152 1724 5222 quippe
1767 5150 1864 5205 ha-

264 5250 421 5315 Ιιειίι,
460 5250 776 5317 Quicumque
801 5246 1087 5300 dimiserit:
1125 5244 1248 5309 alia,
1292 5243 1466 5297 Omnis
1489 5244 1574 5312 qui
1602 5242 1863 5296 dimiserit.

264 5343 521 5413 itemque
558 5342 686 5406 alia,
730 5349 936 5407 excepta
965 5354 1117 5391 causa
1142 5332 1529 5409 fornicationis:
1556 5335 1657 5389 alia
1678 5377 1693 5404 ,
1735 5350 1867 5406 prte-

266 5442 347 5486 lcr
372 5450 595 5487 causam
622 5431 973 5502 fornicationis
998 5445 1017 5484 :
1043 5429 1168 5495 alia,
1195 5429 1293 5483 nisi
1317 5429 1378 5483 ob
1405 5445 1609 5482 causam
1637 5429 1866 5501 fornica-

265 5523 455 5578 tionis.
489 5525 624 5579 ltcm
663 5523 788 5587 alia,
832 5522 920 5593 qui
945 5522 1161 5576 solutam
1190 5536 1223 5574 a
1250 5520 1355 5574 viro
1397 5521 1617 5589 duxerit,
1645 5522 1864 5576 mtaclta-

265 5623 357 5665 tstr
377 5630 399 5669 :
428 5616 559 5681 alia,
586 5615 675 5686 qui
712 5614 971 5669 dimissam
996 5629 1028 5666 a
1051 5614 1157 5667 viro
1185 5613 1403 5681 duxerit,
1444 5614 1738 5668 moechatur.
1769 5613 1867 5670 Ubi

263 5711 407 5772 puto
450 5704 594 5775 quod
636 5702 823 5758 videas
867 5702 997 5757 nihil
1028 5703 1286 5758 interesse
1313 5702 1379 5759 ad
1409 5719 1567 5759 unam
1598 5705 1868 5760 eamdem-

643 5794 729 5858 ΞΑ
742 5812 863 5856 uer
903 5797 1183 5856 Accusr.
1217 5794 1324 5854 Vl.

1606 307 1805 364 LIBER
1846 306 2115 365 PRIMUS.

3398 312 3501 373 458

1924 437 2029 491 que
2074 425 2408 480 sentientium.
2449 427 2702 495 Quamvis
2731 428 2857 484 illud
2896 429 3161 498 ultimum,
3192 431 3242 485 id
3274 441 3379 499 est,
3408 432 3499 502 qui

1922 516 2181 571 dimissam
2225 533 2256 570 a
2302 518 2409 572 viro
2451 519 2669 587 duxerit,
2691 520 3003 586 metiatur;
3040 521 3096 575 in
3141 536 3207 576 eo
3250 536 3498 578 somnone

1922 622 2081 675 quem
2119 608 2374 664 Dominus
2402 610 2525 665 fecit
2566 610 2620 665 in
2663 620 2876 677 monte,
2923 613 3161 667 nonnulli
3202 613 3416 668 codices
3441 625 3501 670 et

1923 697 2080 764 graeci
2107 706 2160 753 et
2185 698 2333 753 latini
2357 714 2463 754 non
2495 701 2740 756 habeant.
2765 701 2941 758 Credo
2966 711 3265 772 propterea,
3294 703 3415 773 quia
3446 712 3504 758 et

1925 786 2000 841 ibi
2026 788 2316 856 explicatus
2359 788 2447 844 hic
2473 805 2664 845 sensus
2712 792 2882 860 putari
2926 790 3131 861 potuit,
3176 791 3229 845 in
3268 806 3333 845 eo
3361 789 3501 861 quod

1925 877 2167 946 superius
2182 878 2380 933 dictum
2399 888 2501 946 est,
2517 881 2636 948 facit
2657 897 2769 934 eam
2787 882 3045 936 mmo/tari.
3060 881 3339 949 Quomodo
3358 883 3499 936 enim

1926 967 2140 1023 dimissa
2166 968 2223 1022 lit
2242 970 2470 1037 moecha,
2497 971 2597 1026 nisi
2621 971 2712 1026 fiat
2729 972 2821 1042 qui
2841 988 2957 1026 eam
2988 972 3206 1028 duxerit
3228 973 3506 1028 moechus?

1999 1061 2223 1117 CAPUT
2263 1062 2354 1117 XI.
2385 1093 2458 1104 —
2494 1062 2583 1118 i2.
2616 1064 2759 1118 Alius
2800 1064 3031 1118 Hatthari
3071 1065 3212 1119 locus
3241 1063 3509 1119 subobscu-

1928 1168 2035 1217 rus,
2068 1152 2155 1206 sed
2196 1152 2259 1206 ab
2300 1154 2617 1225 evangelistis
2660 1154 2778 1208 aliis
2816 1155 3135 1225 explanatus.
3170 1155 3341 1211 Verba
3380 1171 3510 1210 vero

1929 1256 2048 1310 qnze
2078 1241 2193 1310 ipse
2218 1243 2463 1312 posuisti,
2494 1243 2633 1298 unde
2673 1244 2767 1297 tibi
2796 1244 2966 1298 visum
3006 1254 3086 1300 est
3117 1261 3222 1301 non
3252 1245 3510 1299 mmchari

1932 1346 2054 1385 eum
2074 1331 2161 1401 qui
2192 1343 2407 1401 propter
2428 1347 2645 1388 causam
2671 1333 3033 1389 fornicationis
3054 1349 3271 1389 uxorem
3295 1333 3512 1389 dimise-

1933 1424 2002 1476 rit
2039 1432 2093 1478 et
2135 1424 2291 1479 aliam
2335 1425 2585 1492 duxerit,
2631 1426 2859 1481 obscure
2897 1426 3110 1496 quidem
3154 1427 3321 1495 posita
3365 1435 3507 1481 sunt.

1935 1514 2086 1570 Unde
2116 1531 2220 1572 non
2248 1517 2415 1572 miror
2453 1517 2505 1572 in
2544 1518 2622 1572 eis
2660 1518 3013 1588 intelligendis
3057 1517 3301 1572 laborare
3344 1517 3513 1573 lecto-

1935 1624 2048 1663 rem
2074 1625 2087 1663 :
2118 1608 2212 1663 sed
2239 1624 2344 1663 non
2385 1623 2511 1664 sunt
2537 1609 2588 1664 in
2619 1624 2685 1665 eo
2715 1625 2961 1665 sermone
2990 1610 3228 1677 Domini,
3266 1608 3357 1679 qui
3392 1620 3517 1665 tunc

1936 1716 1964 1751 a
1992 1716 2080 1756 me
2108 1701 2452 1768 tractabatur,
2496 1702 2709 1771 quando
2737 1703 2823 1757 illa
2865 1703 3193 1774 conscripsi,
3234 1719 3352 1775 qua:
3394 1718 3516 1759 cum

1938 1791 2144 1862 legeres
2171 1801 2225 1847 te
2250 1801 2551 1847 moverunt.
2584 1793 2722 1847 Alibi
2755 1793 2952 1863 quippe
2985 1792 3123 1848 idem
3150 1793 3432 1847 Mattiueus
3455 1807 3517 1847 ea

1944 1882 2225 1936 Dominum
2269 1881 2470 1937 dixisse
2509 1884 2766 1951 narravit,
2800 1898 2905 1938 non
2933 1899 3053 1939 cum
3080 1884 3228 1940 illum
3256 1884 3520 1954 prolixum

1942 1972 2141 2027 faceret
2185 1972 2239 2026 in
2276 1980 2458 2028 monte
2488 1988 2813 2040 sermonem,
2860 1973 2955 2029 sed
2996 1989 3118 2029 cum
3164 1974 3521 2045 interrogatus

1940 2071 2085 2119 esset
2110 2077 2141 2117 a
2171 2062 2453 2118 Phariszeis
2480 2073 2655 2118 utrum
2688 2064 2873 2119 liceret
2907 2079 2973 2119 ex
3003 2079 3336 2136 quacumque
3361 2080 3521 2120 causa

1941 2154 2210 2209 dimittere
2238 2170 2481 2210 uxorem.
2521 2156 2622 2211 Sec
2663 2155 2804 2226 quod
2844 2157 3018 2211 minus
3048 2157 3356 2228 intelligitur
3382 2158 3524 2228 apud

1945 2247 2273 2314 Matthaaum,
2311 2247 2450 2317 apud
2488 2249 2621 2302 alios
2664 2249 3022 2318 evangelistas
3064 2249 3283 2321 intelligi
3328 2259 3521 2320 potest.

1944 2340 2277 2410 Quapropter
2316 2354 2436 2393 cum
2478 2338 2761 2409 legerimus
2800 2340 2853 2393 in
2899 2339 3187 2411 Evangelio
3233 2341 3524 2396 secundum

1945 2430 2270 2497 Matthzrum,
2299 2430 2616 2500 Quicumque
2638 2430 2882 2485 dimiserit
2910 2446 3120 2485 uxorem
3145 2432 3244 2486 nisi
3280 2430 3342 2487 ob
3366 2434 3529 2505 forni~

1948 2524 2219 2588 cntionem,
2255 2530 2350 2576 aut
2383 2521 2523 2591 quod
2568 2522 2736 2591 magis
2774 2522 2827 2577 in
2870 2536 3047 2592 graeco
3086 2523 3298 2593 legitur,
3347 2533 3531 2593 prauer

1948 2629 2155 2667 causam
2183 2612 2553 2683 fornicationis,
2580 2622 2627 2666 et
2651 2614 2808 2667 aliam
2835 2612 3058 2685 duxerit,
3081 2614 3358 2668 mwcltatur
3378 2629 3399 2668 :
3418 2629 3526 2668 non

1948 2703 2210 2760 debemus
2237 2704 2493 2759 continuo
2532 2712 2721 2774 putare
2756 2702 2906 2759 illum
2952 2718 3059 2758 non
3099 2703 3395 2771 mmchari,
3438 2707 3529 2775 qui

1951 2801 2170 2864 propter
2196 2807 2411 2848 causam
2441 2792 2809 2849 fornicationis
2851 2793 3138 2858 dimiserit,
3169 2804 3222 2850 et
3247 2795 3404 2849 aliam
3433 2794 3533 2850 du-

1952 2887 2121 2952 xerit;
2167 2886 2261 2941 sed
2306 2885 2482 2941 adhuc
2534 2886 2826 2956 ambigere,
2856 2885 3027 2941 donec
3058 2885 3400 2956 Evangelium
3443 2901 3531 2941 se-

1954 2978 2186 3034 cundum
2207 2977 2341 3033 alios
2363 2978 2715 3048 evangelistas
2733 2993 2765 3033 a
2788 2978 2980 3048 quibus
3003 2977 3106 3033 hoc
3129 2989 3402 3034 narratum
3426 2989 3530 3045 est,

1956 3068 2315 3124 consulamus.
2342 3067 2481 3135 Quid
2507 3068 2553 3123 si
2581 3069 2726 3124 enim
2755 3068 3046 3124 secundum
3072 3067 3397 3135 Mattbzeum,
3424 3085 3532 3124 non

1954 3160 2169 3231 quidem
2194 3158 2337 3229 quod
2362 3158 2430 3215 ad
2453 3159 2589 3214 hanc
2613 3174 2727 3214 rem
2756 3158 2987 3228 pertinet
3014 3157 3213 3213 dictum
3234 3167 3317 3214 est
3340 3168 3531 3225 totum,

1955 3251 2051 3307 sed
2081 3252 2152 3306 ita
2178 3265 2301 3321 pars
2329 3250 2470 3305 dicta
2493 3258 2595 3316 est,
2617 3259 2677 3304 ut
2696 3250 3079 3320 intelligeretur
3105 3265 3137 3305 a
3166 3260 3316 3321 parte
3343 3258 3532 3318 totum,

1955 3344 2097 3415 quod
2133 3351 2380 3413 tanquam
2423 3343 2770 3412 explanantes
2794 3341 3002 3396 Marcus
3029 3350 3084 3396 et
3116 3341 3308 3409 Lucas,
3338 3352 3394 3397 ut
3422 3344 3536 3398 cla-

1959 3443 2103 3490 reret
2128 3434 2281 3504 plena
2308 3433 2593 3499 sententia,
2624 3440 2794 3487 totum
2834 3431 3012 3487 dicere
3036 3431 3378 3488 maluerunt?
3401 3434 3533 3491 Cum

1959 3526 2136 3595 itaque
2160 3524 2392 3594 primum
2414 3538 2524 3578 non
2547 3522 2851 3577 dubitantes
2874 3536 3060 3577 verum
3084 3536 3203 3578 esse
3225 3522 3370 3593 quod
3394 3526 3536 3596 apud

1958 3614 2261 3669 Matthmum
2287 3612 2497 3683 legitur,
2529 3611 2839 3682 Quicumque
2874 3612 3120 3666 dimiserit
3158 3628 3365 3667 uxorem
3389 3631 3538 3669 suam

1959 3715 2165 3776 prapter
2174 3720 2375 3759 causam
2392 3703 2757 3772 fornicationis,
2769 3709 2816 3756 et
2826 3701 2981 3755 aliam
2995 3700 3214 3767 duxerit,
3230 3703 3504 3758 mechatur
3519 3720 3539 3768 ;

1960 3797 2327 3867 qumsierimus
2363 3803 2540 3850 utrum
2579 3802 2785 3849 tantum
2822 3793 2925 3849 iste
2959 3794 3261 3851 mmchetur
3295 3795 3539 3852 ducendo

1962 3890 2185 3944 alteram
2232 3901 2489 3953 uxorem,
2546 3886 2638 3956 qui
2680 3893 2874 3956 prmter
2916 3900 3134 3941 causam
3175 3886 3542 3943 fornicationis

1964 3981 2192 4054 priorem
2223 3979 2506 4045 dimiserit,
2538 3992 2606 4032 an
2632 3977 2807 4031 omnis
2832 3976 2923 4047 qui
2950 3976 3167 4033 dimissa
3204 3993 3371 4033 uxore
3407 3980 3543 4035 alte-

1964 4085 2078 4124 ram
2108 4068 2337 4132 duxerit,
2374 4076 2433 4122 ut
2460 4067 2531 4122 ibi
2567 4067 2637 4121 sit
2661 4066 2820 4121 etiam
2847 4065 2937 4122 ille
2961 4066 3052 4137 qui
3077 4066 3426 4123 fornicantem
3461 4068 3544 4123 di-

1964 4161 2168 4216 miserit
2195 4177 2208 4213 :
2240 4174 2416 4214 nonne
2439 4158 2730 4214 secundum
2757 4157 2989 4213 Marcum
3016 4159 3422 4231 respondebitur
3448 4176 3545 4215 no-

1964 4252 2066 4318 bis,
2094 4250 2231 4320 Quid
2259 4249 2499 4319 quaeritis
2527 4258 2704 4303 utrum
2734 4249 2826 4304 ille
2850 4249 2919 4305 sit
2946 4249 3211 4317 machus,
3240 4260 3295 4305 et
3320 4251 3411 4307 ille
3435 4267 3541 4307 non

1964 4342 2066 4398 sit?
2093 4342 2405 4409 Quicumque
2431 4340 2677 4395 dimiserit
2703 4355 2910 4395 uxorem
2936 4356 3103 4407 suam,
3126 4350 3173 4394 et
3196 4342 3353 4395 aliam
3377 4342 3544 4396 duae-

1965 4434 2049 4498 rit,
2076 4432 2379 4486 adulterium
2402 4430 2682 4484 committit.
2708 4428 2899 4484 Nonne
2925 4431 3087 4485 etiam
3112 4431 3407 4487 secundum
3433 4431 3543 4487 Lu-

1965 4538 2080 4577 cam
2124 4521 2328 4577 dicetur
2370 4521 2541 4588 nobis,
2582 4520 2719 4588 Quid
2758 4520 3025 4592 ambigitis
3068 4533 3243 4578 utrum
3310 4524 3401 4579 ille
3448 4525 3545 4593 qui

1970 4621 2186 4683 propter
2213 4625 2429 4666 causam
2474 4610 2838 4666 fornicationis
2881 4627 3102 4669 uxorem
3143 4613 3445 4681 dimiserit,
3490 4624 3549 4671 et

1968 4704 2123 4757 aliam
2168 4701 2411 4767 duxerit,
2458 4716 2567 4756 non
2613 4703 2943 4757 moechetur?
2986 4702 3163 4758 Omnis
3206 4706 3291 4774 qui
3337 4706 3546 4762 dimittit

1968 4808 2175 4846 uxorem
2203 4808 2365 4856 suam,
2392 4799 2439 4844 et
2469 4791 2607 4845 ducit
2631 4792 2862 4858 alteram,
2888 4794 3181 4850 mmo/tatur.
3205 4796 3283 4849 Ac
3302 4810 3401 4865 per
3419 4795 3522 4851 hoc
3541 4838 3556 4857 .

1969 4880 2216 4951 quoniam
2246 4881 2322 4935 fas
2352 4895 2457 4935 non
2485 4889 2567 4936 est
2596 4890 2655 4936 ut
2692 4881 3076 4952 Evangeiistas,
3103 4885 3344 4954 quamvis
3370 4883 3547 4938 diver-

1969 4972 2044 5027 sis
2066 4971 2242 5027 verbis
2272 4971 2337 5025 de
2366 4986 2468 5026 una
2496 4987 2557 5027 re
2581 4972 2881 5042 loquentes,
2904 4973 2972 5029 ab
3000 4990 3107 5029 uno
3135 4989 3294 5031 sensu
3328 4976 3544 5031 eadem-

1969 5076 2072 5133 que
2098 5063 2357 5117 sententia
2382 5062 2667 5118 dissentire
2690 5062 2954 5129 dicamus;
2979 5073 3142 5119 restat
3168 5074 3224 5118 ut
3242 5064 3545 5119 Mattltmum

1971 5154 2329 5225 intelligamus
2357 5169 2387 5208 a
2417 5163 2567 5225 parte
2596 5163 2764 5210 totum
2795 5155 3091 5224 significare
3118 5156 3369 5223 voluisse,
3396 5172 3547 5213 eam-

1971 5244 2092 5300 dem
2135 5253 2310 5300 tamen
2344 5246 2578 5301 tenuisse
2606 5244 2954 5306 sententiam,
3001 5252 3058 5297 ut
3101 5244 3373 5309 dimittens
3417 5264 3549 5305 uso-

1971 5352 2084 5391 rem
2112 5345 2164 5391 et
2203 5336 2426 5391 alteram
2464 5337 2664 5393 ducens
2688 5378 2703 5403 ,
2746 5349 2855 5389 non
2893 5335 3106 5404 quidam
3149 5337 3465 5407 moechetur,
3497 5340 3549 5396 id

1970 5434 2076 5489 est,
2104 5426 2193 5499 qui
2223 5435 2415 5497 printer
2438 5426 2842 5482 fornicationem
2866 5426 3143 5494 dimiserit,
3176 5428 3388 5498 quidam
3423 5445 3551 5486 vero

1973 5533 2083 5573 non
2111 5518 2427 5585 mtechetur,
2456 5518 2505 5571 id
2532 5526 2632 5584 est,
2660 5517 2751 5587 qui
2783 5526 2999 5587 propter
3026 5516 3433 5576 fornicationem
3472 5521 3552 5577 di-

1971 5611 2196 5676 miserit,
2223 5610 2318 5666 sed
2346 5611 2521 5665 omnis
2546 5610 2636 5680 qui
2672 5609 2891 5665 dimittit
2920 5626 3141 5666 uxorem
3180 5627 3351 5679 suam,
3377 5626 3431 5671 ει
3454 5612 3540 5670 duo

1972 5702 2045 5756 cit
2071 5702 2312 5769 alteram,
2338 5698 2590 5755 mtechari
2619 5699 2835 5756 minime
2862 5700 3149 5757 dubitctur.

2935 5793 3269 5875 (Quinze.)
