4070 6334
493 356 596 410 439

566 466 792 524 CAPUT
821 467 932 522 XII.
956 498 1024 510 ——
1057 468 1118 521 l5
1177 465 1357 519 Mulier
1379 463 1439 517 ob
1467 463 1847 532 fornicationem
1869 456 2079 512 dimissa

498 575 597 611 non
622 568 779 613 cessat
800 575 905 612 esse
930 573 1060 611 uxor
1085 559 1193 627 ejus
1212 556 1297 625 qui
1320 554 1528 607 dimisit.
1553 551 1684 606 Nam
1706 561 1760 606 et
1792 549 1917 603 illud
1938 544 2080 617 quod

498 652 659 705 etiam
685 649 978 705 secundum
1002 656 1196 702 Lucam
1227 647 1488 715 sequitur,
1515 642 1616 708 Qui
1638 642 1897 696 dimissam
1922 656 1954 691 a
1976 638 2083 692 viro

501 742 659 807 ducit,
686 742 982 801 moechatur.
1005 737 1273 809 quomodo
1300 746 1383 791 est
1411 735 1630 790 verum?
1651 732 1930 801 Quomodo
1952 745 2086 784 mce-

501 832 714 897 chatur,
756 831 855 885 nisi
886 831 1006 901 quia
1038 831 1125 883 illa
1155 844 1314 898 quam
1342 826 1508 889 duxit,
1542 840 1609 880 eo
1652 826 1864 878 vivente
1905 837 1933 875 a
1980 836 2086 891 quo

502 923 721 979 dimissa
768 930 883 983 est,
931 921 1105 974 adhuc
1149 933 1281 973 uxor
1322 916 1494 970 aliena
1538 915 1654 969 est?
1694 914 1750 966 Si
1795 911 1938 967 enim
1974 910 2084 979 jam

506 1031 639 1081 sua),
671 1029 775 1067 non
803 1013 991 1068 alienae
1021 1013 1273 1067 miscetur
1299 1008 1472 1074 uxori,
1503 1006 1686 1076 utique
1715 1019 1820 1059 non
1846 1001 2082 1058 macha-

506 1117 593 1161 tur
619 1125 631 1160 :
662 1107 960 1163 mteehatur
982 1113 1194 1167 autem;
1222 1103 1396 1156 aliena
1423 1108 1504 1154 est
1541 1113 1671 1169 ergo
1697 1096 1784 1153 cui
1812 1096 2082 1151 miscetur.

514 1204 683 1256 Porro
714 1201 758 1255 si
788 1200 961 1254 aliena
989 1206 1091 1264 est,
1122 1197 1223 1251 hoc
1248 1205 1351 1259 est,
1393 1194 1508 1264 ejus
1534 1208 1564 1247 a
1593 1207 1698 1263 quo
1727 1191 1942 1246 dimissa
1968 1196 2085 1253 est;

509 1293 717 1347 etiamsi
769 1300 986 1360 propter
1029 1288 1396 1343 fornicationis
1449 1301 1662 1342 causam
1705 1284 1924 1339 dimissa
1967 1290 2086 1347 est,

508 1385 743 1438 nondum
788 1381 1104 1437 dimittentis
1146 1396 1278 1434 uxor
1302 1394 1422 1433 esse
1450 1378 1697 1432 cessavit.
1733 1375 1791 1431 Si
1816 1383 1992 1429 autem
2022 1373 2088 1427 il-

509 1478 614 1532 lius
641 1492 761 1533 esse
790 1476 1048 1540 cessavit,
1074 1475 1183 1545 jam
1217 1473 1375 1542 huius
1402 1480 1484 1527 est
1511 1469 1597 1524 cui
1622 1469 1774 1523 alteri
1801 1466 2014 1535 nupsit:
2038 1471 2093 1518 et

506 1568 551 1622 si
578 1568 735 1637 hujus
766 1578 867 1631 est,
897 1582 1002 1623 non
1031 1566 1272 1621 moechus
1304 1562 1623 1634 iudicandus
1660 1570 1762 1625 est,
1800 1557 1894 1614 sed
1924 1556 2089 1611 mari-

509 1670 614 1717 tus.
640 1660 743 1715 Sed
774 1661 897 1730 quia
932 1676 1037 1714 non
1066 1674 1188 1713 eum
1229 1658 1474 1711 maritum
1515 1654 1644 1708 dicit
1684 1653 1977 1721 Scriptura,
1997 1647 2090 1703 sed

507 1752 808 1816 machum;
852 1751 1026 1805 adhuc
1064 1753 1152 1805 illa
1183 1751 1324 1803 illius
1369 1758 1470 1813 est,
1509 1762 1539 1800 a
1584 1761 1691 1816 quo
1730 1745 1890 1800 etiam
1930 1756 2091 1797 causa

508 1844 878 1899 fornicationis
907 1842 1112 1913 abjeeta
1143 1850 1244 1897 est.
1275 1841 1345 1895 Et
1374 1840 1494 1895 ideo
1521 1852 1908 1909 quamcumque
1932 1836 2092 1889 etiam

509 1937 623 2005 ipse
648 1936 741 1991 illa
766 1936 987 1990 dimissa
1015 1934 1162 1990 ducit
1187 1948 1433 1998 uxorem,
1473 1932 1594 2001 quia
1625 1945 1746 1985 cum
1777 1930 1952 1983 alieno
1978 1942 2094 1982 ma-

508 2028 614 2082 rito
645 2027 975 2093 concumbit,
1005 2025 1248 2081 adultera
1274 2034 1377 2078 est.
1397 2022 1551 2078 Unde
1574 2029 1751 2074 autem
1778 2018 1890 2073 ﬁeri
1921 2025 2097 2088 potest

510 2128 569 2173 ut
604 2118 813 2174 adulter
835 2119 995 2174 etiam
1027 2119 1141 2188 ipse
1170 2132 1276 2173 non
1305 2116 1394 2183 sit,
1420 2128 1541 2169 cum
1563 2122 1772 2168 constet
1792 2112 2095 2167 adulterare

508 2226 667 2280 quam
694 2212 884 2265 duxit?

581 2301 805 2355 CAPUT
836 2300 1046 2354 Xll|.—
1066 2301 1152 2354 14.
1176 2300 1444 2353 Dimittere
1468 2297 1697 2366 inﬁdeles
1726 2297 1964 2367 conjuges
1995 2310 2095 2347 non

513 2394 663 2447 licere
699 2393 848 2445 sentit
894 2390 1218 2457 Pollentius;
1262 2391 1430 2452 licere,
1458 2389 1546 2443 sed
1573 2406 1673 2443 non
1702 2388 1936 2467 expedire
1976 2387 2097 2440 dicit

509 2482 843 2553 Augustinus.
887 2482 1005 2535 1am
1034 2496 1177 2536 nunc
1214 2482 1341 2535 illud
1381 2481 1654 2535 videamus
1678 2478 1818 2549 quod
1845 2480 1919 2532 ait
1949 2479 2096 2547 Apo-

514 2577 688 2632 stolus
721 2617 736 2641 ,
766 2576 970 2631 Ceteris
993 2585 1160 2629 autem
1185 2590 1276 2645 ego
1305 2575 1438 2640 dico,
1470 2590 1570 2626 non
1600 2572 1848 2626 Dominus
1867 2570 1971 2625 :ad
1999 2570 2099 2624 im-

510 2671 655 2740 paria
680 2671 906 2734 scilicet,
940 2671 1041 2724 hoc
1069 2679 1173 2735 est,
1218 2668 1305 2723 ubi
1335 2683 1441 2723 non
1486 2668 1644 2721 ambo
1673 2664 1948 2720 christiani
1978 2662 2096 2720 fue-

511 2769 651 2822 rant,
699 2762 945 2832 eonjugia
986 2761 1238 2830 loquitur.
1287 2758 1439 2827 Quod
1480 2757 1611 2811 mihi
1638 2757 1810 2811 visum
1855 2763 1937 2810 est
1972 2768 2096 2810 eum

512 2853 785 2908 monendo
809 2853 1031 2907 dixisse.
1053 2852 1187 2918 Quia
1216 2852 1357 2906 enim
1380 2853 1573 2918 conjux
1602 2848 1776 2903 ﬁdelis
1796 2846 2098 2917 relinquere

514 2948 798 3015 conjugem
841 2945 985 2999 licite
1022 2945 1195 3014 potuit
1222 2942 1509 3006 inlidelem,
1552 2940 1671 2994 ideo
1697 2939 1809 2995 ﬁeri
1850 2940 1952 2994 hoc
1988 2952 2095 2992 non

516 3035 797 3098 Dominus,
828 3035 922 3090 sed
950 3034 1240 3105 Apostolus
1271 3032 1534 3103 prohibet.
1566 3030 1718 3098 Quod
1744 3029 1885 3085 enim
1916 3028 2098 3084 Domi—

514 3141 614 3181 nus
658 3127 947 3197 prohibet,
1000 3125 1113 3181 ﬁeri
1161 3124 1381 3179 omnino
1424 3137 1529 3178 non
1556 3121 1702 3176 licet.
1750 3120 1929 3176 Monet
1969 3133 2097 3189 ergo

516 3216 826 3285 Apostolus,
854 3231 961 3286 quo
994 3216 1163 3286 possit
1192 3228 1312 3269 esse
1340 3214 1625 3268 multorum
1652 3211 1863 3266 occasio
1888 3210 2098 3265 lucran-

512 3307 725 3371 dorum,
764 3316 823 3360 ut
853 3308 1037 3362 ﬁdeles
1080 3306 1335 3375 coniuges
1374 3305 1429 3359 in
1472 3302 1837 3373 relinquendis
1868 3299 2096 3355 inﬁdeli-

514 3399 616 3453 bus
645 3398 909 3468 permissa
940 3398 1152 3452 licentia
1182 3412 1287 3450 non
1318 3403 1555 3449 utantur.
1588 3395 1705 3449 Tibi
1739 3401 1915 3448 autem
1948 3391 2096 3446 vids.

514 3498 600 3544 tur
636 3490 880 3544 inﬁdeles
916 3503 1131 3559 quoque
1169 3487 1368 3541 dimitti
1410 3501 1439 3540 a
1481 3485 1727 3541 ﬁdelibus
1773 3500 1881 3539 non
1912 3483 2095 3549 licere,

514 3581 637 3651 quia
677 3581 782 3635 hoc
817 3588 962 3635 vetat
999 3580 1323 3649 Apostolus:
1366 3592 1487 3632 cum
1532 3591 1632 3646 ego
1677 3576 1850 3630 dicam
1898 3575 2092 3639 licere,

516 3672 638 3742 quia
678 3671 781 3725 hoc
808 3685 914 3725 non
954 3680 1099 3725 vetat
1144 3670 1433 3735 Dominus;
1479 3683 1586 3722 non
1616 3676 1793 3722 tamen
1823 3665 2092 3736 expedire,

516 3763 636 3832 quia
665 3762 768 3816 hoc
791 3776 859 3816 ne
891 3760 1001 3827 ﬁat,
1033 3770 1215 3815 monet
1244 3760 1529 3831 Apostolus
1554 3776 1569 3813 :
1615 3759 1704 3828 qui
1735 3758 1909 3812 reddit
1938 3758 2097 3811 etiam

513 3854 778 3908 rationem
808 3867 904 3906 cur
924 3851 1039 3906 ﬁeri
1070 3868 1175 3905 non
1202 3851 1468 3921 expediat,
1490 3850 1733 3919 quamvis
1759 3850 1933 3903 liceat.
1964 3848 2100 3914 Quid

513 3944 646 3998 enim
673 3944 791 4009 scis,
827 3944 1017 4014 inquit,
1059 3945 1259 4011 mulier,
1289 3944 1333 3997 si
1359 3944 1520 3997 virum
1548 3942 1739 3997 salvum
1778 3941 1975 4013 facies?
2012 3951 2099 3995 aut

513 4037 648 4089 unde
674 4036 792 4103 scis,
821 4038 916 4102 vir,
942 4037 987 4089 si
1010 4051 1217 4089 uxorem
1240 4034 1430 4089 salvam
1458 4032 1801 4104 facies?Cum
1827 4032 1985 4087 etiam
2017 4046 2099 4086 su-

512 4125 697 4194 peritis
725 4125 971 4191 dixisset,
1005 4125 1364 4193 Sanctiﬁcatus
1402 4133 1473 4177 est
1512 4125 1643 4177 enim
1680 4125 1755 4177 vir
1796 4124 2017 4193 inﬁdelis
2045 4125 2097 4177 in

513 4231 670 4270 uxore
696 4217 736 4279 ⁸,
783 4224 829 4269 et
882 4215 1196 4287 sanctiﬁcata
1232 4222 1305 4267 est
1333 4215 1512 4269 mulier
1569 4215 1789 4284 inﬁdelis
1821 4215 1874 4268 in
1917 4219 2094 4285 fratre,

516 4307 619 4361 hoe
644 4316 747 4371 est,
778 4307 828 4360 in
857 4306 1183 4360 christiano:
1207 4305 1431 4374 alioquin
1460 4306 1556 4374 filii
1584 4307 1754 4374 vestri,
1785 4306 1973 4377 inquit,
2002 4308 2099 4360 im-

514 4400 692 4453 mundi
719 4410 913 4464 essent;
943 4415 1076 4452 nunc
1099 4408 1265 4452 autem
1287 4400 1448 4452 sancti
1474 4409 1589 4453 sinit
1618 4402 1637 4469 (
1658 4400 1679 4453 l
1706 4399 1825 4455 Cor.
1856 4416 1960 4467 vn,
2000 4399 2097 4454 l2-

522 4490 649 4562 l6).
679 4492 766 4547 Sic
831 4492 897 4546 ad
938 4491 1222 4546 luerandos
1270 4492 1526 4562 coniuges
1569 4502 1624 4547 et
1671 4492 1807 4548 ﬁlios
1848 4491 2095 4558 Christo,

517 4585 675 4638 etiam
701 4584 966 4653 exemplis
992 4599 1110 4653 qua:
1155 4584 1265 4653 jam
1316 4596 1691 4653 provenerant,
1722 4586 1931 4642 videtur
1975 4586 2101 4643 hor-

520 4683 678 4731 tatus.
705 4674 814 4732 Cur
839 4691 966 4745 ergo
997 4691 1100 4729 non
1127 4676 1373 4744 expediat
1398 4677 1555 4731 etiam
1582 4677 1821 4733 inﬁdeles
1848 4678 2099 4748 conjngcs

518 4767 711 4822 dimitti
737 4782 767 4821 a
799 4768 1061 4833 ﬁdelibus,
1089 4782 1247 4821 causa
1273 4767 1547 4823 evidenter
1573 4783 1831 4838 expressa
1858 4778 1958 4824 est.
1984 4768 2096 4824 Non

516 4861 658 4915 enim
698 4870 917 4932 propter
958 4861 1225 4915 vinculum
1268 4875 1389 4914 cum
1439 4860 1628 4914 talibus
1657 4861 1935 4931 conjugale
1981 4877 2097 4917 ser-

515 4954 778 5020 vandum,
833 4953 925 5008 sed
973 4962 1029 5007 ut
1065 4953 1404 5024 acquirantur
1442 4954 1493 5007 in
1541 4953 1873 5021 Christum’,
1920 4953 2097 5009 recedi

515 5045 582 5096 ab
610 5045 910 5100 inﬁdelibus
938 5044 1249 5113 cenjugibus
1277 5044 1565 5113 Apostolus
1592 5052 1753 5099 vetat.

583 5135 809 5193 CAPUT
846 5136 985 5191 XIV.
1012 5166 1083 5176 -
1112 5137 1198 5191 15.
1231 5135 1395 5189 ΜιιΙια
1420 5152 1519 5188 non
1533 5136 1681 5202 jussa
1716 5137 2006 5206 pra'scripto
2029 5138 2097 5190 leo

513 5229 619 5297 gis,
650 5227 880 5299 facienda
900 5237 1015 5280 sunt
1040 5226 1251 5281 consilio
1280 5226 1557 5280 charitatis.
1587 5227 1741 5280 Multa
1774 5237 1897 5282 sunt
1920 5238 2096 5283 autem

514 5318 754 5374 facienda
779 5334 884 5373 non
924 5317 1143 5388 jubente
1191 5319 1337 5387 lege,
1386 5316 1477 5372 sed
1510 5318 1671 5374 libera
1716 5318 1974 5375 charitale
2003 5338 2015 5372 :
2048 5329 2100 5373 et

514 5428 574 5465 ea
616 5420 739 5467 sunt
775 5412 828 5465 in
858 5412 1054 5467 nostris
1092 5410 1283 5465 ofﬁciis
1326 5409 1556 5479 gratiora
1578 5451 1591 5472 ,
1629 5425 1745 5481 qua:
1774 5425 1895 5465 eum
1918 5412 2100 5466 liceret

516 5502 669 5555 nobis
712 5503 869 5557 etiam
916 5518 1022 5555 non
1059 5500 1401 5570 impendere,
1437 5511 1614 5556 tamen
1655 5517 1814 5558 causa
1856 5504 2097 5558 dilectio-

516 5659 763 5768 myovq
799 5658 850 5707 in
890 5668 1042 5706 uxore
1072 5654 1225 5721 ﬁdeli.
1261 5656 1436 5719 Abest,
1459 5656 1621 5723 ﬁdeli,
1646 5663 1708 5712 ab
1740 5664 1885 5714 editis
1918 5663 2025 5716 aliis
2048 5673 2099 5715 et

579 5784 597 5810 ²
631 5776 732 5828 Sola
746 5780 896 5830 editio
916 5788 1045 5841 lov.,
1068 5780 1377 5843 acquirantm'
1401 5782 1600 5834 Christo.

1450 349 1534 402 DF.
1571 341 1917 402 CONJUGIIS
1952 338 2429 400 ADULTERINIS.
2474 341 2527 396 S.
2572 342 2937 399 AUGUSTINI

3662 346 3770 405 ιδο

2193 455 2277 512 nis
2325 456 2697 527 impendimus.
2731 458 2883 514 Unde
2908 456 3053 528 prior
3078 457 3191 529 ipse
3229 459 3514 530 Dominus,
3568 474 3690 518 cum
3712 480 3772 519 se

2196 548 2446 604 tributum
2470 564 2576 605 non
2603 548 2799 606 debere
2838 558 3189 606 monstrasset
3209 592 3225 617 ,
3256 551 3417 605 solvit
3457 559 3637 608 tamen
3657 595 3672 619 ,
3704 569 3775 610 ne

2200 641 2571 698 Scandalizaret
2597 657 2690 697 eos
2718 642 2912 713 quibus
2939 644 3005 698 ad
3045 652 3299 699 mternam
3325 644 3551 699 salutem
3577 660 3779 716 gerens

2191 733 2460 795 hominem
2485 734 2797 789 consulebat
2821 734 3034 805 (Matth.
3061 751 3170 791 xvn
3190 777 3203 802 ,
3234 735 3451 807 23-26).
3480 736 3598 791 Jam
3645 752 3781 793 vero

2191 827 2476 896 Apostolus
2500 826 2947 897 quemadmodum
2976 829 3074 882 ista
3101 829 3473 895 commendet,
3505 829 3622 899 ejus
3643 845 3745 886 ver

2190 919 2255 974 ba
2282 927 2563 987 testantur,
2584 921 2672 975 ubi
2693 920 2823 975 dicit
2844 937 2858 973 :
2886 920 3012 975 Cum
3030 922 3163 976 enim
3184 922 3309 975 liber
3327 924 3423 977 sim
3439 940 3502 977 ea:
3521 924 3776 993 omnibus,

2190 1011 2414 1064 omnium
2454 1026 2652 1065 servum
2676 1028 2754 1065 me
2779 1014 2903 1084 feci,
2950 1023 3005 1066 ut
3046 1015 3214 1084 plures
3243 1014 3609 1084 lucrifacerem.
3639 1016 3777 1072 Cum

2192 1102 2348 1169 paulo
2386 1104 2628 1172 superius
2655 1104 2875 1158 dixisset
2902 1121 2916 1157 :
2946 1104 3210 1177 Numquid
3238 1124 3336 1161 non
3364 1108 3599 1164 habemus
3635 1119 3782 1180 pote-

2193 1204 2371 1249 statem
2398 1197 2741 1250 manducandi
2765 1206 2813 1250 et
2844 1196 3082 1251 bibendi?
3112 1197 3375 1269 Numquid
3409 1217 3509 1253 non
3539 1200 3782 1254 habemus

2194 1286 2444 1340 licentiam
2483 1304 2706 1341 sororem
2764 1287 3026 1342 mulierem
3068 1290 3503 1357 circumducendi,
3546 1293 3675 1345 sicut
3731 1302 3785 1346 et

2193 1378 2357 1432 centeri
2384 1378 2617 1449 Apostoli
2640 1420 2654 1447 ,
2684 1389 2729 1433 et
2752 1380 2935 1449 fratres
2961 1379 3197 1443 Domini,
3226 1391 3273 1435 et
3302 1382 3544 1452 Cephas?
3571 1382 3651 1437 An
3686 1399 3782 1455 ego

2194 1470 2332 1525 solus
2352 1480 2398 1524 et
2420 1471 2679 1526 Barnabas
2704 1488 2805 1527 non
2844 1473 3082 1527 habemus
3122 1484 3415 1546 potestatem
3446 1476 3539 1530 hoc
3564 1493 3785 1546 operan-

2195 1562 2286 1615 di?
2320 1562 2446 1630 Quis
2500 1566 2681 1617 militat
2716 1567 2820 1620 suis
2864 1566 3126 1635 stipendiis
3167 1567 3431 1634 unquam?
3470 1566 3596 1634 Quis
3629 1569 3785 1637 plan-

2197 1655 2316 1708 tavit
2340 1656 2566 1722 vineam,
2618 1665 2664 1710 et
2701 1657 2765 1711 de
2809 1659 2977 1727 fructu
2997 1661 3106 1728 ejus
3132 1675 3231 1712 non
3260 1660 3402 1713 edit?
3450 1660 3576 1726 Quis
3618 1661 3785 1730 pascit

2196 1763 2415 1818 gregem,
2446 1756 2492 1800 et
2520 1748 2580 1801 de
2605 1750 2735 1801 lacte
2759 1750 2924 1819 gregis
2948 1766 3048 1802 non
3074 1749 3325 1819 percipit?
3350 1751 3411 1803 Et
3438 1750 3594 1819 paulo
3621 1758 3745 1819 post
3767 1769 3783 1804 :

2199 1837 2260 1893 Si
2284 1840 2404 1904 alii,
2449 1839 2645 1909 inquit,
2676 1842 2932 1911 potestatis
2978 1850 3153 1895 vestra:
3179 1843 3514 1911 participant,
3546 1860 3646 1896 non
3671 1860 3788 1897 ma-

2197 1929 2274 1999 gis
2310 1931 2438 1985 nos?
2475 1931 2582 1985 Sed
2616 1947 2715 1985 non
2744 1948 2917 1986 sumus
2955 1933 3035 1985 usi
3067 1934 3162 1987 hac
3196 1942 3468 2002 potestate,
3502 1935 3590 1987 sed
3612 1936 3789 1988 omnia

2200 2018 2469 2073 toleramus
2488 2061 2503 2085 ,
2543 2036 2605 2073 ne
2642 2021 2777 2090 quod
2821 2021 3229 2093 impedimentum
3277 2024 3452 2078 demus
3508 2023 3791 2097 Evangelia

2201 2109 2405 2164 Christi.
2448 2111 2649 2166 Deinde
2686 2120 2808 2181 post
2836 2128 3041 2182 pauca:
3075 2112 3200 2177 Quae
3228 2131 3378 2185 ergo,
3423 2116 3618 2186 inquit,
3658 2118 3789 2171 mihi

2200 2215 2386 2254 merces
2414 2200 2547 2254 erit?
2578 2200 2646 2255 Ut
2671 2202 3017 2272 evangelisans
3038 2203 3146 2258 sine
3168 2214 3371 2274 stunptu
3395 2221 3578 2274 ponam
3606 2205 3789 2260 Evan-

2199 2293 2382 2362 gelium
2405 2335 2419 2358 ,
2462 2302 2518 2347 ut
2553 2310 2652 2347 non
2696 2294 2878 2348 abutar
2917 2306 3161 2365 potestate
3194 2313 3305 2351 mea
3344 2298 3397 2351 in
3438 2297 3714 2370 Evangelia
3736 2299 3789 2370 (1

2201 2385 2318 2441 Cor.
2358 2402 2442 2453 ix,
2487 2385 2669 2456 4-19).
2711 2384 3082 2458 Continuoque
3128 2387 3397 2459 subjungit
3442 2389 3583 2460 quod
3626 2389 3796 2459 paulo

2199 2486 2321 2532 ante
2348 2478 2763 2532 commemoravi
2793 2496 2806 2532 :
2836 2476 2963 2533 Cum
2991 2480 3123 2533 enim
3168 2480 3291 2533 liber
3314 2482 3409 2534 sim
3434 2496 3497 2535 ea:
3532 2482 3793 2547 omnibus,

2200 2568 2423 2621 omnium
2446 2583 2526 2621 me
2563 2583 2757 2621 servum
2788 2569 2915 2638 feci,
2962 2578 3018 2622 ut
3042 2571 3211 2641 plures
3239 2571 3604 2639 Iucrifacerem.
3652 2572 3795 2627 Item

2200 2657 2305 2711 alio
2329 2657 2449 2712 loco
2474 2657 2542 2712 de
2593 2658 2911 2728 quibusdam
2959 2677 3078 2730 qua:
3128 2662 3194 2717 ad
3247 2677 3423 2717 escam
3463 2665 3728 2733 pertinent
3775 2684 3791 2719 :

2204 2747 2388 2801 Omnia
2406 2790 2422 2815 ,
2453 2748 2657 2818 inquit,
2688 2749 2816 2803 mihi
2848 2751 2986 2804 licita
3015 2761 3162 2819 sunt,
3190 2754 3280 2808 sed
3305 2772 3406 2809 non
3430 2756 3600 2810 omnia
3626 2773 3793 2829 expe—

2201 2838 2346 2892 diunt
2374 2855 2394 2895 :
2422 2840 2591 2895 omnia
2614 2842 2738 2895 mihi
2758 2842 2899 2896 licita
2937 2853 3089 2908 sunt,
3128 2844 3214 2897 sed
3252 2862 3341 2915 ego
3376 2848 3467 2900 sub
3494 2847 3683 2902 nullius
3705 2864 3798 2901 re-

2200 2930 2347 3001 digar
2370 2940 2631 3001 potestate.
2654 2931 2790 2987 Esca
2814 2935 2973 2989 ventri
2999 2942 3047 2988 et
3076 2945 3245 2989 venter
3269 2939 3391 2991 escis
3410 2980 3425 3005 ,
3454 2938 3592 2993 Deus
3615 2948 3797 2994 autem

2200 3029 2248 3074 et
2271 3021 2405 3073 hunc
2444 3030 2491 3075 et
2524 3022 2615 3076 has
2652 3024 2908 3078 evacuabit
2932 3024 3044 3095 (Id.
3076 3041 3146 3090 vr,
3173 3026 3240 3080 l2
3265 3038 3314 3081 et
3345 3028 3456 3100 15).
3486 3029 3614 3085 Item
3659 3031 3799 3085 alibi

2200 3110 2268 3166 de
2305 3111 2408 3167 hoc
2446 3111 2563 3182 ipso
2595 3129 2609 3167 :
2646 3113 2831 3169 Omnia
2854 3116 2980 3170 mihi
3015 3119 3031 3149 ¹
3067 3116 3204 3171 licita
3228 3128 3381 3186 sunt,
3417 3120 3505 3173 sed
3531 3136 3631 3173 non
3671 3138 3801 3174 om-

2205 3204 2291 3256 nia
2311 3203 2583 3274 expediunt
2612 3220 2631 3259 :
2661 3207 2833 3260 omnia
2869 3207 2994 3261 mihi
3018 3207 3156 3261 licita
3192 3218 3338 3275 sunt,
3370 3210 3457 3264 sed
3482 3228 3581 3264 non
3610 3213 3801 3265 omnia

2201 3295 2475 3366 etliﬁeant.
2510 3295 2673 3351 Nemo
2710 3297 2845 3366 quod
2882 3315 3031 3352 suum
3060 3309 3132 3352 est
3175 3310 3398 3369 quierat,
3432 3300 3518 3354 sed
3553 3301 3607 3354 id
3648 3304 3803 3373 quod

2202 3391 2411 3444 alterius
2448 3400 2540 3445 est.
2573 3392 2747 3461 Atque
2793 3401 2851 3446 ut
2892 3392 3199 3447 ostenderet
3247 3393 3385 3447 unde
3427 3393 3735 3463 loqueretur
3775 3414 3794 3449 :

2207 3480 2396 3547 Omne,
2423 3482 2617 3551 inquit,
2647 3482 2785 3552 quod
2813 3483 2865 3536 in
2895 3482 3105 3537 macello
3148 3485 3307 3548 venit,
3338 3485 3637 3538 manducate
3656 3525 3672 3549 ,
3702 3486 3797 3538 ni-

2203 3572 2276 3625 hil
2304 3573 2661 3643 interrogantcs
2705 3583 2911 3642 prapter
2948 3575 3301 3628 conscientiam
3330 3573 3443 3646 (Id.
3485 3592 3546 3639 x,
3576 3574 3793 3647 22-25).

2204 3664 2269 3717 Et
2293 3672 2465 3718 tamen
2494 3665 2617 3719 alibi
2642 3664 2769 3719 dicit
2797 3682 2811 3718 :
2844 3663 2966 3718 Non
2992 3665 3305 3719 manducabo
3333 3682 3533 3719 carnem
3562 3666 3616 3719 in
3639 3681 3798 3720 teter-

2203 3768 2322 3806 num
2342 3793 2356 3819 ,
2383 3761 2438 3805 ut
2462 3770 2562 3807 non
2590 3758 2799 3826 fratrem
2827 3771 2993 3808 meum
3018 3757 3353 3809 scandalizent
3382 3756 3489 3824 (Id.
3517 3772 3604 3811 vm
3626 3797 3640 3824 ,
3672 3756 3792 3828 15).

2203 3844 2439 3915 Itemque
2467 3846 2590 3901 alibi
2623 3862 2636 3899 :
2674 3847 2858 3901 Omnia
2883 3848 3083 3917 quidem
3115 3850 3301 3903 munda
3323 3890 3337 3914 ,
3369 3851 3457 3903 sed
3501 3850 3687 3903 malum
3713 3862 3799 3904 est

2203 3934 2393 3988 homini
2433 3936 2520 4006 qui
2548 3953 2637 4005 per
2655 3936 2980 4005 offensionem
3017 3940 3285 3992 manducet
3312 3938 3485 4010 (Rom.
3526 3956 3644 4007 xiv,
3668 3938 3795 4011 20).

2203 4026 2353 4093 Quod
2399 4036 2508 4095 est,
2545 4027 2728 4082 Omnia
2759 4030 2896 4083 licita
2920 4041 3073 4096 sunt;
3106 4032 3276 4101 ipsum
3307 4041 3387 4088 est
3408 4073 3421 4097 ,
3457 4033 3641 4086 Omnia
3677 4036 3799 4104 qui-

2204 4120 2316 4173 dent
2344 4121 2533 4175 munda
2558 4137 2577 4177 :
2599 4132 2651 4176 el
2692 4122 2832 4192 quod
2861 4133 2941 4183 est
2960 4165 2975 4191 ,
3017 4126 3105 4178 sed
3135 4142 3234 4179 non
3274 4128 3444 4179 omnia
3480 4128 3800 4198 expediunt;

2204 4212 2375 4281 ipsum
2401 4221 2484 4266 est
2504 4254 2518 4280 ,
2556 4213 2646 4267 sed
2668 4215 2858 4267 malum
2892 4224 2962 4269 est
3004 4216 3197 4270 homini
3242 4218 3327 4287 qui
3353 4235 3441 4288 per
3461 4217 3802 4284 oﬂ'cnsionem

2203 4302 2494 4355 manducet.
2545 4302 2618 4357 Ita
2660 4304 2891 4358 ostendit
2928 4320 2991 4359 ea
3021 4322 3139 4376 qua:
3191 4306 3331 4361 licita
3380 4318 3537 4373 sunt,
3573 4308 3623 4361 id
3671 4318 3788 4375 est,

2206 4393 2349 4448 nullo
2391 4403 2657 4465 praecepto
2702 4395 2912 4449 Domini
2958 4398 3339 4466 prohibentur,
3389 4401 3528 4455 sicut
3572 4400 3803 4470 expedit

2205 4488 2380 4557 potius
2420 4502 2539 4543 esse
2594 4490 2903 4555 tractanda,
2958 4506 3063 4545 non
3116 4494 3426 4562 praescripto
3466 4494 3630 4565 legis,
3691 4496 3801 4550 sed

2204 4583 2426 4638 consilio
2456 4583 2750 4639 charitatis.
2778 4584 2905 4641 Haec
2948 4596 3074 4641 sunt
3101 4603 3221 4656 qua:
3246 4588 3475 4657 amplius
3500 4597 3804 4659 erogantur

2204 4677 2416 4741 saucio,
2450 4676 2541 4746 qui
2568 4677 2835 4732 curandus
2876 4677 2942 4731 ad
2979 4678 3248 4733 stabulum
3275 4679 3595 4735 Samaritani
3646 4682 3807 4737 illius

2204 4766 2545 4822 miseratione
2591 4767 2877 4838 perductus
2924 4778 3007 4823 est
3031 4768 3181 4842 (Luc.
3210 4786 3279 4833 χ,
3328 4770 3533 4842 35-55).
3568 4770 3638 4825 Et
3669 4772 3806 4837 ideo

2204 4857 2452 4915 dicuntur
2481 4874 2585 4914 non
2611 4875 2642 4913 a
2685 4860 2911 4915 Domino
2939 4861 3187 4930 prmcipi,
3236 4862 3477 4931 quamvis
3512 4862 3746 4919 Domino
3782 4868 3804 4896 ¹

2204 4962 2519 5008 moneantur
2543 4951 2758 5019 offerri;
2786 4961 2844 5007 ut
2883 4962 3028 5008 tanto
3056 4954 3417 5024 intelligantur
3446 4970 3566 5012 esse
3596 4956 3806 5025 gratio-

2204 5061 2284 5113 ra,
2316 5054 2512 5116 quanto
2540 5045 2706 5115 magis
2736 5045 3088 5101 ostenduntur
3109 5047 3362 5103 indebita.

2275 5136 2499 5192 CAPUT
2536 5135 2653 5191 XV.
2680 5137 2859 5193 -16.
2897 5136 3061 5191 Licita
3085 5140 3314 5209 quedam
3343 5156 3459 5212 qua:
3495 5156 3595 5195 non
3636 5158 3806 5211 aspe-

2205 5229 2368 5281 diunt.
2397 5226 2503 5282 Sed
2529 5242 2590 5283 ea
2619 5244 2739 5299 quae
2767 5229 2819 5284 in
2850 5229 2936 5285 his
2964 5231 3087 5285 talia
3114 5238 3268 5296 sunt,
3298 5240 3355 5285 ut
3392 5231 3639 5301 quamvis
3686 5233 3807 5288 sint

2206 5321 2346 5375 licita
2371 5336 2474 5373 non
2523 5322 2840 5391 expediant,
2868 5338 2973 5376 non
3000 5322 3053 5375 in
3083 5321 3162 5376 eis
3190 5321 3293 5377 dici
3324 5332 3535 5392 potest,
3582 5326 3806 5381 Bonum

2204 5422 2288 5467 est
2332 5412 2464 5479 hoc,
2516 5412 2611 5468 sed
2651 5413 2777 5468 illud
2820 5413 3012 5469 melius
3044 5431 3058 5468 :
3085 5414 3223 5469 sicut
3263 5413 3465 5472 dictum
3509 5426 3623 5484 est,
3686 5418 3799 5487 Qui

2205 5505 2292 5559 dat
2344 5514 2594 5576 nuptum,
2626 5506 2745 5559 bene
2782 5506 2941 5576 facit;
2966 5514 3011 5559 et
3040 5506 3127 5575 qui
3169 5524 3270 5562 non
3298 5508 3382 5562 dat
3409 5521 3651 5579 nuptum,
3688 5526 3808 5563 me-

2271 5668 2286 5699 ι
2323 5663 2585 5725 Particulo,
2622 5664 2742 5716 mihi
2764 5700 2777 5724 ,
2802 5665 2893 5714 hoc
2933 5672 2986 5715 et
3019 5668 3236 5727 proximo
3287 5665 3406 5715 inl‘ra
3442 5665 3547 5716 loco
3588 5666 3729 5717 abest
3765 5679 3807 5718 ι

2204 5735 2391 5836 ⁵18ξέίο
2414 5794 2516 5838 Mss.
2544 5795 2600 5841 At
2619 5788 2755 5853 editi,
2780 5802 2811 5839 a
2838 5789 3035 5843 Domino
3064 5803 3080 5841 :
3104 5789 3263 5841 utilius
3283 5789 3430 5843 bene.
