4070 6334
294 326 372 385 lbl
1676 327 1878 387 LIBER
1908 323 2179 385 PRIMUS.

291 447 376 500 tius
399 446 520 518 facit
548 439 592 518 (I
622 445 749 502 Cor.
780 464 883 514 vn,
913 442 1022 520 58).
1054 447 1127 502 Ibi
1155 448 1294 502 enim
1320 457 1604 519 utrumque
1632 448 1792 515 licet,
1819 456 1871 503 et

292 536 382 593 hoc
426 539 757 610 aliquando,
816 540 1097 612 aliquando
1141 540 1269 595 illud
1312 541 1543 611 expedit.
1599 541 1731 596 Nam
1769 542 1874 597 illis

292 646 397 701 qua:
442 646 502 686 se
540 647 652 686 non
681 634 994 699 continent,
1050 632 1228 702 utique
1275 633 1490 704 expedit
1536 633 1769 696 nubere;
1821 641 1875 689 et

290 722 420 794 quod
448 722 611 791 licet,
645 725 866 795 expedit
896 743 907 777 :
938 740 1056 795 qua:
1093 732 1271 778 autem
1301 724 1545 778 voverint
1590 724 1873 803 coptinen-

292 818 410 871 tiam
431 860 444 880 ,
472 833 572 871 nec
600 817 755 881 licet,
781 832 879 872 nec
899 816 1147 887 expedit-
1167 816 1333 870 Porro
1380 816 1658 871 discedere
1684 817 1752 871 ab
1793 815 1876 869 in-

292 912 425 966 ﬁdeli
457 911 685 982 conjuge
714 912 869 977 licet,
898 910 989 965 sed
1021 926 1125 964 non
1153 908 1367 978 expedit
1400 926 1411 961 :
1457 923 1673 963 manere
1695 915 1873 961 autem

290 1018 402 1056 cum
432 1001 555 1068 illo,
589 1002 633 1054 si
666 1001 975 1055 cohabitare
997 999 1291 1063 consentit,
1324 1008 1378 1053 et
1406 998 1526 1053 licet
1550 1006 1603 1052 et
1626 996 1871 1067 expedit;

290 1093 401 1162 quia
436 1092 483 1146 si
514 1107 619 1146 non
648 1092 865 1160 liceret,
898 1091 1150 1161 expedire
1179 1106 1283 1145 non
1312 1098 1508 1161 posset.
1540 1090 1722 1147 Potest
1748 1104 1874 1159 ergo

288 1183 481 1252 aliquid
512 1183 677 1238 licere
703 1192 757 1237 et
783 1197 887 1236 non
918 1182 1170 1252 expedire
1201 1200 1212 1234 :
1239 1181 1492 1250 expedire
1519 1189 1698 1235 autem
1732 1179 1872 1250 quod

288 1288 385 1327 non
418 1274 546 1327 licet
576 1289 678 1326 non
712 1282 903 1342 potest.
936 1271 1010 1327 Ac
1041 1287 1135 1341 per
1163 1272 1263 1327 hoc
1291 1288 1396 1326 non
1417 1273 1593 1326 omnia
1616 1272 1755 1325 licita
1782 1287 1874 1326 ex-

289 1363 532 1434 pediunt;
568 1364 745 1419 omnia
792 1373 968 1417 autem
1012 1362 1195 1417 illicita
1238 1378 1343 1416 non
1373 1361 1677 1432 expediunt.
1726 1361 1875 1417 Sicut

291 1456 422 1510 enim
484 1456 661 1508 omnis
712 1455 799 1524 qui
850 1454 1047 1508 Christi
1096 1454 1350 1524 sanguine
1406 1452 1710 1522 redemptus
1761 1461 1867 1516 est,

293 1546 442 1600 homo
469 1555 588 1609 est;
630 1560 733 1598 non
780 1554 953 1599 tamen
1008 1544 1180 1597 omnis
1222 1544 1310 1613 qui
1351 1542 1511 1596 homo
1553 1550 1668 1609 est,
1714 1542 1873 1595 etiam

291 1637 543 1707 sanguine
586 1634 781 1689 Christi
810 1634 1117 1703 redemptus
1156 1643 1235 1687 est
1261 1652 1272 1686 :
1303 1634 1373 1686 ita
1406 1648 1562 1687 omne
1598 1632 1737 1702 quod
1768 1647 1872 1684 non

291 1727 405 1781 licet
432 1740 538 1781 non
568 1726 817 1795 expedit,
845 1741 941 1777 nec
971 1734 1146 1778 tamen
1179 1738 1337 1777 omne
1362 1722 1501 1791 quod
1528 1736 1634 1776 non
1661 1722 1874 1791 expedit

291 1819 441 1871 etiam
466 1834 571 1870 non
597 1818 740 1870 licet.
766 1816 899 1870 Sunt
919 1815 1112 1885 quippe
1135 1816 1277 1869 licita
1300 1831 1415 1885 quae
1433 1830 1536 1868 non
1560 1814 1870 1884 expediunt,

293 1909 420 1962 sicut
447 1909 489 1960 A
502 1909 709 1976 postulo
738 1916 871 1961 teste
900 1906 1204 1960 didicimus.

357 1997 582 2053 CAPUT
614 1997 753 2050 XVI.
770 2028 841 2035 —
859 1997 943 2051 I7.
968 1995 1324 2067 Licitumquod
1342 2011 1441 2048 non
1470 1994 1686 2065 expedit,
1708 1992 1875 2060 (ti/fert

293 2088 348 2141 ab
372 2089 546 2141 illicito
568 2131 581 2152 ,
604 2090 676 2141 ita
704 2097 755 2140 ut
779 2088 909 2141 illud
935 2088 980 2141 si
1007 2088 1095 2155 [ἰαί
1116 2129 1129 2151 ,
1154 2104 1253 2141 non
1280 2087 1343 2141 sit
1372 2097 1629 2156 peccatum
1648 2128 1661 2150 ,
1692 2104 1874 2156 quam-

292 2180 363 2233 t‘is
394 2196 492 2232 non
518 2180 578 2232 sit
617 2179 927 2249 faciendum.
969 2177 1073 2232 Sed
1100 2179 1241 2231 inter
1266 2177 1317 2231 id
1344 2176 1482 2247 quod
1514 2177 1751 2230 illicitum
1796 2184 1877 2231 est

294 2277 350 2325 et
374 2270 492 2323 ideo
529 2284 631 2322 non
664 2268 910 2337 expedit,
943 2277 1102 2338 atque
1151 2268 1203 2321 id
1232 2267 1372 2337 quod
1414 2268 1613 2321 licitum
1646 2276 1727 2321 est
1778 2282 1876 2321 nec

292 2369 464 2415 tamen
489 2359 731 2429 expedit,
762 2359 887 2428 quid
918 2359 1155 2424 intersit,
1186 2359 1358 2428 aliqua
1393 2358 1681 2413 universali
1725 2374 1878 2429 regu-

290 2453 337 2507 la
367 2452 593 2505 deﬁnire
620 2449 837 2505 difﬁcile
864 2459 962 2503 est.
993 2449 1159 2503 Citius
1187 2450 1328 2525 enim
1369 2449 1594 2518 quisque
1634 2448 1828 2503 dixerit
1861 2466 1873 2501 :

292 2541 455 2596 Omne
482 2541 623 2611 quod
654 2541 765 2594 ﬁeri
810 2556 916 2594 non
963 2539 1212 2610 expedit,
1253 2548 1527 2608 peccatum
1560 2548 1672 2605 est;
1719 2554 1877 2594 omne

292 2643 460 2688 autem
496 2642 769 2702 peceatum
800 2634 1035 2687 illicitum
1066 2642 1145 2687 est
1185 2648 1197 2683 :
1227 2646 1385 2686 omne
1422 2647 1547 2700 ergo
1582 2632 1723 2703 quod
1770 2646 1875 2686 non

292 2724 529 2793 expedit,
568 2723 809 2777 illicitum
861 2733 959 2777 est.
1018 2724 1084 2777 Et
1132 2722 1223 2776 ubi
1275 2732 1432 2777 erunt
1465 2724 1550 2777 illa
1578 2739 1697 2793 qum
1735 2723 1876 2779 licita

290 2831 436 2881 esse,
490 2815 587 2870 sed
620 2830 725 2869 non
772 2815 1045 2883 expedire,
1074 2815 1359 2883 Apostolus
1408 2814 1573 2879 dixit,
1624 2815 1667 2869 si
1719 2829 1877 2869 omne

293 2908 424 2978 quod
447 2924 553 2961 non
584 2908 833 2977 expedit,
861 2908 1058 2962 licitum
1089 2923 1194 2961 non
1221 2907 1341 2961 est?
1373 2906 1708 2978 Quapropter
1753 2909 1876 2979 quia

291 3013 468 3052 verum
492 2999 694 3053 dixisse
720 2998 1033 3067 Apostolum
1076 2998 1318 3053 dubitare
1344 3015 1447 3054 non
1475 3015 1756 3069 possumus
1774 3042 1789 3067 ,
1822 3009 1878 3055 et

288 3089 457 3160 aliqua
482 3100 701 3159 peccata
729 3106 850 3145 esse
876 3090 1016 3143 licita
1048 3090 1227 3146 dicere
1251 3106 1354 3144 non
1384 3091 1678 3157 audemus;
1709 3100 1878 3148 restat

290 3190 344 3234 ut
365 3182 638 3246 dicamus,
676 3182 788 3236 ﬁeri
827 3181 1025 3252 aliquid
1069 3183 1211 3252 quod
1266 3198 1372 3236 non
1404 3184 1686 3251 expediat,
1718 3194 1771 3238 et
1800 3192 1878 3238 ta-

290 3289 406 3327 men
457 3275 501 3326 si
537 3275 739 3327 licitum
791 3281 905 3339 est,
935 3289 1039 3327 non
1078 3289 1198 3328 esse
1239 3282 1514 3344 peceatum
1544 3276 1583 3339 ί,
1635 3276 1876 3345 quamvis

288 3364 535 3431 quoniam
560 3378 665 3416 non
696 3363 931 3431 expedit,
954 3378 1059 3417 non
1084 3364 1153 3417 sit
1174 3364 1353 3433 utique
1374 3362 1695 3419 faciendum.
1725 3364 1875 3432 Quod

288 3454 328 3505 si
355 3453 646 3507 absurdum
676 3454 921 3520 videtur,
952 3464 1009 3508 ut
1034 3454 1230 3525 aliquid
1271 3455 1360 3508 ﬁat
1384 3454 1524 3525 quod
1556 3471 1661 3510 non
1711 3471 1875 3527 expc-

289 3542 388 3608 dit,
440 3554 497 3597 et
542 3543 751 3598 dicatur
781 3559 885 3597 non
914 3559 1161 3612 peccasse
1190 3545 1279 3615 qui
1330 3544 1546 3611 fecerit;
1570 3546 1873 3616 intelligen—

289 3633 406 3687 dum
434 3643 521 3688 est
565 3635 666 3688 hoc
707 3651 772 3689 ex
803 3636 1186 3690 consuetudine
1231 3638 1492 3692 sermonis
1536 3638 1824 3693 absurdum
1858 3658 1871 3695 :

288 3739 402 3793 qua:
432 3724 505 3777 ita
534 3725 643 3779 late
686 3732 861 3794 patet,
894 3734 947 3778 ut
982 3728 1140 3781 etiam
1166 3727 1438 3797 jumenta,
1487 3732 1731 3799 quamvis
1772 3732 1877 3786 sint

290 3818 508 3871 rationis
536 3819 805 3886 expertia,
857 3828 1035 3874 tamen
1080 3821 1391 3892 plerumque
1418 3822 1654 3879 dicamus
1680 3825 1875 3881 debere

290 3912 537 3979 vapulare
572 3927 692 3966 cum
725 3922 984 3980 peccant;
1028 3928 1249 3982 peccare
1292 3924 1467 3969 autem
1513 3918 1727 3986 preprie
1770 3934 1874 3972 non

290 4010 372 4055 est
398 4002 499 4054 nisi
529 4002 645 4071 ejus
673 4002 762 4072 qui
803 4003 969 4056 utitur
1015 4003 1267 4057 rationali
1290 4005 1574 4061 voluntatis
1612 4007 1833 4062 arbitrio
1856 4050 1869 4072 ,

291 4091 433 4161 quod
464 4093 515 4147 in
560 4095 811 4148 omnibus
857 4096 1167 4150 mortalibus
1216 4097 1571 4153 animantibus
1623 4116 1727 4154 non
1772 4103 1873 4156 nisi

291 4180 489 4236 homini
528 4194 612 4239 est
653 4185 907 4240 divinitus
946 4187 1276 4240 attributum.
1316 4188 1420 4242 Sed
1468 4189 1610 4243 aliud
1649 4200 1729 4245 est
1754 4206 1873 4245 cum

290 4276 505 4343 preprie
554 4276 853 4346 loquimur,
908 4277 1048 4331 aliud
1098 4292 1217 4331 cum
1260 4281 1421 4333 verba
1460 4295 1525 4334 ex
1557 4281 1673 4335 aliis
1716 4283 1875 4338 rebus

293 4366 665 4420 transferendo
688 4368 770 4421 vel
793 4367 1060 4421 abutendo
1082 4378 1387 4423 mutuamur
1405 4371 1449 4423 ⁸.

354 4454 587 4512 CAPUT
627 4457 790 4511 XVII.
830 4459 1015 4512 ~18.
1062 4457 1209 4513 Unde
1253 4459 1422 4525 di/I'ert
1442 4460 1495 4513 id
1531 4461 1667 4532 quod
1686 4462 1798 4517 licet
1829 4473 1876 4517 et

289 4561 387 4599 non
416 4548 642 4616 expedit,
664 4547 725 4601 ab
744 4564 804 4601 eo
842 4549 978 4617 quod
995 4549 1107 4603 ideo
1128 4566 1225 4602 non
1246 4552 1445 4621 expedit
1474 4552 1593 4621 quia
1612 4569 1714 4607 non
1738 4555 1869 4608 licet.

291 4638 552 4694 Dimittcre
574 4641 843 4711 conjugem
871 4641 1131 4710 inﬁdelem
1152 4683 1167 4709 ,
1193 4659 1281 4696 nec
1310 4653 1439 4697 vetat
1462 4661 1550 4698 nec
1575 4645 1709 4712 iubet
1738 4646 1875 4700 Cltri-

288 4741 422 4799 κιαι,
454 4740 627 4785 monet
670 4731 954 4815 Paulus'ne
983 4735 1093 4802 ﬁat.
1137 4734 1205 4789 Ut
1234 4735 1425 4805 igitur,
1458 4738 1503 4790 si
1552 4752 1832 4806 possumus
1856 4782 1869 4802 ,

288 4824 582 4887 enitamur,
616 4822 756 4877 inter
797 4824 851 4877 id
881 4824 1019 4893 quod
1059 4826 1184 4880 licet
1208 4834 1262 4879 et
1300 4840 1407 4880 non
1448 4827 1696 4895 expedit,
1730 4836 1784 4883 et
1821 4829 1873 4883 id

287 4913 423 4981 quod
451 4930 559 4968 non
590 4913 717 4969 licet
757 4925 917 4986 atque
950 4916 1067 4971 ideo
1108 4932 1211 4970 non
1238 4917 1487 4985 expedit,
1524 4918 1701 4988 aliquo
1727 4929 1874 4974 certo

287 5004 390 5059 ﬁne
415 5005 778 5076 distinguere;
816 5022 878 5061 ea
921 5007 1051 5061 mihi
1081 5007 1323 5062 videntur
1351 5008 1512 5064 licere
1546 5017 1600 5064 et
1642 5026 1748 5065 non
1778 5027 1872 5066 ex-

287 5097 503 5165 pedire,
546 5114 666 5167 qua:
695 5114 792 5168 per
814 5099 1073 5168 justitiam
1113 5100 1326 5170 quidem
1352 5143 1366 5165 ,
1394 5117 1514 5171 qua:
1557 5117 1732 5156 coram
1763 5103 1873 5157 Deo

286 5196 401 5251 est,
452 5188 864 5257 permittuntur,
919 5190 1013 5245 sed
1066 5200 1280 5260 propter
1309 5192 1657 5248 offensionem
1700 5194 1873 5249 homi-

284 5290 409 5332 num
428 5320 441 5344 ,
472 5295 541 5334 ne
568 5281 640 5333 ob
669 5279 772 5334 hoc
794 5280 1151 5350 impediantur
1171 5297 1200 5335 a
1229 5282 1431 5347 salute,
1474 5283 1686 5339 vitanda
1713 5295 1868 5350 sunt;

283 5382 345 5422 ca
393 5386 524 5426 vero
553 5387 660 5426 non
703 5372 896 5438 licere,
939 5381 991 5428 et
1032 5373 1151 5428 ideo
1182 5389 1281 5429 nec
1322 5375 1607 5443 expedire,
1638 5393 1755 5446 qua:
1797 5379 1874 5433 sic

285 5460 396 5530 ipsa
418 5463 624 5531 justitia
668 5473 948 5528 vetantur,
996 5473 1053 5519 ut
1081 5465 1318 5520 facienda
1359 5483 1464 5522 non
1497 5469 1602 5522 sint
1623 5512 1636 5533 ,
1664 5471 1870 5526 etiamsi

284 5552 350 5605 ab
377 5554 455 5608 eis
480 5555 674 5624 quibus
706 5554 761 5608 in
788 5556 1031 5610 notitiam
1065 5557 1257 5611 fuerint
1299 5560 1499 5627 perlata
1522 5602 1536 5627 ,
1567 5560 1866 5616 laudentur.

346 5670 361 5737 ξ
396 5668 501 5719 Sola
535 5668 688 5719 editio
712 5660 842 5728 Lov.,
864 5671 911 5719 et
944 5671 1103 5718 tamen
1139 5668 1200 5719 sit
1243 5669 1425 5721 licitum
1454 5685 1471 5721 :
1504 5684 1591 5722 nec
1627 5686 1729 5724 esse
1764 5688 1875 5737 pec-

282 5734 567 5844 Ἥέοιλ
592 5791 811 5843 editione
832 5798 964 5853 Lov.,
986 5796 1242 5843 mutamus.

3461 342 3566 400 $62

1983 444 2134 512 Quod
2158 444 2201 499 si
2231 444 2299 499 ita
2356 454 2467 515 est,
2511 448 2630 503 ideo
2655 464 2757 505 non
2784 453 2887 507 nisi
2931 454 3111 513 illicita
3152 460 3506 529 prohibentur
3530 483 3560 522 ιι

1982 537 2240 602 Domino;
2274 546 2329 591 ut
2373 553 2435 593 ea
2477 556 2594 610 qua:
2638 542 2776 596 licita
2823 554 2946 599 sunt
2988 557 3043 601 et
3087 565 3190 603 non
3234 553 3562 625 expediunt,

1981 646 2086 684 non
2117 630 2249 701 legis
2275 630 2489 686 vinculo
2509 674 2523 699 ,
2554 633 2648 688 sed
2686 628 2851 691 libera
2878 638 3178 699 dilectionis
3206 643 3560 707 beneﬁcentia

1979 732 2289 777 caveantur.

2053 813 2140 869 19.
2173 813 2430 882 Quocirca
2471 817 2515 872 si
2559 818 2827 875 dimittere
2856 821 3121 879 inﬁdelem
3149 828 3427 900 conjugetn
3460 849 3564 885 non

1981 902 2201 970 liceret,
2267 904 2369 959 hoc
2422 905 2534 962 ﬁeri
2588 908 2841 993 Dominus
2891 916 3228 984 prohiberet,
3290 937 3461 991 neque
3516 925 3565 978 id

1980 995 2272 1065 Apostolus
2322 998 2610 1067 prohibens
2655 1001 2888 1071 diceret,
2922 1004 3033 1077 Ego
3074 1008 3220 1075 dico,
3254 1028 3352 1065 non
3388 1013 3570 1069 Dami-

1983 1102 2077 1139 nus
2126 1086 2167 1157 (I
2197 1086 2312 1143 Cor.
2342 1105 2443 1154 vn,
2478 1089 2589 1164 12).
2621 1091 2751 1147 Nam
2798 1095 2843 1149 si
2890 1109 3107 1166 propter
3160 1100 3565 1162 fornicationem

1978 1178 2151 1231 carnis
2190 1181 2511 1248 permittitur
2538 1182 2697 1239 homo
2733 1201 2761 1239 a
2800 1189 3026 1260 conjuge
3054 1196 3323 1263 separari;
3368 1209 3568 1268 quanto

1980 1270 2148 1339 magis
2176 1271 2226 1324 in
2253 1272 2475 1343 conjuge
2506 1278 2699 1331 mentis
2724 1278 3001 1337 fornicatio
3028 1285 3339 1343 detestanda
3367 1292 3486 1345 est?
3517 1293 3567 1348 id

1976 1370 2091 1424 est,
2123 1363 2404 1420 inﬁdelitas
2432 1368 2471 1432 ¹,
2504 1368 2572 1421 de
2600 1386 2701 1439 qua
2732 1374 2983 1442 scriptum
3013 1387 3092 1430 est
3113 1419 3127 1443 ,
3170 1378 3424 1443 Quoniam
3456 1400 3569 1438 ecce

1976 1455 2064 1524 qui
2106 1456 2254 1526 longe
2292 1475 2346 1512 se
2372 1460 2615 1529 faciunta
2640 1472 2722 1530 te,
2766 1467 3031 1534 peribunt;
3067 1472 3329 1536 perdidisti
3370 1493 3567 1531 onmem

1974 1545 2060 1615 qui
2089 1547 2369 1614 fornicatur
2392 1550 2479 1603 abs
2507 1560 2553 1604 te
2579 1550 2748 1625 (Psal.
2778 1572 2949 1622 Lxxn,
2980 1558 3093 1628 27).

2048 1636 2275 1692 CAPUT
2315 1639 2497 1694 XVIII.
2523 1672 2593 1683 ——-
2634 1643 2737 1695 Cur
2771 1647 2895 1698 sicut
2934 1647 3184 1705 lsraelilis
3222 1670 3402 1709 uxores
3439 1658 3567 1712 alie-

1979 1724 2186 1796 nigenas
2207 1768 2221 1792 ,
2255 1745 2355 1781 non
2381 1730 2453 1782 ita
2492 1731 2792 1789 Cluistianis
2832 1738 3061 1805 inﬁdeles
3090 1743 3297 1811 jubctnr
3320 1745 3564 1803 deserere.

1978 1814 2259 1870 Consilium
2286 1818 2437 1873 Pauli
2468 1831 2707 1893 tanquam
2737 1826 2924 1880 Christi
2950 1831 3316 1900 accipiendum.
3343 1835 3410 1888 Id
3430 1841 3569 1908 quod

1978 1905 2125 1972 licet,
2161 1910 2461 1981 quandoque
2499 1914 3031 1987 cxpedit,quamloquc
3060 1938 3179 1975 non.
3220 1905 3466 1981 Dis-cessio
3497 1930 3559 1981 ab

1977 1998 2171 2067 inﬁdeli
2191 2004 2401 2073 conjuge
2422 2022 2519 2058 non
2573 2008 2821 2077 prohibita
2848 2022 3095 2082 pravepto
3123 2016 3246 2085 legis
3266 2057 3280 2080 ,
3328 2019 3414 2071 scd
3443 2037 3567 2074 con-

1977 2090 2092 2143 silio
2115 2092 2393 2149 cltaritatis.
2425 2095 2527 2151 Sed
2557 2100 2675 2167 quia
2709 2084 2776 2153 ita
2811 2101 3010 2155 licitum
3044 2115 3155 2173 est,
3190 2117 3247 2160 ut
3274 2125 3376 2164 non
3401 2127 3566 2182 expe-

1977 2179 2090 2235 diat
2120 2198 2134 2233 :
2169 2198 2236 2237 ne
2266 2193 2485 2255 prepter
2523 2190 2807 2260 conjugmn
2850 2196 3218 2262 separationes
3259 2200 3444 2256 olle-nsi
3470 2179 3570 2259 Ito-

1977 2274 2149 2328 mines
2170 2318 2186 2341 ,
2220 2275 2388 2345 ipsam
2420 2278 2715 2335 doctrinam
2764 2285 2948 2355 salutis
2969 2326 2982 2350 ,
3025 2304 3126 2356 qua
3178 2290 3355 2346 illicita
3385 2296 3568 2363 prohi-

1979 2364 2171 2419 bentur
2190 2408 2203 2431 ,
2236 2368 2563 2423 exhorreant
2582 2413 2596 2438 ,
2620 2387 2681 2425 ac
2706 2374 2799 2445 psic
2847 2377 3056 2445 pejores
3080 2388 3239 2449 atque
3267 2385 3484 2451 perituri
3517 2387 3568 2443 in

1979 2454 2167 2509 eadem
2214 2457 2527 2513 inﬁdelitate
2560 2474 2901 2530 remaneant;
2938 2466 3216 2523 intercedit
3243 2472 3527 2541 Apostolus
3549 2519 3566 2546 ,

1979 2554 2034 2601 et
2072 2548 2340 2603 monendo
2384 2550 2499 2606 ﬁeri
2546 2562 2687 2607 vetat
2734 2556 2875 2624 quod
2922 2559 2989 2611 ita
3020 2560 3216 2615 licitum
3248 2574 3415 2621 estut
3460 2585 3565 2623 non

1978 2639 2245 2707 expediat.
2277 2642 2364 2696 Sic
2402 2645 2543 2699 enim
2577 2647 2827 2702 recedere
2856 2650 2924 2703 ab
2966 2652 3267 2710 inﬁdelibus
3314 2660 3567 2718 uxoribus

1977 2730 2060 2784 vel
2086 2731 2324 2798 maritis,
2367 2733 2550 2790 ﬁdeles
2581 2738 2676 2791 viri
2707 2739 2790 2792 vel
2819 2741 3033 2796 femina:
3062 2760 3165 2798 non
3214 2748 3568 2816 prohibentur

1977 2837 2009 2876 a
2055 2823 2316 2889 Domino,
2363 2838 2420 2881 ut
2466 2846 2638 2899 neque
2679 2832 2986 2901 jubeanlur.
3035 2838 3166 2894 Nam
3215 2842 3257 2895 si
3296 2843 3565 2902 dimittere

1978 2914 2111 2969 tales
2149 2918 2403 2987 eonjuges
2440 2919 2789 2990 juberentur,
2838 2928 3017 2981 nullus
3058 2942 3199 2986 esset
3243 2934 3389 2990 locus
3435 2952 3568 2992 con-

1977 3005 2097 3059 sitio
2140 3010 2405 3063 monentis
2452 3012 2694 3080 Apostoli
2738 3032 2804 3070 ne
2853 3017 2954 3072 hoc
3001 3020 3173 3076 ﬁeret.
3213 3024 3368 3079 Nullo
3406 3029 3569 3083 modo

1977 3096 2120 3150 enim
2147 3098 2289 3167 quod
2330 3101 2584 3155 Dominus
2603 3104 2786 3172 jubet,
2821 3121 3011 3163 servus
3042 3111 3212 3167 bonus
3242 3115 3354 3169 ﬁeri
3382 3119 3566 3187 prohi-

1977 3187 2146 3241 beret.

2048 3278 2137 3332 20.
2162 3278 2399 3350 Namque
2448 3282 2551 3338 hoc
2581 3285 2841 3344 Dominus
2886 3291 3169 3361 aliquando
3200 3312 3293 3367 per
3338 3299 3563 3357 Esdram

1977 3367 2290 3438 prophetam
2327 3373 2521 3440 jussit,
2552 3385 2605 3428 et
2633 3377 2826 3433 factum
2857 3391 2939 3435 est
2982 3399 2995 3435 :
3046 3384 3361 3444 dimiserunt
3390 3391 3566 3449 Israe-

1978 3457 2083 3511 litin
2114 3474 2307 3514 uxores
2334 3464 2693 3534 alienigenas,
2727 3471 3049 3543 quicumque
3092 3485 3215 3533 tunc
3247 3482 3439 3537 habere
3464 3500 3565 3554 po-

1978 3556 2191 3604 tuerunt
2235 3551 2275 3620 (I
2317 3552 2473 3607 Esdr.
2510 3572 2574 3621 κ,
2611 3559 2705 3623 Η,
2754 3561 2881 3631 12),
2930 3581 3023 3633 per
3053 3583 3183 3637 quas
3230 3570 3391 3627 ﬁebat
3431 3551 3567 3631 utet

1977 3640 2079 3710 ipsi
2106 3642 2172 3696 ad
2218 3644 2422 3699 alienos
2465 3648 2848 3707 seducerentur
2891 3654 3053 3723 deos,
3082 3674 3188 3713 non
3230 3670 3289 3715 ut
3334 3663 3439 3719 illa:
3468 3681 3565 3735 per

1977 3735 2197 3789 maritos
2228 3751 2355 3791 vero
2381 3741 2783 3808 acquirerentnr
2816 3745 2943 3800 Deo.
2969 3747 3213 3803 Nondum
3241 3753 3381 3807 enim
3418 3766 3563 3811 tanta

1977 3824 2143 3892 gratia
2167 3824 2458 3882 SaIVatoris
2489 3828 2763 3898 illuxerat,
2797 3846 2850 3887 et
2880 3839 3157 3904 promissis
3180 3844 3563 3910 temporalibus

1978 3913 2189 3970 Veteris
2219 3915 2547 3973 Tcstamenti
2577 3921 2751 3977 adhuc
2791 3923 3026 3980 inhiabat
3053 3928 3196 3983 illius
3220 3933 3395 4001 populi
3422 3936 3564 3989 mul-

1979 4008 2165 4062 titudo.
2200 4009 2265 4063 Et
2293 4020 2573 4080 propterea
2602 4029 2719 4068 eum
2750 4016 2887 4073 bona
2918 4028 3147 4087 terrena,
3180 4040 3297 4093 qua)
3329 4042 3424 4095 pro
3446 4045 3564 4082 ma-

1975 4115 2083 4169 gno
2139 4102 2523 4171 exspectabant
2570 4120 2599 4158 a
2656 4108 2914 4175 Domino,
2972 4113 3214 4169 viderent
3265 4118 3425 4172 etiam
3479 4120 3564 4175 his

1976 4189 2250 4244 abundare
2279 4192 2367 4260 qui
2397 4194 2596 4248 multos
2631 4196 2793 4252 falsos
2819 4201 3066 4255 colebant
3095 4203 3226 4259 deos
3245 4247 3259 4271 ,
3294 4207 3564 4264 blanditiis

1976 4294 2201 4334 uxorum
2244 4283 2390 4351 prius
2434 4300 2527 4340 eos
2575 4291 2957 4345 reverebantur
3009 4293 3306 4363 oll'endere,
3370 4299 3563 4357 deinde

1980 4370 2367 4428 inducebantur
2407 4385 2460 4430 et
2490 4378 2688 4433 colere.
2719 4380 2870 4436 Unde
2905 4383 3142 4452 jusserat
3172 4389 3425 4445 Dominus
3466 4408 3563 4462 per

1978 4472 2217 4515 sanctum
2236 4464 2472 4535 Moysen,
2492 4483 2558 4521 ne
2584 4470 2700 4537 quis
2719 4486 2937 4526 uxorem
2966 4475 3315 4546 alienigenam
3343 4480 3565 4537 duceret

1981 4549 2157 4621 (Deut.
2183 4567 2256 4606 vn
2277 4592 2292 4618 ,
2346 4554 2424 4624 5).
2456 4556 2641 4612 Merito
2669 4575 2825 4630 ergo,
2872 4579 3006 4633 quas
3034 4565 3295 4624 duxerant
3339 4572 3564 4627 Domino

1979 4640 2328 4710 prohibente,
2364 4645 2588 4700 Domino
2626 4648 2845 4717 jubente
2889 4655 3226 4712 dimiserunt.
3258 4660 3390 4715 Cum
3434 4678 3565 4718 vero

1978 4731 2231 4800 coepisset
2258 4732 2519 4790 Gentibus
2566 4738 2909 4810 Evangelium
2939 4747 3253 4815 praedicari,
3282 4750 3392 4819 jam
3433 4768 3566 4807 con-

1971 4820 2186 4890 junctos
2226 4822 2461 4881 Gentiles
2504 4828 2801 4887 Gentilibus
2843 4840 3103 4906 comperit
3142 4842 3393 4912 conjuges
3439 4861 3453 4895 :
3498 4862 3562 4899 ex

1976 4913 2169 4982 quibus
2199 4916 2244 4969 si
2273 4930 2377 4970 non
2404 4918 2562 4974 ambo
2600 4924 2908 4991 crederent,
2940 4928 3030 4983 sed
3059 4947 3193 4984 unus
3217 4942 3307 4985 aut
3353 4949 3452 4987 una
3485 4935 3565 4987 in-

1978 5005 2150 5061 ﬁdelis
2172 5022 2290 5062 cum
2322 5008 2463 5065 ﬁdeli
2493 5017 2821 5071 consentiret
2860 5019 3099 5075 habitare
3118 5063 3131 5085 ,
3163 5037 3260 5076 nec
3288 5023 3558 5090 prohiberi

1975 5110 2004 5149 a
2032 5097 2258 5152 Domino
2286 5100 2469 5155 debuit
2514 5102 2685 5159 ﬁdelis
2708 5107 2980 5162 inﬁdelem
3010 5109 3276 5165 dimittere
3296 5153 3309 5175 ,
3339 5127 3435 5167 nee
3473 5115 3561 5184 ju-

1975 5188 2090 5243 beri
2125 5208 2139 5244 :
2172 5191 2291 5245 ideo
2333 5194 2537 5249 scilicet
2582 5213 2685 5251 non
2732 5200 3029 5267 prohiberi,
3064 5202 3182 5270 quia
3208 5202 3412 5271 justitia
3440 5223 3562 5276 per-

1975 5281 2136 5333 mittit
2180 5296 2209 5335 a
2260 5283 2551 5340 fornicante
2597 5287 2902 5355 discedere,
2946 5299 2998 5342 et
3056 5290 3286 5347 inﬁdelis
3330 5294 3559 5353 hominis

1975 5370 2254 5426 fornicatio
2281 5383 2363 5427 est
2383 5375 2554 5445 major
2579 5378 2629 5430 in
2660 5379 2851 5440 corde;
2878 5393 2973 5432 nec
3003 5394 3123 5433 vera
3165 5381 3280 5451 ejus
3307 5387 3559 5454 pudicitia

1974 5477 2095 5517 cum
2124 5465 2348 5536 conjuge
2376 5466 2477 5521 dici
2519 5477 2720 5535 potest,
2753 5469 2873 5537 quia
2904 5468 3064 5525 Omne
3097 5474 3232 5542 quod
3260 5492 3360 5531 non
3400 5491 3471 5533 est
3498 5496 3560 5533 ea:

1974 5554 2105 5623 ﬁde,
2136 5566 2393 5625 peccatum
2437 5566 2509 5609 est
2547 5556 2722 5626 (Rom.
2751 5574 2874 5626 xxv,
2923 5560 3014 5633 25)
3052 5568 3333 5634 :quamvis
3377 5586 3555 5624 veram

1975 5645 2147 5701 ﬁdelis
2174 5646 2366 5702 habeat
2393 5647 2696 5715 pudicitiam
2726 5651 2885 5707 etiam
2918 5669 3037 5708 cum
3072 5655 3267 5713 inﬁdeli
3298 5661 3552 5731 conjuge,

2042 5801 2056 5828 ²
2094 5806 2221 5858 Mss,
2239 5794 2547 5862 inﬁdelitatis.
