4070 6334
464 316 602 409 Διςδδ

497 570 621 617 runt
661 560 845 617 ﬁdeles
882 560 950 617 ab
1002 560 1307 618 inﬁdelibus
1348 561 1621 633 separari,
1653 562 1777 633 quia
1816 575 1920 617 non
1950 576 2082 617 con-

496 663 577 711 tra
620 653 915 726 jussionem
962 654 1171 711 Domini
1215 654 1459 712 Gentiles
1497 655 1709 712 fuerant
1751 655 1911 711 ambo
1952 669 2081 711 con-

490 746 683 818 juncti.

564 845 654 900 21.
697 845 958 914 Quoniam
1005 858 1134 916 ergo
1177 844 1246 899 ab
1298 841 1501 899 inﬁdeli
1546 841 1757 898 ﬁdelem
1800 840 2079 897 discedere

489 950 594 992 nec
616 936 861 1008 prohibet
887 951 987 993 nec
1009 935 1160 1007 jubet
1190 934 1452 990 Dominus
1470 974 1487 1001 ,
1528 932 1648 989 ideo
1673 941 1732 987 ut
1769 946 1876 987 non
1905 931 2080 987 disce-

492 1032 610 1099 dat,
650 1032 938 1101 Apostolus
964 1030 1122 1098 dicit,
1166 1044 1272 1085 non
1300 1028 1557 1084 Dominus
1604 1044 1621 1083 :
1663 1026 1868 1081 habens
1897 1024 2079 1094 utique

491 1125 747 1194 Spiritum
786 1133 1058 1192 sanctum,
1084 1125 1138 1180 in
1177 1139 1284 1195 quo
1310 1123 1439 1180 dare
1462 1131 1645 1194 posset
1672 1122 1802 1178 utile
1831 1129 1885 1175 et
1923 1118 2078 1174 ﬁdele

491 1216 792 1270 consilium.
821 1214 974 1272 Unde
1014 1230 1137 1272 cum
1163 1215 1384 1272 dixisset
1411 1214 1480 1270 de
1500 1214 1758 1279 muliere,
1804 1212 1957 1281 cujus
1996 1209 2078 1265 vir

492 1316 733 1362 mortuus
771 1305 960 1374 fuerit,
992 1304 1199 1361 Beatior
1233 1316 1401 1361 autem
1429 1308 1557 1372 erit,
1596 1306 1639 1360 si
1675 1305 1749 1359 sic
1792 1318 2079 1375 permanse-

488 1397 575 1465 rit,
606 1398 881 1452 secundum
905 1413 1073 1452 meum
1098 1395 1403 1463 consilium;
1429 1411 1496 1452 ne
1521 1396 1639 1467 quis
1668 1395 1769 1450 hoc
1796 1393 2076 1448 consilium

491 1499 741 1561 tanquam
795 1488 1118 1555 humanum,
1162 1503 1271 1543 non
1309 1488 1544 1543 divinum
1570 1528 1585 1555 ,
1625 1484 2074 1543 contemnendum

489 1589 734 1652 putaret,
782 1582 1003 1652 adjecit,
1049 1579 1184 1634 Puto
1225 1589 1426 1647 autent,
1468 1588 1514 1635 et
1556 1595 1648 1650 ego
1688 1578 1938 1649 Spiritum
1979 1576 2076 1629 Dei

490 1673 668 1730 habeo.
713 1672 944 1729 Proinde
990 1671 1391 1742 intelligendum
1427 1678 1545 1739 est,
1590 1670 1751 1725 etiam
1796 1668 1909 1738 ipsa
1956 1682 2075 1735 qua:

489 1780 594 1821 non
629 1781 660 1821 a
707 1765 933 1820 Domino
963 1764 1254 1834 jubentur,
1294 1762 1389 1839 sed
1417 1777 1448 1817 a
1490 1771 1674 1818 sancto
1720 1760 1837 1832 ejus
1878 1760 2074 1815 famulo

488 1858 688 1914 utiliter
708 1858 1033 1925 suadentur,
1064 1859 1253 1913 eodem
1284 1856 1512 1913 Domino
1555 1856 1850 1926 inSpirante
1875 1853 2070 1909 suade-

485 1953 552 2007 ri.
581 1952 737 2009 Absit
760 1954 902 2009 enim
931 1962 987 2008 ut
1020 1953 1300 2024 quisquam
1326 1950 1621 2007 catholicus
1640 1947 1869 2016 dixerit,
1897 1960 2072 2017 quan-

484 2044 555 2099 do
580 2044 769 2100 suadet
806 2044 1035 2115 Spiritus
1066 2053 1317 2111 sanctus,
1358 2058 1467 2099 non
1498 2042 1778 2097 Dominum
1807 2038 2066 2105 suadere;

484 2149 605 2191 cum
639 2145 692 2191 et
718 2135 833 2204 ipse
858 2136 1117 2190 Dominus
1160 2138 1264 2202 sit,
1291 2142 1346 2191 et
1372 2132 1743 2204 inseparabilia
1779 2132 1885 2186 sint
1907 2145 2069 2201 opera

485 2224 778 2281 Trinitatis.
818 2226 953 2282 Dicit
997 2236 1210 2294 tamen,
1248 2224 1323 2279 De
1349 2224 1623 2295 virginibus
1664 2232 1832 2277 autem
1876 2239 2067 2292 pra'ce-

483 2326 624 2385 ptunt
652 2315 859 2370 Domini
897 2333 999 2372 non
1027 2317 1223 2383 habeo;
1243 2317 1510 2371 consilium
1546 2324 1712 2369 autem
1736 2314 1823 2368 do.
1868 2312 1983 2368 Non
2012 2321 2069 2367 ut

483 2407 585 2463 hoc
611 2407 891 2463 consilium
916 2408 1151 2464 alienum
1177 2407 1546 2463 existimemus
1587 2420 1618 2459 a
1649 2404 1877 2460 Domino
1898 2444 1915 2470 ,
1944 2419 2065 2458 cum

481 2501 735 2555 continuo
782 2507 1034 2570 sequatur
1076 2508 1128 2555 et
1173 2498 1358 2553 dicat:
1388 2506 1625 2568 tanquam
1671 2495 2066 2549 misericordiam

477 2600 773 2646 consecutus
800 2608 833 2645 a
866 2589 1082 2644 Domino
1122 2598 1178 2643 ut
1206 2589 1373 2660 ﬁdelis
1403 2605 1561 2644 essem
1588 2586 1633 2658 (I
1655 2586 1772 2641 Cor.
1809 2602 1879 2641 vit
1900 2628 1915 2654 ,
1954 2586 2023 2641 40
2045 2627 2062 2654 ,

476 2680 590 2755 25).
615 2680 916 2740 Secundum
949 2680 1115 2737 Deum
1146 2694 1275 2750 ergo
1299 2678 1393 2737 dat
1429 2678 1585 2734 ﬁdele
1610 2676 1889 2733 consilium
1918 2675 1971 2731 in
2000 2690 2065 2731 eo

475 2772 675 2846 Spiritu
692 2816 707 2841 ,
729 2773 797 2831 de
822 2788 929 2845 quo
950 2774 1024 2828 ait
1047 2788 1069 2830 :
1100 2771 1232 2827 Puto
1254 2782 1454 2841 autem,
1482 2780 1529 2826 et
1554 2786 1645 2842 ego
1675 2768 1927 2840 Spiritum
1967 2765 2066 2821 Dei

477 2866 653 2922 habeo.

544 2958 635 3013 22.
677 2958 1058 3015 Verumtamen
1099 2957 1241 3013 aliud
1272 2967 1355 3014 est
1384 2957 1593 3014 Domini
1628 2955 1865 3028 jubentis
1895 2956 2036 3025 impe

476 3049 614 3104 rium
637 3091 652 3117 ,
676 3047 817 3105 aliud
845 3048 1091 3105 conservi
1120 3048 1411 3105 secundum
1441 3047 1859 3104 misericordiam
1888 3045 2063 3101 chari-

476 3142 627 3208 tatis,
655 3157 774 3213 quae
798 3151 881 3197 est
909 3141 981 3196 illi
1010 3157 1038 3196 a
1071 3141 1298 3197 Domino
1343 3141 1595 3212 inspirata
1626 3149 1787 3211 atque
1828 3139 2022 3194 donata
2043 3180 2058 3206 ,

476 3232 632 3289 ﬁdele
657 3233 960 3290 consilium.
986 3234 1062 3289 Ibi
1085 3233 1228 3289 aliud
1259 3233 1561 3290 facerenon
1586 3234 1707 3289 licet
1727 3276 1742 3301 ,
1773 3233 1858 3289 hic
1882 3241 2061 3287 autem

476 3322 600 3378 licet
626 3340 637 3376 :
664 3323 734 3379 ita
765 3338 894 3379 sane
920 3333 978 3379 ut
1006 3325 1178 3396 ipsum
1204 3324 1404 3379 licitum
1444 3326 1633 3395 partim
1660 3324 1875 3396 quidem
1901 3339 2064 3394 expe-

475 3417 604 3485 diat,
628 3420 819 3489 partim
842 3436 974 3476 vero
1000 3436 1105 3476 non
1136 3422 1403 3492 expediat.
1429 3422 1659 3492 Expedit
1684 3431 1830 3488 tunc,
1849 3423 2062 3494 quando

473 3525 579 3567 non
616 3512 791 3567 solum
839 3528 931 3583 per
968 3513 1261 3584 justitiam,
1289 3530 1409 3584 quin
1450 3529 1631 3570 coram
1677 3516 1902 3570 Domino
1942 3525 2054 3583 est,

474 3603 817 3672 permittitur,
849 3604 941 3659 sed
969 3605 1129 3659 etiam
1157 3603 1464 3660 hominibus
1487 3606 1688 3660 nullum
1726 3621 1790 3660 ex
1833 3604 1934 3660 hoc
1964 3605 2061 3659 im-

474 3693 837 3764 pedimentum
862 3694 1048 3748 salutis
1070 3694 1293 3749 infertur
1318 3695 1492 3750 :velut
1522 3710 1639 3749 cum
1664 3694 1756 3749 dat
1779 3696 2059 3750 consilium

475 3801 581 3840 non
612 3784 844 3841 nubendi
874 3785 1160 3854 Apostolus
1187 3785 1409 3854 virgini,
1441 3786 1581 3839 unde
1608 3795 1930 3856 praeceptum
1961 3788 2062 3843 Do-

472 3876 604 3931 mini
624 3891 683 3932 se
708 3891 816 3931 non
839 3876 1031 3931 habere
1054 3884 1314 3942 testatur;
1343 3876 1468 3932 licet
1492 3878 1633 3933 aliud
1655 3876 1851 3945 facere,
1881 3878 1933 3934 id
1954 3890 2057 3948 est,

475 3969 704 4037 nubere,
732 3980 787 4026 et
827 3970 1002 4025 minus
1041 3985 1198 4040 quam
1244 3970 1614 4039 continentia},
1639 3972 1833 4027 bonum
1884 3982 2059 4031 tamen

475 4069 661 4117 tenere
698 4063 1019 4131 nuptiarum.
1054 4059 1334 4131 Ipsumque
1377 4062 1575 4116 licitqu
1616 4063 1774 4118 etiam
1805 4066 2015 4136 expedit
2044 4086 2056 4122 :

473 4155 724 4224 quoniam
750 4154 804 4207 in
827 4154 986 4209 vetita
1013 4162 1066 4208 et
1096 4152 1275 4208 illicita
1302 4152 1558 4209 ruituram
1585 4157 1760 4212 carnis
1784 4157 2060 4214 inﬁrmita-

476 4255 583 4301 tem
612 4247 690 4300 sic
728 4246 924 4315 excipit
953 4245 1231 4301 honestate
1260 4245 1494 4301 nubendi
1518 4286 1534 4313 ,
1560 4256 1618 4301 ut
1657 4248 1925 4304 neminem
1954 4250 2057 4304 im-

474 4336 651 4405 pediat
691 4336 756 4391 ad
805 4336 1060 4402 salutem;
1101 4337 1342 4406 quamvis
1393 4338 1561 4409 magis
1610 4340 1916 4410 expediret,
1948 4358 2062 4397 ma-

474 4430 661 4500 gisque
690 4429 970 4485 honestum
997 4440 1170 4495 esset,
1199 4430 1245 4485 si
1272 4430 1421 4501 virgo
1446 4431 1726 4487 consilium
1744 4475 1758 4499 ,
1787 4448 1894 4504 quo
1919 4450 2058 4505 pric-

473 4533 686 4592 ceptum
725 4538 843 4579 eam
885 4538 991 4578 non
1035 4523 1342 4594 compellit,
1373 4524 1651 4595 arriperet.
1694 4525 1842 4583 Tunc
1877 4537 2055 4584 autem

474 4629 580 4666 non
620 4612 836 4683 expedit
869 4612 922 4667 id
960 4613 1101 4683 quod
1128 4614 1331 4669 licitum
1357 4625 1469 4680 est,
1497 4616 1709 4686 quando
1734 4619 2060 4687 permittitur

473 4704 687 4776 quidem
707 4746 723 4773 ,
754 4704 847 4760 sed
875 4720 1002 4760 usus
1031 4705 1196 4775 ipsius
1230 4708 1507 4775 potestatis
1547 4709 1667 4762 aliis
1707 4710 1861 4766 aﬁ‘ert
1889 4712 2057 4783 impe-

472 4796 766 4853 dimentum
796 4797 1000 4851 salutis.
1023 4796 1170 4853 Sicut
1195 4807 1309 4864 est,
1346 4798 1485 4854 unde
1516 4799 1625 4870 jam
1651 4801 1742 4855 diu
1768 4801 2053 4873 loquimur,

474 4888 729 4944 discessio
771 4888 943 4944 ﬁdelis
972 4888 1214 4959 conjugis
1246 4888 1313 4944 ab
1353 4889 1583 4957 inﬁdeli,
1611 4906 1768 4961 quam
1797 4908 1901 4947 non
1929 4909 2051 4963 pro-

473 4980 621 5036 hibet
664 4981 919 5037 Dominus
963 4990 1229 5051 praecepto
1271 4978 1432 5051 legis,
1460 4982 1583 5050 quia
1631 4996 1810 5036 coram
1843 4983 1931 5039 illo
1972 4984 2057 5039 in-

469 5071 611 5139 justa
641 5088 745 5128 non
772 5080 886 5137 est;
918 5071 1014 5126 sed
1041 5071 1287 5141 prohibet
1312 5072 1597 5140 Apostolus
1627 5073 1852 5128 consilio
1879 5074 2059 5129 chari-

472 5164 630 5229 tatis,
659 5163 780 5233 quia
825 5162 1128 5217 inﬁdelibus
1170 5161 1324 5216 aﬁ'ert
1350 5160 1784 5232 impedimentum
1823 5165 2051 5221 salutis:

471 5269 578 5310 non
608 5255 781 5309 solum
812 5254 932 5324 quia
963 5251 1414 5324 perniciosissime
1440 5253 1866 5310 scandalizantur
1887 5256 2053 5312 oﬁ‘en-

471 5347 552 5411 si;
580 5360 768 5399 verum
794 5346 954 5400 etiam
984 5345 1104 5418 quia
1133 5344 1187 5399 in
1212 5344 1315 5399 alia
1344 5345 1588 5416 conjugia
1615 5361 1737 5401 cum
1762 5348 2054 5405 ceciderint

471 5437 771 5493 viventibus
797 5437 875 5491 eis
896 5452 925 5490 a
952 5437 1142 5507 quibus
1168 5437 1526 5506 dimittuntur,
1553 5439 1865 5498 adulterinis
1903 5445 2053 5500 nexi-

471 5532 570 5587 bus
594 5530 828 5601 colligati
857 5528 1165 5586 difﬁcillime
1194 5532 1533 5589 resolvuntur
1564 5535 1602 5587 ί.

532 5727 775 5796 {Aliquot
794 5726 1004 5796 ms.,__ab
1025 5725 1305 5796 inﬁdelitate
1329 5727 1610 5796 difficillime
1631 5735 1942 5790 resoltnmtur.
1970 5739 2055 5791 Alii

468 5789 686 5841 melioris
706 5796 835 5840 nota:
851 5791 1042 5840 codices
1065 5789 1207 5841 editis
1224 5789 1549 5846 eonseiitiunt.

1391 353 1476 410 DE
1513 351 1859 410 CONJUGIIS
1898 347 2378 422 ADULTERINIS,
2417 356 2473 415 S.
2515 358 2882 419 AUGUSTINI

497 472 584 539 qui
612 484 716 525 non
764 468 924 527 habet
949 483 1153 527 veram.
1186 469 1308 527 Ideo
1335 478 1513 525 autem
1544 485 1643 525 nec
1666 469 1841 542 juberi
1885 468 2084 524 debue-

3669 376 3773 436 ισι

2267 470 2492 532 CAPUT
2532 477 2672 532 XIX.
2702 510 2772 519 —
2800 482 2887 537 9.5.
2921 482 3194 540 Consilium
3222 504 3321 542 non
3345 490 3597 559 nubendi,
3628 495 3692 548 de
3712 511 3772 549 eo

2187 579 2293 619 esse
2314 572 2449 637 quod
2468 572 2685 641 amplius
2711 574 2949 643 expedit;
2976 585 3026 628 at
3058 578 3325 633 consilium
3354 597 3452 635 non
3479 582 3768 638 dimittendi

2185 655 2466 728 inﬁdelem,
2499 662 2562 715 de
2600 679 2658 717 eo
2697 680 2803 719 esse
2846 668 2993 737 cujus
3036 672 3346 726 contrarium
3392 691 3493 729 non
3539 675 3767 745 expedit.

2184 743 2308 837 Ideo
2345 747 2463 817 hic,
2497 751 2585 806 ubi
2618 752 2669 808 id
2700 754 2841 823 quod
2872 756 2998 811 licet
3036 775 3140 814 non
3171 763 3414 832 expedit,
3442 780 3548 820 non
3589 743 3783 837 potest.

2180 836 2321 908 dici,
2352 839 2409 897 Si
2433 841 2698 900 dimiserit
2724 846 3031 916 inﬁdelem,
3057 852 3193 908 bene
3218 853 3373 921 facit;
3402 857 3445 911 si
3477 836 3770 913 nonidimi-

2181 929 2343 998 serit,
2376 933 2565 988 melius
2584 934 2711 991 facit
2733 953 2746 991 :
2770 938 2906 993 sicut
2925 939 3122 996 dictum
3145 952 3226 998 est
3245 987 3258 1011 ,
3286 945 3384 1009 Qui
3411 947 3499 999 dat
3526 957 3767 1019 nuptum,

2180 1019 2302 1075 bene
2328 1025 2481 1095 facit;
2506 1034 2556 1080 et
2590 1028 2677 1098 qui
2706 1045 2808 1084 non
2842 1030 2930 1085 dat
2956 1043 3199 1103 nuptum,
3232 1037 3409 1091 melius
3448 1040 3589 1109 facit.
3618 1039 3768 1107 Quo-

2181 1112 2323 1168 niam
2349 1116 2478 1172 illud
2510 1135 2617 1175 non
2647 1121 2818 1176 solum
2859 1132 3143 1195 utrumque
3188 1128 3386 1198 pariter
3429 1130 3584 1197 licet;
3617 1132 3764 1189 unde

2179 1202 2246 1257 ad
2277 1205 2410 1260 nihil
2437 1207 2626 1263 horum
2671 1221 2937 1284 prmcepto
2975 1215 3180 1271 Domini
3223 1219 3444 1288 quisque
3481 1222 3767 1291 compelli—

2181 1302 2299 1348 tur:
2325 1296 2418 1351 sed
2448 1299 2606 1353 etiam
2633 1308 2915 1373 utrumque
2940 1305 3185 1375 expedit,
3213 1308 3353 1362 aliud
3393 1309 3587 1377 minus,
3619 1294 3767 1366 aliud

2178 1390 2439 1459 amplius;
2471 1392 2611 1448 unde
2639 1394 2706 1449 ad
2735 1394 2787 1450 id
2824 1397 2965 1467 quod
2995 1398 3222 1469 amplius
3260 1401 3506 1470 expedit,
3538 1404 3769 1459 consilio

2178 1478 2416 1548 Apostoli
2436 1518 2451 1545 ,
2479 1484 2799 1555 quicumque
2825 1496 2999 1556 potest
3026 1503 3218 1558 capere
3237 1533 3251 1557 ,
3277 1502 3611 1560 provocatur.
3648 1494 3764 1551 lloc

2177 1578 2355 1625 autem
2385 1572 2472 1627 ubi
2509 1573 2577 1629 de
2602 1573 2920 1631 dimittendo
2948 1578 3031 1633 vel
3071 1595 3177 1634 non
3218 1580 3534 1638 dimittendo
3559 1584 3766 1641 inﬁdeli

2176 1662 2419 1733 conjugio
2444 1666 2718 1736 qumritur,
2747 1676 3031 1739 utrumque
3076 1670 3289 1739 quidem
3325 1674 3524 1743 pariter
3552 1674 3763 1731 licitum

2175 1748 2255 1806 est
2282 1767 2375 1823 per
2394 1755 2652 1824 justitiam
2675 1773 2795 1828 qum
2815 1773 2995 1813 coram
3024 1759 3246 1817 Domino
3268 1773 3345 1817 est
3364 1805 3379 1829 ,
3403 1773 3456 1820 et
3483 1765 3602 1821 ideo
3628 1766 3769 1822 nihil

2176 1846 2366 1901 horum
2415 1850 2667 1905 Dominus
2710 1851 2998 1921 prohibet:
3024 1854 3118 1910 sed
3148 1871 3253 1910 non
3285 1867 3566 1931 utrumque
3594 1876 3767 1931 expe-

2173 1937 2287 2005 dit,
2320 1948 2535 2009 propter
2564 1940 2896 1998 inﬁrmitates
2939 1943 3213 2001 hominum
3236 1991 3250 2014 ,
3280 1958 3335 2003 et
3373 1948 3495 2006 ideo
3534 1950 3586 2005 id
3611 1951 3764 2021 quod

2174 2047 2281 2086 non
2308 2034 2554 2104 expedit,
2583 2036 2869 2107 Apostolus
2897 2039 3146 2109 prohibet
3170 2058 3185 2107 ;
3210 2039 3373 2095 dante
3399 2042 3498 2096 sibi
3530 2042 3763 2099 Domino

2174 2123 2394 2179 liberum
2421 2127 2738 2195 prohibendi
2766 2129 2962 2193 locum,
2982 2130 3104 2201 quia
3126 2146 3297 2201 neque
3324 2130 3375 2185 id
3405 2131 3546 2202 quod
3572 2143 3764 2190 monet

2172 2214 2460 2285 Apostolus
2481 2257 2497 2283 ,
2529 2216 2775 2287 prohibet
2800 2218 3059 2276 Dominus
3078 2263 3092 2288 ,
3125 2236 3298 2291 neque
3325 2221 3376 2277 id
3400 2223 3539 2293 quod
3571 2225 3762 2293 prohi-

2172 2305 2262 2361 bet
2289 2307 2604 2377 Apostolus,
2630 2309 2783 2380 jubet
2810 2311 3085 2368 Dominus.
3130 2312 3286 2380 Quod
3330 2313 3429 2369 nisi
3474 2315 3543 2370 ita
3571 2327 3759 2383 esset,

2170 2414 2341 2470 neque
2364 2410 2550 2456 contra
2572 2402 2985 2472 prohibitionem
3014 2406 3222 2461 Domini
3250 2407 3536 2477 Apostolus
3555 2410 3761 2481 aliquid

2169 2502 2444 2561 moueret,
2471 2510 2645 2564 neque
2668 2504 2854 2551 contra
2878 2495 3177 2567 jussionem
3202 2498 3320 2569 ejus
3343 2499 3539 2571 aliquid
3571 2502 3760 2571 prohi-

2167 2586 2336 2642 beret.
2370 2588 2599 2645 Proinde
2626 2587 2679 2642 in
2702 2588 2787 2643 his
2808 2589 3013 2645 duabus
3036 2591 3242 2659 causis,
3271 2607 3376 2647 una
3409 2593 3478 2648 de
3503 2594 3760 2651 nubendo

2167 2681 2249 2735 vel
2293 2696 2400 2735 non
2430 2681 2718 2750 nubendo,
2744 2683 2913 2739 altera
2950 2684 3020 2741 de
3062 2684 3264 2741 inﬁdeli
3307 2686 3536 2758 conjuge
3562 2687 3759 2743 dimit-

2168 2774 2326 2829 tendo
2348 2775 2429 2830 vel
2453 2792 2558 2830 non
2578 2775 2894 2831 dimittenda
2912 2817 2928 2842 ,
2960 2777 3160 2847 aliquid
3185 2779 3360 2835 simile
3384 2789 3467 2835 est
3492 2781 3545 2836 in
3572 2780 3759 2838 verbis

2167 2866 2404 2935 Apostoli
2426 2908 2441 2932 ,
2473 2866 2674 2936 aliquid
2702 2866 2984 2923 dissimile.
3006 2867 3189 2924 Simile
3209 2869 3425 2940 quidem
3454 2871 3584 2929 illud
3603 2873 3753 2943 quod

2164 2966 2219 3012 et
2247 2957 2319 3012 ibi
2344 2958 2509 3025 dicit,
2540 2958 2864 3030 Prceeptum
2900 2958 3108 3014 Domini
3136 2978 3240 3016 non
3268 2962 3452 3031 habeo,
3480 2966 3759 3020 consilium

2164 3060 2330 3105 autent
2358 3051 2461 3116 do;
2489 3060 2542 3107 et
2568 3051 2655 3107 hic
2684 3052 2830 3121 dicit,
2850 3051 2962 3124 Ego
2986 3052 3099 3123 ilico
3118 3094 3135 3121 ,
3163 3071 3265 3109 non
3288 3055 3553 3113 Dominus.
3577 3058 3760 3126 Quale

2164 3151 2246 3197 est
2289 3142 2466 3207 enim,
2500 3141 2817 3215 Praeceptum
2863 3143 3069 3197 Domini
3113 3162 3215 3200 non
3268 3147 3459 3212 habeo;
3489 3148 3593 3204 tale
3622 3158 3753 3218 est,

2167 3231 2287 3288 Non
2301 3233 2422 3287 dicit
2442 3233 2686 3289 Dominus
2708 3250 2726 3288 :
2748 3243 2802 3289 et
2816 3235 2971 3305 quale
2991 3243 3093 3303 est,
3112 3238 3376 3292 consilium
3391 3240 3488 3304 do;
3519 3239 3625 3295 tale
3640 3252 3754 3308 est,

2164 3342 2255 3396 ego
2282 3326 2415 3379 dico.
2440 3326 2572 3381 Illud
2588 3336 2764 3382 autem
2792 3327 3049 3384 dissimile
3075 3338 3177 3395 est,
3195 3330 3317 3399 quia
3338 3331 3406 3386 de
3428 3331 3679 3388 nubendo
3695 3341 3757 3388 et

2166 3433 2272 3471 non
2297 3417 2545 3472 nubendo
2562 3427 2737 3488 potest
2756 3418 2888 3486 dici,
2917 3418 3019 3474 hoc
3046 3419 3182 3476 bene
3210 3421 3347 3489 ﬁeri,
3368 3422 3498 3477 illud
3520 3423 3750 3490 melius;

2165 3510 2415 3581 quoniam
2441 3519 2727 3580 utrumque
2748 3509 2982 3581 expedit,
3002 3511 3177 3567 minus
3193 3512 3357 3578 aliud,
3377 3515 3547 3585 magis
3562 3514 3706 3571 aliud
3732 3534 3749 3570 :

2164 3611 2220 3657 at
2249 3616 2374 3656 vero
2400 3601 2467 3656 de
2494 3602 2721 3672 conjuge
2747 3602 2946 3657 inﬁdeli
2974 3601 3294 3659 dimittendo
3319 3606 3403 3661 vel
3432 3621 3539 3661 non
3565 3605 3755 3661 dimit-

2166 3692 2325 3746 tcndo
2349 3734 2364 3759 ,
2396 3693 2643 3763 quoniam
2674 3708 2837 3747 unum
2869 3692 3059 3747 horum
3090 3708 3196 3748 non
3217 3695 3464 3765 expedit,
3488 3696 3630 3751 aliud
3651 3712 3754 3753 ex-

2163 3784 2345 3855 pedit,
2376 3786 2480 3839 dici
2521 3801 2627 3838 non
2654 3794 2896 3856 oportet,
2928 3785 3032 3853 Qui
3056 3786 3306 3854 dimittit,
3339 3789 3477 3844 bene
3503 3790 3660 3857 facit;
3693 3800 3755 3847 et

2162 3877 2251 3944 qui
2281 3889 2387 3929 non
2415 3874 2664 3942 dimittit,
2694 3876 2885 3931 melius
2906 3875 3029 3931 facit
3055 3895 3069 3932 :
3091 3876 3187 3934 sed
3211 3877 3314 3933 dici
3346 3888 3596 3949 oportet,
3626 3880 3753 3937 Non

2163 3967 2425 4032 dimittat;
2456 3966 2578 4037 quia
2616 3967 2716 4023 etsi
2752 3967 2909 4037 licet,
2938 3983 3044 4024 non
3073 3970 3307 4042 expedit.
3336 3970 3426 4027 Sic
3466 3987 3595 4044 ergo
3620 3988 3754 4044 pos-

2162 4073 2347 4113 sumus
2367 4058 2547 4114 dicere
2573 4059 2763 4114 mclius
2785 4074 2905 4116 esse
2924 4061 3191 4118 inﬁdelem
3223 4064 3503 4135 coniugem
3530 4080 3638 4121 non
3661 4066 3752 4122 di-

2163 4151 2375 4205 mittere
2394 4191 2408 4215 ,
2436 4151 2677 4220 quamvis
2704 4150 2861 4206 liceat
2880 4161 2934 4207 et
2962 4150 3262 4219 dimittere;
3294 4156 3753 4225 quemadmodum

2162 4252 2306 4298 recte
2332 4242 2559 4298 dicimus
2600 4242 2794 4298 melius
2835 4257 2954 4299 esse
2992 4244 3139 4315 quod
3180 4256 3234 4300 et
3263 4245 3386 4302 licet
3411 4256 3466 4302 et
3489 4248 3748 4319 expedit,

2161 4350 2320 4405 quam
2348 4334 2396 4389 id
2418 4334 2559 4405 quod
2591 4335 2747 4402 licet,
2781 4351 2881 4391 nec
2908 4337 3144 4407 expedit.

2232 4424 2456 4480 CAPUT
2484 4424 2603 4480 XX.
2649 4456 2720 4465 ——
2748 4426 2837 4482 24.
2868 4426 2945 4482 De
2985 4429 3283 4500 conjugibus
3312 4430 3599 4501 inﬁdelibus
3641 4449 3753 4487 non

2160 4517 2470 4571 dimittendis
2517 4518 2782 4572 consilium
2830 4520 3060 4588 Apostoli
3104 4532 3205 4587 est.
3257 4539 3360 4578 non
3407 4534 3744 4594 praeceptum.

2162 4606 2415 4661 Monitum
2441 4608 2524 4661 hic
2549 4608 2647 4661 loci
2668 4609 2730 4662 de
2752 4626 2806 4664 re
2833 4610 2990 4664 libera
3013 4628 3119 4667 esse
3136 4654 3151 4677 ,
3173 4614 3278 4666 alia
3305 4624 3473 4669 tamen
3498 4631 3606 4671 esse
3629 4633 3750 4671 mo-

2160 4698 2267 4751 nita
2292 4696 2523 4767 Apostoli
2550 4698 2612 4751 (le
2636 4715 2689 4753 re
2717 4700 2983 4770 imperata.
3012 4700 3105 4755 His
3132 4700 3198 4756 de
3226 4704 3404 4759 causis
3439 4703 3637 4759 factum
3664 4714 3755 4762 cst

2162 4798 2217 4843 ut
2242 4803 2517 4859 exponens
2564 4790 2775 4845 Domini
2823 4806 3161 4860 sermonem,
3191 4810 3347 4865 quem
3377 4797 3643 4868 prolixum
3692 4800 3751 4852 in

2160 4892 2341 4939 monte
2386 4882 2608 4951 habuit,
2640 4885 2729 4941 ubi
2776 4894 2995 4941 ventum
3038 4895 3121 4942 est
3166 4888 3233 4943 ad
3278 4890 3631 4959 quaestionem
3676 4890 3751 4947 de

2157 4975 2474 5044 conjugibus
2500 4974 2830 5031 dimittendis
2859 4977 2941 5032 vel
2969 4994 3074 5034 non
3102 4978 3432 5035 dimittendis
3450 5021 3467 5047 ,
3492 4980 3750 5037 adhibitis

2161 5068 2320 5122 etiam
2346 5068 2651 5137 apostolicis
2678 5069 2995 5125 testimoniis
3013 5112 3030 5138 ,
3048 5070 3283 5128 dicerem
3309 5074 3597 5128 consilium
3622 5089 3751 5131 esse

2159 5158 2429 5227 Apostoli,
2460 5174 2567 5214 non
2618 5168 2939 5229 praeceptum
2987 5161 3230 5228 Domini,
3261 5164 3351 5218 ubi
3397 5165 3505 5231 ait,
3539 5164 3752 5221 Ceteris

2158 5257 2328 5303 autem
2356 5265 2447 5320 ego
2469 5249 2609 5315 dico,
2635 5266 2735 5304 non
2761 5249 3012 5307 Dominus
3031 5294 3046 5320 ,
3088 5269 3313 5310 monens
3341 5271 3435 5311 eos
3460 5257 3551 5327 qui
3580 5257 3753 5329 habe-

2159 5350 2283 5398 rent
2335 5343 2590 5412 conjuges
2642 5342 2915 5411 inﬁdeles,
2957 5354 3016 5401 ut
3058 5347 3453 5405 consentientes
3498 5348 3751 5406 habitare

2157 5447 2338 5489 secum
2358 5447 2464 5489 non
2491 5433 2838 5490 dimitterent.
2863 5434 3017 5503 Quod
3041 5438 3224 5508 utique
3244 5439 3365 5495 ideo
3390 5438 3748 5505 monendum,

2157 5541 2263 5581 non
2304 5524 2600 5596 jubendum
2645 5526 2776 5592 fuit,
2803 5529 2926 5599 quia
2970 5545 3077 5585 non
3119 5540 3265 5587 tanto
3296 5534 3533 5603 pondere
3560 5534 3752 5604 prohi-

2156 5618 2316 5674 bendi
2343 5628 2465 5674 sunt
2490 5618 2736 5675 homines
2763 5622 2939 5678 facere
2962 5622 3104 5679 licita
3121 5664 3138 5690 ,
3162 5626 3407 5695 quamvis
3437 5641 3546 5682 non
3570 5642 3744 5697 expe-

2156 5709 2304 5764 diant
2322 5752 2336 5776 ,
2367 5720 2564 5781 quanto
2592 5712 2825 5781 pondere
2868 5712 3218 5781 prohibentur
3246 5716 3447 5771 illicita.
3475 5715 3532 5771 Si
3561 5726 3746 5771 autem

2160 5800 2349 5857 alicubi
2381 5801 2668 5872 Apostolus
2708 5802 2869 5857 etiam
2900 5801 2985 5858 illa
3015 5819 3132 5875 qua:
3172 5803 3404 5876 jubenda
3430 5813 3591 5873 sunt,
3624 5820 3747 5862 mo-
