4070 6334
263 382 359 445 ιω

261 508 383 552 uere
423 486 678 563 dignatus
714 497 831 554 est,
861 485 963 541 hoc
1008 484 1135 541 fecit
1165 478 1429 554 parcendo
1474 481 1489 512 ¹
1530 477 1847 542 inﬁrmitati,

261 602 361 642 non
401 578 807 654 prtejudicando
850 576 1099 648 jussioni.
1140 574 1294 630 Unde
1337 574 1383 627 si
1429 572 1598 638 dixit,
1631 570 1751 624 Non
1797 577 1852 622 ut

262 673 570 747 confundam
594 688 682 725 vos
710 671 816 724 hac
843 668 1005 723 scribo
1027 709 1040 731 ,
1071 667 1160 721 sed
1189 674 1242 719 ut
1284 665 1417 733 ﬁlios
1445 679 1579 717 meos
1614 660 1854 715 charissi-

263 783 365 821 mos
406 779 589 818 moneo
631 762 690 832 (1
737 759 858 815 Cor.
888 775 959 826 tv,
990 759 1109 827 ll):
1139 756 1265 827 quid
1308 754 1469 809 habet
1513 752 1851 824 qumstionis,

260 859 345 913 ubi
365 857 471 922 ait,
502 853 616 927 Ego
646 854 760 907 dico
781 893 795 918 ,
823 868 923 905 non
963 848 1252 904 Dominus!
1281 847 1410 903 Item
1455 845 1545 901 ubi
1585 845 1691 912 ait,
1722 842 1857 898 Ecce

260 966 346 1021 ego
378 946 580 1001 Paulus
612 946 731 1000 dico
753 944 911 1007 vobis,
944 942 1061 1012 quia
1080 942 1124 996 si
1148 938 1602 1005 circumcidamini,
1627 936 1854 992 Christus

258 1040 391 1094 vobis
431 1037 563 1091 nihil
596 1036 821 1110 proderit
851 1032 1048 1106 (Galat.
1078 1047 1134 1098 v,
1161 1030 1257 1101 2);
1291 1027 1545 1099 numquid
1577 1029 1737 1082 etiam
1764 1026 1852 1082 hic

259 1130 425 1195 dixit,
458 1127 572 1201 Ego
610 1127 759 1190 dico,
787 1141 888 1179 non
931 1122 1223 1178 Dominus?
1249 1119 1365 1175 Non
1398 1127 1522 1175 sunt
1549 1119 1726 1189 itaque
1753 1117 1852 1172 ista

256 1222 452 1279 similia
473 1262 491 1289 ,
517 1220 644 1290 quia
672 1218 833 1273 etiam
858 1216 947 1270 illa
996 1230 1115 1285 qua:
1136 1213 1287 1284 jubet
1318 1212 1605 1277 Dominus,
1642 1224 1745 1264 non
1772 1217 1855 1263 est

258 1312 535 1381 indignum
561 1323 736 1379 neque
760 1306 1086 1363 contrarium
1104 1346 1120 1372 ,
1142 1305 1190 1358 si
1212 1302 1400 1359 eadem
1423 1309 1605 1357 monet
1629 1303 1856 1371 Aposto-

258 1404 361 1457 lus.
393 1401 676 1455 Monemus
706 1398 848 1453 enim
877 1411 1011 1467 quos
1029 1395 1222 1450 charos
1253 1392 1512 1449 habemus
1534 1434 1549 1459 ,
1579 1400 1637 1445 ut
1662 1390 1857 1446 faciant

261 1490 471 1549 Domini
497 1497 789 1562 praecepta,
820 1488 904 1543 vel
920 1487 1091 1557 jussa.
1124 1486 1257 1541 Cum
1287 1500 1415 1540 vero
1440 1484 1515 1538 ait
1534 1525 1548 1549 ,
1574 1482 1683 1554 Ego
1705 1482 1818 1535 dico
1835 1522 1849 1547 ,

259 1601 361 1638 non
390 1581 646 1636 Dominus
663 1598 683 1646 ,'
711 1580 840 1635 satis
867 1577 1103 1635 ostendit
1125 1576 1408 1632 Dominum
1432 1592 1537 1630 non
1566 1574 1854 1645 prohibere

258 1674 401 1745 quod
428 1674 545 1744 ipse
585 1671 923 1743 prohibebat.
957 1668 1327 1725 Prohibuisset
1349 1674 1527 1722 autem
1561 1666 1851 1734 Dominus,

260 1768 304 1823 si
333 1775 479 1823 esset
508 1764 776 1820 illicitum.
807 1762 948 1834 Ergo
992 1758 1285 1817 secundum
1311 1774 1374 1815 ea
1404 1774 1523 1829 qua:
1567 1773 1727 1829 supra
1764 1758 1854 1813 diu

260 1859 531 1927 diximus,
573 1857 909 1927 multumque
954 1854 1323 1919 versavimus,
1356 1852 1561 1907 licitum
1604 1859 1719 1907 erat
1759 1867 1855 1923 per

257 1950 557 2021 justitiam;
585 1948 681 2005 sed
707 1949 869 2003 etiam
898 1946 1102 2001 licitum
1133 1959 1239 2000 non
1265 1952 1381 1999 erat
1407 1941 1709 1999 faciendum
1734 1958 1854 2014 pro-

262 2052 384 2112 pter
405 2041 633 2097 liberam
660 2039 1110 2095 benevolentiam.

332 2134 564 2191 CAPUT
601 2134 746 2192 XXI.
786 2166 858 2177 -—
892 2136 984 2193 25.
1018 2136 1097 2191 De
1116 2137 1367 2215 conjugiis
1389 2153 1502 2191 cum
1529 2133 1817 2204 inﬁdelibus
1836 2173 1852 2198 ,

260 2225 514 2280 Pollentii
538 2226 783 2280 sententia
812 2225 1097 2281 discutitur.
1121 2227 1290 2282 Aliam
1310 2244 1416 2282 esse
1439 2226 1764 2296 quwstionem
1787 2222 1849 2278 de

252 2318 368 2388 jam
406 2319 715 2389 conjunctis,
741 2318 898 2372 aliam
928 2319 990 2373 de
1031 2318 1420 2391 conjungeudis.
1464 2316 1541 2372 De
1572 2318 1688 2389 jam
1732 2332 1854 2370 con-

258 2412 446 2477 iunctis
465 2454 481 2478 ,
512 2428 615 2466 non
644 2412 709 2466 dc
740 2411 1021 2483 jungendis
1050 2412 1135 2484 agi
1173 2413 1228 2465 in
1267 2411 1379 2465 loco
1422 2409 1651 2482 Apostoli
1680 2410 1849 2463 citato.

259 2504 455 2559 "licita
479 2514 528 2559 et
557 2506 708 2560 vetita
732 2522 763 2559 a
790 2504 1010 2561 Domino
1039 2522 1298 2577 nunquam
1334 2505 1532 2576 expedit
1561 2508 1745 2575 facere.
1774 2502 1851 2557 'I'n

258 2606 439 2652 autem
471 2596 558 2651 cui
589 2596 793 2666 placet,
815 2597 888 2651 ita
928 2613 1032 2653 non
1061 2597 1225 2653 licere
1252 2596 1395 2667 quod
1436 2611 1541 2651 non
1573 2603 1715 2651 vetat
1747 2594 1849 2649 Do—

259 2688 435 2743 minus
454 2730 471 2755 ,
496 2686 595 2744 sed
616 2688 934 2759 Apostolus,
960 2687 1408 2759 quemadmodum
1437 2704 1540 2743 non
1566 2686 1689 2742 licet
1711 2684 1851 2757 quod

256 2790 402 2837 vetat
447 2782 748 2850 Dominus,
778 2797 901 2838 cum
952 2796 1223 2852 exponere
1270 2781 1530 2837 voluisses
1574 2777 1702 2851 quid
1749 2777 1851 2832 sibi

257 2875 418 2931 vellet
441 2874 587 2947 quod
616 2875 727 2943 ait,
768 2874 877 2947 Ego
917 2875 1064 2943 dico,
1092 2890 1194 2928 non
1240 2872 1521 2938 Dominus,
1549 2887 1668 2928 cum
1716 2871 1851 2925 allo-

258 2978 518 3040 queretur
566 2967 755 3024 ﬁdeles
803 2967 995 3039 quibus
1043 2973 1225 3022 essent
1269 2966 1526 3037 conjuges
1575 2963 1849 3027 inﬁdeles;

257 3058 476 3124 dixisti,
512 3077 531 3111 ι
570 3059 704 3127 Quia
748 3058 1005 3114 Dominus
1048 3058 1211 3129 jussit
1255 3074 1324 3113 ne
1352 3055 1595 3128 conjugia
1637 3055 1853 3111 sibimet

264 3168 282 3203 ι
326 3150 561 3206 diversa:
605 3150 880 3219 religionis
908 3150 1322 3221 eopularentur:
1356 3169 1375 3201 ι
1410 3157 1464 3204 ει
1492 3148 1665 3219 ipsum
1696 3144 1850 3201 adhi-

257 3242 418 3298 buisti
459 3241 830 3297 testimonium
884 3240 1097 3296 Domini
1149 3240 1406 3306 dicentis,
1462 3239 1584 3293 Non
1636 3239 1852 3308 accipies

260 3350 467 3390 uxorein
496 3334 610 3404 [ilio
636 3343 722 3388 tuo
751 3350 784 3387 a
820 3332 1024 3403 ﬁliabus
1059 3333 1457 3405 alienigenarum
1482 3374 1497 3399 ,
1521 3348 1583 3385 ne
1622 3331 1852 3385 traducat

259 3440 373 3479 eum
414 3435 529 3496 post
557 3425 683 3479 deos
725 3441 880 3491 suos,
903 3434 950 3479 et
990 3434 1161 3496 pereat
1199 3424 1371 3480 anima
1403 3424 1513 3495 ejus
1538 3421 1710 3495 (Deut.
1743 3438 1848 3488 vn,

259 3514 313 3582 3,
336 3514 419 3580 ι).
450 3513 723 3570 Addidisti
749 3515 911 3570 etiam
933 3515 1093 3570 verba
1116 3514 1357 3585 Apostoli
1378 3557 1393 3581 ,
1425 3514 1512 3568 ubi
1543 3513 1700 3580 dixit,
1734 3512 1852 3568 Mu-

259 3608 350 3663 lier
375 3608 593 3679 alligata
615 3616 706 3676 est,
725 3608 969 3679 quamdiu
986 3609 1060 3661 vir
1079 3608 1189 3678 ejus
1215 3607 1351 3661 vivit.
1389 3605 1540 3671 Quod
1563 3607 1604 3660 si
1628 3616 1853 3661 mortuus

262 3700 410 3770 fuerit
447 3701 527 3755 vir
552 3701 693 3771 ejus,
721 3700 932 3754 liberata
968 3709 1040 3755 est
1062 3716 1080 3754 :
1103 3700 1183 3753 cui
1224 3700 1327 3753 vult
1364 3698 1547 3762 nubat,
1579 3708 1771 3752 tantum
1801 3698 1851 3752 in

260 3792 483 3849 Domino
523 3792 565 3866 (l
588 3791 710 3849 Cor.
738 3808 842 3861 vn,
871 3791 962 3866 '59)
990 3812 1003 3847 :
1029 3792 1170 3863 quod
1203 3792 1273 3847 ita
1309 3793 1637 3863 exposuisti,
1669 3801 1725 3846 ιιι
1754 3790 1852 3846 ad-

255 3884 539 3955 jungeres,
577 3901 598 3937 ι
632 3882 687 3938 Id
716 3892 801 3939 est
824 3882 1111 3939 christiano
1136 3883 1178 3938 ¹.
1217 3900 1236 3934 ι
1283 3881 1483 3937 Deinde
1521 3890 1735 3937 secutus
1759 3896 1849 3946 es,

259 3983 315 4028 et
357 3974 569 4029 aistizr
604 3972 717 4029 Hoc
745 3981 829 4029 est
873 3989 1000 4043 ergo
1029 3972 1235 4028 Domini
1280 3981 1602 4043 praeceptum
1649 3981 1754 4027 tam
1800 3972 1851 4026 in

262 4083 285 4117 ι
335 4063 520 4119 Veteri
564 4080 720 4137 quam
772 4065 829 4119 in
873 4064 1021 4121 Novo
1080 4064 1456 4129 Testamento,
1490 4074 1548 4118 ut
1591 4079 1695 4118 non
1751 4063 1852 4118 nisi

262 4173 285 4208 ι
331 4155 495 4212 unius
523 4156 793 4228 religionis
820 4164 875 4212 et
916 4155 1038 4211 ﬁdei
1074 4156 1319 4226 conjugis
1349 4156 1451 4211 sibi
1489 4163 1738 4212 maneant
1760 4171 1854 4213 co-

268 4266 288 4300 ι
331 4248 536 4319 palata.
567 4267 587 4301 ι
618 4247 675 4304 Si
704 4247 806 4304 hoc
829 4262 957 4319 ergo
977 4256 1060 4303 est
1079 4247 1289 4302 Domini
1314 4256 1635 4318 praeceptum
1668 4256 1773 4303 tam
1801 4247 1853 4303 in

264 4338 441 4397 Veteri
470 4340 815 4395 Testamento
855 4354 1013 4410 quam
1055 4338 1108 4394 in
1134 4338 1317 4405 Novo,
1346 4346 1401 4395 et
1441 4338 1543 4394 hoe
1564 4338 1714 4409 jubet
1744 4338 1853 4394 Do-

266 4432 440 4487 minus
458 4472 474 4499 ,
497 4429 603 4487 hoc
635 4430 790 4487 docet
818 4430 1105 4503 Apostolus
1126 4471 1140 4497 ,
1174 4437 1231 4484 ut
1256 4444 1362 4486 non
1401 4429 1503 4485 nisi
1542 4430 1698 4486 unius
1722 4429 1854 4485 reli-

267 4525 435 4594 gionis
456 4535 511 4581 et
536 4523 659 4580 ﬁdei
686 4532 937 4581 maneant
965 4524 1209 4594 copulata
1238 4522 1514 4593 coniugia;
1539 4538 1703 4593 quare
1723 4537 1855 4578 con-

271 4627 344 4672 ira
386 4617 493 4673 hoc
541 4616 750 4672 Domini
796 4616 1041 4688 jussum,
1085 4626 1272 4671 contra
1318 4614 1617 4671 doctrinam
1666 4629 1851 4682 suam,

270 4716 449 4763 contra
476 4716 804 4779 pmceptum
835 4706 1163 4762 Testamenti
1190 4704 1401 4761 Veteris
1427 4714 1481 4759 et
1505 4704 1637 4759 Novi
1661 4745 1673 4771 ,
1702 4706 1855 4775 jubet

272 4801 557 4869 Apostolus
582 4808 642 4854 ιιι
669 4798 896 4854 diversas
925 4796 1045 4853 ﬁdei
1088 4796 1334 4868 eonjugia
1363 4803 1613 4851 maneant
1634 4795 1856 4866 capula-

274 4893 397 4947 ιλιι
447 4892 584 4962 Quia
632 4892 864 4957 Paulus,
897 4892 1107 4963 inquis,
1148 4889 1396 4947 Gentium
1442 4888 1760 4960 praedicator
1801 4897 1856 4945 et

280 5003 298 5036 ι
338 4984 650 5055 apostolus,
693 4983 803 5054 jam
851 4985 906 5039 in
954 4982 1204 5054 eonjugio
1251 4981 1490 5053 positos,
1521 4994 1628 5036 non
1680 4980 1867 5036 solum

281 5094 300 5127 ι
338 5084 525 5133 monet
543 5118 559 5141 ,
587 5074 683 5131 sed
708 5074 868 5130 etiam
894 5073 1079 5144 jubet,
1108 5081 1167 5128 ut
1191 5072 1239 5128 si
1263 5087 1400 5128 unus
1427 5079 1520 5127 aut
1545 5086 1649 5127 una
1677 5085 1707 5125 a
1730 5086 1859 5127 con-

282 5185 302 5218 ι
338 5168 555 5239 jngibus
600 5165 950 5232 credidisset,
983 5164 1210 5221 alterum
1236 5165 1318 5221 vel
1362 5164 1581 5219 alteram
1607 5177 1713 5219 non
1743 5177 1860 5218 cre-

281 5275 301 5308 s
342 5258 585 5324 dentem,
616 5272 798 5313 secum
819 5265 995 5312 tamen
1019 5255 1257 5311 habitare
1282 5254 1729 5321 consentientem,
1749 5267 1857 5308 non

282 5366 304 5400 ι
343 5350 658 5405 dimitteret.
694 5367 715 5402 ι
746 5347 839 5402 His
875 5346 1053 5403 verbis
1078 5347 1184 5402 tuis
1224 5344 1367 5400 aliud
1404 5345 1541 5412 hoc,
1571 5344 1713 5400 aliud
1740 5359 1860 5401 esse

278 5440 401 5497 illud
423 5485 439 5509 ,
462 5443 594 5497 satis
622 5442 898 5497 evidenter
917 5438 1175 5496 ostendis.
1201 5437 1334 5495 Illud
1357 5437 1500 5493 enim
1526 5436 1595 5494 de
1621 5436 1704 5493 his
1728 5452 1862 5493 eon-

274 5533 427 5605 jugiis
451 5536 648 5607 agitur,
677 5549 797 5605 quae
828 5533 929 5589 sibi
957 5533 1201 5603 primitus
1238 5532 1570 5604 copulantur,
1601 5546 1669 5587 ne
1694 5531 1862 5586 nubat

280 5623 470 5681 femina
500 5642 609 5683 non
648 5641 764 5681 suae
789 5623 1063 5695 religionis
1087 5624 1237 5691 viro,
1270 5624 1352 5681 vel
1392 5624 1473 5680 vir
1502 5624 1658 5681 taiem
1704 5622 1863 5679 ducat

341 5760 355 5823 Ῐ
388 5764 483 5823 “"9
504 5737 636 5817 διεκᾶ
660 5757 903 5823 Ρανεπάρε

340 5820 361 5851 ⁸
388 5820 485 5870 50h
516 5816 671 5871 editio
686 5826 820 5880 Ima,
846 5819 993 5883 idque
1017 5816 1293 5872 christiano.

1618 360 1819 421 LIBER
1858 357 2126 419 PRIMUS.

3439 372 3546 431 ‘66

1964 492 2199 533 uxorem.
2236 496 2254 531 ι
2293 479 2345 534 ld
2377 480 2552 549 enim,
2591 500 2609 533 ι
2646 493 2701 538 ιιι
2739 484 2869 539 dicis
2892 527 2907 553 ,
2945 506 2962 538 ι
2993 486 3144 558 jubet
3181 491 3338 556 Deus,
3384 492 3542 549 docet

1972 588 1993 620 ι
2038 568 2357 639 Apostolus,
2405 583 2686 644 utrumque
2734 577 2978 647 praecipit
3030 579 3450 637 Testamentum.
3514 605 3533 635 ι

1961 659 2073 715 Ηοε
2096 670 2271 716 autem
2295 663 2561 719 diversum
2588 681 2705 721 esse
2726 672 2842 738 quis
2863 669 3059 724 abnuat
3076 712 3090 735 ,
3125 670 3212 726 ubi
3241 672 3413 742 agitur
3432 689 3536 728 non

1961 752 2028 808 de
2071 754 2488 826 eonjnngendis,
2520 758 2613 813 sed
2654 758 2721 814 de
2763 762 3100 835 conjunctis?
3127 765 3299 820 Ambo
3348 767 3543 836 quippe

1962 845 2115 899 unius
2145 846 2490 918 ejusdemque
2540 847 2860 907 inﬁdelitatis
2905 852 3118 909 fuerunt
3155 855 3379 925 quando
3408 872 3543 911 con-

1957 936 2126 1006 juncti
2151 948 2309 1005 sunt;
2342 939 2437 995 sed
2466 940 2808 1013 Evangelium
2834 958 2953 999 eum
2982 946 3237 1012 venisset,
3259 947 3397 1002 alter
3425 948 3543 1003 sine

1960 1028 2127 1083 altera
2148 1070 2163 1095 ,
2191 1030 2273 1085 vel
2315 1030 2481 1086 altera
2525 1033 2642 1088 sine
2667 1033 2837 1090 altero
2874 1035 3118 1092 credidit.
3145 1036 3200 1094 Si
3244 1053 3375 1109 ergo
3398 1040 3543 1094 aliud

1960 1129 2041 1174 est
2074 1120 2175 1175 hoe
2193 1162 2208 1187 ,
2236 1120 2377 1191 quod
2402 1123 2518 1178 sine
2547 1125 2796 1193 scrupulo
2824 1126 2977 1182 ullius
3006 1127 3349 1185 dubitationis
3375 1145 3543 1201 appa-

1962 1220 2063 1277 ret,
2094 1228 2190 1266 cur
2215 1211 2425 1268 ﬁdelem
2451 1230 2570 1269 cum
2613 1214 2813 1272 inﬁdeli
2838 1218 2891 1272 in
2919 1218 3166 1290 conjugio
3193 1235 3509 1290 pennanere
3529 1264 3543 1284 ,

1962 1319 2068 1359 non
2096 1315 2149 1360 et
2171 1306 2428 1363 Dominus
2450 1308 2586 1363 sicut
2611 1309 2896 1379 Apostolus
2919 1302 3107 1382 jubet?
3130 1313 3241 1368 Nisi
3280 1314 3417 1369 forte
3444 1314 3545 1369 isto

1961 1395 2080 1451 loco
2104 1406 2286 1463 vacat,
2316 1398 2457 1469 quod
2485 1408 2589 1454 tam
2635 1400 2860 1456 ﬁdenter
2886 1402 2999 1472 ipse
3026 1403 3103 1457 ait
3130 1420 3141 1456 :
3173 1405 3250 1458 An
3286 1405 3437 1459 enlu's
3459 1421 3546 1459 cx-

1962 1489 2296 1559 perimeutum
2336 1491 2563 1561 accipere
2605 1493 2713 1563 ejus
2755 1494 2842 1562 qui
2885 1494 2939 1548 in
2978 1512 3055 1550 me
3078 1496 3295 1566 loquitur
3320 1497 3547 1551 Christus

1962 1578 2028 1650 (ll
2061 1580 2180 1636 Cor.
2208 1597 2324 1648 xui,
2355 1582 2445 1651 3)?
2475 1582 2543 1638 Et
2572 1585 2753 1656 utique
2779 1586 3034 1643 Dominus
3063 1598 3144 1644 est
3170 1589 3430 1643 Christus.
3464 1589 3546 1643 ln-

1961 1672 2227 1744 tclligisue
2275 1675 2400 1746 quid
2448 1675 2764 1733 dicam?An
2818 1680 2868 1734 in
2919 1680 3018 1737 hoc
3064 1682 3397 1753 explanando
3444 1684 3545 1737 ali-

1960 1773 2160 1833 quanto
2187 1764 2495 1835 diligentius
2525 1767 2886 1825 immorabor?

2030 1854 2120 1911 26.
2162 1856 2393 1912 Attende
2413 1900 2426 1922 ,
2459 1867 2514 1914 ut
2544 1874 2653 1915 rem
2686 1861 2853 1932 ipsam
2883 1873 3132 1933 tanquam
3166 1865 3216 1920 in
3246 1879 3543 1936 conspectu

1961 1946 2402 2003 considerandam
2431 1951 2667 2020 planiore
2692 1968 2941 2010 sermone
2961 1971 3239 2025 ||t)lt.'tllllls.
3260 1959 3396 2015 Ecce
3425 1976 3547 2017 eon-

1956 2036 2110 2108 juges
2161 2039 2306 2107 duo,
2352 2042 2508 2098 unius
2556 2043 2911 2110 inlidelitatis;
2944 2046 3012 2101 ita
3069 2048 3280 2105 luerunt
3330 2053 3546 2122 quando

1962 2130 2227 2199 conjuncti
2257 2140 2381 2185 sunt
2408 2148 2420 2185 :
2448 2134 2590 2189 nulla
2620 2134 2689 2190 de
2720 2136 2802 2191 his
2831 2138 3056 2207 qna-stic
3094 2150 3205 2205 est,
3232 2156 3351 2209 qua:
3379 2144 3547 2211 perti-

1963 2231 2087 2276 neat
2105 2222 2169 2276 ad
2199 2222 2341 2277 illam
2369 2224 2576 2280 Domini
2594 2225 2889 2295 jussionem
2911 2229 3317 2300 doctrinamque
3335 2241 3548 2302 aposto-

1962 2312 2116 2367 licam
2144 2322 2196 2367 et
2223 2324 2545 2384 praeceptum
2573 2314 2900 2371 Testamcnti
2931 2317 3140 2374 Veteris
3164 2329 3217 2374 ει
3243 2318 3381 2375 Novi
3396 2363 3410 2389 ,
3443 2336 3550 2392 quo

1964 2404 2271 2474 prohibetur
2314 2405 2484 2461 ﬁdelis
2512 2420 2632 2463 cmn
2680 2407 2880 2465 inluleli
2928 2412 3182 2479 copulare
3220 2412 3549 2483 conjugium.

1959 2495 2077 2551 Jam
2121 2507 2244 2552 sunt
2290 2500 2576 2570 conjuges,
2609 2512 2661 2556 et
2688 2501 2860 2557 adhuc
2903 2505 3062 2557 ambo
3106 2512 3230 2559 sunt
3274 2504 3544 2569 inﬁdeles;

1959 2588 2133 2644 adhuc
2166 2590 2297 2647 tales
2324 2602 2443 2646 smn
2471 2592 2655 2662 quales
2696 2595 2904 2649 lucrum
2934 2607 3218 2665 antequam
3252 2594 3546 2666 jnngeren-

1963 2693 2064 2751 tur,
2098 2682 2385 2755 qualesque
2410 2685 2675 2756 conjuncti
2705 2696 2846 2741 sunt.
2876 2685 3025 2743 \‘enit
3055 2687 3326 2759 Evangelii
3355 2687 3547 2759 praedi-

1958 2787 2127 2846 cator,
2156 2779 2378 2834 credidit
2421 2794 2604 2836 eorum
2635 2789 2723 2835 aut
2752 2794 2920 2841 llllllS.
2952 2789 3044 2836 aut
3088 2796 3189 2835 una
3215 2796 3231 2847 ;
3260 2780 3355 2838 sed
3394 2781 3464 2836 ita
3492 2789 3551 2835 ιιι

1960 2870 2188 2927 inﬁdelis
2230 2886 2351 2927 cum
2396 2872 2536 2927 ﬁdeli
2571 2872 2809 2929 habitare
2850 2874 3168 2929 consentiat.
3213 2873 3373 2929 Jubet
3403 2872 3548 2929 ﬁdeli

1964 2964 2217 3019 Dominus
2265 2979 2334 3021 ne
2387 2966 2652 3021 inﬁdelem
2702 2966 2961 3026 dimittat.
2990 2981 3057 3022 an
3114 2982 3221 3022 non
3269 2965 3456 3037 jubet?
3491 2966 3553 3022 Si

1958 3055 2191 3123 dixeris,
2231 3056 2423 3121 .lnhet;
2454 3058 2703 3112 rellamat
2749 3057 3071 3127 Apostolus.
3122 3055 3232 3128 ligo
3274 3058 3419 3125 dico,
3448 3073 3548 3111 non

1960 3147 2232 3205 Dominus.
2255 3150 2312 3205 Si
2340 3150 2563 3214 dixeris,
2589 3151 2702 3205 Non
2727 3150 2911 3220 jubet;
2941 3164 3156 3204 causam
3184 3150 3416 3221 requiro.
3442 3148 3548 3205 Ne-

1959 3257 2065 3313 que
2094 3243 2238 3298 illam
2267 3242 2393 3298 mihi
2423 3256 2775 3313 reSpnnsurus
2802 3256 2862 3298 cs
2882 3283 2895 3300 .
2924 3257 3082 3311 quam
3114 3246 3217 3297 tuis
3247 3241 3433 3297 litteris
3459 3240 3545 3296 in~

1961 3334 2178 3399 didisti,
2214 3353 2234 3387 ι
2269 3334 2401 3404 Quia
2433 3334 2686 3389 limitinns
2727 3333 2974 3404 prohibet
3015 3333 3200 3390 lnlelcs
3246 3331 3549 3388 inﬁdelibus

1967 3445 1986 3479 ι
2026 3426 2196 3498 jnngi.
2234 3444 2253 3479 ι
2288 3426 2383 3483 ΙΙίε
2421 3426 2561 3482 enim
2608 3426 2754 3482 nullo
2795 3425 2955 3483 modo
2996 3437 3081 3482 est
3123 3426 3220 3482 ista
3248 3439 3406 3481 causa
3438 3444 3451 3481 :
3480 3426 3550 3482 de

1957 3518 2065 3589 jatn
2089 3518 2289 3589 junctis
2330 3516 2615 3588 loquimur,
2649 3533 2753 3573 non
2795 3518 2862 3575 de
2901 3518 3207 3590 jnngendis.
3244 3516 3299 3575 Si
3330 3532 3458 3590 ergo
3490 3528 3546 3573 ιιι

1960 3622 2176 3665 cans:nn
2209 3625 2314 3664 non
2359 3608 2606 3665 invenisti
2646 3625 2743 3665 cur
2782 3624 2886 3666 non
2932 3620 3071 3666 vetet
3105 3608 3360 3666 Itoniinns
3404 3608 3547 3681 quod
3590 3600 3594 3604 ’

1963 3711 2104 3758 vetat
2131 3702 2448 3772 Apostolus;
2475 3701 2651 3757 cernis
2681 3701 2822 3757 cnim
2865 3702 3009 3771 jam,
3044 3711 3097 3755 ιιι
3126 3701 3409 3768 existimo,
3440 3716 3545 3757 non

1962 3810 2083 3851 esse
2123 3796 2291 3865 ipsam
2333 3809 2491 3865 quam
2521 3809 2643 3851 esse
2686 3804 2999 3866 putaveras:
3029 3793 3150 3850 \lde
3184 3810 3250 3849 ne
3282 3795 3417 3851 forte
3457 3795 3546 3850 illa

1963 3887 2033 3941 sit
2056 3901 2175 3957 qu:e
2220 3887 2348 3941 mihi
2378 3886 2489 3941 visa
2521 3895 2600 3941 est
2620 3927 2635 3952 ,
2665 3896 2716 3940 et
2757 3895 2883 3941 tunc
2931 3886 3244 3957 proferenda
3267 3927 3280 3949 ,
3309 3896 3362 3941 et
3409 3900 3549 3942 ιιιιιιε

1963 3978 2325 4045 defendenda;
2358 3988 2416 4033 ιιι
2455 3978 2656 4034 scilicet
2687 3977 2818 4032 illud
2850 3976 3208 4047 intelliganms
3233 3977 3412 4033 dicere
3440 3977 3544 4033 Do-

1963 4071 2164 4126 minum
2190 4112 2205 4139 ,
2239 4070 2381 4142 quod
2412 4070 2569 4125 habet
2593 4084 2772 4127 coram
2803 4069 2894 4124 illo
2921 4069 3068 4125 nullo
3092 4069 3251 4126 modo
3277 4080 3542 4140 transgre-

1961 4160 2154 4216 dienda
2197 4161 2399 4231 justitia
2425 4200 2441 4227 ,
2470 4159 2521 4214 id
2549 4168 2629 4215 est
2652 4200 2668 4225 ,
2697 4158 2839 4230 quod
2882 4159 2952 4214 ita
2977 4158 3131 4230 jubet
3168 4167 3261 4214 aut
3288 4168 3459 4226 vetat,
3492 4168 3545 4215 ιιι

1960 4251 2104 4307 aliud
2147 4251 2325 4307 facere
2352 4256 2571 4307 omnino
2600 4265 2707 4305 non
2755 4250 2911 4307 liccat
2939 4267 2953 4304 :
2982 4252 3122 4322 quod
3162 4261 3340 4308 autem
3369 4252 3554 4307 volen-

1962 4346 2030 4400 tis
2059 4344 2308 4416 potestati
2351 4344 2423 4399 ita
2452 4344 2727 4414 permittit,
2761 4351 2818 4399 ut
2859 4358 2958 4399 uce
2998 4351 3185 4415 agatur
3208 4359 3308 4399 nec
3333 4353 3552 4415 prietes-

1963 4441 2202 4495 mittatur
2250 4439 2462 4505 illicite;
2503 4439 2573 4493 ibi
2618 4452 2895 4493 servorum
2940 4452 3160 4494 suorum
3198 4439 3425 4495 consilio
3470 4438 3551 4495 les

1961 4551 2083 4590 eum
2114 4535 2242 4591 dare
2260 4576 2276 4601 ,
2308 4544 2364 4590 ut
2392 4534 2443 4589 id
2475 4533 2650 4605 potius
2677 4531 2936 4588 suadeant
2965 4533 3106 4603 quod
3132 4533 3360 4590 viderint
3386 4549 3552 4605 espe-

1959 4628 2094 4687 dire.

2032 4718 2120 4774 27.
2171 4717 2436 4773 Tenentur
2487 4715 2575 4771 hic
2618 4730 2746 4787 ergo
2789 4716 3034 4787 primitus
3080 4732 3143 4772 ac
3184 4717 3437 4782 maxime,
3484 4732 3551 4771 ne

1963 4810 2363 4866 committantur
2392 4807 2595 4864 illicita.
2638 4808 2740 4864 Ubi
2781 4821 2957 4867 autem
2988 4808 3188 4880 aliquid
3233 4810 3305 4864 ita
3347 4806 3557 4863 licitum

1964 4912 2067 4969 est,
2100 4911 2160 4957 ut
2190 4900 2335 4958 aliud
2362 4900 2541 4958 facere
2567 4916 2674 4956 non
2705 4902 2775 4957 sit
2804 4901 3067 4967 illicitum,
3101 4901 3196 4956 ﬁat
3221 4900 3360 4971 quod
3387 4913 3549 4969 expe-

1963 4997 2062 5064 dit,
2094 4995 2185 5050 vel
2205 4995 2346 5069 quod
2378 4996 2547 5067 magis
2571 4994 2806 5065 expedit.
2847 4995 2941 5050 Illa
2970 4995 3129 5067 igitur
3154 5009 3272 5064 quae
3295 4992 3567 5048 Dominus.

1964 5090 2036 5144 ita
2063 5088 2193 5144 dicit
2230 5096 2290 5142 ut
2317 5087 2602 5155 Dominus,
2633 5086 2686 5142 id
2725 5095 2841 5154 est,
2870 5102 2974 5142 non
3005 5086 3270 5141 monentis
3301 5083 3545 5151 consilio,
3572 5140 3575 5143 ,

1964 5180 2060 5237 sed
2097 5180 2423 5236 dominantis
2466 5179 2711 5250 imperio,
2754 5195 2863 5235 non
2909 5178 3086 5233 facere
3125 5192 3230 5230 non
3273 5176 3456 5244 licet‘,
3494 5186 3565 5233 et-

1967 5274 2087 5330 ideo
2112 5287 2213 5330 nec
2238 5272 2475 5344 expedit.
2506 5272 2761 5328 Dominus
2793 5271 2970 5340 itaque
2995 5267 3253 5339 praecipit,
3281 5267 3547 5324 Mulierem

1965 5385 1997 5422 a
2037 5368 2143 5423 viro
2185 5383 2287 5422 non
2326 5364 2619 5430 discedere;
2660 5363 2794 5434 quod
2835 5362 2881 5416 si
2922 5361 3225 5429 discesserit,
3264 5375 3327 5418 ea
3366 5362 3549 5434 utique

1966 5475 2125 5515 causa
2171 5474 2274 5530 qua
2312 5456 2591 5513 discedere
2626 5454 2827 5509 licitum
2870 5462 2972 5521 est,
3016 5468 3220 5508 manere
3264 5455 3549 5524 innuptam,

1966 5560 2055 5606 aut
2095 5551 2201 5606 viro
2243 5566 2336 5604 suo
2365 5546 2685 5603 recanciliari
2710 5546 2764 5617 (I
2792 5546 2908 5601 Cor.
2937 5561 3029 5612 vn,
3061 5544 3128 5601 l0
3156 5556 3203 5601 et
3230 5545 3340 5617 II).
3370 5546 3557 5602 Mulier

1968 5642 2109 5698 enim
2135 5641 2226 5697 sub
2255 5642 2361 5695 viro
2379 5680 2394 5707 ,
2428 5639 2536 5693 rivo
2564 5638 2768 5708 marito,
2798 5638 2982 5708 juncta
3010 5646 3082 5692 est
3112 5638 3248 5711 legi;
3277 5647 3329 5693 et
3363 5638 3554 5691 vivente

1968 5756 2047 5881 fac!
2084 5756 2157 5804 Sic
2176 5759 2365 5806 ttss..At
2389 5752 2524 5815 editi,
2549 5753 2709 5815 facere
2731 5764 2824 5805 non
2847 5751 2972 5815 licet,
2992 5752 3169 5803 omisso
3192 5784 3207 5814 ,
3247 5761 3339 5801 non
3363 5783 3377 5809 ,
3420 5757 3554 5813 ante,

2047 5829 2145 5868 ere.
2660 5840 2663 5843 ι

2047 5829 2145 5868 ere.
2660 5840 2663 5843 λ
