  <div class='ocr_page' id='page_1' title='image "/cluster/home/n/w/nwhite01/storage/ocr_20150623/40/hvd.32044024147290/239.png"; bbox 0 0 4070 6334; ppageno 0'>
   <div class='ocr_carea' id='block_1_1' title="bbox 506 369 607 420">
    <p class='ocr_par' dir='ltr' id='par_1_1' title="bbox 506 369 607 420">
     <span class='ocr_line' id='line_1_1' title="bbox 506 369 607 420; baseline 0 0"><span class='ocrx_word' id='word_1_1' title='bbox 506 369 607 420; x_wconf 67' lang='grc'><em>467</em></span> 
     </span>
    </p>
   </div>
   <div class='ocr_carea' id='block_1_2' title="bbox 506 471 2090 548">
    <p class='ocr_par' dir='ltr' id='par_1_2' title="bbox 506 471 2090 548">
     <span class='ocr_line' id='line_1_2' title="bbox 506 471 2090 548; baseline -0.008 -11"><span class='ocrx_word' id='word_1_2' title='bbox 506 501 611 539; x_wconf 75' lang='lat' dir='ltr'><em>utro</em></span> <span class='ocrx_word' id='word_1_3' title='bbox 642 482 901 536; x_wconf 76' lang='lat' dir='ltr'><em>vocabitur</em></span> <span class='ocrx_word' id='word_1_4' title='bbox 924 481 1188 545; x_wconf 87' lang='lat' dir='ltr'><em>adultera,</em></span> <span class='ocrx_word' id='word_1_5' title='bbox 1218 471 1261 534; x_wconf 87' lang='lat' dir='ltr'><em>si</em></span> <span class='ocrx_word' id='word_1_6' title='bbox 1303 479 1453 548; x_wconf 78' lang='lat' dir='ltr'><em>fuerit</em></span> <span class='ocrx_word' id='word_1_7' title='bbox 1492 495 1609 532; x_wconf 90' lang='lat' dir='ltr'><em>cum</em></span> <span class='ocrx_word' id='word_1_8' title='bbox 1648 477 1750 531; x_wconf 83' lang='lat' dir='ltr'><em>alio</em></span> <span class='ocrx_word' id='word_1_9' title='bbox 1779 477 1885 530; x_wconf 82' lang='lat' dir='ltr'><em>viro</em></span> <span class='ocrx_word' id='word_1_10' title='bbox 1917 473 2090 544; x_wconf 82' lang='lat' dir='ltr'><em>(Rom.</em></span> 
     </span>
    </p>
   </div>
   <div class='ocr_carea' id='block_1_3' title="bbox 507 565 2097 645">
    <p class='ocr_par' dir='ltr' id='par_1_3' title="bbox 507 565 2097 645">
     <span class='ocr_line' id='line_1_3' title="bbox 507 565 2097 645; baseline -0.007 -16"><span class='ocrx_word' id='word_1_11' title='bbox 507 591 600 638; x_wconf 84' lang='lat' dir='ltr'><em>vn,</em></span> <span class='ocrx_word' id='word_1_12' title='bbox 625 575 684 641; x_wconf 80' lang='lat'><em>‘2,</em></span> <span class='ocrx_word' id='word_1_13' title='bbox 713 573 815 645; x_wconf 83' lang='lat'><em>&#39;5);</em></span> <span class='ocrx_word' id='word_1_14' title='bbox 857 573 1109 644; x_wconf 89' lang='lat' dir='ltr'><em>quoniam</em></span> <span class='ocrx_word' id='word_1_15' title='bbox 1145 572 1327 626; x_wconf 82' lang='lat' dir='ltr'><em>mulier</em></span> <span class='ocrx_word' id='word_1_16' title='bbox 1364 570 1574 640; x_wconf 85' lang='lat' dir='ltr'><em>alligata</em></span> <span class='ocrx_word' id='word_1_17' title='bbox 1607 578 1711 633; x_wconf 86' lang='lat' dir='ltr'><em>est,</em></span> <span class='ocrx_word' id='word_1_18' title='bbox 1743 567 1984 640; x_wconf 80' lang='lat' dir='ltr'><em>quamdiu</em></span> <span class='ocrx_word' id='word_1_19' title='bbox 2021 565 2097 618; x_wconf 86' lang='lat' dir='ltr'><em>vir</em></span> 
     </span>
    </p>
   </div>
   <div class='ocr_carea' id='block_1_4' title="bbox 507 657 2096 740">
    <p class='ocr_par' dir='ltr' id='par_1_4' title="bbox 507 657 2096 740">
     <span class='ocr_line' id='line_1_4' title="bbox 507 657 2096 740; baseline -0.007 -19"><span class='ocrx_word' id='word_1_20' title='bbox 507 669 617 740; x_wconf 77' lang='lat' dir='ltr'><em>ejus</em></span> <span class='ocrx_word' id='word_1_21' title='bbox 663 665 779 720; x_wconf 87' lang='lat' dir='ltr'><em>vivit</em></span> <span class='ocrx_word' id='word_1_22' title='bbox 832 664 884 738; x_wconf 83' lang='grc' dir='ltr'>(Ι</span> <span class='ocrx_word' id='word_1_23' title='bbox 919 665 1038 719; x_wconf 86' lang='lat' dir='ltr'><em>Cor.</em></span> <span class='ocrx_word' id='word_1_24' title='bbox 1062 681 1163 730; x_wconf 79' lang='lat' dir='ltr'><em>vn,</em></span> <span class='ocrx_word' id='word_1_25' title='bbox 1193 664 1316 735; x_wconf 76' lang='lat'><em>&#39;59).</em></span> <span class='ocrx_word' id='word_1_26' title='bbox 1361 662 1535 730; x_wconf 87' lang='lat' dir='ltr'><em>Unde,</em></span> <span class='ocrx_word' id='word_1_27' title='bbox 1583 661 1644 716; x_wconf 91' lang='lat' dir='ltr'><em>Si</em></span> <span class='ocrx_word' id='word_1_28' title='bbox 1683 677 1812 714; x_wconf 74' lang='lat' dir='ltr'><em>uxor</em></span> <span class='ocrx_word' id='word_1_29' title='bbox 1851 657 2096 713; x_wconf 78' lang='lat' dir='ltr'><em>dimiserit</em></span> 
     </span>
    </p>
   </div>
   <div class='ocr_carea' id='block_1_5' title="bbox 506 750 2090 828">
    <p class='ocr_par' dir='ltr' id='par_1_5' title="bbox 506 750 2090 828">
     <span class='ocr_line' id='line_1_5' title="bbox 506 750 2090 828; baseline -0.007 -14"><span class='ocrx_word' id='word_1_30' title='bbox 506 762 670 814; x_wconf 76' lang='lat' dir='ltr'><em>virum</em></span> <span class='ocrx_word' id='word_1_31' title='bbox 695 776 843 813; x_wconf 90' lang='lat' dir='ltr'><em>suum</em></span> <span class='ocrx_word' id='word_1_32' title='bbox 869 769 917 814; x_wconf 90' lang='lat' dir='ltr'><em>et</em></span> <span class='ocrx_word' id='word_1_33' title='bbox 941 757 1030 811; x_wconf 83' lang='lat' dir='ltr'><em>alii</em></span> <span class='ocrx_word' id='word_1_34' title='bbox 1057 759 1306 828; x_wconf 78' lang='lat' dir='ltr'><em>nupserit,</em></span> <span class='ocrx_word' id='word_1_35' title='bbox 1339 757 1616 810; x_wconf 67' lang='lat' dir='ltr'><em>moechatur</em></span> <span class='ocrx_word' id='word_1_36' title='bbox 1645 753 1832 826; x_wconf 81' lang='lat' dir='ltr'><em>(Marc.</em></span> <span class='ocrx_word' id='word_1_37' title='bbox 1866 769 1921 820; x_wconf 76' lang='grc' dir='ltr'><em>χ,</em></span> <span class='ocrx_word' id='word_1_38' title='bbox 1957 750 2052 820; x_wconf 74' lang='grc'><em>12)</em></span> <span class='ocrx_word' id='word_1_39' title='bbox 2077 768 2090 816; x_wconf 90' lang='grc'><strong>;</strong></span> 
     </span>
    </p>
   </div>
   <div class='ocr_carea' id='block_1_6' title="bbox 505 843 2089 921">
    <p class='ocr_par' dir='ltr' id='par_1_6' title="bbox 505 843 2089 921">
     <span class='ocr_line' id='line_1_6' title="bbox 505 843 2089 921; baseline -0.008 -12"><span class='ocrx_word' id='word_1_40' title='bbox 505 864 581 921; x_wconf 90' lang='lat' dir='ltr'><em>et,</em></span> <span class='ocrx_word' id='word_1_41' title='bbox 627 853 726 918; x_wconf 91' lang='lat' dir='ltr'><em>Qui</em></span> <span class='ocrx_word' id='word_1_42' title='bbox 769 853 1032 906; x_wconf 81' lang='lat' dir='ltr'><em>dimissam</em></span> <span class='ocrx_word' id='word_1_43' title='bbox 1073 869 1106 905; x_wconf 90' lang='lat' dir='ltr'><em>a</em></span> <span class='ocrx_word' id='word_1_44' title='bbox 1145 851 1252 904; x_wconf 86' lang='lat' dir='ltr'><em>viro</em></span> <span class='ocrx_word' id='word_1_45' title='bbox 1303 849 1521 915; x_wconf 72' lang='lat' dir='ltr'><em>duxerit,</em></span> <span class='ocrx_word' id='word_1_46' title='bbox 1565 847 1842 902; x_wconf 65' lang='lat' dir='ltr'><em>nim-.hatur</em></span> <span class='ocrx_word' id='word_1_47' title='bbox 1879 843 2089 916; x_wconf 78' lang='lat' dir='ltr'><em>(Matth.</em></span> 
     </span>
    </p>
   </div>
   <div class='ocr_carea' id='block_1_7' title="bbox 505 934 2095 1014">
    <p class='ocr_par' dir='ltr' id='par_1_7' title="bbox 505 934 2095 1014">
     <span class='ocr_line' id='line_1_7' title="bbox 505 934 2095 1014; baseline -0.008 -16"><span class='ocrx_word' id='word_1_48' title='bbox 505 961 618 1011; x_wconf 76' lang='lat' dir='ltr'><em>xxx,</em></span> <span class='ocrx_word' id='word_1_49' title='bbox 650 945 729 1014; x_wconf 89' lang='lat'><em>9).</em></span> <span class='ocrx_word' id='word_1_50' title='bbox 769 943 1000 1013; x_wconf 91' lang='lat' dir='ltr'><em>Ideoque</em></span> <span class='ocrx_word' id='word_1_51' title='bbox 1033 957 1098 997; x_wconf 78' lang='lat' dir='ltr'><em>ex</em></span> <span class='ocrx_word' id='word_1_52' title='bbox 1138 941 1325 995; x_wconf 89' lang='lat' dir='ltr'><em>eodem</em></span> <span class='ocrx_word' id='word_1_53' title='bbox 1363 949 1629 1010; x_wconf 65' lang='lat' dir='ltr'><em>praicepto</em></span> <span class='ocrx_word' id='word_1_54' title='bbox 1657 935 1887 1001; x_wconf 87' lang='lat' dir='ltr'><em>Domini,</em></span> <span class='ocrx_word' id='word_1_55' title='bbox 1917 934 1984 988; x_wconf 87' lang='lat' dir='ltr'><em>Et</em></span> <span class='ocrx_word' id='word_1_56' title='bbox 2019 934 2095 986; x_wconf 84' lang='lat' dir='ltr'><em>vir</em></span> 
     </span>
    </p>
   </div>
   <div class='ocr_carea' id='block_1_8' title="bbox 503 1027 2093 1102">
    <p class='ocr_par' dir='ltr' id='par_1_8' title="bbox 503 1027 2093 1102">
     <span class='ocr_line' id='line_1_8' title="bbox 503 1027 2093 1102; baseline -0.006 -14"><span class='ocrx_word' id='word_1_57' title='bbox 503 1054 717 1091; x_wconf 78' lang='lat' dir='ltr'><em>uxorem</em></span> <span class='ocrx_word' id='word_1_58' title='bbox 759 1053 822 1092; x_wconf 85' lang='lat' dir='ltr'><em>ne</em></span> <span class='ocrx_word' id='word_1_59' title='bbox 870 1036 1089 1090; x_wconf 85' lang='lat' dir='ltr'><em>dimittat</em></span> <span class='ocrx_word' id='word_1_60' title='bbox 1133 1032 1192 1102; x_wconf 88' lang='lat' dir='ltr'><em>(l</em></span> <span class='ocrx_word' id='word_1_61' title='bbox 1221 1033 1336 1089; x_wconf 90' lang='lat' dir='ltr'><em>Cor.</em></span> <span class='ocrx_word' id='word_1_62' title='bbox 1371 1049 1474 1098; x_wconf 89' lang='lat' dir='ltr'><em>vn,</em></span> <span class='ocrx_word' id='word_1_63' title='bbox 1517 1032 1620 1102; x_wconf 82' lang='grc'><em>11)</em></span> <span class='ocrx_word' id='word_1_64' title='bbox 1662 1049 1675 1084; x_wconf 95' lang='lat'>:</span> <span class='ocrx_word' id='word_1_65' title='bbox 1717 1029 1967 1100; x_wconf 87' lang='lat' dir='ltr'><em>quoniam</em></span> <span class='ocrx_word' id='word_1_66' title='bbox 2006 1027 2093 1097; x_wconf 85' lang='lat' dir='ltr'><em>qui</em></span> 
     </span>
    </p>
   </div>
   <div class='ocr_carea' id='block_1_9' title="bbox 505 1121 2087 1195">
    <p class='ocr_par' dir='ltr' id='par_1_9' title="bbox 505 1121 2087 1195">
     <span class='ocr_line' id='line_1_9' title="bbox 505 1121 2087 1195; baseline -0.005 -15"><span class='ocrx_word' id='word_1_67' title='bbox 505 1129 752 1181; x_wconf 74' lang='lat' dir='ltr'><em>dimiserit</em></span> <span class='ocrx_word' id='word_1_68' title='bbox 800 1144 1008 1182; x_wconf 78' lang='lat' dir='ltr'><em>uxorem</em></span> <span class='ocrx_word' id='word_1_69' title='bbox 1053 1143 1200 1181; x_wconf 89' lang='lat' dir='ltr'><em>suam</em></span> <span class='ocrx_word' id='word_1_70' title='bbox 1247 1135 1430 1195; x_wconf 66' lang='lat' dir='ltr'><em>prieter</em></span> <span class='ocrx_word' id='word_1_71' title='bbox 1467 1140 1675 1179; x_wconf 79' lang='lat' dir='ltr'><em>causam</em></span> <span class='ocrx_word' id='word_1_72' title='bbox 1718 1121 2087 1192; x_wconf 76' lang='lat' dir='ltr'><em>fornicationis,</em></span> 
     </span>
    </p>
   </div>
   <div class='ocr_carea' id='block_1_10' title="bbox 507 1212 2092 1291">
    <p class='ocr_par' dir='ltr' id='par_1_10' title="bbox 507 1212 2092 1291">
     <span class='ocr_line' id='line_1_10' title="bbox 507 1212 2092 1291; baseline -0.003 -20"><span class='ocrx_word' id='word_1_73' title='bbox 507 1222 629 1288; x_wconf 89' lang='lat' dir='ltr'><em>facit</em></span> <span class='ocrx_word' id='word_1_74' title='bbox 657 1237 766 1274; x_wconf 88' lang='lat' dir='ltr'><em>eam</em></span> <span class='ocrx_word' id='word_1_75' title='bbox 792 1219 1032 1272; x_wconf 72' lang='lat' dir='ltr'><em>masc/tari</em></span> <span class='ocrx_word' id='word_1_76' title='bbox 1059 1218 1268 1291; x_wconf 83' lang='lat' dir='ltr'><em>(Matth.</em></span> <span class='ocrx_word' id='word_1_77' title='bbox 1293 1234 1345 1282; x_wconf 88' lang='lat' dir='ltr'><em>v,</em></span> <span class='ocrx_word' id='word_1_78' title='bbox 1371 1217 1486 1288; x_wconf 75' lang='lat'><em>3&#39;2).</em></span> <span class='ocrx_word' id='word_1_79' title='bbox 1521 1216 1626 1272; x_wconf 88' lang='lat' dir='ltr'><em>Sed</em></span> <span class='ocrx_word' id='word_1_80' title='bbox 1649 1216 1692 1269; x_wconf 88' lang='lat' dir='ltr'><em>si</em></span> <span class='ocrx_word' id='word_1_81' title='bbox 1721 1223 1934 1285; x_wconf 85' lang='lat' dir='ltr'><em>pr0pter</em></span> <span class='ocrx_word' id='word_1_82' title='bbox 1955 1212 2092 1267; x_wconf 88' lang='lat' dir='ltr'><em>hanc</em></span> 
     </span>
    </p>
   </div>
   <div class='ocr_carea' id='block_1_11' title="bbox 507 1303 2090 1379">
    <p class='ocr_par' dir='ltr' id='par_1_11' title="bbox 507 1303 2090 1379">
     <span class='ocr_line' id='line_1_11' title="bbox 507 1303 2090 1379; baseline -0.006 -13"><span class='ocrx_word' id='word_1_83' title='bbox 507 1327 723 1366; x_wconf 80' lang='lat' dir='ltr'><em>causam</em></span> <span class='ocrx_word' id='word_1_84' title='bbox 774 1311 1056 1377; x_wconf 90' lang='lat' dir='ltr'><em>dimiserit,</em></span> <span class='ocrx_word' id='word_1_85' title='bbox 1106 1311 1263 1364; x_wconf 71' lang='lat' dir='ltr'><em>etiam</em></span> <span class='ocrx_word' id='word_1_86' title='bbox 1315 1310 1425 1379; x_wconf 70' lang='lat' dir='ltr'><em>ipse</em></span> <span class='ocrx_word' id='word_1_87' title='bbox 1473 1309 1548 1362; x_wconf 91' lang='lat' dir='ltr'><em>sic</em></span> <span class='ocrx_word' id='word_1_88' title='bbox 1597 1316 1810 1361; x_wconf 88' lang='lat' dir='ltr'><em>maneat</em></span> <span class='ocrx_word' id='word_1_89' title='bbox 1853 1324 1865 1360; x_wconf 94' lang='lat'>:</span> <span class='ocrx_word' id='word_1_90' title='bbox 1913 1303 2090 1358; x_wconf 87' lang='lat' dir='ltr'><em>Omnis</em></span> 
     </span>
    </p>
   </div>
   <div class='ocr_carea' id='block_1_12' title="bbox 508 1393 2085 1474">
    <p class='ocr_par' dir='ltr' id='par_1_12' title="bbox 508 1393 2085 1474">
     <span class='ocr_line' id='line_1_12' title="bbox 508 1393 2085 1474; baseline -0.007 -15"><span class='ocrx_word' id='word_1_91' title='bbox 508 1405 650 1460; x_wconf 87' lang='lat' dir='ltr'><em>enim</em></span> <span class='ocrx_word' id='word_1_92' title='bbox 699 1404 785 1474; x_wconf 86' lang='lat' dir='ltr'><em>qui</em></span> <span class='ocrx_word' id='word_1_93' title='bbox 827 1403 1034 1458; x_wconf 86' lang='lat' dir='ltr'><em>dimittit</em></span> <span class='ocrx_word' id='word_1_94' title='bbox 1089 1393 1297 1457; x_wconf 62' lang='lat' dir='ltr'><em>nictent</em></span> <span class='ocrx_word' id='word_1_95' title='bbox 1352 1418 1524 1470; x_wconf 85' lang='lat' dir='ltr'><em>suam,</em></span> <span class='ocrx_word' id='word_1_96' title='bbox 1567 1409 1614 1454; x_wconf 90' lang='lat' dir='ltr'><em>et</em></span> <span class='ocrx_word' id='word_1_97' title='bbox 1670 1400 1810 1453; x_wconf 82' lang='lat' dir='ltr'><em>ducit</em></span> <span class='ocrx_word' id='word_1_98' title='bbox 1855 1397 2085 1462; x_wconf 78' lang='lat' dir='ltr'><em>alterum,</em></span> 
     </span>
    </p>
   </div>
   <div class='ocr_carea' id='block_1_13' title="bbox 506 1493 1240 1565">
    <p class='ocr_par' dir='ltr' id='par_1_13' title="bbox 506 1493 1240 1565">
     <span class='ocr_line' id='line_1_13' title="bbox 506 1493 1240 1565; baseline 0 -17"><span class='ocrx_word' id='word_1_99' title='bbox 506 1496 782 1550; x_wconf 74' lang='lat' dir='ltr'><em>intre/tatur</em></span> <span class='ocrx_word' id='word_1_100' title='bbox 811 1494 960 1565; x_wconf 87' lang='lat' dir='ltr'><em>(Luc.</em></span> <span class='ocrx_word' id='word_1_101' title='bbox 993 1511 1102 1562; x_wconf 77' lang='lat' dir='ltr'><em>xvi,</em></span> <span class='ocrx_word' id='word_1_102' title='bbox 1132 1493 1240 1564; x_wconf 83' lang='grc'>18).</span> 
     </span>
    </p>
   </div>
   <div class='ocr_carea' id='block_1_14' title="bbox 576 1583 2084 1648">
    <p class='ocr_par' dir='ltr' id='par_1_14' title="bbox 576 1583 2084 1648">
     <span class='ocr_line' id='line_1_14' title="bbox 576 1583 2084 1648; baseline -0.005 -6"><span class='ocrx_word' id='word_1_103' title='bbox 576 1586 801 1642; x_wconf 85' lang='lat' dir='ltr'><em>CAPUT</em></span> <span class='ocrx_word' id='word_1_104' title='bbox 841 1585 1006 1641; x_wconf 76' lang='lat' dir='ltr'><em>XXII.</em></span> <span class='ocrx_word' id='word_1_105' title='bbox 1031 1617 1102 1627; x_wconf 86' lang='lat'><strong>-—-</strong></span> <span class='ocrx_word' id='word_1_106' title='bbox 1129 1585 1354 1640; x_wconf 79' lang='lat' dir='ltr'><em>Dimisso</em></span> <span class='ocrx_word' id='word_1_107' title='bbox 1381 1586 1607 1638; x_wconf 84' lang='lat' dir='ltr'><em>adultera</em></span> <span class='ocrx_word' id='word_1_108' title='bbox 1637 1585 1850 1637; x_wconf 87' lang='lat' dir='ltr'><em>alteram</em></span> <span class='ocrx_word' id='word_1_109' title='bbox 1879 1583 2084 1648; x_wconf 88' lang='lat' dir='ltr'><em>ducens,</em></span> 
     </span>
    </p>
   </div>
   <div class='ocr_carea' id='block_1_15' title="bbox 501 1674 2086 1748">
    <p class='ocr_par' dir='ltr' id='par_1_15' title="bbox 501 1674 2086 1748">
     <span class='ocr_line' id='line_1_15' title="bbox 501 1674 2086 1748; baseline -0.003 -17"><span class='ocrx_word' id='word_1_110' title='bbox 501 1687 557 1731; x_wconf 80' lang='lat' dir='ltr'><em>ut</em></span> <span class='ocrx_word' id='word_1_111' title='bbox 584 1679 913 1732; x_wconf 76' lang='lat' dir='ltr'><em>christianum</em></span> <span class='ocrx_word' id='word_1_112' title='bbox 952 1679 1126 1748; x_wconf 78' lang='lat' dir='ltr'><em>faciat,</em></span> <span class='ocrx_word' id='word_1_113' title='bbox 1158 1679 1454 1731; x_wconf 77' lang='lat' dir='ltr'><em>moechatur.</em></span> <span class='ocrx_word' id='word_1_114' title='bbox 1497 1677 1621 1730; x_wconf 70' lang='lat' dir='ltr'><em>Haec</em></span> <span class='ocrx_word' id='word_1_115' title='bbox 1663 1676 1950 1731; x_wconf 89' lang='lat' dir='ltr'><em>constituta</em></span> <span class='ocrx_word' id='word_1_116' title='bbox 1979 1674 2086 1726; x_wconf 91' lang='lat' dir='ltr'><em>Do-</em></span> 
     </span>
    </p>
   </div>
   <div class='ocr_carea' id='block_1_16' title="bbox 501 1764 2088 1825">
    <p class='ocr_par' dir='ltr' id='par_1_16' title="bbox 501 1764 2088 1825">
     <span class='ocr_line' id='line_1_16' title="bbox 501 1764 2088 1825; baseline -0.002 -3"><span class='ocrx_word' id='word_1_117' title='bbox 501 1769 630 1824; x_wconf 84' lang='lat' dir='ltr'><em>mini</em></span> <span class='ocrx_word' id='word_1_118' title='bbox 674 1770 790 1825; x_wconf 88' lang='lat' dir='ltr'><em>sine</em></span> <span class='ocrx_word' id='word_1_119' title='bbox 831 1769 932 1823; x_wconf 88' lang='lat' dir='ltr'><em>ulla</em></span> <span class='ocrx_word' id='word_1_120' title='bbox 973 1769 1348 1824; x_wconf 81' lang='lat' dir='ltr'><em>retractatione</em></span> <span class='ocrx_word' id='word_1_121' title='bbox 1387 1767 1651 1822; x_wconf 88' lang='lat' dir='ltr'><em>servanda</em></span> <span class='ocrx_word' id='word_1_122' title='bbox 1709 1775 1850 1821; x_wconf 91' lang='lat' dir='ltr'><em>sunt.</em></span> <span class='ocrx_word' id='word_1_123' title='bbox 1915 1764 2088 1819; x_wconf 81' lang='lat' dir='ltr'><em>Habet</em></span> 
     </span>
    </p>
   </div>
   <div class='ocr_carea' id='block_1_17' title="bbox 499 1857 2086 1930">
    <p class='ocr_par' dir='ltr' id='par_1_17' title="bbox 499 1857 2086 1930">
     <span class='ocr_line' id='line_1_17' title="bbox 499 1857 2086 1930; baseline -0.006 -14"><span class='ocrx_word' id='word_1_124' title='bbox 499 1861 640 1916; x_wconf 85' lang='lat' dir='ltr'><em>enim</em></span> <span class='ocrx_word' id='word_1_125' title='bbox 680 1860 796 1915; x_wconf 68' lang='lat' dir='ltr'><em>hinc</em></span> <span class='ocrx_word' id='word_1_126' title='bbox 837 1861 1038 1930; x_wconf 86' lang='lat' dir='ltr'><em>justitia</em></span> <span class='ocrx_word' id='word_1_127' title='bbox 1081 1876 1200 1930; x_wconf 71' lang='lat' dir='ltr'><em>qua:</em></span> <span class='ocrx_word' id='word_1_128' title='bbox 1245 1875 1425 1914; x_wconf 90' lang='lat' dir='ltr'><em>coram</em></span> <span class='ocrx_word' id='word_1_129' title='bbox 1469 1858 1559 1912; x_wconf 92' lang='lat' dir='ltr'><em>illo</em></span> <span class='ocrx_word' id='word_1_130' title='bbox 1601 1865 1703 1923; x_wconf 89' lang='lat' dir='ltr'><em>est,</em></span> <span class='ocrx_word' id='word_1_131' title='bbox 1743 1857 1853 1910; x_wconf 84' lang='lat' dir='ltr'><em>sive</em></span> <span class='ocrx_word' id='word_1_132' title='bbox 1893 1869 2086 1925; x_wconf 90' lang='lat' dir='ltr'><em>appro-</em></span> 
     </span>
    </p>
   </div>
   <div class='ocr_carea' id='block_1_18' title="bbox 499 1947 2084 2020">
    <p class='ocr_par' dir='ltr' id='par_1_18' title="bbox 499 1947 2084 2020">
     <span class='ocr_line' id='line_1_18' title="bbox 499 1947 2084 2020; baseline -0.003 -16"><span class='ocrx_word' id='word_1_133' title='bbox 499 1949 655 2018; x_wconf 91' lang='lat' dir='ltr'><em>bent,</em></span> <span class='ocrx_word' id='word_1_134' title='bbox 704 1952 816 2006; x_wconf 86' lang='lat' dir='ltr'><em>sive</em></span> <span class='ocrx_word' id='word_1_135' title='bbox 860 1952 1162 2020; x_wconf 82' lang='lat' dir='ltr'><em>improbent</em></span> <span class='ocrx_word' id='word_1_136' title='bbox 1206 1951 1448 2005; x_wconf 85' lang='lat' dir='ltr'><em>homines</em></span> <span class='ocrx_word' id='word_1_137' title='bbox 1497 1967 1509 2002; x_wconf 94' lang='lat'>:</span> <span class='ocrx_word' id='word_1_138' title='bbox 1558 1955 1612 2002; x_wconf 90' lang='lat' dir='ltr'><em>et</em></span> <span class='ocrx_word' id='word_1_139' title='bbox 1657 1948 1779 2002; x_wconf 88' lang='lat' dir='ltr'><em>ideo</em></span> <span class='ocrx_word' id='word_1_140' title='bbox 1825 1947 1930 2001; x_wconf 91' lang='lat' dir='ltr'><em>dici</em></span> <span class='ocrx_word' id='word_1_141' title='bbox 1979 1961 2084 2000; x_wconf 92' lang='lat' dir='ltr'><em>non</em></span> 
     </span>
    </p>
   </div>
   <div class='ocr_carea' id='block_1_19' title="bbox 497 2036 2083 2114">
    <p class='ocr_par' dir='ltr' id='par_1_19' title="bbox 497 2036 2083 2114">
     <span class='ocr_line' id='line_1_19' title="bbox 497 2036 2083 2114; baseline -0.004 -17"><span class='ocrx_word' id='word_1_142' title='bbox 497 2053 726 2113; x_wconf 79' lang='lat' dir='ltr'><em>Oportet,</em></span> <span class='ocrx_word' id='word_1_143' title='bbox 767 2052 988 2114; x_wconf 86' lang='lat' dir='ltr'><em>propter</em></span> <span class='ocrx_word' id='word_1_144' title='bbox 1029 2041 1352 2097; x_wconf 73' lang='lat' dir='ltr'><em>offensiones</em></span> <span class='ocrx_word' id='word_1_145' title='bbox 1394 2041 1691 2106; x_wconf 88' lang='lat' dir='ltr'><em>hominum,</em></span> <span class='ocrx_word' id='word_1_146' title='bbox 1737 2047 1829 2092; x_wconf 90' lang='lat' dir='ltr'><em>aut</em></span> <span class='ocrx_word' id='word_1_147' title='bbox 1869 2053 1936 2092; x_wconf 92' lang='lat' dir='ltr'><em>ne</em></span> <span class='ocrx_word' id='word_1_148' title='bbox 1979 2036 2083 2090; x_wconf 91' lang='lat' dir='ltr'><em>im-</em></span> 
     </span>
    </p>
   </div>
   <div class='ocr_carea' id='block_1_20' title="bbox 498 2131 2081 2205">
    <p class='ocr_par' dir='ltr' id='par_1_20' title="bbox 498 2131 2081 2205">
     <span class='ocr_line' id='line_1_20' title="bbox 498 2131 2081 2205; baseline -0.005 -14"><span class='ocrx_word' id='word_1_149' title='bbox 498 2135 778 2205; x_wconf 86' lang='lat' dir='ltr'><em>pediantur</em></span> <span class='ocrx_word' id='word_1_150' title='bbox 813 2135 1054 2189; x_wconf 86' lang='lat' dir='ltr'><em>homines</em></span> <span class='ocrx_word' id='word_1_151' title='bbox 1086 2135 1154 2188; x_wconf 91' lang='lat' dir='ltr'><em>ab</em></span> <span class='ocrx_word' id='word_1_152' title='bbox 1186 2149 1250 2188; x_wconf 89' lang='lat' dir='ltr'><em>ea</em></span> <span class='ocrx_word' id='word_1_153' title='bbox 1280 2134 1471 2200; x_wconf 89' lang='lat' dir='ltr'><em>salute,</em></span> <span class='ocrx_word' id='word_1_154' title='bbox 1499 2149 1619 2204; x_wconf 85' lang='lat' dir='ltr'><em>quae</em></span> <span class='ocrx_word' id='word_1_155' title='bbox 1655 2133 1707 2185; x_wconf 90' lang='lat' dir='ltr'><em>in</em></span> <span class='ocrx_word' id='word_1_156' title='bbox 1729 2131 1942 2187; x_wconf 87' lang='lat' dir='ltr'><em>Christo</em></span> <span class='ocrx_word' id='word_1_157' title='bbox 1975 2137 2081 2196; x_wconf 86' lang='lat' dir='ltr'><em>est,</em></span> 
     </span>
    </p>
   </div>
   <div class='ocr_carea' id='block_1_21' title="bbox 496 2221 2085 2293">
    <p class='ocr_par' dir='ltr' id='par_1_21' title="bbox 496 2221 2085 2293">
     <span class='ocr_line' id='line_1_21' title="bbox 496 2221 2085 2293; baseline 0 -15"><span class='ocrx_word' id='word_1_158' title='bbox 496 2242 606 2279; x_wconf 87' lang='lat' dir='ltr'><em>non</em></span> <span class='ocrx_word' id='word_1_159' title='bbox 642 2241 760 2280; x_wconf 88' lang='lat' dir='ltr'><em>esse</em></span> <span class='ocrx_word' id='word_1_160' title='bbox 801 2225 1060 2280; x_wconf 83' lang='lat' dir='ltr'><em>servanda</em></span> <span class='ocrx_word' id='word_1_161' title='bbox 1089 2225 1128 2277; x_wconf 71' lang='grc' dir='ltr'>ί.</span> <span class='ocrx_word' id='word_1_162' title='bbox 1174 2224 1304 2293; x_wconf 84' lang='lat' dir='ltr'><em>Quis</em></span> <span class='ocrx_word' id='word_1_163' title='bbox 1340 2225 1483 2279; x_wconf 91' lang='lat' dir='ltr'><em>enim</em></span> <span class='ocrx_word' id='word_1_164' title='bbox 1529 2223 1854 2278; x_wconf 88' lang='lat' dir='ltr'><em>christianus</em></span> <span class='ocrx_word' id='word_1_165' title='bbox 1893 2221 2085 2278; x_wconf 83' lang='lat' dir='ltr'><em>audeat</em></span> 
     </span>
    </p>
   </div>
   <div class='ocr_carea' id='block_1_22' title="bbox 496 2311 2086 2379">
    <p class='ocr_par' dir='ltr' id='par_1_22' title="bbox 496 2311 2086 2379">
     <span class='ocr_line' id='line_1_22' title="bbox 496 2311 2086 2379; baseline -0.003 -9"><span class='ocrx_word' id='word_1_166' title='bbox 496 2315 714 2370; x_wconf 87' lang='lat' dir='ltr'><em>dicere:</em></span> <span class='ocrx_word' id='word_1_167' title='bbox 743 2315 820 2370; x_wconf 86' lang='lat' dir='ltr'><em>Ne</em></span> <span class='ocrx_word' id='word_1_168' title='bbox 844 2315 1085 2369; x_wconf 88' lang='lat' dir='ltr'><em>homines</em></span> <span class='ocrx_word' id='word_1_169' title='bbox 1107 2314 1396 2379; x_wconf 76' lang='lat' dir='ltr'><em>offendam,</em></span> <span class='ocrx_word' id='word_1_170' title='bbox 1427 2324 1518 2368; x_wconf 89' lang='lat' dir='ltr'><em>aut</em></span> <span class='ocrx_word' id='word_1_171' title='bbox 1551 2322 1609 2368; x_wconf 92' lang='lat' dir='ltr'><em>ut</em></span> <span class='ocrx_word' id='word_1_172' title='bbox 1645 2313 1893 2368; x_wconf 84' lang='lat' dir='ltr'><em>homines</em></span> <span class='ocrx_word' id='word_1_173' title='bbox 1927 2311 2086 2367; x_wconf 77' lang='lat' dir='ltr'><em>Chri-</em></span> 
     </span>
    </p>
   </div>
   <div class='ocr_carea' id='block_1_23' title="bbox 497 2406 2082 2478">
    <p class='ocr_par' dir='ltr' id='par_1_23' title="bbox 497 2406 2082 2478">
     <span class='ocr_line' id='line_1_23' title="bbox 497 2406 2082 2478; baseline -0.001 -17"><span class='ocrx_word' id='word_1_174' title='bbox 497 2417 580 2461; x_wconf 88' lang='lat' dir='ltr'><em>sto</em></span> <span class='ocrx_word' id='word_1_175' title='bbox 625 2408 916 2478; x_wconf 90' lang='lat' dir='ltr'><em>acquiram,</em></span> <span class='ocrx_word' id='word_1_176' title='bbox 959 2406 1144 2462; x_wconf 88' lang='lat' dir='ltr'><em>faciam</em></span> <span class='ocrx_word' id='word_1_177' title='bbox 1189 2407 1446 2462; x_wconf 79' lang='lat' dir='ltr'><em>mcechari</em></span> <span class='ocrx_word' id='word_1_178' title='bbox 1488 2421 1708 2461; x_wconf 79' lang='lat' dir='ltr'><em>uxorem</em></span> <span class='ocrx_word' id='word_1_179' title='bbox 1749 2421 1946 2472; x_wconf 84' lang='lat' dir='ltr'><em>meam,</em></span> <span class='ocrx_word' id='word_1_180' title='bbox 1991 2412 2082 2460; x_wconf 89' lang='lat' dir='ltr'><em>aut</em></span> 
     </span>
    </p>
   </div>
   <div class='ocr_carea' id='block_1_24' title="bbox 495 2497 1230 2568">
    <p class='ocr_par' dir='ltr' id='par_1_24' title="bbox 495 2497 1230 2568">
     <span class='ocr_line' id='line_1_24' title="bbox 495 2497 1230 2568; baseline -0.001 -16"><span class='ocrx_word' id='word_1_181' title='bbox 495 2513 595 2568; x_wconf 91' lang='lat' dir='ltr'><em>ego</em></span> <span class='ocrx_word' id='word_1_182' title='bbox 635 2497 747 2568; x_wconf 92' lang='lat' dir='ltr'><em>ipse</em></span> <span class='ocrx_word' id='word_1_183' title='bbox 779 2499 1019 2553; x_wconf 75' lang='lat' dir='ltr'><em>mmchus</em></span> <span class='ocrx_word' id='word_1_184' title='bbox 1060 2497 1230 2552; x_wconf 83' lang='lat' dir='ltr'><em>ﬁam?</em></span> 
     </span>
    </p>
   </div>
   <div class='ocr_carea' id='block_1_25' title="bbox 565 2587 2079 2646">
    <p class='ocr_par' dir='ltr' id='par_1_25' title="bbox 565 2587 2079 2646">
     <span class='ocr_line' id='line_1_25' title="bbox 565 2587 2079 2646; baseline 0.001 -4"><span class='ocrx_word' id='word_1_185' title='bbox 565 2590 652 2644; x_wconf 75' lang='lat'><em>28.</em></span> <span class='ocrx_word' id='word_1_186' title='bbox 697 2587 880 2644; x_wconf 84' lang='lat' dir='ltr'><em>Potest</em></span> <span class='ocrx_word' id='word_1_187' title='bbox 917 2589 1059 2644; x_wconf 90' lang='lat' dir='ltr'><em>enim</em></span> <span class='ocrx_word' id='word_1_188' title='bbox 1101 2589 1216 2644; x_wconf 85' lang='lat' dir='ltr'><em>fieri</em></span> <span class='ocrx_word' id='word_1_189' title='bbox 1256 2599 1314 2644; x_wconf 89' lang='lat' dir='ltr'><em>ut</em></span> <span class='ocrx_word' id='word_1_190' title='bbox 1357 2605 1477 2644; x_wconf 91' lang='lat' dir='ltr'><em>cum</em></span> <span class='ocrx_word' id='word_1_191' title='bbox 1518 2589 1817 2646; x_wconf 85' lang='lat' dir='ltr'><em>adulteram</em></span> <span class='ocrx_word' id='word_1_192' title='bbox 1855 2605 2079 2646; x_wconf 83' lang='lat' dir='ltr'><em>uxorem</em></span> 
     </span>
    </p>
   </div>
   <div class='ocr_carea' id='block_1_26' title="bbox 495 2681 2080 2753">
    <p class='ocr_par' dir='ltr' id='par_1_26' title="bbox 495 2681 2080 2753">
     <span class='ocr_line' id='line_1_26' title="bbox 495 2681 2080 2753; baseline 0.003 -20"><span class='ocrx_word' id='word_1_193' title='bbox 495 2682 722 2752; x_wconf 89' lang='lat' dir='ltr'><em>quisque</em></span> <span class='ocrx_word' id='word_1_194' title='bbox 762 2681 1022 2737; x_wconf 88' lang='lat' dir='ltr'><em>dimiserit</em></span> <span class='ocrx_word' id='word_1_195' title='bbox 1050 2682 1393 2749; x_wconf 77' lang='lat' dir='ltr'><em>Christianus,</em></span> <span class='ocrx_word' id='word_1_196' title='bbox 1421 2683 1491 2737; x_wconf 90' lang='lat' dir='ltr'><em>ita</em></span> <span class='ocrx_word' id='word_1_197' title='bbox 1533 2691 1785 2751; x_wconf 90' lang='lat' dir='ltr'><em>tentetur,</em></span> <span class='ocrx_word' id='word_1_198' title='bbox 1811 2692 1868 2737; x_wconf 90' lang='lat' dir='ltr'><em>ut</em></span> <span class='ocrx_word' id='word_1_199' title='bbox 1903 2683 2080 2753; x_wconf 85' lang='lat' dir='ltr'><em>aliqua</em></span> 
     </span>
    </p>
   </div>
   <div class='ocr_carea' id='block_1_27' title="bbox 494 2775 2082 2847">
    <p class='ocr_par' dir='ltr' id='par_1_27' title="bbox 494 2775 2082 2847">
     <span class='ocr_line' id='line_1_27' title="bbox 494 2775 2082 2847; baseline 0.002 -18"><span class='ocrx_word' id='word_1_200' title='bbox 494 2775 693 2829; x_wconf 79' lang='lat' dir='ltr'><em>femina</em></span> <span class='ocrx_word' id='word_1_201' title='bbox 721 2791 838 2845; x_wconf 79' lang='lat' dir='ltr'><em>quae</em></span> <span class='ocrx_word' id='word_1_202' title='bbox 869 2775 1106 2829; x_wconf 91' lang='lat' dir='ltr'><em>nondum</em></span> <span class='ocrx_word' id='word_1_203' title='bbox 1127 2777 1374 2843; x_wconf 88' lang='lat' dir='ltr'><em>credidit,</em></span> <span class='ocrx_word' id='word_1_204' title='bbox 1402 2777 1620 2846; x_wconf 90' lang='lat' dir='ltr'><em>cupiens</em></span> <span class='ocrx_word' id='word_1_205' title='bbox 1644 2776 1697 2830; x_wconf 90' lang='lat' dir='ltr'><em>in</em></span> <span class='ocrx_word' id='word_1_206' title='bbox 1725 2777 1840 2847; x_wconf 86' lang='lat' dir='ltr'><em>ejus</em></span> <span class='ocrx_word' id='word_1_207' title='bbox 1867 2777 2082 2847; x_wconf 83' lang='lat' dir='ltr'><em>nuptias</em></span> 
     </span>
    </p>
   </div>
   <div class='ocr_carea' id='block_1_28' title="bbox 493 2865 2076 2936">
    <p class='ocr_par' dir='ltr' id='par_1_28' title="bbox 493 2865 2076 2936">
     <span class='ocr_line' id='line_1_28' title="bbox 493 2865 2076 2936; baseline 0.001 -16"><span class='ocrx_word' id='word_1_208' title='bbox 493 2865 814 2931; x_wconf 86' lang='lat' dir='ltr'><em>convenire,</em></span> <span class='ocrx_word' id='word_1_209' title='bbox 858 2868 1129 2936; x_wconf 84' lang='lat' dir='ltr'><em>promittat</em></span> <span class='ocrx_word' id='word_1_210' title='bbox 1168 2883 1228 2923; x_wconf 90' lang='lat' dir='ltr'><em>se</em></span> <span class='ocrx_word' id='word_1_211' title='bbox 1271 2867 1500 2922; x_wconf 90' lang='lat' dir='ltr'><em>futuram</em></span> <span class='ocrx_word' id='word_1_212' title='bbox 1547 2883 1668 2923; x_wconf 89' lang='lat' dir='ltr'><em>esse</em></span> <span class='ocrx_word' id='word_1_213' title='bbox 1709 2868 2076 2936; x_wconf 82' lang='lat' dir='ltr'><em>Christianam,</em></span> 
     </span>
    </p>
   </div>
   <div class='ocr_carea' id='block_1_29' title="bbox 491 2955 2077 3028">
    <p class='ocr_par' dir='ltr' id='par_1_29' title="bbox 491 2955 2077 3028">
     <span class='ocr_line' id='line_1_29' title="bbox 491 2955 2077 3028; baseline 0.005 -20"><span class='ocrx_word' id='word_1_214' title='bbox 491 2971 600 3009; x_wconf 89' lang='lat' dir='ltr'><em>non</em></span> <span class='ocrx_word' id='word_1_215' title='bbox 623 2955 900 3022; x_wconf 75' lang='lat' dir='ltr'><em>fallaciter,</em></span> <span class='ocrx_word' id='word_1_216' title='bbox 937 2957 1030 3013; x_wconf 89' lang='lat' dir='ltr'><em>sed</em></span> <span class='ocrx_word' id='word_1_217' title='bbox 1059 2958 1102 3012; x_wconf 92' lang='lat' dir='ltr'><em>si</em></span> <span class='ocrx_word' id='word_1_218' title='bbox 1130 2958 1176 3012; x_wconf 91' lang='lat' dir='ltr'><em>ei</em></span> <span class='ocrx_word' id='word_1_219' title='bbox 1210 2959 1450 3028; x_wconf 86' lang='lat' dir='ltr'><em>nupserit</em></span> <span class='ocrx_word' id='word_1_220' title='bbox 1473 2957 1576 3013; x_wconf 90' lang='lat' dir='ltr'><em>hoc</em></span> <span class='ocrx_word' id='word_1_221' title='bbox 1607 2959 1827 3013; x_wconf 88' lang='lat' dir='ltr'><em>omnino</em></span> <span class='ocrx_word' id='word_1_222' title='bbox 1854 2959 2077 3016; x_wconf 78' lang='lat' dir='ltr'><em>factura.</em></span> 
     </span>
    </p>
   </div>
   <div class='ocr_carea' id='block_1_30' title="bbox 491 3045 2081 3121">
    <p class='ocr_par' dir='ltr' id='par_1_30' title="bbox 491 3045 2081 3121">
     <span class='ocr_line' id='line_1_30' title="bbox 491 3045 2081 3121; baseline 0.004 -23"><span class='ocrx_word' id='word_1_223' title='bbox 491 3045 625 3100; x_wconf 84' lang='lat' dir='ltr'><em>lluic</em></span> <span class='ocrx_word' id='word_1_224' title='bbox 671 3046 853 3117; x_wconf 82' lang='lat' dir='ltr'><em>itaque</em></span> <span class='ocrx_word' id='word_1_225' title='bbox 897 3048 999 3102; x_wconf 89' lang='lat' dir='ltr'><em>hoc</em></span> <span class='ocrx_word' id='word_1_226' title='bbox 1042 3049 1362 3104; x_wconf 89' lang='lat' dir='ltr'><em>connubium</em></span> <span class='ocrx_word' id='word_1_227' title='bbox 1412 3051 1679 3104; x_wconf 85' lang='lat' dir='ltr'><em>recusanti</em></span> <span class='ocrx_word' id='word_1_228' title='bbox 1720 3051 1916 3120; x_wconf 88' lang='lat' dir='ltr'><em>poterit</em></span> <span class='ocrx_word' id='word_1_229' title='bbox 1955 3066 2081 3121; x_wconf 81' lang='lat' dir='ltr'><em>sug-</em></span> 
     </span>
    </p>
   </div>
   <div class='ocr_carea' id='block_1_31' title="bbox 488 3138 2079 3211">
    <p class='ocr_par' dir='ltr' id='par_1_31' title="bbox 488 3138 2079 3211">
     <span class='ocr_line' id='line_1_31' title="bbox 488 3138 2079 3211; baseline 0.004 -23"><span class='ocrx_word' id='word_1_230' title='bbox 488 3152 680 3207; x_wconf 76' lang='lat' dir='ltr'><em>gerere</em></span> <span class='ocrx_word' id='word_1_231' title='bbox 740 3138 830 3192; x_wconf 91' lang='lat' dir='ltr'><em>ille</em></span> <span class='ocrx_word' id='word_1_232' title='bbox 890 3147 1119 3194; x_wconf 90' lang='lat' dir='ltr'><em>tentator</em></span> <span class='ocrx_word' id='word_1_233' title='bbox 1165 3156 1179 3194; x_wconf 91' lang='lat'>:</span> <span class='ocrx_word' id='word_1_234' title='bbox 1234 3139 1491 3195; x_wconf 83' lang='lat' dir='ltr'><em>Dominus</em></span> <span class='ocrx_word' id='word_1_235' title='bbox 1550 3140 1719 3208; x_wconf 84' lang='lat' dir='ltr'><em>dixit,</em></span> <span class='ocrx_word' id='word_1_236' title='bbox 1765 3141 2079 3211; x_wconf 79' lang='lat' dir='ltr'><em>Quicumque</em></span> 
     </span>
    </p>
   </div>
   <div class='ocr_carea' id='block_1_32' title="bbox 491 3230 2076 3304">
    <p class='ocr_par' dir='ltr' id='par_1_32' title="bbox 491 3230 2076 3304">
     <span class='ocr_line' id='line_1_32' title="bbox 491 3230 2076 3304; baseline 0.004 -22"><span class='ocrx_word' id='word_1_237' title='bbox 491 3230 733 3284; x_wconf 81' lang='lat' dir='ltr'><em>dimiserit</em></span> <span class='ocrx_word' id='word_1_238' title='bbox 782 3249 992 3285; x_wconf 80' lang='lat' dir='ltr'><em>uxorem</em></span> <span class='ocrx_word' id='word_1_239' title='bbox 1039 3249 1183 3286; x_wconf 86' lang='lat' dir='ltr'><em>suam</em></span> <span class='ocrx_word' id='word_1_240' title='bbox 1227 3243 1409 3304; x_wconf 80' lang='lat' dir='ltr'><em>prceter</em></span> <span class='ocrx_word' id='word_1_241' title='bbox 1452 3249 1662 3287; x_wconf 86' lang='lat' dir='ltr'><em>causam</em></span> <span class='ocrx_word' id='word_1_242' title='bbox 1706 3235 2076 3304; x_wconf 87' lang='lat' dir='ltr'><em>fornicationis,</em></span> 
     </span>
    </p>
   </div>
   <div class='ocr_carea' id='block_1_33' title="bbox 486 3322 2078 3396">
    <p class='ocr_par' dir='ltr' id='par_1_33' title="bbox 486 3322 2078 3396">
     <span class='ocr_line' id='line_1_33' title="bbox 486 3322 2078 3396; baseline 0.003 -22"><span class='ocrx_word' id='word_1_243' title='bbox 486 3332 534 3374; x_wconf 89' lang='lat' dir='ltr'><em>et</em></span> <span class='ocrx_word' id='word_1_244' title='bbox 559 3322 713 3375; x_wconf 78' lang='lat' dir='ltr'><em>aliaat</em></span> <span class='ocrx_word' id='word_1_245' title='bbox 748 3323 966 3392; x_wconf 76' lang='lat' dir='ltr'><em>duxerit,</em></span> <span class='ocrx_word' id='word_1_246' title='bbox 1012 3325 1328 3390; x_wconf 76' lang='lat' dir='ltr'><em>mcecltatur;</em></span> <span class='ocrx_word' id='word_1_247' title='bbox 1369 3333 1423 3378; x_wconf 92' lang='lat' dir='ltr'><em>tu</em></span> <span class='ocrx_word' id='word_1_248' title='bbox 1465 3333 1642 3379; x_wconf 89' lang='lat' dir='ltr'><em>autem</em></span> <span class='ocrx_word' id='word_1_249' title='bbox 1685 3325 1776 3396; x_wconf 90' lang='lat' dir='ltr'><em>qui</em></span> <span class='ocrx_word' id='word_1_250' title='bbox 1831 3325 2078 3379; x_wconf 88' lang='lat' dir='ltr'><em>dimisisti</em></span> 
     </span>
    </p>
   </div>
   <div class='ocr_carea' id='block_1_34' title="bbox 487 3413 2078 3490">
    <p class='ocr_par' dir='ltr' id='par_1_34' title="bbox 487 3413 2078 3490">
     <span class='ocr_line' id='line_1_34' title="bbox 487 3413 2078 3490; baseline 0.001 -22"><span class='ocrx_word' id='word_1_251' title='bbox 487 3422 707 3490; x_wconf 82' lang='lat' dir='ltr'><em>propter</em></span> <span class='ocrx_word' id='word_1_252' title='bbox 734 3429 945 3470; x_wconf 83' lang='lat' dir='ltr'><em>causam</em></span> <span class='ocrx_word' id='word_1_253' title='bbox 976 3413 1343 3472; x_wconf 81' lang='lat' dir='ltr'><em>fornicationis</em></span> <span class='ocrx_word' id='word_1_254' title='bbox 1371 3433 1612 3484; x_wconf 83' lang='lat' dir='ltr'><em>uxorem,</em></span> <span class='ocrx_word' id='word_1_255' title='bbox 1639 3417 1683 3471; x_wconf 89' lang='lat' dir='ltr'><em>si</em></span> <span class='ocrx_word' id='word_1_256' title='bbox 1716 3417 1875 3471; x_wconf 86' lang='lat' dir='ltr'><em>aliam</em></span> <span class='ocrx_word' id='word_1_257' title='bbox 1912 3415 2078 3470; x_wconf 77' lang='lat' dir='ltr'><em>duxe-</em></span> 
     </span>
    </p>
   </div>
   <div class='ocr_carea' id='block_1_35' title="bbox 486 3491 2079 3578">
    <p class='ocr_par' dir='ltr' id='par_1_35' title="bbox 486 3491 2079 3578">
     <span class='ocr_line' id='line_1_35' title="bbox 486 3491 2079 3578; baseline 0.001 -19"><span class='ocrx_word' id='word_1_258' title='bbox 486 3505 583 3571; x_wconf 88' lang='lat' dir='ltr'><em>ris,</em></span> <span class='ocrx_word' id='word_1_259' title='bbox 611 3491 716 3561; x_wconf 82' lang='grc' dir='ltr'>ιιὸιι</span> <span class='ocrx_word' id='word_1_260' title='bbox 760 3506 1134 3562; x_wconf 74' lang='lat' dir='ltr'><em>mtecbaberis.</em></span> <span class='ocrx_word' id='word_1_261' title='bbox 1177 3508 1309 3562; x_wconf 90' lang='lat' dir='ltr'><em>lluic</em></span> <span class='ocrx_word' id='word_1_262' title='bbox 1347 3509 1472 3562; x_wconf 89' lang='lat' dir='ltr'><em>talia</em></span> <span class='ocrx_word' id='word_1_263' title='bbox 1514 3509 1840 3578; x_wconf 83' lang='lat' dir='ltr'><em>suggerenti,</em></span> <span class='ocrx_word' id='word_1_264' title='bbox 1869 3507 2079 3562; x_wconf 87' lang='lat' dir='ltr'><em>erudito</em></span> 
     </span>
    </p>
   </div>
   <div class='ocr_carea' id='block_1_36' title="bbox 487 3597 2078 3672">
    <p class='ocr_par' dir='ltr' id='par_1_36' title="bbox 487 3597 2078 3672">
     <span class='ocr_line' id='line_1_36' title="bbox 487 3597 2078 3672; baseline 0.004 -20"><span class='ocrx_word' id='word_1_265' title='bbox 487 3597 651 3654; x_wconf 91' lang='lat' dir='ltr'><em>corde</em></span> <span class='ocrx_word' id='word_1_266' title='bbox 688 3600 1052 3670; x_wconf 85' lang='lat' dir='ltr'><em>respondeat,</em></span> <span class='ocrx_word' id='word_1_267' title='bbox 1092 3601 1350 3656; x_wconf 69' lang='lat' dir='ltr'><em>mmehari</em></span> <span class='ocrx_word' id='word_1_268' title='bbox 1407 3602 1623 3672; x_wconf 85' lang='lat' dir='ltr'><em>quidem</em></span> <span class='ocrx_word' id='word_1_269' title='bbox 1677 3602 1825 3656; x_wconf 89' lang='lat' dir='ltr'><em>illum</em></span> <span class='ocrx_word' id='word_1_270' title='bbox 1864 3600 2078 3672; x_wconf 76' lang='lat' dir='ltr'><em>gravius</em></span> 
     </span>
    </p>
   </div>
   <div class='ocr_carea' id='block_1_37' title="bbox 487 3692 2076 3762">
    <p class='ocr_par' dir='ltr' id='par_1_37' title="bbox 487 3692 2076 3762">
     <span class='ocr_line' id='line_1_37' title="bbox 487 3692 2076 3762; baseline 0.004 -17"><span class='ocrx_word' id='word_1_271' title='bbox 487 3692 578 3762; x_wconf 85' lang='lat' dir='ltr'><em>qui</em></span> <span class='ocrx_word' id='word_1_272' title='bbox 618 3701 812 3761; x_wconf 62' lang='lat' dir='ltr'><em>praeter</em></span> <span class='ocrx_word' id='word_1_273' title='bbox 849 3708 1063 3748; x_wconf 89' lang='lat' dir='ltr'><em>causam</em></span> <span class='ocrx_word' id='word_1_274' title='bbox 1113 3693 1480 3751; x_wconf 82' lang='lat' dir='ltr'><em>fornicationis</em></span> <span class='ocrx_word' id='word_1_275' title='bbox 1529 3712 1695 3751; x_wconf 80' lang='lat' dir='ltr'><em>uxore</em></span> <span class='ocrx_word' id='word_1_276' title='bbox 1737 3698 1955 3752; x_wconf 88' lang='lat' dir='ltr'><em>dimissa</em></span> <span class='ocrx_word' id='word_1_277' title='bbox 1992 3699 2076 3752; x_wconf 87' lang='lat' dir='ltr'><em>al-</em></span> 
     </span>
    </p>
   </div>
   <div class='ocr_carea' id='block_1_38' title="bbox 487 3783 2078 3856">
    <p class='ocr_par' dir='ltr' id='par_1_38' title="bbox 487 3783 2078 3856">
     <span class='ocr_line' id='line_1_38' title="bbox 487 3783 2078 3856; baseline 0.007 -21"><span class='ocrx_word' id='word_1_278' title='bbox 487 3791 658 3836; x_wconf 82' lang='lat' dir='ltr'><em>teram</em></span> <span class='ocrx_word' id='word_1_279' title='bbox 685 3783 929 3850; x_wconf 80' lang='lat' dir='ltr'><em>duxerit;</em></span> <span class='ocrx_word' id='word_1_280' title='bbox 957 3783 1054 3839; x_wconf 89' lang='lat' dir='ltr'><em>sed</em></span> <span class='ocrx_word' id='word_1_281' title='bbox 1078 3787 1238 3839; x_wconf 90' lang='lat' dir='ltr'><em>etiam</em></span> <span class='ocrx_word' id='word_1_282' title='bbox 1279 3787 1426 3840; x_wconf 90' lang='lat' dir='ltr'><em>illum</em></span> <span class='ocrx_word' id='word_1_283' title='bbox 1463 3787 1553 3856; x_wconf 90' lang='lat' dir='ltr'><em>qui</em></span> <span class='ocrx_word' id='word_1_284' title='bbox 1589 3802 1752 3842; x_wconf 84' lang='lat' dir='ltr'><em>uxore</em></span> <span class='ocrx_word' id='word_1_285' title='bbox 1783 3788 2078 3846; x_wconf 85' lang='lat' dir='ltr'><em>fornicante</em></span> 
     </span>
    </p>
   </div>
   <div class='ocr_carea' id='block_1_39' title="bbox 489 3873 2075 3948">
    <p class='ocr_par' dir='ltr' id='par_1_39' title="bbox 489 3873 2075 3948">
     <span class='ocr_line' id='line_1_39' title="bbox 489 3873 2075 3948; baseline 0.005 -22"><span class='ocrx_word' id='word_1_286' title='bbox 489 3873 709 3927; x_wconf 88' lang='lat' dir='ltr'><em>dimissa</em></span> <span class='ocrx_word' id='word_1_287' title='bbox 732 3873 830 3928; x_wconf 90' lang='lat' dir='ltr'><em>sibi</em></span> <span class='ocrx_word' id='word_1_288' title='bbox 861 3874 1016 3928; x_wconf 87' lang='lat' dir='ltr'><em>aliam</em></span> <span class='ocrx_word' id='word_1_289' title='bbox 1045 3877 1464 3947; x_wconf 82' lang='lat' dir='ltr'><em>copulavit,non</em></span> <span class='ocrx_word' id='word_1_290' title='bbox 1504 3877 1623 3931; x_wconf 92' lang='lat' dir='ltr'><em>ideo</em></span> <span class='ocrx_word' id='word_1_291' title='bbox 1660 3892 1766 3932; x_wconf 91' lang='lat' dir='ltr'><em>non</em></span> <span class='ocrx_word' id='word_1_292' title='bbox 1797 3880 2075 3948; x_wconf 76' lang='lat' dir='ltr'><em>mtechari,</em></span> 
     </span>
    </p>
   </div>
   <div class='ocr_carea' id='block_1_40' title="bbox 490 3964 2078 4040">
    <p class='ocr_par' dir='ltr' id='par_1_40' title="bbox 490 3964 2078 4040">
     <span class='ocr_line' id='line_1_40' title="bbox 490 3964 2078 4040; baseline 0.004 -20"><span class='ocrx_word' id='word_1_293' title='bbox 490 3964 612 4036; x_wconf 83' lang='lat' dir='ltr'><em>quia</em></span> <span class='ocrx_word' id='word_1_294' title='bbox 639 3964 990 4022; x_wconf 87' lang='lat' dir='ltr'><em>fornicantem</em></span> <span class='ocrx_word' id='word_1_295' title='bbox 1033 3967 1250 4038; x_wconf 85' lang='lat' dir='ltr'><em>reliquit</em></span> <span class='ocrx_word' id='word_1_296' title='bbox 1287 3985 1301 4022; x_wconf 90' lang='lat'>:</span> <span class='ocrx_word' id='word_1_297' title='bbox 1333 3967 1472 4022; x_wconf 89' lang='lat' dir='ltr'><em>sicut</em></span> <span class='ocrx_word' id='word_1_298' title='bbox 1509 3969 1809 4024; x_wconf 67' lang='lat' dir='ltr'><em>mazchatur</em></span> <span class='ocrx_word' id='word_1_299' title='bbox 1843 3971 1933 4040; x_wconf 88' lang='lat' dir='ltr'><em>qui</em></span> <span class='ocrx_word' id='word_1_300' title='bbox 1960 3986 2078 4026; x_wconf 89' lang='lat' dir='ltr'><em>eam</em></span> 
     </span>
    </p>
   </div>
   <div class='ocr_carea' id='block_1_41' title="bbox 490 4061 2076 4132">
    <p class='ocr_par' dir='ltr' id='par_1_41' title="bbox 490 4061 2076 4132">
     <span class='ocr_line' id='line_1_41' title="bbox 490 4061 2076 4132; baseline 0.004 -19"><span class='ocrx_word' id='word_1_301' title='bbox 490 4075 610 4129; x_wconf 83' lang='lat' dir='ltr'><em>qu:e</em></span> <span class='ocrx_word' id='word_1_302' title='bbox 635 4069 832 4132; x_wconf 85' lang='lat' dir='ltr'><em>praeter</em></span> <span class='ocrx_word' id='word_1_303' title='bbox 862 4076 1074 4114; x_wconf 90' lang='lat' dir='ltr'><em>causam</em></span> <span class='ocrx_word' id='word_1_304' title='bbox 1108 4061 1469 4117; x_wconf 85' lang='lat' dir='ltr'><em>fornicationis</em></span> <span class='ocrx_word' id='word_1_305' title='bbox 1498 4061 1804 4130; x_wconf 88' lang='lat' dir='ltr'><em>dimittitur,</em></span> <span class='ocrx_word' id='word_1_306' title='bbox 1832 4063 2076 4131; x_wconf 85' lang='lat' dir='ltr'><em>duxerit;</em></span> 
     </span>
    </p>
   </div>
   <div class='ocr_carea' id='block_1_42' title="bbox 493 4153 2076 4225">
    <p class='ocr_par' dir='ltr' id='par_1_42' title="bbox 493 4153 2076 4225">
     <span class='ocr_line' id='line_1_42' title="bbox 493 4153 2076 4225; baseline 0.003 -18"><span class='ocrx_word' id='word_1_307' title='bbox 493 4168 596 4208; x_wconf 89' lang='lat' dir='ltr'><em>nec</em></span> <span class='ocrx_word' id='word_1_308' title='bbox 626 4153 746 4210; x_wconf 89' lang='lat' dir='ltr'><em>ideo</em></span> <span class='ocrx_word' id='word_1_309' title='bbox 776 4170 879 4208; x_wconf 90' lang='lat' dir='ltr'><em>non</em></span> <span class='ocrx_word' id='word_1_310' title='bbox 911 4154 1213 4209; x_wconf 86' lang='lat' dir='ltr'><em>moechatur</em></span> <span class='ocrx_word' id='word_1_311' title='bbox 1238 4155 1326 4224; x_wconf 84' lang='lat' dir='ltr'><em>qui</em></span> <span class='ocrx_word' id='word_1_312' title='bbox 1357 4169 1473 4209; x_wconf 87' lang='lat' dir='ltr'><em>eam</em></span> <span class='ocrx_word' id='word_1_313' title='bbox 1505 4154 1671 4221; x_wconf 90' lang='lat' dir='ltr'><em>ducit,</em></span> <span class='ocrx_word' id='word_1_314' title='bbox 1703 4170 1860 4225; x_wconf 90' lang='lat' dir='ltr'><em>quam</em></span> <span class='ocrx_word' id='word_1_315' title='bbox 1889 4155 2076 4211; x_wconf 88' lang='lat' dir='ltr'><em>dimis-</em></span> 
     </span>
    </p>
   </div>
   <div class='ocr_carea' id='block_1_43' title="bbox 490 4232 2076 4318">
    <p class='ocr_par' dir='ltr' id='par_1_43' title="bbox 490 4232 2076 4318">
     <span class='ocr_line' id='line_1_43' title="bbox 490 4232 2076 4318; baseline 0.003 -20"><span class='ocrx_word' id='word_1_316' title='bbox 490 4259 605 4298; x_wconf 86' lang='lat' dir='ltr'><em>sam</em></span> <span class='ocrx_word' id='word_1_317' title='bbox 638 4232 853 4315; x_wconf 85' lang='lat' dir='ltr'><em>propter</em></span> <span class='ocrx_word' id='word_1_318' title='bbox 879 4260 1094 4300; x_wconf 87' lang='lat' dir='ltr'><em>causam</em></span> <span class='ocrx_word' id='word_1_319' title='bbox 1134 4245 1496 4301; x_wconf 81' lang='lat' dir='ltr'><em>fornicationis</em></span> <span class='ocrx_word' id='word_1_320' title='bbox 1523 4248 1810 4302; x_wconf 88' lang='lat' dir='ltr'><em>invenerit.</em></span> <span class='ocrx_word' id='word_1_321' title='bbox 1855 4247 1921 4302; x_wconf 87' lang='lat' dir='ltr'><em>Et</em></span> <span class='ocrx_word' id='word_1_322' title='bbox 1950 4262 2076 4318; x_wconf 92' lang='lat' dir='ltr'><em>pro-</em></span> 
     </span>
    </p>
   </div>
   <div class='ocr_carea' id='block_1_44' title="bbox 489 4335 2073 4408">
    <p class='ocr_par' dir='ltr' id='par_1_44' title="bbox 489 4335 2073 4408">
     <span class='ocr_line' id='line_1_44' title="bbox 489 4335 2073 4408; baseline 0.004 -20"><span class='ocrx_word' id='word_1_323' title='bbox 489 4344 671 4405; x_wconf 87' lang='lat' dir='ltr'><em>pterea</em></span> <span class='ocrx_word' id='word_1_324' title='bbox 698 4335 839 4406; x_wconf 88' lang='lat' dir='ltr'><em>quod</em></span> <span class='ocrx_word' id='word_1_325' title='bbox 869 4335 1198 4392; x_wconf 86' lang='lat' dir='ltr'><em>subobscure</em></span> <span class='ocrx_word' id='word_1_326' title='bbox 1225 4336 1364 4406; x_wconf 89' lang='lat' dir='ltr'><em>apud</em></span> <span class='ocrx_word' id='word_1_327' title='bbox 1389 4337 1691 4392; x_wconf 70' lang='lat' dir='ltr'><em>Matthzeum</em></span> <span class='ocrx_word' id='word_1_328' title='bbox 1717 4338 1946 4408; x_wconf 89' lang='lat' dir='ltr'><em>positum</em></span> <span class='ocrx_word' id='word_1_329' title='bbox 1973 4348 2073 4406; x_wconf 87' lang='lat' dir='ltr'><em>est,</em></span> 
     </span>
    </p>
   </div>
   <div class='ocr_carea' id='block_1_45' title="bbox 489 4428 2074 4499">
    <p class='ocr_par' dir='ltr' id='par_1_45' title="bbox 489 4428 2074 4499">
     <span class='ocr_line' id='line_1_45' title="bbox 489 4428 2074 4499; baseline 0.002 -17"><span class='ocrx_word' id='word_1_330' title='bbox 489 4428 737 4498; x_wconf 88' lang='lat' dir='ltr'><em>quoniam</em></span> <span class='ocrx_word' id='word_1_331' title='bbox 767 4430 788 4459; x_wconf 77' lang='grc'><em>³</em></span> <span class='ocrx_word' id='word_1_332' title='bbox 823 4436 990 4483; x_wconf 84' lang='grc' dir='ltr'>ιοιυιιι</span> <span class='ocrx_word' id='word_1_333' title='bbox 1021 4444 1048 4482; x_wconf 90' lang='lat' dir='ltr'><em>a</em></span> <span class='ocrx_word' id='word_1_334' title='bbox 1083 4438 1228 4498; x_wconf 90' lang='lat' dir='ltr'><em>parte</em></span> <span class='ocrx_word' id='word_1_335' title='bbox 1259 4429 1612 4499; x_wconf 80' lang='lat' dir='ltr'><em>significatum</em></span> <span class='ocrx_word' id='word_1_336' title='bbox 1641 4438 1744 4496; x_wconf 90' lang='lat' dir='ltr'><em>est,</em></span> <span class='ocrx_word' id='word_1_337' title='bbox 1777 4432 2074 4499; x_wconf 79' lang='lat' dir='ltr'><em>expositum</em></span> 
     </span>
    </p>
   </div>
   <div class='ocr_carea' id='block_1_46' title="bbox 488 4517 2073 4591">
    <p class='ocr_par' dir='ltr' id='par_1_46' title="bbox 488 4517 2073 4591">
     <span class='ocr_line' id='line_1_46' title="bbox 488 4517 2073 4591; baseline 0.002 -18"><span class='ocrx_word' id='word_1_338' title='bbox 488 4533 609 4573; x_wconf 91' lang='lat' dir='ltr'><em>esse</em></span> <span class='ocrx_word' id='word_1_339' title='bbox 628 4517 766 4589; x_wconf 90' lang='lat' dir='ltr'><em>apud</em></span> <span class='ocrx_word' id='word_1_340' title='bbox 795 4519 925 4574; x_wconf 86' lang='lat' dir='ltr'><em>alios</em></span> <span class='ocrx_word' id='word_1_341' title='bbox 952 4519 994 4586; x_wconf 86' lang='grc'><em>³,</em></span> <span class='ocrx_word' id='word_1_342' title='bbox 1021 4524 1106 4589; x_wconf 88' lang='lat' dir='ltr'><em>qui</em></span> <span class='ocrx_word' id='word_1_343' title='bbox 1136 4528 1300 4574; x_wconf 92' lang='lat' dir='ltr'><em>totum</em></span> <span class='ocrx_word' id='word_1_344' title='bbox 1331 4520 1653 4590; x_wconf 84' lang='lat' dir='ltr'><em>generaliter</em></span> <span class='ocrx_word' id='word_1_345' title='bbox 1674 4532 2073 4591; x_wconf 87' lang='lat' dir='ltr'><em>expresserunt,</em></span> 
     </span>
    </p>
   </div>
   <div class='ocr_carea' id='block_1_47' title="bbox 489 4609 2077 4681">
    <p class='ocr_par' dir='ltr' id='par_1_47' title="bbox 489 4609 2077 4681">
     <span class='ocr_line' id='line_1_47' title="bbox 489 4609 2077 4681; baseline 0 -16"><span class='ocrx_word' id='word_1_346' title='bbox 489 4611 630 4665; x_wconf 88' lang='lat' dir='ltr'><em>sicut</em></span> <span class='ocrx_word' id='word_1_347' title='bbox 657 4610 850 4681; x_wconf 83' lang='lat' dir='ltr'><em>legitur</em></span> <span class='ocrx_word' id='word_1_348' title='bbox 874 4610 1012 4680; x_wconf 90' lang='lat' dir='ltr'><em>apud</em></span> <span class='ocrx_word' id='word_1_349' title='bbox 1041 4609 1296 4675; x_wconf 84' lang='lat' dir='ltr'><em>Marcum,</em></span> <span class='ocrx_word' id='word_1_350' title='bbox 1332 4611 1646 4681; x_wconf 85' lang='lat' dir='ltr'><em>Quicumque</em></span> <span class='ocrx_word' id='word_1_351' title='bbox 1674 4611 1919 4666; x_wconf 83' lang='lat' dir='ltr'><em>dimiserit</em></span> <span class='ocrx_word' id='word_1_352' title='bbox 1949 4629 2077 4665; x_wconf 75' lang='lat' dir='ltr'><em>uxo-</em></span> 
     </span>
    </p>
   </div>
   <div class='ocr_carea' id='block_1_48' title="bbox 488 4703 2076 4768">
    <p class='ocr_par' dir='ltr' id='par_1_48' title="bbox 488 4703 2076 4768">
     <span class='ocr_line' id='line_1_48' title="bbox 488 4703 2076 4768; baseline 0.004 -14"><span class='ocrx_word' id='word_1_353' title='bbox 488 4719 597 4755; x_wconf 86' lang='lat' dir='ltr'><em>rem</em></span> <span class='ocrx_word' id='word_1_354' title='bbox 643 4718 808 4768; x_wconf 88' lang='lat' dir='ltr'><em>suam,</em></span> <span class='ocrx_word' id='word_1_355' title='bbox 854 4711 900 4755; x_wconf 88' lang='lat' dir='ltr'><em>et</em></span> <span class='ocrx_word' id='word_1_356' title='bbox 945 4703 1099 4755; x_wconf 84' lang='lat' dir='ltr'><em>aliam</em></span> <span class='ocrx_word' id='word_1_357' title='bbox 1141 4703 1362 4768; x_wconf 71' lang='lat' dir='ltr'><em>duxerit,</em></span> <span class='ocrx_word' id='word_1_358' title='bbox 1412 4705 1718 4759; x_wconf 88' lang='lat' dir='ltr'><em>adulterium</em></span> <span class='ocrx_word' id='word_1_359' title='bbox 1763 4706 2076 4760; x_wconf 86' lang='lat' dir='ltr'><em>committit:</em></span> 
     </span>
    </p>
   </div>
   <div class='ocr_carea' id='block_1_49' title="bbox 488 4791 2076 4866">
    <p class='ocr_par' dir='ltr' id='par_1_49' title="bbox 488 4791 2076 4866">
     <span class='ocr_line' id='line_1_49' title="bbox 488 4791 2076 4866; baseline 0.004 -20"><span class='ocrx_word' id='word_1_360' title='bbox 488 4804 542 4847; x_wconf 87' lang='lat' dir='ltr'><em>et</em></span> <span class='ocrx_word' id='word_1_361' title='bbox 571 4791 712 4862; x_wconf 89' lang='lat' dir='ltr'><em>apud</em></span> <span class='ocrx_word' id='word_1_362' title='bbox 755 4793 982 4858; x_wconf 88' lang='lat' dir='ltr'><em>Lucam,</em></span> <span class='ocrx_word' id='word_1_363' title='bbox 1021 4793 1198 4848; x_wconf 81' lang='lat' dir='ltr'><em>Omnis</em></span> <span class='ocrx_word' id='word_1_364' title='bbox 1227 4797 1312 4864; x_wconf 88' lang='lat' dir='ltr'><em>qui</em></span> <span class='ocrx_word' id='word_1_365' title='bbox 1351 4796 1555 4850; x_wconf 88' lang='lat' dir='ltr'><em>dimittit</em></span> <span class='ocrx_word' id='word_1_366' title='bbox 1583 4814 1790 4853; x_wconf 76' lang='lat' dir='ltr'><em>uxorem</em></span> <span class='ocrx_word' id='word_1_367' title='bbox 1818 4816 1962 4852; x_wconf 86' lang='lat' dir='ltr'><em>suam</em></span> <span class='ocrx_word' id='word_1_368' title='bbox 1983 4839 1999 4866; x_wconf 92' lang='lat'><em>,</em></span> <span class='ocrx_word' id='word_1_369' title='bbox 2031 4809 2076 4856; x_wconf 86' lang='lat' dir='ltr'><em>et</em></span> 
     </span>
    </p>
   </div>
   <div class='ocr_carea' id='block_1_50' title="bbox 489 4881 2077 4951">
    <p class='ocr_par' dir='ltr' id='par_1_50' title="bbox 489 4881 2077 4951">
     <span class='ocr_line' id='line_1_50' title="bbox 489 4881 2077 4951; baseline 0.006 -15"><span class='ocrx_word' id='word_1_370' title='bbox 489 4881 626 4936; x_wconf 84' lang='lat' dir='ltr'><em>ducit</em></span> <span class='ocrx_word' id='word_1_371' title='bbox 671 4885 902 4951; x_wconf 88' lang='lat' dir='ltr'><em>alteram,</em></span> <span class='ocrx_word' id='word_1_372' title='bbox 949 4886 1245 4939; x_wconf 64' lang='lat' dir='ltr'><em>masc/tatur.</em></span> <span class='ocrx_word' id='word_1_373' title='bbox 1295 4887 1410 4942; x_wconf 86' lang='lat' dir='ltr'><em>Non</em></span> <span class='ocrx_word' id='word_1_374' title='bbox 1462 4888 1603 4941; x_wconf 90' lang='lat' dir='ltr'><em>enim</em></span> <span class='ocrx_word' id='word_1_375' title='bbox 1648 4889 1782 4944; x_wconf 88' lang='lat' dir='ltr'><em>alios</em></span> <span class='ocrx_word' id='word_1_376' title='bbox 1829 4891 2077 4946; x_wconf 79' lang='lat' dir='ltr'><em>dixerunt</em></span> 
     </span>
    </p>
   </div>
   <div class='ocr_carea' id='block_1_51' title="bbox 489 4975 2074 5048">
    <p class='ocr_par' dir='ltr' id='par_1_51' title="bbox 489 4975 2074 5048">
     <span class='ocr_line' id='line_1_51' title="bbox 489 4975 2074 5048; baseline 0.008 -20"><span class='ocrx_word' id='word_1_377' title='bbox 489 4975 770 5042; x_wconf 77' lang='lat' dir='ltr'><em>mtechari,</em></span> <span class='ocrx_word' id='word_1_378' title='bbox 803 4976 936 5032; x_wconf 90' lang='lat' dir='ltr'><em>alios</em></span> <span class='ocrx_word' id='word_1_379' title='bbox 964 4991 1070 5030; x_wconf 94' lang='lat' dir='ltr'><em>non</em></span> <span class='ocrx_word' id='word_1_380' title='bbox 1101 4976 1356 5032; x_wconf 74' lang='lat' dir='ltr'><em>mcechari</em></span> <span class='ocrx_word' id='word_1_381' title='bbox 1378 5020 1392 5044; x_wconf 94' lang='lat'><em>,</em></span> <span class='ocrx_word' id='word_1_382' title='bbox 1425 4979 1514 5048; x_wconf 87' lang='lat' dir='ltr'><em>qui</em></span> <span class='ocrx_word' id='word_1_383' title='bbox 1545 4977 1778 5036; x_wconf 91' lang='lat' dir='ltr'><em>dimissis</em></span> <span class='ocrx_word' id='word_1_384' title='bbox 1824 4984 2074 5040; x_wconf 80' lang='lat' dir='ltr'><em>uxoribus</em></span> 
     </span>
    </p>
   </div>
   <div class='ocr_carea' id='block_1_52' title="bbox 489 5067 2070 5142">
    <p class='ocr_par' dir='ltr' id='par_1_52' title="bbox 489 5067 2070 5142">
     <span class='ocr_line' id='line_1_52' title="bbox 489 5067 2070 5142; baseline 0.008 -23"><span class='ocrx_word' id='word_1_385' title='bbox 489 5067 600 5121; x_wconf 87' lang='lat' dir='ltr'><em>suis</em></span> <span class='ocrx_word' id='word_1_386' title='bbox 653 5067 900 5122; x_wconf 66' lang='lat' dir='ltr'><em>dumi-int</em></span> <span class='ocrx_word' id='word_1_387' title='bbox 951 5068 1188 5135; x_wconf 89' lang='lat' dir='ltr'><em>alteras;</em></span> <span class='ocrx_word' id='word_1_388' title='bbox 1243 5069 1368 5136; x_wconf 89' lang='lat' dir='ltr'><em>sed,</em></span> <span class='ocrx_word' id='word_1_389' title='bbox 1426 5069 1736 5142; x_wconf 83' lang='lat' dir='ltr'><em>Quicumque</em></span> <span class='ocrx_word' id='word_1_390' title='bbox 1787 5074 2070 5132; x_wconf 87' lang='lat' dir='ltr'><em>dimiserit:</em></span> 
     </span>
    </p>
   </div>
   <div class='ocr_carea' id='block_1_53' title="bbox 489 5161 2072 5232">
    <p class='ocr_par' dir='ltr' id='par_1_53' title="bbox 489 5161 2072 5232">
     <span class='ocr_line' id='line_1_53' title="bbox 489 5161 2072 5232; baseline 0.006 -20"><span class='ocrx_word' id='word_1_391' title='bbox 489 5175 703 5214; x_wconf 89' lang='lat' dir='ltr'><em>omnem</em></span> <span class='ocrx_word' id='word_1_392' title='bbox 733 5176 949 5231; x_wconf 90' lang='lat' dir='ltr'><em>prorsus</em></span> <span class='ocrx_word' id='word_1_393' title='bbox 975 5162 1065 5232; x_wconf 89' lang='lat' dir='ltr'><em>qui</em></span> <span class='ocrx_word' id='word_1_394' title='bbox 1092 5161 1354 5216; x_wconf 90' lang='lat' dir='ltr'><em>dimiserit</em></span> <span class='ocrx_word' id='word_1_395' title='bbox 1382 5179 1598 5218; x_wconf 83' lang='lat' dir='ltr'><em>uxorem</em></span> <span class='ocrx_word' id='word_1_396' title='bbox 1626 5179 1776 5220; x_wconf 88' lang='lat' dir='ltr'><em>suam</em></span> <span class='ocrx_word' id='word_1_397' title='bbox 1798 5209 1810 5232; x_wconf 88' lang='lat'><em>,</em></span> <span class='ocrx_word' id='word_1_398' title='bbox 1841 5175 1894 5221; x_wconf 89' lang='lat' dir='ltr'><em>et</em></span> <span class='ocrx_word' id='word_1_399' title='bbox 1919 5167 2072 5221; x_wconf 90' lang='lat' dir='ltr'><em>aliam</em></span> 
     </span>
    </p>
   </div>
   <div class='ocr_carea' id='block_1_54' title="bbox 489 5252 2070 5329">
    <p class='ocr_par' dir='ltr' id='par_1_54' title="bbox 489 5252 2070 5329">
     <span class='ocr_line' id='line_1_54' title="bbox 489 5252 2070 5329; baseline 0.006 -23"><span class='ocrx_word' id='word_1_400' title='bbox 489 5252 736 5320; x_wconf 81' lang='lat' dir='ltr'><em>duxerit,</em></span> <span class='ocrx_word' id='word_1_401' title='bbox 781 5255 1036 5310; x_wconf 71' lang='lat' dir='ltr'><em>mtechari</em></span> <span class='ocrx_word' id='word_1_402' title='bbox 1085 5271 1207 5310; x_wconf 92' lang='lat' dir='ltr'><em>eum</em></span> <span class='ocrx_word' id='word_1_403' title='bbox 1253 5255 1368 5311; x_wconf 89' lang='lat' dir='ltr'><em>sine</em></span> <span class='ocrx_word' id='word_1_404' title='bbox 1407 5257 1516 5312; x_wconf 90' lang='lat' dir='ltr'><em>ulla</em></span> <span class='ocrx_word' id='word_1_405' title='bbox 1563 5259 1878 5329; x_wconf 81' lang='lat' dir='ltr'><em>exceptione</em></span> <span class='ocrx_word' id='word_1_406' title='bbox 1923 5259 2070 5315; x_wconf 77' lang='lat' dir='ltr'><em>dixe-</em></span> 
     </span>
    </p>
   </div>
   <div class='ocr_carea' id='block_1_55' title="bbox 489 5355 636 5398">
    <p class='ocr_par' dir='ltr' id='par_1_55' title="bbox 489 5355 636 5398">
     <span class='ocr_line' id='line_1_55' title="bbox 489 5355 636 5398; baseline 0.014 -2"><span class='ocrx_word' id='word_1_407' title='bbox 489 5355 636 5398; x_wconf 83' lang='lat' dir='ltr'><em>runt.</em></span> 
     </span>
    </p>
   </div>
   <div class='ocr_carea' id='block_1_56' title="bbox 561 5439 2073 5516">
    <p class='ocr_par' dir='ltr' id='par_1_56' title="bbox 561 5439 2073 5516">
     <span class='ocr_line' id='line_1_56' title="bbox 561 5439 2073 5516; baseline 0.007 -26"><span class='ocrx_word' id='word_1_408' title='bbox 561 5439 784 5492; x_wconf 78' lang='lat' dir='ltr'><em>CAPUT</em></span> <span class='ocrx_word' id='word_1_409' title='bbox 812 5440 2073 5516; x_wconf 61' lang='lat' dir='ltr'><em>XXIII.—29.Adulterinumcorjugiuminire,ut</em></span> 
     </span>
    </p>
   </div>
   <div class='ocr_carea' id='block_1_57' title="bbox 491 5531 2070 5603">
    <p class='ocr_par' dir='ltr' id='par_1_57' title="bbox 491 5531 2070 5603">
     <span class='ocr_line' id='line_1_57' title="bbox 491 5531 2070 5603; baseline 0.008 -21"><span class='ocrx_word' id='word_1_410' title='bbox 491 5531 678 5600; x_wconf 81' lang='lat' dir='ltr'><em>femina</em></span> <span class='ocrx_word' id='word_1_411' title='bbox 708 5532 798 5598; x_wconf 83' lang='lat' dir='ltr'><em>ﬁat</em></span> <span class='ocrx_word' id='word_1_412' title='bbox 822 5532 1117 5603; x_wconf 82' lang='lat' dir='ltr'><em>christiana,</em></span> <span class='ocrx_word' id='word_1_413' title='bbox 1147 5555 1244 5591; x_wconf 86' lang='lat' dir='ltr'><em>non</em></span> <span class='ocrx_word' id='word_1_414' title='bbox 1274 5538 1404 5592; x_wconf 86' lang='lat' dir='ltr'><em>licet.</em></span> <span class='ocrx_word' id='word_1_415' title='bbox 1429 5537 1544 5593; x_wconf 82' lang='lat' dir='ltr'><em>Sed</em></span> <span class='ocrx_word' id='word_1_416' title='bbox 1574 5541 1617 5594; x_wconf 84' lang='lat' dir='ltr'><em>si</em></span> <span class='ocrx_word' id='word_1_417' title='bbox 1650 5539 1761 5594; x_wconf 74' lang='lat' dir='ltr'><em>liiL‘C</em></span> <span class='ocrx_word' id='word_1_418' title='bbox 1808 5539 1898 5595; x_wconf 90' lang='lat' dir='ltr'><em>ille</em></span> <span class='ocrx_word' id='word_1_419' title='bbox 1926 5540 2070 5595; x_wconf 72' lang='lat' dir='ltr'><em>chri~</em></span> 
     </span>
    </p>
   </div>
   <div class='ocr_carea' id='block_1_58' title="bbox 553 5686 1585 5750">
    <p class='ocr_par' dir='ltr' id='par_1_58' title="bbox 553 5686 1585 5750">
     <span class='ocr_line' id='line_1_58' title="bbox 553 5686 1585 5750; baseline 0.012 -15"><span class='ocrx_word' id='word_1_420' title='bbox 553 5687 570 5719; x_wconf 70' lang='grc'>³</span> <span class='ocrx_word' id='word_1_421' title='bbox 597 5686 699 5736; x_wconf 82' lang='lat' dir='ltr'><em>Sola</em></span> <span class='ocrx_word' id='word_1_422' title='bbox 721 5687 868 5738; x_wconf 80' lang='lat' dir='ltr'><em>editio</em></span> <span class='ocrx_word' id='word_1_423' title='bbox 891 5695 1024 5750; x_wconf 86' lang='lat' dir='ltr'><em>Lov.,</em></span> <span class='ocrx_word' id='word_1_424' title='bbox 1045 5705 1137 5742; x_wconf 90' lang='lat' dir='ltr'><em>non</em></span> <span class='ocrx_word' id='word_1_425' title='bbox 1157 5707 1258 5744; x_wconf 82' lang='lat' dir='ltr'><em>esse</em></span> <span class='ocrx_word' id='word_1_426' title='bbox 1279 5697 1585 5746; x_wconf 68' lang='lat' dir='ltr'><em>seruandam.</em></span> 
     </span>
    </p>
   </div>
   <div class='ocr_carea' id='block_1_59' title="bbox 553 5750 1300 5815">
    <p class='ocr_par' dir='ltr' id='par_1_59' title="bbox 553 5750 1300 5815">
     <span class='ocr_line' id='line_1_59' title="bbox 553 5750 1300 5815; baseline 0.032 -25"><span class='ocrx_word' id='word_1_427' title='bbox 553 5750 573 5815; x_wconf 63' lang='grc' dir='ltr'><strong>ξ</strong></span> <span class='ocrx_word' id='word_1_428' title='bbox 596 5750 667 5798; x_wconf 65' lang='lat' dir='ltr'><em>sic</em></span> <span class='ocrx_word' id='word_1_429' title='bbox 690 5757 792 5815; x_wconf 74' lang='lat' dir='ltr'><em>uss.</em></span> <span class='ocrx_word' id='word_1_430' title='bbox 821 5759 876 5800; x_wconf 75' lang='lat' dir='ltr'><em>Al.</em></span> <span class='ocrx_word' id='word_1_431' title='bbox 894 5753 1027 5811; x_wconf 85' lang='lat' dir='ltr'><em>editi,</em></span> <span class='ocrx_word' id='word_1_432' title='bbox 1052 5756 1300 5815; x_wconf 76' lang='lat' dir='ltr'><em>qumde-</em></span> 
     </span>
    </p>
   </div>
   <div class='ocr_carea' id='block_1_60' title="bbox 551 5810 1790 5884">
    <p class='ocr_par' dir='ltr' id='par_1_60' title="bbox 551 5810 1790 5884">
     <span class='ocr_line' id='line_1_60' title="bbox 551 5810 1790 5884; baseline 0.009 -25"><span class='ocrx_word' id='word_1_433' title='bbox 551 5810 574 5842; x_wconf 80' lang='grc'><em>³</em></span> <span class='ocrx_word' id='word_1_434' title='bbox 604 5812 750 5872; x_wconf 71' lang='lat' dir='ltr'><em>Lugd.</em></span> <span class='ocrx_word' id='word_1_435' title='bbox 772 5819 822 5861; x_wconf 87' lang='lat' dir='ltr'><em>et</em></span> <span class='ocrx_word' id='word_1_436' title='bbox 847 5821 986 5874; x_wconf 62' lang='grc' dir='ltr'><em>νοω,</em></span> <span class='ocrx_word' id='word_1_437' title='bbox 1007 5810 1273 5880; x_wconf 65' lang='lat' dir='ltr'><em>expositum</em></span> <span class='ocrx_word' id='word_1_438' title='bbox 1290 5824 1359 5868; x_wconf 85' lang='lat' dir='ltr'><em>est</em></span> <span class='ocrx_word' id='word_1_439' title='bbox 1381 5819 1514 5884; x_wconf 81' lang='lat' dir='ltr'><em>apud</em></span> <span class='ocrx_word' id='word_1_440' title='bbox 1535 5821 1667 5870; x_wconf 76' lang='lat' dir='ltr'><em>alios.</em></span> <span class='ocrx_word' id='word_1_441' title='bbox 1736 5827 1790 5870; x_wconf 67' lang='lat' dir='ltr'><em>tt.</em></span> 
     </span>
    </p>
   </div>
   <div class='ocr_carea' id='block_1_61' title="bbox 1399 357 2898 426">
    <p class='ocr_par' dir='ltr' id='par_1_61' title="bbox 1399 357 2898 426">
     <span class='ocr_line' id='line_1_61' title="bbox 1399 357 2898 426; baseline 0.001 -8"><span class='ocrx_word' id='word_1_442' title='bbox 1399 365 1486 418; x_wconf 81' lang='lat' dir='ltr'><em>DE</em></span> <span class='ocrx_word' id='word_1_443' title='bbox 1524 360 1870 418; x_wconf 72' lang='lat' dir='ltr'><em>CONJUGHS</em></span> <span class='ocrx_word' id='word_1_444' title='bbox 1911 357 2404 426; x_wconf 52' lang='lat' dir='ltr'><em>Alt-L&#39;LTERINIS,</em></span> <span class='ocrx_word' id='word_1_445' title='bbox 2435 363 2491 418; x_wconf 91' lang='lat' dir='ltr'><em>S.</em></span> <span class='ocrx_word' id='word_1_446' title='bbox 2534 364 2898 422; x_wconf 78' lang='lat' dir='ltr'><em>AUGUSTINI</em></span> 
     </span>
    </p>
   </div>
   <div class='ocr_carea' id='block_1_62' title="bbox 3683 375 3792 436">
    <p class='ocr_par' dir='ltr' id='par_1_62' title="bbox 3683 375 3792 436">
     <span class='ocr_line' id='line_1_62' title="bbox 3683 375 3792 436; baseline 0.018 -2"><span class='ocrx_word' id='word_1_447' title='bbox 3683 375 3792 436; x_wconf 75' lang='grc'><em>468</em></span> 
     </span>
    </p>
   </div>
   <div class='ocr_carea' id='block_1_63' title="bbox 2201 475 3784 562">
    <p class='ocr_par' dir='ltr' id='par_1_63' title="bbox 2201 475 3784 562">
     <span class='ocr_line' id='line_1_63' title="bbox 2201 475 3784 562; baseline 0.013 -36"><span class='ocrx_word' id='word_1_448' title='bbox 2201 475 2402 530; x_wconf 88' lang='lat' dir='ltr'><em>stianus</em></span> <span class='ocrx_word' id='word_1_449' title='bbox 2427 480 2764 548; x_wconf 86' lang='lat' dir='ltr'><em>responderit</em></span> <span class='ocrx_word' id='word_1_450' title='bbox 2793 482 3060 549; x_wconf 87' lang='lat' dir='ltr'><em>tentatori,</em></span> <span class='ocrx_word' id='word_1_451' title='bbox 3089 483 3390 555; x_wconf 78' lang='lat' dir='ltr'><em>intelligens</em></span> <span class='ocrx_word' id='word_1_452' title='bbox 3416 487 3631 544; x_wconf 85' lang='lat' dir='ltr'><em>licuisse</em></span> <span class='ocrx_word' id='word_1_453' title='bbox 3657 491 3784 562; x_wconf 89' lang='lat' dir='ltr'><em>qui-</em></span> 
     </span>
    </p>
   </div>
   <div class='ocr_carea' id='block_1_64' title="bbox 2201 564 3786 640">
    <p class='ocr_par' dir='ltr' id='par_1_64' title="bbox 2201 564 3786 640">
     <span class='ocr_line' id='line_1_64' title="bbox 2201 564 3786 640; baseline 0.011 -20"><span class='ocrx_word' id='word_1_454' title='bbox 2201 564 2323 620; x_wconf 87' lang='lat' dir='ltr'><em>dem</em></span> <span class='ocrx_word' id='word_1_455' title='bbox 2348 567 2447 622; x_wconf 89' lang='lat' dir='ltr'><em>sibi</em></span> <span class='ocrx_word' id='word_1_456' title='bbox 2484 568 2754 627; x_wconf 89' lang='lat' dir='ltr'><em>dimittere</em></span> <span class='ocrx_word' id='word_1_457' title='bbox 2779 572 3102 640; x_wconf 88' lang='lat' dir='ltr'><em>adulteram,</em></span> <span class='ocrx_word' id='word_1_458' title='bbox 3134 574 3231 630; x_wconf 89' lang='lat' dir='ltr'><em>sed</em></span> <span class='ocrx_word' id='word_1_459' title='bbox 3259 576 3416 631; x_wconf 89' lang='lat' dir='ltr'><em>aliam</em></span> <span class='ocrx_word' id='word_1_460' title='bbox 3446 577 3643 635; x_wconf 87' lang='lat' dir='ltr'><em>dueere</em></span> <span class='ocrx_word' id='word_1_461' title='bbox 3675 597 3786 637; x_wconf 89' lang='lat' dir='ltr'><em>non</em></span> 
     </span>
    </p>
   </div>
   <div class='ocr_carea' id='block_1_65' title="bbox 2202 657 3792 736">
    <p class='ocr_par' dir='ltr' id='par_1_65' title="bbox 2202 657 3792 736">
     <span class='ocr_line' id='line_1_65' title="bbox 2202 657 3792 736; baseline 0.012 -25"><span class='ocrx_word' id='word_1_462' title='bbox 2202 657 2405 714; x_wconf 89' lang='lat' dir='ltr'><em>licere:</em></span> <span class='ocrx_word' id='word_1_463' title='bbox 2448 661 2592 730; x_wconf 89' lang='lat' dir='ltr'><em>quid,</em></span> <span class='ocrx_word' id='word_1_464' title='bbox 2640 663 2686 718; x_wconf 90' lang='lat' dir='ltr'><em>si</em></span> <span class='ocrx_word' id='word_1_465' title='bbox 2725 663 2865 719; x_wconf 90' lang='lat' dir='ltr'><em>dicat</em></span> <span class='ocrx_word' id='word_1_466' title='bbox 2911 665 3000 720; x_wconf 89' lang='lat' dir='ltr'><em>ille</em></span> <span class='ocrx_word' id='word_1_467' title='bbox 3043 675 3296 736; x_wconf 90' lang='lat' dir='ltr'><em>tentator,</em></span> <span class='ocrx_word' id='word_1_468' title='bbox 3343 667 3628 728; x_wconf 85' lang='lat' dir='ltr'><em>Committe</em></span> <span class='ocrx_word' id='word_1_469' title='bbox 3680 672 3792 729; x_wconf 85' lang='lat' dir='ltr'><em>hoe</em></span> 
     </span>
    </p>
   </div>
   <div class='ocr_carea' id='block_1_66' title="bbox 2203 757 3791 828">
    <p class='ocr_par' dir='ltr' id='par_1_66' title="bbox 2203 757 3791 828">
     <span class='ocr_line' id='line_1_66' title="bbox 2203 757 3791 828; baseline 0.011 -24"><span class='ocrx_word' id='word_1_470' title='bbox 2203 760 2518 820; x_wconf 83' lang='lat' dir='ltr'><em>peccatum,</em></span> <span class='ocrx_word' id='word_1_471' title='bbox 2564 765 2623 811; x_wconf 92' lang='lat' dir='ltr'><em>ut</em></span> <span class='ocrx_word' id='word_1_472' title='bbox 2672 757 2914 828; x_wconf 90' lang='lat' dir='ltr'><em>acquiras</em></span> <span class='ocrx_word' id='word_1_473' title='bbox 2953 759 3198 821; x_wconf 77' lang='lat' dir='ltr'><em>animam</em></span> <span class='ocrx_word' id='word_1_474' title='bbox 3245 761 3458 816; x_wconf 90' lang='lat' dir='ltr'><em>Christo</em></span> <span class='ocrx_word' id='word_1_475' title='bbox 3507 762 3561 816; x_wconf 91' lang='lat' dir='ltr'><em>in</em></span> <span class='ocrx_word' id='word_1_476' title='bbox 3609 775 3791 820; x_wconf 89' lang='lat' dir='ltr'><em>morte</em></span> 
     </span>
    </p>
   </div>
   <div class='ocr_carea' id='block_1_67' title="bbox 2204 843 3792 922">
    <p class='ocr_par' dir='ltr' id='par_1_67' title="bbox 2204 843 3792 922">
     <span class='ocr_line' id='line_1_67' title="bbox 2204 843 3792 922; baseline 0.009 -25"><span class='ocrx_word' id='word_1_477' title='bbox 2204 843 2529 901; x_wconf 85' lang='lat' dir='ltr'><em>infidelitatis</em></span> <span class='ocrx_word' id='word_1_478' title='bbox 2575 848 2760 916; x_wconf 70' lang='lat' dir='ltr'><em>posita:</em></span> <span class='ocrx_word' id='word_1_479' title='bbox 2803 849 3032 914; x_wconf 77' lang='lat' dir='ltr'><em>feminzn,</em></span> <span class='ocrx_word' id='word_1_480' title='bbox 3075 867 3194 920; x_wconf 64' lang='lat' dir='ltr'><em>quae</em></span> <span class='ocrx_word' id='word_1_481' title='bbox 3236 861 3419 922; x_wconf 89' lang='lat' dir='ltr'><em>parata</em></span> <span class='ocrx_word' id='word_1_482' title='bbox 3461 862 3562 920; x_wconf 89' lang='lat' dir='ltr'><em>est,</em></span> <span class='ocrx_word' id='word_1_483' title='bbox 3604 855 3649 910; x_wconf 92' lang='lat' dir='ltr'><em>si</em></span> <span class='ocrx_word' id='word_1_484' title='bbox 3691 857 3792 911; x_wconf 88' lang='lat' dir='ltr'><em>tibi</em></span> 
     </span>
    </p>
   </div>
   <div class='ocr_carea' id='block_1_68' title="bbox 2199 936 3792 1013">
    <p class='ocr_par' dir='ltr' id='par_1_68' title="bbox 2199 936 3792 1013">
     <span class='ocr_line' id='line_1_68' title="bbox 2199 936 3792 1013; baseline 0.01 -25"><span class='ocrx_word' id='word_1_485' title='bbox 2199 937 2473 1006; x_wconf 88' lang='lat' dir='ltr'><em>nupserit,</em></span> <span class='ocrx_word' id='word_1_486' title='bbox 2523 936 2637 992; x_wconf 81' lang='lat' dir='ltr'><em>fieri</em></span> <span class='ocrx_word' id='word_1_487' title='bbox 2691 940 3027 996; x_wconf 89' lang='lat' dir='ltr'><em>christiana?</em></span> <span class='ocrx_word' id='word_1_488' title='bbox 3083 943 3208 1013; x_wconf 91' lang='lat' dir='ltr'><em>quid</em></span> <span class='ocrx_word' id='word_1_489' title='bbox 3259 944 3402 1000; x_wconf 88' lang='lat' dir='ltr'><em>aliud</em></span> <span class='ocrx_word' id='word_1_490' title='bbox 3457 946 3792 1004; x_wconf 87' lang='lat' dir='ltr'><em>christianus</em></span> 
     </span>
    </p>
   </div>
   <div class='ocr_carea' id='block_1_69' title="bbox 2198 1027 3780 1108">
    <p class='ocr_par' dir='ltr' id='par_1_69' title="bbox 2198 1027 3780 1108">
     <span class='ocr_line' id='line_1_69' title="bbox 2198 1027 3780 1108; baseline 0.009 -28"><span class='ocrx_word' id='word_1_491' title='bbox 2198 1027 2524 1096; x_wconf 88' lang='lat' dir='ltr'><em>respondere</em></span> <span class='ocrx_word' id='word_1_492' title='bbox 2549 1029 2613 1084; x_wconf 89' lang='lat' dir='ltr'><em>ad</em></span> <span class='ocrx_word' id='word_1_493' title='bbox 2640 1030 2740 1085; x_wconf 88' lang='lat' dir='ltr'><em>ista</em></span> <span class='ocrx_word' id='word_1_494' title='bbox 2765 1031 2921 1088; x_wconf 90' lang='lat' dir='ltr'><em>debet</em></span> <span class='ocrx_word' id='word_1_495' title='bbox 2947 1043 3000 1088; x_wconf 91' lang='lat' dir='ltr'><em>et</em></span> <span class='ocrx_word' id='word_1_496' title='bbox 3025 1033 3224 1101; x_wconf 88' lang='lat' dir='ltr'><em>dicere,</em></span> <span class='ocrx_word' id='word_1_497' title='bbox 3253 1037 3351 1098; x_wconf 81' lang='lat' dir='ltr'><em>nisi</em></span> <span class='ocrx_word' id='word_1_498' title='bbox 3373 1051 3432 1092; x_wconf 91' lang='lat' dir='ltr'><em>se</em></span> <span class='ocrx_word' id='word_1_499' title='bbox 3460 1053 3567 1092; x_wconf 88' lang='lat' dir='ltr'><em>non</em></span> <span class='ocrx_word' id='word_1_500' title='bbox 3595 1052 3780 1108; x_wconf 88' lang='lat' dir='ltr'><em>posse,</em></span> 
     </span>
    </p>
   </div>
   <div class='ocr_carea' id='block_1_70' title="bbox 2197 1117 3784 1196">
    <p class='ocr_par' dir='ltr' id='par_1_70' title="bbox 2197 1117 3784 1196">
     <span class='ocr_line' id='line_1_70' title="bbox 2197 1117 3784 1196; baseline 0.009 -26"><span class='ocrx_word' id='word_1_501' title='bbox 2197 1117 2244 1170; x_wconf 90' lang='lat' dir='ltr'><em>si</em></span> <span class='ocrx_word' id='word_1_502' title='bbox 2275 1117 2375 1173; x_wconf 88' lang='lat' dir='ltr'><em>hoc</em></span> <span class='ocrx_word' id='word_1_503' title='bbox 2407 1119 2610 1186; x_wconf 87' lang='lat' dir='ltr'><em>fecerit,</em></span> <span class='ocrx_word' id='word_1_504' title='bbox 2637 1122 2868 1178; x_wconf 86' lang='lat' dir='ltr'><em>evadere</em></span> <span class='ocrx_word' id='word_1_505' title='bbox 2904 1123 3182 1193; x_wconf 90' lang='lat' dir='ltr'><em>judicium,</em></span> <span class='ocrx_word' id='word_1_506' title='bbox 3215 1126 3354 1196; x_wconf 90' lang='lat' dir='ltr'><em>quod</em></span> <span class='ocrx_word' id='word_1_507' title='bbox 3383 1143 3784 1184; x_wconf 85' lang='lat' dir='ltr'><em>commemora-</em></span> 
     </span>
    </p>
   </div>
   <div class='ocr_carea' id='block_1_71' title="bbox 2197 1209 3792 1290">
    <p class='ocr_par' dir='ltr' id='par_1_71' title="bbox 2197 1209 3792 1290">
     <span class='ocr_line' id='line_1_71' title="bbox 2197 1209 3792 1290; baseline 0.007 -27"><span class='ocrx_word' id='word_1_508' title='bbox 2197 1209 2272 1264; x_wconf 90' lang='lat' dir='ltr'><em>vit</em></span> <span class='ocrx_word' id='word_1_509' title='bbox 2308 1211 2597 1281; x_wconf 87' lang='lat' dir='ltr'><em>Apostolus</em></span> <span class='ocrx_word' id='word_1_510' title='bbox 2643 1213 2731 1269; x_wconf 90' lang='lat' dir='ltr'><em>ubi</em></span> <span class='ocrx_word' id='word_1_511' title='bbox 2778 1213 2872 1282; x_wconf 90' lang='lat' dir='ltr'><em>ait,</em></span> <span class='ocrx_word' id='word_1_512' title='bbox 2923 1214 2990 1268; x_wconf 85' lang='lat' dir='ltr'><em>Et</em></span> <span class='ocrx_word' id='word_1_513' title='bbox 3043 1216 3170 1270; x_wconf 90' lang='lat' dir='ltr'><em>sicut</em></span> <span class='ocrx_word' id='word_1_514' title='bbox 3218 1219 3394 1271; x_wconf 85' lang='lat' dir='ltr'><em>dicunt</em></span> <span class='ocrx_word' id='word_1_515' title='bbox 3441 1219 3646 1290; x_wconf 87' lang='lat' dir='ltr'><em>quidam</em></span> <span class='ocrx_word' id='word_1_516' title='bbox 3689 1237 3792 1275; x_wconf 86' lang='lat' dir='ltr'><em>nos</em></span> 
     </span>
    </p>
   </div>
   <div class='ocr_carea' id='block_1_72' title="bbox 2197 1301 3788 1382">
    <p class='ocr_par' dir='ltr' id='par_1_72' title="bbox 2197 1301 3788 1382">
     <span class='ocr_line' id='line_1_72' title="bbox 2197 1301 3788 1382; baseline 0.008 -29"><span class='ocrx_word' id='word_1_517' title='bbox 2197 1301 2380 1368; x_wconf 85' lang='lat' dir='ltr'><em>dicere,</em></span> <span class='ocrx_word' id='word_1_518' title='bbox 2415 1301 2687 1358; x_wconf 77' lang='lat' dir='ltr'><em>Faciamus</em></span> <span class='ocrx_word' id='word_1_519' title='bbox 2716 1307 2870 1373; x_wconf 83' lang='lat' dir='ltr'><em>mala,</em></span> <span class='ocrx_word' id='word_1_520' title='bbox 2902 1315 2955 1360; x_wconf 90' lang='lat' dir='ltr'><em>ut</em></span> <span class='ocrx_word' id='word_1_521' title='bbox 2983 1309 3182 1361; x_wconf 80' lang='lat' dir='ltr'><em>veniant</em></span> <span class='ocrx_word' id='word_1_522' title='bbox 3211 1309 3374 1373; x_wconf 85' lang='lat' dir='ltr'><em>bona;</em></span> <span class='ocrx_word' id='word_1_523' title='bbox 3401 1326 3612 1380; x_wconf 82' lang='lat' dir='ltr'><em>quorum</em></span> <span class='ocrx_word' id='word_1_524' title='bbox 3629 1312 3788 1382; x_wconf 80' lang='lat' dir='ltr'><em>judi-</em></span> 
     </span>
    </p>
   </div>
   <div class='ocr_carea' id='block_1_73' title="bbox 2196 1395 3788 1472">
    <p class='ocr_par' dir='ltr' id='par_1_73' title="bbox 2196 1395 3788 1472">
     <span class='ocr_line' id='line_1_73' title="bbox 2196 1395 3788 1472; baseline 0.007 -25"><span class='ocrx_word' id='word_1_525' title='bbox 2196 1395 2330 1448; x_wconf 84' lang='lat' dir='ltr'><em>cium</em></span> <span class='ocrx_word' id='word_1_526' title='bbox 2347 1397 2546 1466; x_wconf 82' lang='lat' dir='ltr'><em>jnstum</em></span> <span class='ocrx_word' id='word_1_527' title='bbox 2572 1409 2640 1452; x_wconf 89' lang='lat' dir='ltr'><em>est</em></span> <span class='ocrx_word' id='word_1_528' title='bbox 2668 1397 2841 1470; x_wconf 83' lang='lat' dir='ltr'><em>(Rom.</em></span> <span class='ocrx_word' id='word_1_529' title='bbox 2866 1415 2940 1466; x_wconf 89' lang='grc' dir='ltr'>ιιι,</span> <span class='ocrx_word' id='word_1_530' title='bbox 2961 1399 3051 1471; x_wconf 88' lang='lat'><em>8)?</em></span> <span class='ocrx_word' id='word_1_531' title='bbox 3075 1400 3353 1468; x_wconf 86' lang='lat' dir='ltr'><em>Quomodo</em></span> <span class='ocrx_word' id='word_1_532' title='bbox 3377 1412 3554 1457; x_wconf 88' lang='lat' dir='ltr'><em>autem</em></span> <span class='ocrx_word' id='word_1_533' title='bbox 3581 1405 3788 1472; x_wconf 82' lang='lat' dir='ltr'><em>poterit</em></span> 
     </span>
    </p>
   </div>
   <div class='ocr_carea' id='block_1_74' title="bbox 2195 1487 3783 1564">
    <p class='ocr_par' dir='ltr' id='par_1_74' title="bbox 2195 1487 3783 1564">
     <span class='ocr_line' id='line_1_74' title="bbox 2195 1487 3783 1564; baseline 0.005 -24"><span class='ocrx_word' id='word_1_534' title='bbox 2195 1501 2313 1542; x_wconf 88' lang='lat' dir='ltr'><em>esse</em></span> <span class='ocrx_word' id='word_1_535' title='bbox 2344 1487 2628 1543; x_wconf 88' lang='lat' dir='ltr'><em>salubriter</em></span> <span class='ocrx_word' id='word_1_536' title='bbox 2652 1488 2963 1558; x_wconf 87' lang='lat' dir='ltr'><em>christiana,</em></span> <span class='ocrx_word' id='word_1_537' title='bbox 2993 1507 3111 1561; x_wconf 76' lang='lat' dir='ltr'><em>qua:</em></span> <span class='ocrx_word' id='word_1_538' title='bbox 3136 1506 3256 1546; x_wconf 90' lang='lat' dir='ltr'><em>cum</em></span> <span class='ocrx_word' id='word_1_539' title='bbox 3286 1492 3380 1548; x_wconf 92' lang='lat' dir='ltr'><em>illo</em></span> <span class='ocrx_word' id='word_1_540' title='bbox 3407 1507 3439 1547; x_wconf 90' lang='lat' dir='ltr'><em>a</em></span> <span class='ocrx_word' id='word_1_541' title='bbox 3477 1509 3583 1564; x_wconf 87' lang='lat' dir='ltr'><em>quo</em></span> <span class='ocrx_word' id='word_1_542' title='bbox 3619 1494 3783 1550; x_wconf 88' lang='lat' dir='ltr'><em>duci-</em></span> 
     </span>
    </p>
   </div>
   <div class='ocr_carea' id='block_1_75' title="bbox 2196 1580 2725 1635">
    <p class='ocr_par' dir='ltr' id='par_1_75' title="bbox 2196 1580 2725 1635">
     <span class='ocr_line' id='line_1_75' title="bbox 2196 1580 2725 1635; baseline 0.004 -3"><span class='ocrx_word' id='word_1_543' title='bbox 2196 1586 2282 1632; x_wconf 88' lang='lat' dir='ltr'><em>tur</em></span> <span class='ocrx_word' id='word_1_544' title='bbox 2309 1581 2411 1634; x_wconf 90' lang='lat' dir='ltr'><em>erit</em></span> <span class='ocrx_word' id='word_1_545' title='bbox 2435 1580 2674 1635; x_wconf 89' lang='lat' dir='ltr'><em>adultera</em></span> <span class='ocrx_word' id='word_1_546' title='bbox 2701 1581 2725 1634; x_wconf 85' lang='lat'><strong>?</strong></span> 
     </span>
    </p>
   </div>
   <div class='ocr_carea' id='block_1_76' title="bbox 2263 1669 3789 1748">
    <p class='ocr_par' dir='ltr' id='par_1_76' title="bbox 2263 1669 3789 1748">
     <span class='ocr_line' id='line_1_76' title="bbox 2263 1669 3789 1748; baseline 0.007 -24"><span class='ocrx_word' id='word_1_547' title='bbox 2263 1669 2491 1725; x_wconf 87' lang='lat' dir='ltr'><em>CAPUT</em></span> <span class='ocrx_word' id='word_1_548' title='bbox 2531 1671 2721 1726; x_wconf 80' lang='lat' dir='ltr'><strong>XXIV.</strong></span> <span class='ocrx_word' id='word_1_549' title='bbox 2749 1703 2821 1712; x_wconf 91' lang='lat'><strong><em>——</em></strong></span> <span class='ocrx_word' id='word_1_550' title='bbox 2847 1672 2935 1728; x_wconf 82' lang='grc'>50.</span> <span class='ocrx_word' id='word_1_551' title='bbox 2971 1671 3300 1730; x_wconf 81' lang='lat' dir='ltr'><em>Continentite</em></span> <span class='ocrx_word' id='word_1_552' title='bbox 3327 1685 3495 1730; x_wconf 80' lang='lat' dir='ltr'><em>uotum</em></span> <span class='ocrx_word' id='word_1_553' title='bbox 3520 1677 3664 1732; x_wconf 87' lang='lat' dir='ltr'><em>nulla</em></span> <span class='ocrx_word' id='word_1_554' title='bbox 3688 1695 3789 1748; x_wconf 74' lang='lat' dir='ltr'><em>spe</em></span> 
     </span>
    </p>
   </div>
   <div class='ocr_carea' id='block_1_77' title="bbox 2193 1763 3783 1834">
    <p class='ocr_par' dir='ltr' id='par_1_77' title="bbox 2193 1763 3783 1834">
     <span class='ocr_line' id='line_1_77' title="bbox 2193 1763 3783 1834; baseline 0.007 -20"><span class='ocrx_word' id='word_1_555' title='bbox 2193 1763 2614 1832; x_wconf 84' lang='lat' dir='ltr'><em>campensationis</em></span> <span class='ocrx_word' id='word_1_556' title='bbox 2658 1765 3014 1834; x_wconf 84' lang='lat' dir='ltr'><em>rumpendum.</em></span> <span class='ocrx_word' id='word_1_557' title='bbox 3056 1765 3176 1821; x_wconf 87' lang='lat' dir='ltr'><em>Non</em></span> <span class='ocrx_word' id='word_1_558' title='bbox 3210 1768 3382 1821; x_wconf 88' lang='lat' dir='ltr'><em>solum</em></span> <span class='ocrx_word' id='word_1_559' title='bbox 3421 1776 3598 1824; x_wconf 89' lang='lat' dir='ltr'><em>autem</em></span> <span class='ocrx_word' id='word_1_560' title='bbox 3638 1784 3783 1825; x_wconf 49' lang='lat'><em>[110%</em></span> 
     </span>
    </p>
   </div>
   <div class='ocr_carea' id='block_1_78' title="bbox 2193 1851 3784 1927">
    <p class='ocr_par' dir='ltr' id='par_1_78' title="bbox 2193 1851 3784 1927">
     <span class='ocr_line' id='line_1_78' title="bbox 2193 1851 3784 1927; baseline 0.006 -21"><span class='ocrx_word' id='word_1_561' title='bbox 2193 1851 2459 1907; x_wconf 89' lang='lat' dir='ltr'><em>chandum</em></span> <span class='ocrx_word' id='word_1_562' title='bbox 2489 1870 2594 1908; x_wconf 92' lang='lat' dir='ltr'><em>non</em></span> <span class='ocrx_word' id='word_1_563' title='bbox 2621 1864 2721 1922; x_wconf 89' lang='lat' dir='ltr'><em>est,</em></span> <span class='ocrx_word' id='word_1_564' title='bbox 2749 1856 2889 1924; x_wconf 90' lang='lat' dir='ltr'><em>quod</em></span> <span class='ocrx_word' id='word_1_565' title='bbox 2915 1856 3060 1923; x_wconf 84' lang='lat' dir='ltr'><em>facit,</em></span> <span class='ocrx_word' id='word_1_566' title='bbox 3089 1873 3194 1912; x_wconf 91' lang='lat' dir='ltr'><em>non</em></span> <span class='ocrx_word' id='word_1_567' title='bbox 3221 1857 3456 1927; x_wconf 87' lang='lat' dir='ltr'><em>quidam,</em></span> <span class='ocrx_word' id='word_1_568' title='bbox 3479 1860 3574 1916; x_wconf 89' lang='lat' dir='ltr'><em>sed</em></span> <span class='ocrx_word' id='word_1_569' title='bbox 3600 1862 3784 1916; x_wconf 81' lang='lat' dir='ltr'><em>omnis</em></span> 
     </span>
    </p>
   </div>
   <div class='ocr_carea' id='block_1_79' title="bbox 2192 1941 3782 2018">
    <p class='ocr_par' dir='ltr' id='par_1_79' title="bbox 2192 1941 3782 2018">
     <span class='ocr_line' id='line_1_79' title="bbox 2192 1941 3782 2018; baseline 0.008 -23"><span class='ocrx_word' id='word_1_570' title='bbox 2192 1941 2282 2012; x_wconf 90' lang='lat' dir='ltr'><em>qui</em></span> <span class='ocrx_word' id='word_1_571' title='bbox 2327 1943 2543 1998; x_wconf 86' lang='lat' dir='ltr'><em>dimittit</em></span> <span class='ocrx_word' id='word_1_572' title='bbox 2586 1961 2806 2000; x_wconf 84' lang='lat' dir='ltr'><em>uxorem</em></span> <span class='ocrx_word' id='word_1_573' title='bbox 2855 1961 3046 2014; x_wconf 88' lang='lat' dir='ltr'><em>suam,</em></span> <span class='ocrx_word' id='word_1_574' title='bbox 3087 1958 3140 2002; x_wconf 91' lang='lat' dir='ltr'><em>et</em></span> <span class='ocrx_word' id='word_1_575' title='bbox 3183 1948 3331 2004; x_wconf 88' lang='lat' dir='ltr'><em>ducit</em></span> <span class='ocrx_word' id='word_1_576' title='bbox 3375 1951 3632 2018; x_wconf 88' lang='lat' dir='ltr'><em>alteram,</em></span> <span class='ocrx_word' id='word_1_577' title='bbox 3673 1953 3782 2008; x_wconf 87' lang='lat' dir='ltr'><em>etsi</em></span> 
     </span>
    </p>
   </div>
   <div class='ocr_carea' id='block_1_80' title="bbox 2195 2035 3780 2108">
    <p class='ocr_par' dir='ltr' id='par_1_80' title="bbox 2195 2035 3780 2108">
     <span class='ocr_line' id='line_1_80' title="bbox 2195 2035 3780 2108; baseline 0.008 -21"><span class='ocrx_word' id='word_1_578' title='bbox 2195 2042 2474 2103; x_wconf 83' lang='lat' dir='ltr'><em>propterea</em></span> <span class='ocrx_word' id='word_1_579' title='bbox 2504 2035 2719 2091; x_wconf 80' lang='lat' dir='ltr'><em>duxerit</em></span> <span class='ocrx_word' id='word_1_580' title='bbox 2765 2048 2820 2092; x_wconf 92' lang='lat' dir='ltr'><em>ut</em></span> <span class='ocrx_word' id='word_1_581' title='bbox 2861 2038 3021 2094; x_wconf 84' lang='lat' dir='ltr'><em>faciat</em></span> <span class='ocrx_word' id='word_1_582' title='bbox 3058 2039 3438 2108; x_wconf 80' lang='lat' dir='ltr'><em>christianum;</em></span> <span class='ocrx_word' id='word_1_583' title='bbox 3485 2042 3581 2097; x_wconf 90' lang='lat' dir='ltr'><em>sed</em></span> <span class='ocrx_word' id='word_1_584' title='bbox 3607 2043 3780 2100; x_wconf 86' lang='lat' dir='ltr'><em>etiam</em></span> 
     </span>
    </p>
   </div>
   <div class='ocr_carea' id='block_1_81' title="bbox 2193 2129 3782 2202">
    <p class='ocr_par' dir='ltr' id='par_1_81' title="bbox 2193 2129 3782 2202">
     <span class='ocr_line' id='line_1_81' title="bbox 2193 2129 3782 2202; baseline 0.006 -21"><span class='ocrx_word' id='word_1_585' title='bbox 2193 2129 2434 2198; x_wconf 90' lang='lat' dir='ltr'><em>quisquis</em></span> <span class='ocrx_word' id='word_1_586' title='bbox 2461 2146 2564 2184; x_wconf 91' lang='lat' dir='ltr'><em>non</em></span> <span class='ocrx_word' id='word_1_587' title='bbox 2597 2131 2841 2202; x_wconf 84' lang='lat' dir='ltr'><em>alligatus</em></span> <span class='ocrx_word' id='word_1_588' title='bbox 2874 2133 3024 2188; x_wconf 77' lang='lat' dir='ltr'><em>uxori</em></span> <span class='ocrx_word' id='word_1_589' title='bbox 3063 2135 3443 2189; x_wconf 89' lang='lat' dir='ltr'><em>continentiam</em></span> <span class='ocrx_word' id='word_1_590' title='bbox 3476 2135 3590 2190; x_wconf 88' lang='lat' dir='ltr'><em>Deo</em></span> <span class='ocrx_word' id='word_1_591' title='bbox 3612 2152 3782 2192; x_wconf 84' lang='lat' dir='ltr'><em>vove-</em></span> 
     </span>
    </p>
   </div>
   <div class='ocr_carea' id='block_1_82' title="bbox 2191 2219 3778 2296">
    <p class='ocr_par' dir='ltr' id='par_1_82' title="bbox 2191 2219 3778 2296">
     <span class='ocr_line' id='line_1_82' title="bbox 2191 2219 3778 2296; baseline 0.005 -23"><span class='ocrx_word' id='word_1_592' title='bbox 2191 2219 2289 2286; x_wconf 91' lang='lat' dir='ltr'><em>rit,</em></span> <span class='ocrx_word' id='word_1_593' title='bbox 2321 2220 2468 2275; x_wconf 92' lang='lat' dir='ltr'><em>nullo</em></span> <span class='ocrx_word' id='word_1_594' title='bbox 2513 2221 2674 2276; x_wconf 90' lang='lat' dir='ltr'><em>modo</em></span> <span class='ocrx_word' id='word_1_595' title='bbox 2715 2222 2873 2277; x_wconf 90' lang='lat' dir='ltr'><em>debet</em></span> <span class='ocrx_word' id='word_1_596' title='bbox 2916 2223 3017 2279; x_wconf 87' lang='lat' dir='ltr'><em>ista</em></span> <span class='ocrx_word' id='word_1_597' title='bbox 3063 2227 3500 2294; x_wconf 83' lang='lat' dir='ltr'><em>compensatione</em></span> <span class='ocrx_word' id='word_1_598' title='bbox 3526 2241 3778 2296; x_wconf 84' lang='lat' dir='ltr'><em>peccare,</em></span> 
     </span>
    </p>
   </div>
   <div class='ocr_carea' id='block_1_83' title="bbox 2190 2311 3781 2388">
    <p class='ocr_par' dir='ltr' id='par_1_83' title="bbox 2190 2311 3781 2388">
     <span class='ocr_line' id='line_1_83' title="bbox 2190 2311 3781 2388; baseline 0.006 -24"><span class='ocrx_word' id='word_1_599' title='bbox 2190 2320 2251 2364; x_wconf 90' lang='lat' dir='ltr'><em>ut</em></span> <span class='ocrx_word' id='word_1_600' title='bbox 2275 2311 2402 2365; x_wconf 89' lang='lat' dir='ltr'><em>ideo</em></span> <span class='ocrx_word' id='word_1_601' title='bbox 2427 2312 2610 2367; x_wconf 88' lang='lat' dir='ltr'><em>credat</em></span> <span class='ocrx_word' id='word_1_602' title='bbox 2637 2329 2854 2368; x_wconf 83' lang='lat' dir='ltr'><em>uxorem</em></span> <span class='ocrx_word' id='word_1_603' title='bbox 2883 2314 2984 2370; x_wconf 90' lang='lat' dir='ltr'><em>sibi</em></span> <span class='ocrx_word' id='word_1_604' title='bbox 3011 2329 3130 2370; x_wconf 89' lang='lat' dir='ltr'><em>esse</em></span> <span class='ocrx_word' id='word_1_605' title='bbox 3156 2315 3472 2384; x_wconf 83' lang='lat' dir='ltr'><em>ducendam,</em></span> <span class='ocrx_word' id='word_1_606' title='bbox 3503 2318 3620 2388; x_wconf 89' lang='lat' dir='ltr'><em>quia</em></span> <span class='ocrx_word' id='word_1_607' title='bbox 3649 2333 3781 2388; x_wconf 88' lang='lat' dir='ltr'><em>pro-</em></span> 
     </span>
    </p>
   </div>
   <div class='ocr_carea' id='block_1_84' title="bbox 2193 2401 3777 2476">
    <p class='ocr_par' dir='ltr' id='par_1_84' title="bbox 2193 2401 3777 2476">
     <span class='ocr_line' id='line_1_84' title="bbox 2193 2401 3777 2476; baseline 0.005 -21"><span class='ocrx_word' id='word_1_608' title='bbox 2193 2401 2340 2456; x_wconf 89' lang='lat' dir='ltr'><em>misit</em></span> <span class='ocrx_word' id='word_1_609' title='bbox 2367 2418 2486 2472; x_wconf 80' lang='lat' dir='ltr'><em>qme</em></span> <span class='ocrx_word' id='word_1_610' title='bbox 2513 2403 2722 2473; x_wconf 89' lang='lat' dir='ltr'><em>nuptias</em></span> <span class='ocrx_word' id='word_1_611' title='bbox 2750 2405 2864 2474; x_wconf 87' lang='lat' dir='ltr'><em>ejus</em></span> <span class='ocrx_word' id='word_1_612' title='bbox 2891 2406 3109 2476; x_wconf 88' lang='lat' dir='ltr'><em>appetit,</em></span> <span class='ocrx_word' id='word_1_613' title='bbox 3140 2405 3374 2461; x_wconf 85' lang='lat' dir='ltr'><em>futuram</em></span> <span class='ocrx_word' id='word_1_614' title='bbox 3400 2423 3458 2463; x_wconf 88' lang='lat' dir='ltr'><em>se</em></span> <span class='ocrx_word' id='word_1_615' title='bbox 3484 2423 3600 2463; x_wconf 89' lang='lat' dir='ltr'><em>esse</em></span> <span class='ocrx_word' id='word_1_616' title='bbox 3623 2407 3777 2464; x_wconf 86' lang='lat' dir='ltr'><em>chri-</em></span> 
     </span>
    </p>
   </div>
   <div class='ocr_carea' id='block_1_85' title="bbox 2190 2493 3780 2567">
    <p class='ocr_par' dir='ltr' id='par_1_85' title="bbox 2190 2493 3780 2567">
     <span class='ocr_line' id='line_1_85' title="bbox 2190 2493 3780 2567; baseline 0.004 -19"><span class='ocrx_word' id='word_1_617' title='bbox 2190 2493 2440 2548; x_wconf 77' lang='lat' dir='ltr'><em>stianum.</em></span> <span class='ocrx_word' id='word_1_618' title='bbox 2471 2494 2622 2562; x_wconf 85' lang='lat' dir='ltr'><em>Quod</em></span> <span class='ocrx_word' id='word_1_619' title='bbox 2650 2495 2793 2551; x_wconf 88' lang='lat' dir='ltr'><em>enim</em></span> <span class='ocrx_word' id='word_1_620' title='bbox 2831 2496 3023 2566; x_wconf 87' lang='lat' dir='ltr'><em>cuique</em></span> <span class='ocrx_word' id='word_1_621' title='bbox 3061 2506 3348 2567; x_wconf 88' lang='lat' dir='ltr'><em>antequam</em></span> <span class='ocrx_word' id='word_1_622' title='bbox 3385 2499 3616 2554; x_wconf 86' lang='lat' dir='ltr'><em>vovisset</em></span> <span class='ocrx_word' id='word_1_623' title='bbox 3643 2499 3780 2556; x_wconf 58' lang='lat' dir='ltr'><em>licev</em></span> 
     </span>
    </p>
   </div>
   <div class='ocr_carea' id='block_1_86' title="bbox 2186 2583 3781 2657">
    <p class='ocr_par' dir='ltr' id='par_1_86' title="bbox 2186 2583 3781 2657">
     <span class='ocr_line' id='line_1_86' title="bbox 2186 2583 3781 2657; baseline 0.005 -19"><span class='ocrx_word' id='word_1_624' title='bbox 2186 2583 2313 2651; x_wconf 86' lang='lat' dir='ltr'><em>bat,</em></span> <span class='ocrx_word' id='word_1_625' title='bbox 2360 2600 2480 2639; x_wconf 91' lang='lat' dir='ltr'><em>cum</em></span> <span class='ocrx_word' id='word_1_626' title='bbox 2535 2585 2590 2639; x_wconf 92' lang='lat' dir='ltr'><em>id</em></span> <span class='ocrx_word' id='word_1_627' title='bbox 2641 2601 2700 2640; x_wconf 88' lang='lat' dir='ltr'><em>se</em></span> <span class='ocrx_word' id='word_1_628' title='bbox 2748 2601 3020 2657; x_wconf 90' lang='lat' dir='ltr'><em>nunquam</em></span> <span class='ocrx_word' id='word_1_629' title='bbox 3076 2586 3339 2642; x_wconf 85' lang='lat' dir='ltr'><em>facturum</em></span> <span class='ocrx_word' id='word_1_630' title='bbox 3392 2590 3628 2654; x_wconf 84' lang='lat' dir='ltr'><em>voverit,</em></span> <span class='ocrx_word' id='word_1_631' title='bbox 3665 2605 3781 2646; x_wconf 88' lang='lat' dir='ltr'><em>non</em></span> 
     </span>
    </p>
   </div>
   <div class='ocr_carea' id='block_1_87' title="bbox 2188 2674 3782 2749">
    <p class='ocr_par' dir='ltr' id='par_1_87' title="bbox 2188 2674 3782 2749">
     <span class='ocr_line' id='line_1_87' title="bbox 2188 2674 3782 2749; baseline 0.004 -19"><span class='ocrx_word' id='word_1_632' title='bbox 2188 2674 2368 2731; x_wconf 89' lang='lat' dir='ltr'><em>licebit</em></span> <span class='ocrx_word' id='word_1_633' title='bbox 2409 2693 2421 2729; x_wconf 93' lang='lat'>:</span> <span class='ocrx_word' id='word_1_634' title='bbox 2471 2676 2516 2729; x_wconf 90' lang='lat' dir='ltr'><em>si</em></span> <span class='ocrx_word' id='word_1_635' title='bbox 2563 2685 2740 2732; x_wconf 89' lang='lat' dir='ltr'><em>tamen</em></span> <span class='ocrx_word' id='word_1_636' title='bbox 2783 2677 2836 2732; x_wconf 90' lang='lat' dir='ltr'><em>id</em></span> <span class='ocrx_word' id='word_1_637' title='bbox 2878 2678 3082 2733; x_wconf 86' lang='lat' dir='ltr'><em>voverit</em></span> <span class='ocrx_word' id='word_1_638' title='bbox 3126 2678 3269 2749; x_wconf 88' lang='lat' dir='ltr'><em>quod</em></span> <span class='ocrx_word' id='word_1_639' title='bbox 3311 2679 3607 2735; x_wconf 86' lang='lat' dir='ltr'><em>vovendum</em></span> <span class='ocrx_word' id='word_1_640' title='bbox 3651 2679 3782 2748; x_wconf 83' lang='lat' dir='ltr'><em>fuit,</em></span> 
     </span>
    </p>
   </div>
   <div class='ocr_carea' id='block_1_88' title="bbox 2185 2767 3784 2844">
    <p class='ocr_par' dir='ltr' id='par_1_88' title="bbox 2185 2767 3784 2844">
     <span class='ocr_line' id='line_1_88' title="bbox 2185 2767 3784 2844; baseline 0.006 -23"><span class='ocrx_word' id='word_1_641' title='bbox 2185 2767 2339 2821; x_wconf 79' lang='lat' dir='ltr'><em>sicuti</em></span> <span class='ocrx_word' id='word_1_642' title='bbox 2385 2775 2467 2822; x_wconf 82' lang='lat' dir='ltr'><em>est</em></span> <span class='ocrx_word' id='word_1_643' title='bbox 2512 2779 2770 2838; x_wconf 89' lang='lat' dir='ltr'><em>perpetua</em></span> <span class='ocrx_word' id='word_1_644' title='bbox 2804 2769 3111 2839; x_wconf 82' lang='lat' dir='ltr'><em>virginitas,</em></span> <span class='ocrx_word' id='word_1_645' title='bbox 3145 2771 3229 2825; x_wconf 91' lang='lat' dir='ltr'><em>vel</em></span> <span class='ocrx_word' id='word_1_646' title='bbox 3276 2773 3602 2830; x_wconf 89' lang='lat' dir='ltr'><em>continentia</em></span> <span class='ocrx_word' id='word_1_647' title='bbox 3647 2783 3784 2844; x_wconf 69' lang='lat' dir='ltr'><em>post</em></span> 
     </span>
    </p>
   </div>
   <div class='ocr_carea' id='block_1_89' title="bbox 2186 2859 3778 2934">
    <p class='ocr_par' dir='ltr' id='par_1_89' title="bbox 2186 2859 3778 2934">
     <span class='ocr_line' id='line_1_89' title="bbox 2186 2859 3778 2934; baseline 0.004 -20"><span class='ocrx_word' id='word_1_648' title='bbox 2186 2868 2408 2929; x_wconf 83' lang='lat' dir='ltr'><em>experta</em></span> <span class='ocrx_word' id='word_1_649' title='bbox 2449 2860 2716 2914; x_wconf 87' lang='lat' dir='ltr'><em>connubia</em></span> <span class='ocrx_word' id='word_1_650' title='bbox 2743 2859 2930 2916; x_wconf 89' lang='lat' dir='ltr'><em>solutis</em></span> <span class='ocrx_word' id='word_1_651' title='bbox 2969 2876 3000 2915; x_wconf 91' lang='lat' dir='ltr'><em>a</em></span> <span class='ocrx_word' id='word_1_652' title='bbox 3029 2861 3240 2916; x_wconf 88' lang='lat' dir='ltr'><em>vinculo</em></span> <span class='ocrx_word' id='word_1_653' title='bbox 3267 2864 3530 2934; x_wconf 85' lang='lat' dir='ltr'><em>conjugali</em></span> <span class='ocrx_word' id='word_1_654' title='bbox 3551 2907 3565 2930; x_wconf 93' lang='lat'><em>,</em></span> <span class='ocrx_word' id='word_1_655' title='bbox 3593 2865 3676 2920; x_wconf 88' lang='lat' dir='ltr'><em>vel</em></span> <span class='ocrx_word' id='word_1_656' title='bbox 3702 2880 3778 2921; x_wconf 72' lang='lat' dir='ltr'><em>ex</em></span> 
     </span>
    </p>
   </div>
   <div class='ocr_carea' id='block_1_90' title="bbox 2189 2950 3780 3011">
    <p class='ocr_par' dir='ltr' id='par_1_90' title="bbox 2189 2950 3780 3011">
     <span class='ocr_line' id='line_1_90' title="bbox 2189 2950 3780 3011; baseline 0.003 -5"><span class='ocrx_word' id='word_1_657' title='bbox 2189 2963 2451 3006; x_wconf 77' lang='lat' dir='ltr'><em>consensu</em></span> <span class='ocrx_word' id='word_1_658' title='bbox 2477 2950 2794 3006; x_wconf 85' lang='lat' dir='ltr'><em>voventibus</em></span> <span class='ocrx_word' id='word_1_659' title='bbox 2823 2959 2878 3006; x_wconf 90' lang='lat' dir='ltr'><em>et</em></span> <span class='ocrx_word' id='word_1_660' title='bbox 2919 2953 3152 3007; x_wconf 90' lang='lat' dir='ltr'><em>carnalia</em></span> <span class='ocrx_word' id='word_1_661' title='bbox 3195 2951 3374 3008; x_wconf 92' lang='lat' dir='ltr'><em>debita</em></span> <span class='ocrx_word' id='word_1_662' title='bbox 3403 2955 3502 3009; x_wconf 90' lang='lat' dir='ltr'><em>sibi</em></span> <span class='ocrx_word' id='word_1_663' title='bbox 3543 2955 3780 3011; x_wconf 85' lang='lat' dir='ltr'><em>invicem</em></span> 
     </span>
    </p>
   </div>
   <div class='ocr_carea' id='block_1_91' title="bbox 2185 3042 3781 3118">
    <p class='ocr_par' dir='ltr' id='par_1_91' title="bbox 2185 3042 3781 3118">
     <span class='ocr_line' id='line_1_91' title="bbox 2185 3042 3781 3118; baseline 0.006 -23"><span class='ocrx_word' id='word_1_664' title='bbox 2185 3042 2547 3098; x_wconf 85' lang='lat' dir='ltr'><em>relaxantibus</em></span> <span class='ocrx_word' id='word_1_665' title='bbox 2611 3042 2859 3099; x_wconf 89' lang='lat' dir='ltr'><em>ﬁdelibus</em></span> <span class='ocrx_word' id='word_1_666' title='bbox 2919 3045 3187 3116; x_wconf 91' lang='lat' dir='ltr'><em>castisque</em></span> <span class='ocrx_word' id='word_1_667' title='bbox 3225 3047 3573 3117; x_wconf 82' lang='lat' dir='ltr'><em>conjugibus;</em></span> <span class='ocrx_word' id='word_1_668' title='bbox 3625 3049 3781 3118; x_wconf 76' lang='lat' dir='ltr'><em>quod</em></span> 
     </span>
    </p>
   </div>
   <div class='ocr_carea' id='block_1_92' title="bbox 2183 3135 3778 3202">
    <p class='ocr_par' dir='ltr' id='par_1_92' title="bbox 2183 3135 3778 3202">
     <span class='ocr_line' id='line_1_92' title="bbox 2183 3135 3778 3202; baseline 0.005 -15"><span class='ocrx_word' id='word_1_669' title='bbox 2183 3135 2409 3189; x_wconf 91' lang='lat' dir='ltr'><em>alterum</em></span> <span class='ocrx_word' id='word_1_670' title='bbox 2455 3135 2570 3189; x_wconf 91' lang='lat' dir='ltr'><em>sine</em></span> <span class='ocrx_word' id='word_1_671' title='bbox 2611 3135 2799 3202; x_wconf 87' lang='lat' dir='ltr'><em>altera,</em></span> <span class='ocrx_word' id='word_1_672' title='bbox 2846 3136 2930 3191; x_wconf 89' lang='lat' dir='ltr'><em>vel</em></span> <span class='ocrx_word' id='word_1_673' title='bbox 2975 3137 3197 3192; x_wconf 89' lang='lat' dir='ltr'><em>alteram</em></span> <span class='ocrx_word' id='word_1_674' title='bbox 3227 3138 3340 3193; x_wconf 88' lang='lat' dir='ltr'><em>sine</em></span> <span class='ocrx_word' id='word_1_675' title='bbox 3368 3138 3534 3193; x_wconf 90' lang='lat' dir='ltr'><em>altero</em></span> <span class='ocrx_word' id='word_1_676' title='bbox 3571 3154 3778 3195; x_wconf 83' lang='lat' dir='ltr'><em>vovere</em></span> 
     </span>
    </p>
   </div>
   <div class='ocr_carea' id='block_1_93' title="bbox 2183 3225 3784 3300">
    <p class='ocr_par' dir='ltr' id='par_1_93' title="bbox 2183 3225 3784 3300">
     <span class='ocr_line' id='line_1_93' title="bbox 2183 3225 3784 3300; baseline 0.005 -21"><span class='ocrx_word' id='word_1_677' title='bbox 2183 3225 2264 3282; x_wconf 85' lang='lat' dir='ltr'><em>fas</em></span> <span class='ocrx_word' id='word_1_678' title='bbox 2308 3243 2416 3281; x_wconf 92' lang='lat' dir='ltr'><em>non</em></span> <span class='ocrx_word' id='word_1_679' title='bbox 2458 3235 2560 3282; x_wconf 91' lang='lat' dir='ltr'><em>est.</em></span> <span class='ocrx_word' id='word_1_680' title='bbox 2610 3226 2738 3282; x_wconf 63' lang='lat' dir='ltr'><em>Haec</em></span> <span class='ocrx_word' id='word_1_681' title='bbox 2792 3242 2950 3298; x_wconf 83' lang='lat' dir='ltr'><em>ergo,</em></span> <span class='ocrx_word' id='word_1_682' title='bbox 2996 3238 3051 3284; x_wconf 92' lang='lat' dir='ltr'><em>et</em></span> <span class='ocrx_word' id='word_1_683' title='bbox 3093 3229 3140 3284; x_wconf 91' lang='lat' dir='ltr'><em>si</em></span> <span class='ocrx_word' id='word_1_684' title='bbox 3195 3245 3297 3300; x_wconf 90' lang='lat' dir='ltr'><em>qua</em></span> <span class='ocrx_word' id='word_1_685' title='bbox 3339 3230 3438 3283; x_wconf 89' lang='lat' dir='ltr'><em>alia</em></span> <span class='ocrx_word' id='word_1_686' title='bbox 3485 3239 3610 3285; x_wconf 89' lang='lat' dir='ltr'><em>sunt</em></span> <span class='ocrx_word' id='word_1_687' title='bbox 3649 3247 3784 3300; x_wconf 79' lang='lat' dir='ltr'><em>quae</em></span> 
     </span>
    </p>
   </div>
   <div class='ocr_carea' id='block_1_94' title="bbox 2183 3319 3778 3389">
    <p class='ocr_par' dir='ltr' id='par_1_94' title="bbox 2183 3319 3778 3389">
     <span class='ocr_line' id='line_1_94' title="bbox 2183 3319 3778 3389; baseline 0.005 -17"><span class='ocrx_word' id='word_1_688' title='bbox 2183 3319 2482 3374; x_wconf 90' lang='lat' dir='ltr'><em>rectissime</em></span> <span class='ocrx_word' id='word_1_689' title='bbox 2526 3330 2822 3385; x_wconf 88' lang='lat' dir='ltr'><em>voventur,</em></span> <span class='ocrx_word' id='word_1_690' title='bbox 2865 3337 2987 3375; x_wconf 90' lang='lat' dir='ltr'><em>cum</em></span> <span class='ocrx_word' id='word_1_691' title='bbox 3032 3321 3276 3376; x_wconf 89' lang='lat' dir='ltr'><em>homines</em></span> <span class='ocrx_word' id='word_1_692' title='bbox 3317 3323 3580 3389; x_wconf 84' lang='lat' dir='ltr'><em>voverint,</em></span> <span class='ocrx_word' id='word_1_693' title='bbox 3627 3325 3778 3380; x_wconf 85' lang='lat' dir='ltr'><em>nulla</em></span> 
     </span>
    </p>
   </div>
   <div class='ocr_carea' id='block_1_95' title="bbox 2183 3411 3780 3484">
    <p class='ocr_par' dir='ltr' id='par_1_95' title="bbox 2183 3411 3780 3484">
     <span class='ocr_line' id='line_1_95' title="bbox 2183 3411 3780 3484; baseline 0.004 -19"><span class='ocrx_word' id='word_1_694' title='bbox 2183 3411 2493 3466; x_wconf 91' lang='lat' dir='ltr'><em>conditione</em></span> <span class='ocrx_word' id='word_1_695' title='bbox 2523 3413 2820 3482; x_wconf 90' lang='lat' dir='ltr'><em>rumpenda</em></span> <span class='ocrx_word' id='word_1_696' title='bbox 2848 3423 2990 3478; x_wconf 85' lang='lat' dir='ltr'><em>sunt,</em></span> <span class='ocrx_word' id='word_1_697' title='bbox 3035 3429 3154 3484; x_wconf 65' lang='lat' dir='ltr'><em>quae</em></span> <span class='ocrx_word' id='word_1_698' title='bbox 3193 3414 3308 3470; x_wconf 89' lang='lat' dir='ltr'><em>sine</em></span> <span class='ocrx_word' id='word_1_699' title='bbox 3338 3415 3444 3470; x_wconf 90' lang='lat' dir='ltr'><em>ulla</em></span> <span class='ocrx_word' id='word_1_700' title='bbox 3469 3417 3780 3474; x_wconf 88' lang='lat' dir='ltr'><em>conditione</em></span> 
     </span>
    </p>
   </div>
   <div class='ocr_carea' id='block_1_96' title="bbox 2184 3503 3780 3577">
    <p class='ocr_par' dir='ltr' id='par_1_96' title="bbox 2184 3503 3780 3577">
     <span class='ocr_line' id='line_1_96' title="bbox 2184 3503 3780 3577; baseline 0.006 -24"><span class='ocrx_word' id='word_1_701' title='bbox 2184 3511 2462 3559; x_wconf 87' lang='lat' dir='ltr'><em>voverunt.</em></span> <span class='ocrx_word' id='word_1_702' title='bbox 2509 3503 2642 3571; x_wconf 90' lang='lat' dir='ltr'><em>Quia</em></span> <span class='ocrx_word' id='word_1_703' title='bbox 2685 3514 2738 3559; x_wconf 91' lang='lat' dir='ltr'><em>et</em></span> <span class='ocrx_word' id='word_1_704' title='bbox 2781 3503 2883 3560; x_wconf 88' lang='lat' dir='ltr'><em>hoc</em></span> <span class='ocrx_word' id='word_1_705' title='bbox 2915 3504 3200 3560; x_wconf 91' lang='lat' dir='ltr'><em>Dominum</em></span> <span class='ocrx_word' id='word_1_706' title='bbox 3231 3509 3547 3577; x_wconf 57' lang='lat' dir='ltr'><em>praecepisse</em></span> <span class='ocrx_word' id='word_1_707' title='bbox 3577 3509 3780 3564; x_wconf 57' lang='lat' dir='ltr'><em>intelli¢</em></span> 
     </span>
    </p>
   </div>
   <div class='ocr_carea' id='block_1_97' title="bbox 2183 3593 3785 3665">
    <p class='ocr_par' dir='ltr' id='par_1_97' title="bbox 2183 3593 3785 3665">
     <span class='ocr_line' id='line_1_97' title="bbox 2183 3593 3785 3665; baseline 0.006 -18"><span class='ocrx_word' id='word_1_708' title='bbox 2183 3593 2411 3662; x_wconf 75' lang='lat' dir='ltr'><em>gendum</em></span> <span class='ocrx_word' id='word_1_709' title='bbox 2442 3602 2552 3662; x_wconf 92' lang='lat' dir='ltr'><em>est,</em></span> <span class='ocrx_word' id='word_1_710' title='bbox 2582 3594 2673 3648; x_wconf 92' lang='lat' dir='ltr'><em>ubi</em></span> <span class='ocrx_word' id='word_1_711' title='bbox 2717 3595 2911 3665; x_wconf 83' lang='lat' dir='ltr'><em>legitur</em></span> <span class='ocrx_word' id='word_1_712' title='bbox 2949 3613 2961 3648; x_wconf 88' lang='lat'><strong>:</strong></span> <span class='ocrx_word' id='word_1_713' title='bbox 3001 3593 3218 3661; x_wconf 81' lang='lat' dir='ltr'><em>Vovete,</em></span> <span class='ocrx_word' id='word_1_714' title='bbox 3251 3606 3298 3650; x_wconf 81' lang='lat' dir='ltr'><em>et</em></span> <span class='ocrx_word' id='word_1_715' title='bbox 3333 3597 3527 3650; x_wconf 84' lang='lat' dir='ltr'><em>reddite</em></span> <span class='ocrx_word' id='word_1_716' title='bbox 3553 3597 3785 3656; x_wconf 82' lang='lat' dir='ltr'><em>Domino</em></span> 
     </span>
    </p>
   </div>
   <div class='ocr_carea' id='block_1_98' title="bbox 2183 3683 3776 3760">
    <p class='ocr_par' dir='ltr' id='par_1_98' title="bbox 2183 3683 3776 3760">
     <span class='ocr_line' id='line_1_98' title="bbox 2183 3683 3776 3760; baseline 0.004 -22"><span class='ocrx_word' id='word_1_717' title='bbox 2183 3683 2293 3739; x_wconf 90' lang='lat' dir='ltr'><em>Deo</em></span> <span class='ocrx_word' id='word_1_718' title='bbox 2322 3697 2482 3740; x_wconf 77' lang='lat' dir='ltr'><em>vestro</em></span> <span class='ocrx_word' id='word_1_719' title='bbox 2514 3685 2684 3760; x_wconf 84' lang='lat' dir='ltr'><em>(Psal.</em></span> <span class='ocrx_word' id='word_1_720' title='bbox 2717 3704 2874 3754; x_wconf 80' lang='lat' dir='ltr'><em>Lxxv,</em></span> <span class='ocrx_word' id='word_1_721' title='bbox 2904 3685 3023 3759; x_wconf 72' lang='grc'><em>12).</em></span> <span class='ocrx_word' id='word_1_722' title='bbox 3055 3687 3206 3743; x_wconf 91' lang='lat' dir='ltr'><em>Unde</em></span> <span class='ocrx_word' id='word_1_723' title='bbox 3235 3690 3523 3759; x_wconf 87' lang='lat' dir='ltr'><em>Apostolus</em></span> <span class='ocrx_word' id='word_1_724' title='bbox 3559 3689 3624 3744; x_wconf 89' lang='lat' dir='ltr'><em>de</em></span> <span class='ocrx_word' id='word_1_725' title='bbox 3649 3692 3776 3760; x_wconf 89' lang='lat' dir='ltr'><em>qui-</em></span> 
     </span>
    </p>
   </div>
   <div class='ocr_carea' id='block_1_99' title="bbox 2187 3777 3785 3852">
    <p class='ocr_par' dir='ltr' id='par_1_99' title="bbox 2187 3777 3785 3852">
     <span class='ocr_line' id='line_1_99' title="bbox 2187 3777 3785 3852; baseline 0.004 -20"><span class='ocrx_word' id='word_1_726' title='bbox 2187 3777 2410 3832; x_wconf 88' lang='lat' dir='ltr'><em>busdam</em></span> <span class='ocrx_word' id='word_1_727' title='bbox 2453 3795 2570 3848; x_wconf 66' lang='lat' dir='ltr'><em>quin</em></span> <span class='ocrx_word' id='word_1_728' title='bbox 2600 3779 2983 3833; x_wconf 88' lang='lat' dir='ltr'><em>continentiam</em></span> <span class='ocrx_word' id='word_1_729' title='bbox 3014 3790 3238 3848; x_wconf 86' lang='lat' dir='ltr'><em>vovent,</em></span> <span class='ocrx_word' id='word_1_730' title='bbox 3269 3790 3324 3835; x_wconf 89' lang='lat' dir='ltr'><em>et</em></span> <span class='ocrx_word' id='word_1_731' title='bbox 3353 3789 3538 3852; x_wconf 90' lang='lat' dir='ltr'><em>postea</em></span> <span class='ocrx_word' id='word_1_732' title='bbox 3569 3781 3785 3839; x_wconf 77' lang='lat' dir='ltr'><em>nubere</em></span> 
     </span>
    </p>
   </div>
   <div class='ocr_carea' id='block_1_100' title="bbox 2183 3868 3774 3943">
    <p class='ocr_par' dir='ltr' id='par_1_100' title="bbox 2183 3868 3774 3943">
     <span class='ocr_line' id='line_1_100' title="bbox 2183 3868 3774 3943; baseline 0.003 -20"><span class='ocrx_word' id='word_1_733' title='bbox 2183 3870 2386 3936; x_wconf 84' lang='lat' dir='ltr'><em>volunt,</em></span> <span class='ocrx_word' id='word_1_734' title='bbox 2416 3868 2556 3940; x_wconf 92' lang='lat' dir='ltr'><em>quod</em></span> <span class='ocrx_word' id='word_1_735' title='bbox 2597 3869 2676 3925; x_wconf 90' lang='lat' dir='ltr'><em>eis</em></span> <span class='ocrx_word' id='word_1_736' title='bbox 2703 3879 2987 3938; x_wconf 88' lang='lat' dir='ltr'><em>antequam</em></span> <span class='ocrx_word' id='word_1_737' title='bbox 3018 3872 3292 3927; x_wconf 89' lang='lat' dir='ltr'><em>vovissent</em></span> <span class='ocrx_word' id='word_1_738' title='bbox 3320 3875 3504 3943; x_wconf 89' lang='lat' dir='ltr'><em>utique</em></span> <span class='ocrx_word' id='word_1_739' title='bbox 3539 3874 3734 3928; x_wconf 87' lang='lat' dir='ltr'><em>licebat</em></span> <span class='ocrx_word' id='word_1_740' title='bbox 3759 3893 3774 3928; x_wconf 93' lang='lat'>:</span> 
     </span>
    </p>
   </div>
   <div class='ocr_carea' id='block_1_101' title="bbox 2185 3957 3781 4036">
    <p class='ocr_par' dir='ltr' id='par_1_101' title="bbox 2185 3957 3781 4036">
     <span class='ocr_line' id='line_1_101' title="bbox 2185 3957 3781 4036; baseline 0.005 -24"><span class='ocrx_word' id='word_1_741' title='bbox 2185 3957 2461 4026; x_wconf 81' lang='lat' dir='ltr'><em>Habentes,</em></span> <span class='ocrx_word' id='word_1_742' title='bbox 2483 3959 2674 4030; x_wconf 88' lang='lat' dir='ltr'><em>inquit,</em></span> <span class='ocrx_word' id='word_1_743' title='bbox 2699 3961 3090 4027; x_wconf 78' lang='lat' dir='ltr'><em>damnationem,</em></span> <span class='ocrx_word' id='word_1_744' title='bbox 3116 3964 3353 4032; x_wconf 89' lang='lat' dir='ltr'><em>quoniam</em></span> <span class='ocrx_word' id='word_1_745' title='bbox 3377 3965 3595 4035; x_wconf 68' lang='lat' dir='ltr'><em>primum</em></span> <span class='ocrx_word' id='word_1_746' title='bbox 3616 3965 3781 4036; x_wconf 83' lang='lat' dir='ltr'><em>fidem</em></span> 
     </span>
    </p>
   </div>
   <div class='ocr_carea' id='block_1_102' title="bbox 2183 4049 3109 4124">
    <p class='ocr_par' dir='ltr' id='par_1_102' title="bbox 2183 4049 3109 4124">
     <span class='ocr_line' id='line_1_102' title="bbox 2183 4049 3109 4124; baseline 0.004 -21"><span class='ocrx_word' id='word_1_747' title='bbox 2183 4051 2380 4104; x_wconf 85' lang='lat' dir='ltr'><em>irritant</em></span> <span class='ocrx_word' id='word_1_748' title='bbox 2413 4056 2637 4122; x_wconf 82' lang='lat' dir='ltr'><em>fecerunt</em></span> <span class='ocrx_word' id='word_1_749' title='bbox 2665 4051 2724 4124; x_wconf 89' lang='lat'><em>(1</em></span> <span class='ocrx_word' id='word_1_750' title='bbox 2753 4049 2884 4106; x_wconf 89' lang='lat' dir='ltr'><em>Tim.</em></span> <span class='ocrx_word' id='word_1_751' title='bbox 2911 4067 2966 4117; x_wconf 86' lang='lat' dir='ltr'><em>v,</em></span> <span class='ocrx_word' id='word_1_752' title='bbox 2998 4051 3109 4124; x_wconf 70' lang='grc'>12).</span> 
     </span>
    </p>
   </div>
   <div class='ocr_carea' id='block_1_103' title="bbox 2255 4146 3772 4219">
    <p class='ocr_par' dir='ltr' id='par_1_103' title="bbox 2255 4146 3772 4219">
     <span class='ocr_line' id='line_1_103' title="bbox 2255 4146 3772 4219; baseline 0.002 -17"><span class='ocrx_word' id='word_1_753' title='bbox 2255 4148 2342 4202; x_wconf 78' lang='grc'>51.</span> <span class='ocrx_word' id='word_1_754' title='bbox 2372 4146 2516 4201; x_wconf 85' lang='lat' dir='ltr'><em>Nihil</em></span> <span class='ocrx_word' id='word_1_755' title='bbox 2542 4162 2671 4218; x_wconf 76' lang='lat' dir='ltr'><em>ergo</em></span> <span class='ocrx_word' id='word_1_756' title='bbox 2710 4146 2924 4217; x_wconf 81' lang='lat' dir='ltr'><em>expedit</em></span> <span class='ocrx_word' id='word_1_757' title='bbox 2951 4147 3092 4219; x_wconf 90' lang='lat' dir='ltr'><em>quod</em></span> <span class='ocrx_word' id='word_1_758' title='bbox 3124 4148 3365 4204; x_wconf 88' lang='lat' dir='ltr'><em>illicitum</em></span> <span class='ocrx_word' id='word_1_759' title='bbox 3392 4158 3474 4204; x_wconf 91' lang='lat' dir='ltr'><em>est</em></span> <span class='ocrx_word' id='word_1_760' title='bbox 3494 4191 3509 4218; x_wconf 92' lang='lat'><em>,</em></span> <span class='ocrx_word' id='word_1_761' title='bbox 3536 4159 3592 4205; x_wconf 87' lang='lat' dir='ltr'><em>et</em></span> <span class='ocrx_word' id='word_1_762' title='bbox 3629 4149 3772 4206; x_wconf 72' lang='lat' dir='ltr'><em>nihil</em></span> 
     </span>
    </p>
   </div>
   <div class='ocr_carea' id='block_1_104' title="bbox 2183 4237 3249 4308">
    <p class='ocr_par' dir='ltr' id='par_1_104' title="bbox 2183 4237 3249 4308">
     <span class='ocr_line' id='line_1_104' title="bbox 2183 4237 3249 4308; baseline 0.002 -17"><span class='ocrx_word' id='word_1_763' title='bbox 2183 4237 2325 4308; x_wconf 90' lang='lat' dir='ltr'><em>quod</em></span> <span class='ocrx_word' id='word_1_764' title='bbox 2357 4239 2606 4307; x_wconf 89' lang='lat' dir='ltr'><em>prohibet</em></span> <span class='ocrx_word' id='word_1_765' title='bbox 2630 4239 2888 4294; x_wconf 89' lang='lat' dir='ltr'><em>Dominus</em></span> <span class='ocrx_word' id='word_1_766' title='bbox 2918 4239 3120 4293; x_wconf 89' lang='lat' dir='ltr'><em>licitmn</em></span> <span class='ocrx_word' id='word_1_767' title='bbox 3148 4249 3249 4295; x_wconf 89' lang='lat' dir='ltr'><em>est.</em></span> 
     </span>
    </p>
   </div>
   <div class='ocr_carea' id='block_1_105' title="bbox 2253 4328 3784 4406">
    <p class='ocr_par' dir='ltr' id='par_1_105' title="bbox 2253 4328 3784 4406">
     <span class='ocr_line' id='line_1_105' title="bbox 2253 4328 3784 4406; baseline 0.003 -21"><span class='ocrx_word' id='word_1_768' title='bbox 2253 4329 2478 4385; x_wconf 87' lang='lat' dir='ltr'><em>CAPUT</em></span> <span class='ocrx_word' id='word_1_769' title='bbox 2517 4328 2684 4383; x_wconf 75' lang='lat' dir='ltr'><strong>XXV.</strong></span> <span class='ocrx_word' id='word_1_770' title='bbox 2731 4361 2802 4370; x_wconf 91' lang='lat'><strong><em>—</em></strong></span> <span class='ocrx_word' id='word_1_771' title='bbox 2845 4331 3124 4385; x_wconf 84' lang='lat' dir='ltr'><em>Consilium</em></span> <span class='ocrx_word' id='word_1_772' title='bbox 3172 4331 3400 4402; x_wconf 77' lang='lat' dir='ltr'><em>Apustoii</em></span> <span class='ocrx_word' id='word_1_773' title='bbox 3459 4333 3511 4388; x_wconf 85' lang='lat' dir='ltr'><em>in</em></span> <span class='ocrx_word' id='word_1_774' title='bbox 3553 4335 3617 4389; x_wconf 83' lang='lat' dir='ltr'><em>iis</em></span> <span class='ocrx_word' id='word_1_775' title='bbox 3658 4352 3784 4406; x_wconf 67' lang='lat' dir='ltr'><em>quae</em></span> 
     </span>
    </p>
   </div>
   <div class='ocr_carea' id='block_1_106' title="bbox 2184 4422 3780 4498">
    <p class='ocr_par' dir='ltr' id='par_1_106' title="bbox 2184 4422 3780 4498">
     <span class='ocr_line' id='line_1_106' title="bbox 2184 4422 3780 4498; baseline 0.006 -23"><span class='ocrx_word' id='word_1_776' title='bbox 2184 4433 2436 4493; x_wconf 55' lang='lat' dir='ltr'><em>praecepta</em></span> <span class='ocrx_word' id='word_1_777' title='bbox 2476 4438 2577 4475; x_wconf 91' lang='lat' dir='ltr'><em>non</em></span> <span class='ocrx_word' id='word_1_778' title='bbox 2614 4433 2763 4490; x_wconf 90' lang='lat' dir='ltr'><em>sunt,</em></span> <span class='ocrx_word' id='word_1_779' title='bbox 2795 4422 3130 4477; x_wconf 86' lang='lat' dir='ltr'><em>audiendum.</em></span> <span class='ocrx_word' id='word_1_780' title='bbox 3179 4424 3400 4489; x_wconf 77' lang='lat' dir='ltr'><em>Quazstio</em></span> <span class='ocrx_word' id='word_1_781' title='bbox 3430 4426 3492 4480; x_wconf 85' lang='lat' dir='ltr'><em>de</em></span> <span class='ocrx_word' id='word_1_782' title='bbox 3521 4427 3780 4498; x_wconf 76' lang='lat' dir='ltr'><em>conjugiis</em></span> 
     </span>
    </p>
   </div>
   <div class='ocr_carea' id='block_1_107' title="bbox 2183 4514 3778 4586">
    <p class='ocr_par' dir='ltr' id='par_1_107' title="bbox 2183 4514 3778 4586">
     <span class='ocr_line' id='line_1_107' title="bbox 2183 4514 3778 4586; baseline 0.004 -19"><span class='ocrx_word' id='word_1_783' title='bbox 2183 4515 2498 4586; x_wconf 75' lang='lat' dir='ltr'><em>difﬁcillima.</em></span> <span class='ocrx_word' id='word_1_784' title='bbox 2529 4514 2647 4568; x_wconf 81' lang='lat' dir='ltr'><em>Atia</em></span> <span class='ocrx_word' id='word_1_785' title='bbox 2694 4516 2900 4585; x_wconf 75' lang='lat' dir='ltr'><em>quwstio</em></span> <span class='ocrx_word' id='word_1_786' title='bbox 2951 4515 3214 4572; x_wconf 85' lang='lat' dir='ltr'><em>Poitentii.</em></span> <span class='ocrx_word' id='word_1_787' title='bbox 3243 4517 3372 4582; x_wconf 73' lang='lat' dir='ltr'><em>Qua:</em></span> <span class='ocrx_word' id='word_1_788' title='bbox 3408 4526 3586 4574; x_wconf 89' lang='lat' dir='ltr'><em>autem</em></span> <span class='ocrx_word' id='word_1_789' title='bbox 3623 4520 3778 4574; x_wconf 88' lang='lat' dir='ltr'><em>nullo</em></span> 
     </span>
    </p>
   </div>
   <div class='ocr_carea' id='block_1_108' title="bbox 2186 4607 3780 4680">
    <p class='ocr_par' dir='ltr' id='par_1_108' title="bbox 2186 4607 3780 4680">
     <span class='ocr_line' id='line_1_108' title="bbox 2186 4607 3780 4680; baseline 0.004 -18"><span class='ocrx_word' id='word_1_790' title='bbox 2186 4607 2397 4664; x_wconf 90' lang='lat' dir='ltr'><em>Domini</em></span> <span class='ocrx_word' id='word_1_791' title='bbox 2424 4607 2819 4678; x_wconf 86' lang='lat' dir='ltr'><em>constringente</em></span> <span class='ocrx_word' id='word_1_792' title='bbox 2853 4619 3124 4678; x_wconf 81' lang='lat' dir='ltr'><em>praecepto</em></span> <span class='ocrx_word' id='word_1_793' title='bbox 3157 4610 3211 4663; x_wconf 92' lang='lat' dir='ltr'><em>in</em></span> <span class='ocrx_word' id='word_1_794' title='bbox 3251 4619 3512 4680; x_wconf 89' lang='lat' dir='ltr'><em>potestate</em></span> <span class='ocrx_word' id='word_1_795' title='bbox 3549 4612 3780 4668; x_wconf 78' lang='lat' dir='ltr'><em>dimissa</em></span> 
     </span>
    </p>
   </div>
   <div class='ocr_carea' id='block_1_109' title="bbox 2183 4699 3778 4774">
    <p class='ocr_par' dir='ltr' id='par_1_109' title="bbox 2183 4699 3778 4774">
     <span class='ocr_line' id='line_1_109' title="bbox 2183 4699 3778 4774; baseline 0.003 -18"><span class='ocrx_word' id='word_1_796' title='bbox 2183 4710 2339 4766; x_wconf 91' lang='lat' dir='ltr'><em>sunt,</em></span> <span class='ocrx_word' id='word_1_797' title='bbox 2386 4700 2439 4754; x_wconf 91' lang='lat' dir='ltr'><em>in</em></span> <span class='ocrx_word' id='word_1_798' title='bbox 2484 4699 2570 4754; x_wconf 86' lang='lat' dir='ltr'><em>bis</em></span> <span class='ocrx_word' id='word_1_799' title='bbox 2607 4699 2854 4754; x_wconf 88' lang='lat' dir='ltr'><em>audiatur</em></span> <span class='ocrx_word' id='word_1_800' title='bbox 2893 4701 3202 4771; x_wconf 85' lang='lat' dir='ltr'><em>Apostolus,</em></span> <span class='ocrx_word' id='word_1_801' title='bbox 3244 4701 3297 4756; x_wconf 90' lang='lat' dir='ltr'><em>in</em></span> <span class='ocrx_word' id='word_1_802' title='bbox 3339 4703 3540 4774; x_wconf 88' lang='lat' dir='ltr'><em>Spiritu</em></span> <span class='ocrx_word' id='word_1_803' title='bbox 3581 4715 3778 4760; x_wconf 88' lang='lat' dir='ltr'><em>sancto</em></span> 
     </span>
    </p>
   </div>
   <div class='ocr_carea' id='block_1_110' title="bbox 2181 4795 3776 4867">
    <p class='ocr_par' dir='ltr' id='par_1_110' title="bbox 2181 4795 3776 4867">
     <span class='ocr_line' id='line_1_110' title="bbox 2181 4795 3776 4867; baseline 0.003 -17"><span class='ocrx_word' id='word_1_804' title='bbox 2181 4809 2408 4850; x_wconf 89' lang='lat' dir='ltr'><em>monens</em></span> <span class='ocrx_word' id='word_1_805' title='bbox 2449 4803 2505 4850; x_wconf 91' lang='lat' dir='ltr'><em>et</em></span> <span class='ocrx_word' id='word_1_806' title='bbox 2546 4795 2834 4850; x_wconf 89' lang='lat' dir='ltr'><em>consulens</em></span> <span class='ocrx_word' id='word_1_807' title='bbox 2877 4803 2936 4850; x_wconf 91' lang='lat' dir='ltr'><em>ut</em></span> <span class='ocrx_word' id='word_1_808' title='bbox 2962 4796 3044 4850; x_wconf 86' lang='lat' dir='ltr'><em>vel</em></span> <span class='ocrx_word' id='word_1_809' title='bbox 3086 4797 3306 4851; x_wconf 86' lang='lat' dir='ltr'><em>meliora</em></span> <span class='ocrx_word' id='word_1_810' title='bbox 3345 4797 3648 4867; x_wconf 90' lang='lat' dir='ltr'><em>capiantur,</em></span> <span class='ocrx_word' id='word_1_811' title='bbox 3687 4798 3776 4854; x_wconf 87' lang='lat' dir='ltr'><em>vel</em></span> 
     </span>
    </p>
   </div>
   <div class='ocr_carea' id='block_1_111' title="bbox 2182 4886 3772 4959">
    <p class='ocr_par' dir='ltr' id='par_1_111' title="bbox 2182 4886 3772 4959">
     <span class='ocr_line' id='line_1_111' title="bbox 2182 4886 3772 4959; baseline 0.001 -17"><span class='ocrx_word' id='word_1_812' title='bbox 2182 4903 2244 4942; x_wconf 91' lang='lat' dir='ltr'><em>ea</em></span> <span class='ocrx_word' id='word_1_813' title='bbox 2274 4902 2394 4959; x_wconf 66' lang='lat' dir='ltr'><em>qua:</em></span> <span class='ocrx_word' id='word_1_814' title='bbox 2419 4902 2528 4942; x_wconf 88' lang='lat' dir='ltr'><em>non</em></span> <span class='ocrx_word' id='word_1_815' title='bbox 2549 4886 2840 4955; x_wconf 80' lang='lat' dir='ltr'><em>expediunt</em></span> <span class='ocrx_word' id='word_1_816' title='bbox 2859 4897 3166 4942; x_wconf 87' lang='lat' dir='ltr'><em>caveantur.</em></span> <span class='ocrx_word' id='word_1_817' title='bbox 3199 4887 3272 4944; x_wconf 88' lang='lat' dir='ltr'><em>lbi</em></span> <span class='ocrx_word' id='word_1_818' title='bbox 3295 4888 3540 4944; x_wconf 87' lang='lat' dir='ltr'><em>audiatur</em></span> <span class='ocrx_word' id='word_1_819' title='bbox 3560 4889 3772 4956; x_wconf 88' lang='lat' dir='ltr'><em>dicens,</em></span> 
     </span>
    </p>
   </div>
   <div class='ocr_carea' id='block_1_112' title="bbox 2183 4977 3773 5051">
    <p class='ocr_par' dir='ltr' id='par_1_112' title="bbox 2183 4977 3773 5051">
     <span class='ocr_line' id='line_1_112' title="bbox 2183 4977 3773 5051; baseline 0.002 -19"><span class='ocrx_word' id='word_1_820' title='bbox 2183 4979 2506 5051; x_wconf 79' lang='lat' dir='ltr'><em>Prceceptum</em></span> <span class='ocrx_word' id='word_1_821' title='bbox 2532 4977 2742 5032; x_wconf 86' lang='lat' dir='ltr'><em>Domini</em></span> <span class='ocrx_word' id='word_1_822' title='bbox 2788 4994 2890 5032; x_wconf 85' lang='lat' dir='ltr'><em>non</em></span> <span class='ocrx_word' id='word_1_823' title='bbox 2936 4977 3114 5045; x_wconf 80' lang='lat' dir='ltr'><em>habeo,</em></span> <span class='ocrx_word' id='word_1_824' title='bbox 3146 4979 3414 5033; x_wconf 79' lang='lat' dir='ltr'><em>consilium</em></span> <span class='ocrx_word' id='word_1_825' title='bbox 3457 4989 3626 5034; x_wconf 78' lang='lat' dir='ltr'><em>autent</em></span> <span class='ocrx_word' id='word_1_826' title='bbox 3665 4981 3732 5035; x_wconf 84' lang='lat' dir='ltr'><em>do</em></span> <span class='ocrx_word' id='word_1_827' title='bbox 3751 4999 3773 5047; x_wconf 79' lang='lat'><em>,&#39;</em></span> 
     </span>
    </p>
   </div>
   <div class='ocr_carea' id='block_1_113' title="bbox 2179 5065 3778 5140">
    <p class='ocr_par' dir='ltr' id='par_1_113' title="bbox 2179 5065 3778 5140">
     <span class='ocr_line' id='line_1_113' title="bbox 2179 5065 3778 5140; baseline 0 -16"><span class='ocrx_word' id='word_1_828' title='bbox 2179 5079 2269 5136; x_wconf 89' lang='lat' dir='ltr'><em>ct,</em></span> <span class='ocrx_word' id='word_1_829' title='bbox 2291 5069 2404 5140; x_wconf 82' lang='lat' dir='ltr'><em>Ego</em></span> <span class='ocrx_word' id='word_1_830' title='bbox 2430 5069 2542 5122; x_wconf 87' lang='lat' dir='ltr'><em>dico</em></span> <span class='ocrx_word' id='word_1_831' title='bbox 2561 5108 2577 5133; x_wconf 92' lang='lat'><em>,</em></span> <span class='ocrx_word' id='word_1_832' title='bbox 2607 5083 2708 5120; x_wconf 86' lang='lat' dir='ltr'><em>non</em></span> <span class='ocrx_word' id='word_1_833' title='bbox 2735 5065 3005 5122; x_wconf 89' lang='lat' dir='ltr'><em>Dominus.</em></span> <span class='ocrx_word' id='word_1_834' title='bbox 3059 5067 3136 5122; x_wconf 91' lang='lat' dir='ltr'><em>lbi</em></span> <span class='ocrx_word' id='word_1_835' title='bbox 3175 5069 3220 5122; x_wconf 87' lang='lat' dir='ltr'><em>si</em></span> <span class='ocrx_word' id='word_1_836' title='bbox 3261 5069 3482 5126; x_wconf 88' lang='lat' dir='ltr'><em>meliora</em></span> <span class='ocrx_word' id='word_1_837' title='bbox 3523 5070 3778 5140; x_wconf 79' lang='lat' dir='ltr'><em>elegerit,</em></span> 
     </span>
    </p>
   </div>
   <div class='ocr_carea' id='block_1_114' title="bbox 2178 5159 3772 5233">
    <p class='ocr_par' dir='ltr' id='par_1_114' title="bbox 2178 5159 3772 5233">
     <span class='ocr_line' id='line_1_114' title="bbox 2178 5159 3772 5233; baseline -0.001 -17"><span class='ocrx_word' id='word_1_838' title='bbox 2178 5162 2270 5233; x_wconf 89' lang='lat' dir='ltr'><em>qui</em></span> <span class='ocrx_word' id='word_1_839' title='bbox 2303 5161 2480 5226; x_wconf 88' lang='lat' dir='ltr'><em>audit,</em></span> <span class='ocrx_word' id='word_1_840' title='bbox 2513 5159 2725 5215; x_wconf 82' lang='lat' dir='ltr'><em>Solutus</em></span> <span class='ocrx_word' id='word_1_841' title='bbox 2749 5168 2824 5213; x_wconf 90' lang='lat' dir='ltr'><em>est</em></span> <span class='ocrx_word' id='word_1_842' title='bbox 2871 5160 2933 5212; x_wconf 89' lang='lat' dir='ltr'><em>ab</em></span> <span class='ocrx_word' id='word_1_843' title='bbox 2963 5175 3151 5227; x_wconf 71' lang='lat' dir='ltr'><em>uxore,</em></span> <span class='ocrx_word' id='word_1_844' title='bbox 3183 5177 3286 5216; x_wconf 85' lang='lat' dir='ltr'><em>non</em></span> <span class='ocrx_word' id='word_1_845' title='bbox 3311 5170 3507 5232; x_wconf 76' lang='lat' dir='ltr'><em>qucerat</em></span> <span class='ocrx_word' id='word_1_846' title='bbox 3532 5179 3772 5226; x_wconf 65' lang='lat' dir='ltr'><em>uxorem,</em></span> 
     </span>
    </p>
   </div>
   <div class='ocr_carea' id='block_1_115' title="bbox 2178 5251 3778 5326">
    <p class='ocr_par' dir='ltr' id='par_1_115' title="bbox 2178 5251 3778 5326">
     <span class='ocr_line' id='line_1_115' title="bbox 2178 5251 3778 5326; baseline 0.003 -18"><span class='ocrx_word' id='word_1_847' title='bbox 2178 5254 2306 5325; x_wconf 88' lang='lat' dir='ltr'><em>quia</em></span> <span class='ocrx_word' id='word_1_848' title='bbox 2346 5262 2394 5308; x_wconf 92' lang='lat' dir='ltr'><em>et</em></span> <span class='ocrx_word' id='word_1_849' title='bbox 2431 5252 2476 5308; x_wconf 85' lang='lat' dir='ltr'><em>si</em></span> <span class='ocrx_word' id='word_1_850' title='bbox 2524 5251 2772 5322; x_wconf 83' lang='lat' dir='ltr'><em>acceperit</em></span> <span class='ocrx_word' id='word_1_851' title='bbox 2811 5267 3039 5319; x_wconf 73' lang='lat' dir='ltr'><em>uxorem,</em></span> <span class='ocrx_word' id='word_1_852' title='bbox 3087 5269 3189 5308; x_wconf 88' lang='lat' dir='ltr'><em>non</em></span> <span class='ocrx_word' id='word_1_853' title='bbox 3232 5264 3404 5324; x_wconf 85' lang='lat' dir='ltr'><em>peccat</em></span> <span class='ocrx_word' id='word_1_854' title='bbox 3443 5270 3462 5308; x_wconf 90' lang='lat'><strong><em>:</em></strong></span> <span class='ocrx_word' id='word_1_855' title='bbox 3507 5254 3581 5310; x_wconf 86' lang='lat' dir='ltr'><em>ibi</em></span> <span class='ocrx_word' id='word_1_856' title='bbox 3621 5256 3778 5326; x_wconf 82' lang='lat' dir='ltr'><em>virgo</em></span> 
     </span>
    </p>
   </div>
   <div class='ocr_carea' id='block_1_116' title="bbox 2178 5349 3776 5422">
    <p class='ocr_par' dir='ltr' id='par_1_116' title="bbox 2178 5349 3776 5422">
     <span class='ocr_line' id='line_1_116' title="bbox 2178 5349 3776 5422; baseline -0.004 -12"><span class='ocrx_word' id='word_1_857' title='bbox 2178 5369 2288 5410; x_wconf 85' lang='lat' dir='ltr'><em>non</em></span> <span class='ocrx_word' id='word_1_858' title='bbox 2328 5353 2513 5408; x_wconf 79' lang='lat' dir='ltr'><em>nubat.</em></span> <span class='ocrx_word' id='word_1_859' title='bbox 2563 5350 2664 5418; x_wconf 83' lang='lat' dir='ltr'><em>Qui</em></span> <span class='ocrx_word' id='word_1_860' title='bbox 2692 5350 2838 5406; x_wconf 83' lang='lat' dir='ltr'><em>enim</em></span> <span class='ocrx_word' id='word_1_861' title='bbox 2873 5367 2974 5405; x_wconf 86' lang='lat' dir='ltr'><em>non</em></span> <span class='ocrx_word' id='word_1_862' title='bbox 3000 5349 3089 5404; x_wconf 85' lang='lat' dir='ltr'><em>dat</em></span> <span class='ocrx_word' id='word_1_863' title='bbox 3128 5361 3364 5422; x_wconf 80' lang='lat' dir='ltr'><em>nuptum,</em></span> <span class='ocrx_word' id='word_1_864' title='bbox 3397 5350 3578 5406; x_wconf 79' lang='lat' dir='ltr'><em>melius</em></span> <span class='ocrx_word' id='word_1_865' title='bbox 3604 5353 3776 5422; x_wconf 85' lang='lat' dir='ltr'><em>facit;</em></span> 
     </span>
    </p>
   </div>
   <div class='ocr_carea' id='block_1_117' title="bbox 2177 5441 3778 5516">
    <p class='ocr_par' dir='ltr' id='par_1_117' title="bbox 2177 5441 3778 5516">
     <span class='ocr_line' id='line_1_117' title="bbox 2177 5441 3778 5516; baseline -0.004 -14"><span class='ocrx_word' id='word_1_866' title='bbox 2177 5455 2225 5502; x_wconf 87' lang='lat' dir='ltr'><em>et</em></span> <span class='ocrx_word' id='word_1_867' title='bbox 2257 5446 2342 5516; x_wconf 87' lang='lat' dir='ltr'><em>qui</em></span> <span class='ocrx_word' id='word_1_868' title='bbox 2377 5444 2464 5499; x_wconf 83' lang='lat' dir='ltr'><em>dat</em></span> <span class='ocrx_word' id='word_1_869' title='bbox 2504 5452 2738 5516; x_wconf 81' lang='lat' dir='ltr'><em>nuptum,</em></span> <span class='ocrx_word' id='word_1_870' title='bbox 2767 5441 2892 5498; x_wconf 84' lang='lat' dir='ltr'><em>bene</em></span> <span class='ocrx_word' id='word_1_871' title='bbox 2926 5441 3070 5513; x_wconf 84' lang='lat' dir='ltr'><em>facit.</em></span> <span class='ocrx_word' id='word_1_872' title='bbox 3114 5442 3190 5497; x_wconf 88' lang='lat' dir='ltr'><em>lbi</em></span> <span class='ocrx_word' id='word_1_873' title='bbox 3224 5442 3434 5498; x_wconf 84' lang='lat' dir='ltr'><em>beatior</em></span> <span class='ocrx_word' id='word_1_874' title='bbox 3473 5442 3546 5498; x_wconf 88' lang='lat' dir='ltr'><em>sit</em></span> <span class='ocrx_word' id='word_1_875' title='bbox 3581 5442 3778 5497; x_wconf 81' lang='lat' dir='ltr'><em>mulier</em></span> 
     </span>
    </p>
   </div>
   <div class='ocr_carea' id='block_1_118' title="bbox 2178 5537 3778 5610">
    <p class='ocr_par' dir='ltr' id='par_1_118' title="bbox 2178 5537 3778 5610">
     <span class='ocr_line' id='line_1_118' title="bbox 2178 5537 3778 5610; baseline -0.001 -16"><span class='ocrx_word' id='word_1_876' title='bbox 2178 5541 2257 5596; x_wconf 88' lang='lat' dir='ltr'><em>sic</em></span> <span class='ocrx_word' id='word_1_877' title='bbox 2298 5538 2676 5608; x_wconf 87' lang='lat' dir='ltr'><em>permanendo,</em></span> <span class='ocrx_word' id='word_1_878' title='bbox 2720 5553 2840 5610; x_wconf 75' lang='lat' dir='ltr'><em>qua:</em></span> <span class='ocrx_word' id='word_1_879' title='bbox 2875 5546 3089 5592; x_wconf 90' lang='lat' dir='ltr'><em>mortuo</em></span> <span class='ocrx_word' id='word_1_880' title='bbox 3118 5537 3234 5593; x_wconf 86' lang='lat' dir='ltr'><em>viro</em></span> <span class='ocrx_word' id='word_1_881' title='bbox 3271 5540 3459 5593; x_wconf 91' lang='lat' dir='ltr'><em>suo-in</em></span> <span class='ocrx_word' id='word_1_882' title='bbox 3501 5545 3778 5608; x_wconf 78' lang='lat' dir='ltr'><em>poteStato</em></span> 
     </span>
    </p>
   </div>
   <div class='ocr_carea' id='block_1_119' title="bbox 2179 5628 3778 5698">
    <p class='ocr_par' dir='ltr' id='par_1_119' title="bbox 2179 5628 3778 5698">
     <span class='ocr_line' id='line_1_119' title="bbox 2179 5628 3778 5698; baseline -0.001 -12"><span class='ocrx_word' id='word_1_883' title='bbox 2179 5631 2357 5698; x_wconf 84' lang='lat' dir='ltr'><em>habet,</em></span> <span class='ocrx_word' id='word_1_884' title='bbox 2387 5631 2470 5685; x_wconf 89' lang='lat' dir='ltr'><em>cui</em></span> <span class='ocrx_word' id='word_1_885' title='bbox 2493 5631 2606 5684; x_wconf 91' lang='lat' dir='ltr'><em>vult</em></span> <span class='ocrx_word' id='word_1_886' title='bbox 2628 5629 2856 5694; x_wconf 88' lang='lat' dir='ltr'><em>nubere,</em></span> <span class='ocrx_word' id='word_1_887' title='bbox 2883 5639 3078 5686; x_wconf 79' lang='lat' dir='ltr'><em>tantum</em></span> <span class='ocrx_word' id='word_1_888' title='bbox 3104 5631 3160 5682; x_wconf 83' lang='lat' dir='ltr'><em>in</em></span> <span class='ocrx_word' id='word_1_889' title='bbox 3176 5629 3418 5684; x_wconf 79' lang='lat' dir='ltr'><em>Domino.</em></span> <span class='ocrx_word' id='word_1_890' title='bbox 3456 5628 3609 5696; x_wconf 89' lang='lat' dir='ltr'><em>Quod</em></span> <span class='ocrx_word' id='word_1_891' title='bbox 3638 5628 3778 5684; x_wconf 88' lang='lat' dir='ltr'><em>duo-</em></span> 
     </span>
    </p>
   </div>
   <div class='ocr_carea' id='block_1_120' title="bbox 2176 5723 3771 5798">
    <p class='ocr_par' dir='ltr' id='par_1_120' title="bbox 2176 5723 3771 5798">
     <span class='ocr_line' id='line_1_120' title="bbox 2176 5723 3771 5798; baseline -0.003 -17"><span class='ocrx_word' id='word_1_892' title='bbox 2176 5725 2278 5782; x_wconf 90' lang='lat' dir='ltr'><em>bus</em></span> <span class='ocrx_word' id='word_1_893' title='bbox 2307 5725 2480 5779; x_wconf 90' lang='lat' dir='ltr'><em>modis</em></span> <span class='ocrx_word' id='word_1_894' title='bbox 2517 5724 2684 5798; x_wconf 80' lang='lat' dir='ltr'><em>accipi</em></span> <span class='ocrx_word' id='word_1_895' title='bbox 2727 5733 2935 5793; x_wconf 91' lang='lat' dir='ltr'><em>potest;</em></span> <span class='ocrx_word' id='word_1_896' title='bbox 2983 5731 3075 5778; x_wconf 89' lang='lat' dir='ltr'><em>aut</em></span> <span class='ocrx_word' id='word_1_897' title='bbox 3103 5723 3389 5777; x_wconf 86' lang='lat' dir='ltr'><em>christiana</em></span> <span class='ocrx_word' id='word_1_898' title='bbox 3423 5737 3771 5798; x_wconf 84' lang='lat' dir='ltr'><em>permanens,</em></span> 
     </span>
    </p>
   </div>
   <div class='ocr_carea' id='block_1_121' title="bbox 2181 5797 3786 5885">
    <p class='ocr_par' dir='ltr' id='par_1_121' title="bbox 2181 5797 3786 5885">
     <span class='ocr_line' id='line_1_121' title="bbox 2181 5797 3786 5885; baseline -0.001 -15"><span class='ocrx_word' id='word_1_899' title='bbox 2181 5825 2272 5871; x_wconf 86' lang='lat' dir='ltr'><em>aut</em></span> <span class='ocrx_word' id='word_1_900' title='bbox 2315 5797 2892 5871; x_wconf 12' lang='lat' dir='ltr'><em>christianoinubens.</em></span> <span class='ocrx_word' id='word_1_901' title='bbox 2943 5815 3056 5869; x_wconf 84' lang='lat' dir='ltr'><em>Non</em></span> <span class='ocrx_word' id='word_1_902' title='bbox 3085 5815 3226 5871; x_wconf 89' lang='lat' dir='ltr'><em>enim</em></span> <span class='ocrx_word' id='word_1_903' title='bbox 3276 5823 3518 5885; x_wconf 87' lang='lat' dir='ltr'><em>tempore</em></span> <span class='ocrx_word' id='word_1_904' title='bbox 3556 5797 3786 5871; x_wconf 59' lang='grc' dir='ltr'><em>τέτριλή</em></span> 
     </span>
    </p>
   </div>
  </div>
