4070 6334
523 327 618 381 ιη

1435 574 1903 682 LIBER
1984 558 2834 687 SECUNDUS.

1386 298 1489 385 VDB
1525 327 1872 386 coruucns
1909 326 2381 392 ADULTERINIS,
2410 327 2477 384 s.
2517 329 2886 388 AUGUSTINI

580 755 896 826 nedarguitpr
929 757 1219 826 Pollentina,
1245 758 1484 826 adulterio
1520 764 1690 826 putans
1711 757 1915 826 perinde
1937 763 2085 818 atque
2108 763 2262 826 morte
2282 757 2399 826 solvi
2423 761 2699 826 qonjugiqm
2715 797 2730 821 ,
2765 775 2924 826 eoque
2942 766 3141 816 trahens
3162 730 3279 816 illud
3304 769 3512 826 Apostoli
3536 770 3773 822 adem-in-

512 818 661 873 tliios.

705 817 1141 894 WWWWPP
1163 819 1306 894 Ῑιιέπίί
1332 819 1403 894 "it
1425 817 1561 892 de.
1605 817 1907 894 “M05495
1927 817 2303 894 ῑέδειξιρτιιξειω
2326 820 2417 894 ἒιοο
2441 817 2545 892 ιφθὲ)
2568 817 2869 894 “item!
2904 827 3177 894 sdulwrum
3217 817 3775 894 ίαιρηίιςίίένὲίιιῖὸὲἱὶι

511 878 696 955 deinde
705 881 827 955 ejus
843 879 1028 943 reliqua
1047 878 1311 940 diluuntur,
1330 888 1381 930 et
1404 878 1531 930 varia
1555 893 1664 944 qua:
1698 880 1906 929 suboriri
1925 879 2066 929 timet
2085 880 2379 930 incommoda
2392 916 2408 942 ,
2430 883 2523 931 nisi
2539 884 2791 946 repudiata
2811 886 3029 938 adultera
3050 888 3233 939 dueere
3251 878 3454 940 alteram

1872 1024 2349 1104 Ngo...—

510 945 801 989 retulanlur.

580 1175 805 1231 CAPUT
844 1173 1124 1232 PRIMUM.
1152 1204 1222 1214 —-
1248 1174 1299 1228 1.
1344 1172 1511 1242 Hujus
1540 1171 1654 1225 libri
1678 1171 1894 1235 occasio,
1926 1169 2005 1224 Ad
2028 1185 2090 1224 ea

506 1280 626 1330 qua:
670 1264 797 1319 mibi
843 1265 1158 1336 scripseras,
1204 1263 1367 1319 frater
1416 1262 1659 1332 religiose
1700 1261 1946 1329 Pollenti,
1982 1262 2090 1331 jam

508 1358 889 1427 rescripseram
919 1373 1026 1413 non
1055 1373 1272 1428 parvum
1299 1356 1569 1421 volumen,
1597 1355 1666 1410 de
1684 1352 1755 1427 iis
1791 1354 1881 1425 qui
1907 1354 2090 1408 viven-

507 1449 648 1504 tibus
667 1450 980 1521 conjugibus
996 1451 1106 1506 suis
1124 1450 1242 1505 aliis
1260 1450 1595 1518 copulantur.
1623 1445 1776 1515 Quod
1797 1461 1915 1501 cum
1937 1446 2093 1499 inno-

509 1539 697 1594 tuisset
748 1539 1028 1595 Dilectioni
1079 1547 1203 1604 tuae,
1262 1538 1508 1594 addidisti
1546 1538 1721 1608 aliqua
1758 1536 1825 1591 ad
1853 1533 2090 1591 libellum

509 1641 674 1695 tuum,
712 1632 870 1688 etiam
895 1632 977 1687 bis
1003 1647 1090 1688 me
1114 1631 1439 1701 respondere
1464 1629 1772 1685 desiderans
1803 1644 1819 1683 :
1848 1626 1942 1682 sed
1970 1641 2090 1682 cum

506 1721 684 1785 facere
712 1723 1073 1795 diSponerem,
1108 1723 1353 1779 addendo
1385 1730 1441 1777 et
1464 1736 1566 1792 ego
1609 1720 1674 1774 ad
1715 1734 1912 1783 meum,
1942 1717 2013 1772 ita
2035 1727 2093 1771 ut

510 1829 649 1871 unus
677 1815 814 1872 liber
836 1827 979 1872 esset
1003 1818 1163 1873 etiam
1192 1814 1555 1885 responsionis
1583 1827 1717 1868 mea:
1736 1853 1751 1876 ,
1782 1818 2003 1880 repente
2031 1809 2094 1863 il-

504 1905 594 1961 lud
622 1907 824 1963 editum
865 1908 1110 1979 estquod
1152 1908 1485 1963 absolveram
1525 1906 1691 1976 prius,
1734 1900 2092 1973 ﬂagitantibus

505 1995 776 2064 fratribus,
807 2008 863 2056 et
882 2000 1245 2056 nescientibus
1267 1998 1464 2053 nostris
1482 1998 1499 2029 ¹
1527 1995 1668 2067 quod
1696 1993 1871 2049 adhuc
1893 1991 2090 2061 aliquid

504 2098 652 2146 esset
694 2090 1020 2147 addendum.
1054 2090 1188 2146 Hinc
1233 2089 1433 2145 factum
1463 2096 1545 2143 est
1572 2094 1631 2142 ut
1656 2086 1824 2141 altero
1849 2097 2091 2139 seorsum

502 2182 788 2250 opusculo,
816 2182 884 2238 ad
912 2198 976 2238 ea
1005 2197 1123 2253 qua:
1150 2180 1425 2247 addidisti,
1455 2176 1783 2250 respondere
1804 2174 2092 2244 compelle-

503 2285 612 2326 rer.
643 2270 759 2326 Non
775 2280 952 2327 autem
973 2288 1094 2342 qua:
1121 2271 1391 2336 addidisti,
1417 2269 1664 2339 adjuncta
1690 2276 1815 2322 sunt
1840 2265 1932 2320 fini
1957 2280 2092 2335 opu-

502 2362 636 2429 sculi
663 2362 770 2429 toi;
798 2363 915 2431 sed,
948 2362 1038 2419 ubi
1066 2363 1237 2418 visum
1265 2370 1366 2429 est,
1388 2361 1503 2432 ejus
1527 2359 1802 2430 interjecta
1829 2365 1954 2413 sunt
1974 2371 2092 2412 cor-

503 2453 641 2524 pori.

575 2544 803 2603 CAPUT
842 2546 908 2604 ll.
933 2576 1005 2590 --
1028 2548 1084 2602 2.
1125 2545 1368 2602 Pollentii
1399 2544 1674 2608 sententia,
1721 2543 1905 2597 nubere
1946 2539 2093 2593 alteri

502 2638 708 2692 vetitum
728 2654 834 2693 esse
860 2638 1068 2709 conjugi
1085 2680 1101 2703 ,
1123 2638 1169 2692 si
1204 2655 1237 2692 a
1262 2653 1361 2691 non
1387 2636 1687 2706 fornicante,
1716 2650 1817 2688 non
1855 2640 2022 2685 autem
2049 2629 2095 2683 si

502 2730 848 2798 afornicante
873 2728 1179 2784 discesserit.
1213 2727 1478 2781 Mortuum
1502 2726 1555 2779 in
1585 2725 1695 2779 loco
1719 2721 1875 2776 Pauli
1904 2719 2093 2774 intelli-

502 2816 722 2885 gendum
748 2818 903 2872 etiam
928 2819 1262 2888 fornicantem
1291 2816 1459 2872 sentit.
1487 2815 1688 2870 Horum
1716 2814 1944 2881 primum
1964 2808 2090 2864 illud

501 2918 606 2975 est,
634 2910 718 2965 cui
748 2909 960 2980 quidem
989 2910 1218 2965 arbitror
1246 2925 1332 2964 me
1353 2906 1677 2977 respondere
1705 2904 1922 2969 debere,
1946 2900 2089 2973 quod

507 3005 559 3056 in
594 3003 674 3057 bis
698 3002 937 3072 Apostoli
965 3003 1167 3070 verbis,
1193 3002 1282 3058 ubi
1311 3001 1403 3066 ait,
1422 2998 1627 3055 Caeteris
1645 3005 1811 3051 autem
1835 3011 1929 3066 ego
1955 2994 2088 3057 dico,

507 3111 607 3150 non
641 3094 905 3161 Dominus,
937 3095 1196 3149 mulierem
1221 3109 1255 3148 α
1281 3092 1388 3147 viro
1415 3106 1518 3145 non
1556 3088 1844 3151 discedere;
1881 3084 2018 3157 quod
2048 3085 2093 3139 si

502 3186 806 3253 discesserit,
837 3201 1041 3240 manere
1067 3186 1352 3254 innuptam,
1385 3190 1472 3235 aut
1501 3180 1607 3234 viro
1635 3194 1728 3234 suo
1752 3174 2089 3240 reconciliari,

504 3294 610 3333 non
635 3287 787 3348 putas
808 3278 878 3333 ita
904 3277 1104 3333 dictum
1133 3291 1275 3343 esse,
1303 3275 1349 3330 si
1373 3273 1674 3337 discesserit,
1703 3279 1814 3326 uta
1842 3270 1958 3324 viro
1986 3268 2095 3322 for-

511 3370 724 3426 nicanle
748 3370 1059 3425 discessisse
1100 3367 1443 3437 intelligatur,
1470 3379 1571 3435 qua
1599 3364 1714 3420 sola
1735 3376 1894 3417 causa
1923 3360 2094 3416 disce-

503 3462 633 3519 dere
671 3462 873 3518 licitum
913 3469 1031 3527 est;
1059 3459 1153 3516 sed
1193 3458 1370 3528 potius
1398 3458 1670 3513 existimas
1709 3469 1739 3507 a
1787 3452 1998 3524 pudico,
2038 3460 2094 3507 et

506 3552 626 3608 ideo
648 3551 851 3623 jussam
881 3565 1098 3607 manere
1134 3549 1441 3617 innuptam,
1482 3553 1542 3598 ut
1564 3551 1746 3615 posset
1774 3544 1821 3598 ei
1848 3541 2088 3596 reconci-

507 3644 646 3710 liari,
672 3644 719 3699 si
739 3644 1015 3699 continere
1034 3642 1120 3696 ille
1154 3638 1432 3702 noluisset,
1457 3651 1525 3691 ne
1543 3636 1710 3689 virum
1733 3633 1797 3687 ad
1826 3633 2093 3686 fornican-

505 3735 658 3801 dum,
694 3733 746 3789 id
774 3743 875 3799 est,
902 3733 968 3787 ad
995 3732 1153 3786 aliam
1173 3746 1234 3787 se
1262 3731 1475 3785 vivente
1498 3724 1816 3788 ducendam,
1845 3726 1955 3794 ipsa
1982 3740 2087 3778 non

506 3824 844 3879 reconciliata
863 3821 1225 3892 compelleret.
1254 3819 1515 3875 Caeterum
1540 3816 1586 3872 si
1610 3832 1638 3869 a
1661 3816 1775 3869 viro
1797 3814 2090 3869 fornicante

508 3914 842 3979 discesserit,
883 3922 1037 3984 putas
1066 3912 1115 3967 ei
1139 3926 1246 3966 non
1292 3907 1507 3980 principi
1547 3915 1604 3961 ut
1629 3906 1844 3974 innupta
1877 3904 2088 3973 perma-

505 4013 632 4061 neat
660 4022 673 4059 :
698 4004 793 4060 sed
820 4004 922 4059 hoc
939 4018 1055 4059 eam
1078 4002 1272 4067 facere,
1313 4000 1359 4055 si
1387 3998 1668 4055 continens
1690 4011 1810 4051 esse
1833 3996 2085 4061 voluerit;

507 4112 613 4151 non
636 4105 692 4150 ut
717 4095 968 4165 prmcepti
994 4094 1237 4148 violatrix
1267 4090 1565 4147 inveniatur
1588 4102 1726 4151 esse,
1757 4088 1799 4141 si
1828 4088 2086 4155 nupserit.

506 4187 637 4254 Quae
663 4187 757 4241 tibi
786 4186 992 4240 videtur
1036 4183 1204 4239 forma
1242 4191 1296 4238 et
1332 4197 1364 4235 a
1406 4182 1524 4236 viro
1562 4195 1682 4235 esse
1710 4178 1991 4243 Servanda,
2030 4187 2089 4233 ut

506 4291 729 4332 uxorem
757 4292 863 4331 non
894 4274 1142 4339 dimittat,
1174 4279 1396 4342 excepta
1425 4284 1585 4325 causa
1617 4267 2013 4332 fornicationis;
2043 4268 2086 4322 si

506 4378 682 4423 autem
703 4367 986 4433 dimiserit,
1014 4372 1226 4420 maneat
1250 4363 1365 4417 sine
1391 4360 1662 4431 coniugio,
1685 4367 1744 4413 ut
1769 4357 1973 4428 pudica:
1998 4373 2088 4412 re-

506 4456 779 4513 conciliari
826 4456 996 4526 possit
1033 4454 1206 4520 uxori,
1256 4451 1357 4506 nisi
1401 4451 1538 4505 forte
1573 4448 1954 4504 continentiam
1997 4447 2084 4501 illa

505 4549 789 4618 delegerit;
813 4564 879 4603 ne
906 4547 1086 4601 uxoris
1108 4554 1267 4601 easne
1291 4542 1773 4599 reconciliationem
1796 4540 2083 4611 refugiens.

507 4640 624 4708 ipse
651 4639 792 4693 illam
832 4645 986 4707 cogat
1019 4634 1297 4702 mtecbari,
1339 4634 1385 4688 si
1423 4647 1544 4689 sese
1570 4648 1675 4687 non
1704 4631 1983 4688 continens
2005 4631 2085 4685 vi-

505 4737 663 4786 vente
703 4728 792 4783 illo
829 4727 1069 4798 nupserit
1105 4725 1255 4781 alteri
1290 4742 1304 4779 :
1336 4725 1381 4780 si
1420 4733 1598 4779 autem
1628 4723 1787 4779 fuerit
1826 4722 1894 4778 ab
1921 4737 2085 4777 uxore

506 4822 801 4877 fornicante
828 4819 1142 4890 disjunctus,
1167 4817 1278 4888 jam
1303 4830 1426 4870 eum
1454 4815 1599 4870 nullo
1630 4822 1898 4885 praecepto
1939 4820 1998 4867 ut
2024 4828 2085 4869 se

502 4915 777 4970 contineat
801 4911 1046 4977 detineri,
1070 4926 1169 4966 nec
1193 4910 1414 4964 omnino
1448 4908 1725 4975 mmcltari,
1758 4907 1803 4961 si
1840 4906 1957 4960 viva
1997 4905 2083 4960 illa

499 5006 723 5061 alteram
762 5001 973 5059 duxerit
1023 5000 1310 5070 :quoniam
1351 4998 1402 5054 id
1431 4997 1575 5069 quod
1612 4998 1685 5052 ait
1709 4997 1847 5052 idem
1875 5003 2085 5066 aposto-

501 5095 605 5162 lus,
640 5095 828 5151 Mulier
846 5094 1055 5166 alligata
1082 5100 1173 5157 est,
1202 5089 1442 5161 quamdiu
1466 5090 1542 5144 vir
1564 5089 1675 5158 ejus
1698 5088 1850 5150 vivit;
1886 5086 2019 5154 quod
2040 5085 2085 5138 si

501 5198 727 5243 mortuus
749 5187 897 5259 fuerit
933 5186 1007 5239 vir
1035 5185 1167 5254 ejus,
1198 5181 1405 5237 liberata
1424 5189 1531 5246 est;
1578 5179 1657 5232 cui
1686 5179 1790 5232 vult
1832 5176 1986 5230 nubat
2023 5176 2082 5247 (Ι

502 5279 619 5332 Cor.
653 5293 745 5343 vn,
766 5277 854 5343 10,
887 5277 975 5343 Η,
995 5276 1135 5346 59);
1168 5275 1243 5329 sic
1272 5270 1669 5341 intelligendum
1697 5270 1986 5332 existimas,
2025 5278 2085 5323 ut

502 5367 547 5419 si
573 5367 654 5420 vir
675 5367 831 5421 fuerit
852 5367 1159 5429 fornicatus,
1187 5379 1285 5434 pro
1307 5372 1518 5418 mortuo
1542 5361 1842 5430 deputetur,
1871 5369 1924 5416 et
1942 5376 2083 5416 uxor

507 5472 604 5526 pro
624 5465 867 5521 mortua;
896 5465 951 5511 et
974 5457 1095 5513 ideo
1116 5456 1272 5511 liceat
1303 5455 1521 5511 cuilibet
1566 5454 1797 5520 illorum,
1829 5462 2079 5523 tanquam

572 5571 589 5602 ι
625 5570 761 5628 Editi,
802 5568 1121 5633 ﬂagitantibus
1138 5567 1373 5679 (retribui:
1394 5568 1568 5619 nostris
1587 5573 1632 5619 et
1661 5564 1990 5639 nescientibus.
2026 5574 2081 5638 ᾼι

572 5644 611 5679 s.
637 5644 824 5679 vocem.
849 5631 1021 5679 nostris
1040 5669 1053 5679 .
1078 5645 1138 5679 co
1158 5631 1316 5679 locant
1340 5639 1444 5679 nost
1461 5666 1474 5679 .
1499 5638 1544 5679 et
1568 5628 1914 5679 aestuantibus:
1953 5635 2008 5678 ut
2034 5643 2079 5676 Ill

503 5638 611 5702 mss.
637 5628 824 5702 vocem,
835 5628 1022 5702 nostris
1040 5669 1053 5691 ,
1078 5628 1316 5702 collocant
1339 5639 1444 5702 post
1461 5666 1474 5688 ,
1499 5638 1544 5680 et
1568 5628 1914 5702 nescientibus;
1953 5635 2008 5702 ut
2034 5630 2079 5676 in

503 5693 590 5756 bis,
600 5691 795 5756 quidem
817 5688 1109 5742 domesticos
1140 5700 1192 5742 et
1205 5688 1539 5756 convictores,
1566 5694 1613 5741 in
1635 5688 1952 5753 ﬂaaitantibus
1976 5690 2078 5753 fra-

506 5752 657 5806 tribus
679 5766 794 5803 vero
816 5761 1078 5804 extraneos
1100 5752 1444 5816 intelligamus.

2198 1178 2320 1240 post
2358 1180 2615 1238 mortem,
2645 1175 2715 1229 ita
2746 1184 2867 1245 post
2906 1175 3307 1234 fornicationem
3343 1179 3585 1253 conjugis
3611 1183 3772 1238 alteri

2196 1262 2451 1332 copulari.

2265 1355 2492 1412 CAPUT
2526 1357 2611 1412 Ill.
2638 1388 2710 1398 —
2729 1360 2783 1416 '5.
2811 1359 3083 1432 Refellitur
3111 1361 3413 1419 Pollentius.
3439 1364 3642 1431 Quibus
3670 1368 3777 1422 tuis

2195 1448 2440 1504 sensibus
2464 1451 2813 1506 consideratis
2832 1493 2851 1520 ,
2879 1453 2976 1509 abs
3009 1463 3061 1510 te
3087 1470 3290 1525 quaero,
3312 1466 3493 1512 utrum
3520 1460 3775 1529 quicum-

2196 1552 2300 1606 que
2327 1538 2539 1595 duxerit
2572 1542 2847 1598 mulierem
2879 1559 2999 1613 quae
3027 1545 3145 1600 viro
3168 1546 3378 1616 alligata
3403 1562 3521 1603 esse
3546 1549 3777 1605 destite-

2195 1626 2299 1695 rit,
2342 1629 2549 1684 adulter
2589 1630 2863 1688 habendns
2909 1634 3019 1688 sit?
3066 1634 3216 1702 Quod
3245 1636 3338 1690 tibi
3377 1637 3623 1692 existimo
3661 1654 3771 1693 non

2195 1718 2383 1774 videri.
2403 1719 2526 1776 Ideo
2542 1722 2683 1776 enim
2704 1723 2894 1779 mulier
2913 1725 3100 1779 vivente
3118 1726 3224 1779 viro
3240 1725 3495 1780 vocabitur
3515 1727 3772 1791 adultera,

2194 1808 2239 1862 si
2265 1809 2414 1878 fuerit
2439 1828 2552 1865 cum
2576 1812 2679 1866 alio
2712 1814 2855 1880 viro;
2886 1814 3137 1884 quoniam
3168 1816 3378 1887 alligata
3400 1826 3504 1883 est,
3529 1819 3775 1887 quamdiu

2195 1898 2272 1952 vir
2296 1901 2409 1970 ejus
2436 1902 2573 1956 vivit.
2597 1902 2708 1959 Hoc
2728 1913 2906 1960 autem
2935 1906 3204 1960 vinculum
3237 1908 3283 1961 si
3317 1908 3366 1962 ei
3395 1922 3513 1962 cum
3538 1909 3653 1963 viro
3682 1911 3771 1964 vi-

2197 2000 2353 2045 vente
2397 2007 2504 2047 non
2548 2003 2726 2061 esset,
2771 1996 2889 2053 sine
2930 1997 3040 2051 ullo
3074 1997 3320 2053 adulterii
3360 2000 3580 2056 crimine
3615 2002 3773 2057 alteri

2195 2082 2438 2139 nuberet.
2463 2085 2694 2142 Proinde
2729 2087 2774 2143 si
2800 2088 3009 2158 alligata
3039 2098 3120 2144 est
3157 2089 3406 2160 quamdiu
3437 2091 3518 2144 vir
3541 2092 3659 2160 ejus
3686 2093 3774 2148 vi-

2196 2172 2304 2241 vit,
2334 2174 2480 2231 nullo
2518 2176 2679 2232 modo
2706 2178 2809 2233 nisi
2846 2179 2965 2235 viro
2989 2189 3200 2235 mortuo
3226 2181 3400 2237 soluta
3428 2182 3654 2238 dicenda
3688 2192 3776 2240 est

2194 2264 2265 2320 ab
2292 2264 2392 2321 hoc
2416 2266 2646 2323 vinculo.
2684 2269 2852 2325 Porro
2882 2271 2931 2327 si
2966 2280 3138 2327 morte
3161 2273 3440 2342 cujuslibet
3466 2288 3650 2330 eorum
3691 2276 3778 2330 in-

2198 2364 2277 2412 ter
2299 2360 2545 2415 maritum
2576 2369 2633 2417 et
2657 2378 2878 2419 uxorem
2904 2363 3008 2420 ltoc
3034 2365 3301 2421 vinculum
3322 2366 3563 2434 solvitur,
3594 2375 3647 2422 ct
3674 2383 3775 2437 pro

2194 2459 2367 2508 morte
2407 2452 2647 2509 habenda
2688 2458 2803 2521 est,
2848 2455 2987 2511 sicut
3028 2456 3197 2525 dicis,
3238 2458 3399 2513 etiam
3456 2457 3773 2526 fornicatio,

2196 2545 2378 2615 procul
2419 2545 2581 2601 dubio
2625 2547 2728 2603 erit
2772 2548 2841 2603 ab
2870 2548 2971 2604 boc
2996 2550 3268 2605 etmulier
3290 2550 3498 2615 soluta,
3542 2551 3762 2621 quando

2198 2635 2353 2691 fuerit
2374 2636 2650 2694 fornicata.
2676 2638 2859 2709 Neque
2879 2640 3021 2695 enim
3044 2640 3151 2696 dici
3192 2643 3389 2711 poterit
3413 2643 3529 2698 lucc
3555 2643 3771 2714 alligata

2195 2725 2344 2793 viro,
2376 2727 2588 2797 quando
2625 2729 2693 2784 ab
2712 2722 2810 2783 illa
2854 2729 3014 2785 fuerit
3041 2731 3122 2784 vir
3146 2730 3372 2787 solutus.
3413 2732 3491 2787 Ac
3526 2747 3621 2803 per
3668 2732 3779 2789 boe

2196 2824 2538 2888 posteaquam
2582 2816 2891 2873 fornicando
2928 2818 3141 2889 alligata
3181 2820 3298 2876 viro
3325 2820 3772 2887 cssedestiterit,

2194 2907 2436 2979 quisquis
2462 2923 2579 2963 eam
2606 2907 2816 2964 duxerit
2836 2950 2852 2974 ,
2880 2908 3094 2965 adulter
3120 2924 3226 2966 non
3253 2910 3378 2966 erit.

2264 2997 2489 3054 CAPUT
2538 2997 2627 3054 IV.
2650 3027 2723 3040 —
2744 2998 3152 3055 Fornicationent
3189 3018 3283 3072 pro
3320 3010 3476 3057 morte
3502 3002 3780 3073 conjugalc

2194 3088 2450 3144 vinculum
2473 3089 2695 3145 solvente
2730 3091 3001 3162 deputare,
3044 3107 3197 3162 quam
3223 3091 3514 3147 absurdum.
3548 3091 3619 3147 Et
3648 3090 3778 3149 vide

2194 3195 2353 3250 quam
2382 3182 2453 3235 sit
2483 3180 2809 3250 absurdum,
2856 3191 2916 3239 ut
2954 3182 3076 3240 ideo
3119 3197 3225 3238 non
3265 3183 3334 3238 sit
3371 3182 3601 3250 adulter,
3642 3182 3776 3252 quia

2193 3271 2347 3327 duxit
2381 3272 2700 3329 adulteram.
2730 3273 2841 3328 lmo
2867 3288 3025 3342 vero,
3060 3273 3206 3344 quod
3240 3282 3323 3329 est
3349 3273 3775 3338 monstruosius,

2195 3376 2295 3418 nec
2318 3360 2431 3434 ipsa
2461 3363 2655 3417 mulier
2679 3363 2780 3417 erit
2805 3363 3045 3419 adultera
3074 3382 3088 3417 :
3112 3364 3365 3434 quoniam
3393 3378 3499 3419 non
3538 3364 3641 3419 erit
3668 3377 3774 3434 po-

2194 3456 2404 3510 steriori
2432 3457 2545 3511 viro
2571 3470 2704 3510 uxor
2732 3456 2938 3523 aliena,
2965 3454 3062 3510 sed
3104 3470 3221 3511 sua.
3258 3455 3444 3512 Soluto
3488 3455 3629 3510 enim
3675 3470 3779 3523 per

2194 3546 2511 3602 adulterium
2558 3546 2734 3615 priore
2756 3545 3019 3616 conjngali
3047 3545 3259 3601 vinculo
3276 3586 3293 3611 ,
3319 3546 3633 3615 cuicumque
3657 3546 3774 3615 jam

2195 3637 2435 3705 nupserit
2464 3636 2744 3707 conjugcm
2773 3650 2878 3691 non
2922 3635 3173 3702 babenti,
3218 3650 3323 3690 non
3361 3635 3601 3690 adultera
3645 3650 3774 3690 cum

2194 3726 2436 3782 adultero
2453 3767 2471 3792 ,
2495 3726 2589 3781 sed
2611 3741 2750 3781 uxor
2777 3727 2880 3781 erit
2905 3727 3079 3796 potius
3101 3740 3223 3781 cum
3251 3726 3462 3781 marito.
3487 3726 3775 3793 Quomodo

2192 3832 2321 3889 ergo
2346 3818 2447 3873 erit
2478 3832 2685 3884 verum,
2718 3816 2907 3871 Mulier
2930 3817 3141 3888 alligata
3166 3826 3271 3884 est,
3296 3816 3536 3887 quamdiu
3564 3816 3635 3869 vir
3662 3818 3777 3887 ejus

2192 3908 2350 3963 vivit?
2372 3908 2510 3963 Ecce
2536 3908 2619 3962 vir
2644 3907 2763 3978 ejus
2782 3908 2945 3976 vivit,
2966 3908 3090 3978 quia
3110 3923 3209 3963 nec
3235 3908 3303 3963 de
3326 3922 3553 3980 corpore
3581 3922 3777 3963 exces-

2191 4000 2282 4067 sit,
2308 4014 2408 4055 nec
2433 3999 2721 4055 fornicatus
2746 4008 2830 4056 est
2851 4040 2867 4063 .
2889 4000 3029 4070 quod
3056 4015 3153 4071 pro
3176 4008 3348 4056 morte
3376 4000 3457 4056 vis
3481 3998 3722 4069 deputari
3748 4016 3765 4064 ;

2191 4100 2246 4146 et
2266 4099 2442 4146 tamen
2470 4091 2519 4145 ei
2540 4091 2731 4146 mulier
2751 4091 2961 4161 alligata
2983 4091 3094 4162 jam
3123 4107 3230 4148 non
3256 4101 3357 4148 est.
3382 4092 3569 4147 Nonne
3595 4101 3775 4148 atten-

2192 4181 2275 4236 dis
2292 4196 2450 4251 quam
2477 4181 2547 4236 sit
2567 4182 2670 4237 hoc
2690 4190 2876 4237 contra
2902 4183 3217 4254 Apostolum
3245 4183 3509 4240 dicentem
3528 4223 3545 4250 ,
3579 4182 3769 4237 Mulier

2192 4273 2403 4344 alligata
2431 4283 2536 4340 est,
2564 4274 2808 4344 quamdiu
2836 4274 2911 4328 vir
2936 4274 3045 4345 ejus
3072 4274 3232 4329 vivit?
3253 4275 3336 4329 An
3364 4274 3498 4330 forte
3525 4273 3770 4329 dicturus

2190 4379 2249 4419 es
2272 4382 2287 4419 :
2312 4365 2451 4419 Vivit
2475 4366 2710 4436 quidem,
2742 4367 2835 4422 sed
2863 4366 2943 4420 vir
2962 4366 3077 4436 ejus
3095 4366 3207 4437 jam
3231 4382 3335 4421 non
3364 4376 3479 4433 est;
3508 4368 3764 4436 quoniam

2191 4467 2317 4513 tunc
2342 4473 2460 4514 esse
2486 4459 2708 4525 destitit,
2738 4458 2950 4529 quando
2973 4459 3062 4514 illa
3094 4474 3190 4529 per
3212 4459 3530 4515 adulterium
3575 4463 3770 4528 conju-

2190 4549 2308 4619 gale
2336 4549 2604 4604 vinculum
2629 4549 2821 4604 solvit?
2848 4548 3127 4617 Quomodo
3155 4549 3314 4619 igitur
3333 4550 3524 4604 vivente
3549 4550 3656 4603 viro
3683 4566 3773 4602 vo.

2190 4640 2383 4694 rabitur
2423 4638 2684 4706 adultera,
2712 4640 2758 4694 si
2780 4640 2931 4709 fuerit
2964 4655 3080 4694 cum
3118 4640 3221 4694 alio
3260 4640 3405 4706 viro;
3432 4638 3774 4710 quandoqui-

2188 4732 2311 4788 dem
2341 4732 2423 4787 vir
2446 4732 2561 4802 ejus
2597 4732 2686 4788 ille
2722 4733 2830 4803 jam
2862 4748 2967 4788 non
2995 4741 3079 4788 est
3099 4774 3113 4798 ,
3142 4731 3409 4803 conjugali
3434 4731 3647 4787 vinculo
3668 4745 3777 4801 per

2188 4825 2425 4880 mulieris
2467 4824 2783 4880 adulterium
2823 4825 2935 4895 jam
2982 4825 3196 4881 soluto?
3232 4825 3348 4893 Quo
3381 4824 3523 4880 enim
3552 4824 3772 4878 vivente

2189 4916 2325 4982 viro,
2359 4916 2459 4971 nisi
2489 4930 2607 4981 suo,
2637 4916 2913 4970 vocabitur
2937 4916 3176 4971 adultera
3195 4957 3210 4983 ,
3247 4916 3292 4971 si
3322 4915 3482 4971 fuerit
3511 4929 3633 4969 cum
3661 4914 3773 4968 alio

2189 5009 2342 5064 viro?
2370 5009 2439 5062 At
2467 5008 2622 5063 sivir
2640 5007 2755 5076 ejus
2776 5022 2898 5063 esse
2922 5009 3010 5064 ille
3030 5009 3140 5079 jam
3172 5009 3415 5075 destitit;
3444 5023 3551 5063 non
3580 5007 3771 5077 utique

2188 5102 2398 5157 vivente
2427 5100 2542 5154 viro
2579 5099 2853 5154 vocabitur
2880 5099 3116 5155 adultera
3140 5140 3157 5167 ,
3204 5100 3250 5154 si
3292 5097 3456 5154 fuerit
3492 5114 3616 5155 cum
3659 5099 3773 5152 alio

2189 5193 2341 5258 viro;
2388 5191 2484 5248 sed
2524 5192 2723 5247 nullum
2768 5190 2973 5249 habens
3020 5193 3193 5247 virum
3222 5192 3470 5247 nubendo
3502 5191 3606 5247 erit
3641 5206 3770 5246 cum

2187 5299 2286 5340 suo
2309 5284 2442 5337 viro.
2473 5283 2585 5338 lloe
2624 5283 2710 5352 qui
2754 5285 2933 5351 sentit,
2970 5299 3147 5339 nonne
3174 5283 3351 5339 cernis
3379 5297 3538 5353 quam
3579 5290 3774 5336 contra

2187 5375 2499 5446 Apostolum
2544 5373 2774 5430 sentiat?
2801 5375 2952 5443 Quod
2993 5375 3207 5446 quidem
3251 5390 3357 5430 non
3402 5375 3517 5446 ipse
3560 5372 3771 5438 sentis,

2186 5468 2278 5524 sed
2310 5467 2412 5522 hoc
2445 5467 2684 5537 sequitur
2713 5466 2801 5521 illa
2836 5481 2954 5537 quae
3005 5467 3190 5522 sentis.
3250 5467 3390 5521 Muta
3439 5478 3566 5535 ergo
3610 5470 3772 5517 ante-

2185 5558 2460 5625 cedentia,
2505 5557 2549 5611 si
2593 5557 2673 5612 vis
2716 5571 2909 5612 cavere
2947 5557 3253 5638 sequentia;
3301 5566 3356 5612 et
3397 5556 3504 5611 noli
3544 5554 3765 5621 dicere,

2187 5660 2450 5704 mortuum
2491 5649 2665 5703 virum
2707 5648 2788 5703 vel
2827 5657 3089 5702 mortuam
3124 5664 3343 5704 uxorem
3381 5647 3483 5703 hoc
3511 5646 3631 5702 loco
3660 5643 3769 5700 de-

2188 5741 2312 5794 bere
2346 5740 2563 5811 intelligi
2590 5740 2750 5794 etiam
2777 5739 3143 5794 fornicantem.
