4070 6334
266 362 355 423 ηδ
1575 349 1770 407 LIBER
1809 345 2182 405 SECUNDUS.

327 479 375 532 4.
405 472 776 543 Quamobrem
818 475 1105 531 secundum
1155 470 1448 526 doctrinam
1498 483 1681 522 sanam
1725 467 1850 523 Mu-

270 570 349 621 iier
381 566 594 637 alligata
632 573 709 619 est
729 606 745 632 ,
772 567 1012 637 quamdiu
1047 567 1124 619 uir
1155 567 1263 637 ejus
1293 566 1446 628 vivit;
1477 563 1525 618 id
1554 574 1634 618 est
1656 605 1671 629 ,
1715 579 1849 617 non-

276 658 390 713 dum
424 673 455 712 e
486 672 718 727 corpore
744 659 1019 712 abscessit.
1052 658 1238 711 Mulier
1271 657 1413 711 enim
1447 657 1542 710 sub
1573 657 1677 709 viro
1700 698 1714 722 ,
1743 656 1851 708 vivo

275 751 447 805 marito
463 791 478 814 ,
496 749 681 820 juncta
702 760 775 804 est
795 751 892 820 legi
905 766 923 812 ;
950 750 1052 805 hoc
1075 759 1155 804 est
1173 790 1188 816 ,
1213 750 1514 818 incorpore
1535 748 1845 802 constituto.

274 844 330 902 Si
364 853 530 897 autem
555 849 787 896 mortuus
811 843 990 912 fuerit,
1024 842 1124 895 hoc
1145 850 1225 896 est
1249 884 1262 905 ,
1292 840 1360 895 de
1383 855 1610 910 corpore
1635 839 1844 902 exierit,

272 942 501 988 aeacuata
528 940 599 988 est
628 949 661 986 a
687 933 796 1003 lege
821 933 934 988 viri.
970 932 1139 1004 Igitur
1171 934 1360 986 vivente
1399 933 1504 986 viro
1530 973 1544 996 ,
1591 932 1849 985 vocabitur

271 1025 514 1088 adultera,
545 1025 590 1078 si
619 1025 774 1094 fuerit
798 1039 913 1076 cum
937 1024 1039 1076 alio
1060 1025 1184 1077 uiro.
1212 1023 1274 1078 Si
1298 1031 1468 1076 autem
1494 1035 1720 1076 mortuus
1740 1026 1852 1092 fue-

261 1117 329 1169 'rit
355 1117 431 1170 vir
457 1117 600 1187 ejus,
632 1116 844 1169 liberata
870 1124 942 1168 est
968 1132 1000 1167 a
1029 1116 1139 1186 lege
1180 1116 1219 1180 ί,
1268 1124 1324 1168 ut
1354 1132 1454 1169 non
1490 1117 1552 1169 sit
1577 1116 1810 1168 adultera
1830 1155 1844 1180 ,

267 1210 308 1263 si
339 1209 492 1279 fuerit
529 1224 646 1260 cum
681 1208 788 1261 alio
818 1211 923 1261 viro
951 1207 1127 1277 (Rom.
1147 1223 1217 1261 vn
1237 1249 1250 1273 ,
1289 1208 1324 1260 9.
1352 1216 1396 1261 et
1426 1208 1500 1277 ὅ).
1540 1207 1664 1262 Ηίῐέϐ
1688 1206 1846 1261 verba

271 1300 507 1370 Apostoli
540 1299 697 1353 toties
721 1299 942 1368 repetita
962 1341 976 1365 ,
1009 1299 1165 1353 toties
1201 1299 1463 1353 inculcata
1483 1341 1498 1366 ,
1528 1314 1649 1354 vera
1685 1307 1842 1364 sunt,

268 1390 375 1444 viva
401 1399 550 1453 sunt,
580 1404 709 1443 sana
748 1398 905 1455 sunt,
939 1391 1092 1458 plana
1119 1399 1261 1443 sunt.
1289 1390 1499 1445 Nullius
1526 1391 1624 1445 viri
1659 1399 1842 1460 poste-

272 1479 420 1533 rioris
453 1479 649 1534 mulier
675 1493 811 1533 uxor
834 1493 952 1534 esse
974 1479 1192 1550 incipit,
1218 1479 1318 1534 nisi
1339 1481 1531 1550 prioris
1558 1495 1677 1536 esse
1707 1479 1847 1534 desi-

271 1573 416 1624 verit.
461 1571 597 1624 Esse
619 1579 795 1623 autem
826 1569 1036 1624 desinet
1064 1585 1197 1624 uxor
1225 1571 1418 1640 prioris
1441 1613 1456 1636 ,
1502 1572 1546 1626 si
1590 1573 1847 1632 moriatur

269 1660 344 1714 vir
367 1659 522 1729 ejus;
566 1675 674 1712 non
713 1661 758 1713 si
787 1659 1098 1715 fornicetur.
1144 1661 1311 1717 Licite
1354 1662 1533 1731 itaque
1563 1662 1848 1716 dimittitur

267 1751 456 1819 conqu
485 1750 557 1804 oh
581 1765 794 1804 causam
821 1750 1216 1816 fornicationis;
1246 1752 1338 1806 sed
1368 1762 1545 1808 manet
1571 1753 1844 1807 vinculum

269 1842 484 1910 prioris,
515 1850 736 1911 propter
761 1842 903 1910 quod
932 1843 989 1896 lit
1018 1859 1141 1897 reus
1163 1843 1426 1910 adulterii,
1454 1845 1542 1914 qui
1565 1844 1842 1898 dimissam

266 1933 471 1991 duxerit
497 1937 660 1990 etiam
689 1935 760 1989 ob
787 1950 1004 1990 causam
1031 1936 1418 1990 fornicationis.

329 2025 552 2081 CAPUT
585 2025 651 2080 V.
684 2026 1008 2097 -—Coujugii
1038 2027 1292 2080 vinculum
1322 2036 1480 2080 morte
1501 2027 1712 2091 resolvi,
1745 2043 1846 2080 non

267 2127 425 2172 autem
445 2119 772 2187 fornicatione
793 2127 840 2172 et
870 2119 1185 2188 separatione
1213 2119 1506 2188 conjugum.
1534 2118 1682 2173 Sicut
1701 2118 1843 2172 enim

266 2218 514 2263 manente
541 2210 591 2262 in
639 2225 699 2264 se
737 2209 1086 2264 Sacramenlo
1130 2211 1584 2280 regenerationis,
1626 2225 1845 2266 excom-

267 2301 564 2354 municatur
601 2301 917 2370 cujusquam
947 2316 1072 2357 reus
1100 2301 1373 2366 criminis,
1406 2317 1503 2356 nec
1534 2303 1623 2356 illo
1652 2301 1846 2356 Sacra-

267 2401 445 2446 mento
468 2400 638 2456 caret,
667 2393 878 2446 etiamsi
905 2408 1173 2463 nunquam
1195 2394 1568 2447 reconcilietur
1597 2394 1706 2448 Deo
1734 2411 1748 2448 :
1771 2393 1845 2448 ita

268 2490 510 2538 manente
530 2482 584 2537 in
605 2497 663 2537 se
679 2482 892 2536 vinculo
907 2481 1124 2538 foederis
1140 2483 1450 2553 conjug‘alis,
1466 2499 1606 2546 uxor
1620 2483 1843 2539 dimitti-

268 2581 345 2627 tur
361 2573 431 2627 ob
449 2588 668 2627 causam
691 2573 1056 2629 fornicationis
1075 2614 1089 2639 ,
1114 2589 1214 2630 nec
1237 2575 1440 2630 carebit
1480 2575 1570 2629 illo
1599 2575 1838 2642 vinculo,

267 2665 467 2719 etiamsi
501 2679 772 2734 nunquam
801 2666 1176 2720 reconcilietur
1213 2667 1361 2733 viro;
1390 2668 1594 2722 carebit
1628 2677 1839 2735 autem,

267 2754 308 2808 si
331 2762 579 2809 mortuus
605 2753 765 2810 fuerit
791 2756 872 2810 vir
895 2757 1031 2825 ejus.
1075 2755 1220 2813 Reus
1255 2772 1383 2813 vero
1411 2760 1846 2814 excommunica-

266 2854 341 2900 tus
359 2845 485 2901 ideo
510 2861 780 2916 nunquam
803 2847 1006 2902 carebit
1029 2849 1446 2919 regenerationis
1475 2849 1842 2916 Sacramenta,

263 2938 413 2992 etiam
443 2953 550 2992 non
584 2939 962 2993 reconciliatus
982 2981 998 3007 ,
1030 2942 1280 3010 quoniam
1311 2958 1582 3012 nunquam
1615 2942 1845 2997 moritur

265 3027 416 3084 Deus.
448 3029 716 3084 Remanet
753 3030 931 3101 itaque
969 3041 1060 3099 ut,
1091 3033 1137 3086 si
1166 3047 1353 3103 sapere
1379 3033 1669 3088 secundum
1702 3033 1847 3103 Apo-

263 3122 448 3178 stolum
481 3123 766 3190 volumus,
796 3139 901 3179 non
931 3125 1172 3180 dicamus
1203 3125 1379 3180 virum
1417 3125 1718 3179 adulterum
1750 3141 1846 3194 pro

265 3223 471 3270 mortuo
506 3215 872 3286 deputandum
892 3257 907 3281 ,
944 3225 998 3272 et
1035 3216 1156 3271 ideo
1186 3216 1347 3271 licere
1374 3217 1525 3270 uxori
1551 3216 1667 3286 ejus
1692 3216 1845 3271 alteri

263 3309 479 3366 nubere.
521 3310 778 3379 Quamvis
824 3311 967 3366 enim
1016 3311 1087 3365 sit
1135 3326 1280 3364 mors
1331 3309 1689 3374 adulterium,
1738 3323 1844 3364 non

262 3403 498 3472 corporis
516 3443 533 3468 ,
562 3402 657 3456 sed
689 3400 830 3471 quod
867 3401 1018 3472 pejus
1047 3411 1162 3466 est,
1189 3401 1381 3454 anima:
1409 3416 1422 3452 :
1452 3415 1558 3454 non
1589 3409 1765 3454 tamen
1789 3407 1845 3455 et

267 3491 328 3549 de
354 3494 456 3549 ista
484 3496 506 3526 ²
536 3503 729 3559 morte,
759 3494 1072 3563 loquebatur
1099 3494 1384 3563 Apostolus
1405 3534 1418 3559 ,
1447 3508 1568 3548 cum
1598 3493 1807 3549 dicebat
1825 3537 1842 3563 ,

269 3585 412 3650 Quod
434 3589 481 3640 si
505 3597 732 3640 mortuus
758 3588 908 3658 fuerit
931 3588 1006 3640 vir
1032 3588 1141 3657 ejus
1159 3628 1172 3651 ,
1203 3587 1286 3640 cui
1314 3587 1419 3640 vult
1446 3588 1632 3650 nubat;
1659 3587 1754 3642 sed
1777 3586 1846 3642 de

266 3678 344 3733 illa
370 3680 483 3733 sola
515 3694 617 3748 qua
641 3679 709 3734 de
741 3695 967 3749 corpore
1001 3680 1200 3734 exitur.
1230 3679 1492 3747 Quoniam
1523 3679 1565 3733 si
1594 3694 1687 3750 per
1716 3694 1846 3734 con-

261 3769 392 3839 jugis
417 3770 738 3824 adulterium
762 3771 1038 3840 conjugale
1064 3770 1286 3825 solvitur
1325 3771 1592 3826 vinculum
1615 3813 1630 3837 ,
1662 3771 1844 3842 sequi-

267 3871 345 3916 tur
371 3863 458 3916 illa
493 3863 819 3932 perversitas
840 3905 856 3930 ,
879 3879 1036 3933 quam
1063 3864 1353 3919 cavendam
1385 3879 1505 3920 esse
1525 3864 1841 3931 monstravi,

265 3964 318 4007 ut
345 3964 398 4009 et
425 3956 620 4009 mulier
649 3971 741 4024 per
768 3957 1148 4025 impudicitiam
1175 3956 1409 4012 solvatur
1438 3957 1540 4012 hoc
1581 3957 1794 4012 vinculo
1823 3971 1838 4010 :

264 4059 384 4112 qua:
411 4045 457 4099 si
482 4047 717 4112 solvitur,
751 4049 914 4102 libera
941 4049 1044 4106 erit
1063 4064 1093 4102 a
1117 4049 1232 4118 lege
1259 4050 1392 4114 viri;
1423 4060 1479 4104 et
1511 4049 1631 4104 ideo
1651 4090 1667 4115 ,
1699 4048 1842 4119 quod

264 4135 695 4206 insipientissime
741 4138 954 4205 dicitur,
1002 4156 1108 4194 non
1162 4141 1266 4195 erit
1313 4141 1553 4195 adultera
1598 4141 1643 4195 si
1687 4140 1846 4196 fuerit

264 4240 384 4280 cum
425 4228 531 4282 alio
559 4229 710 4297 viro,
753 4231 873 4300 quia
920 4247 1016 4300 per
1055 4231 1374 4286 adulterium
1420 4233 1640 4286 liberata
1689 4239 1773 4287 est
1813 4247 1844 4286 a

263 4326 440 4394 priore
467 4325 601 4377 viro.
627 4322 778 4390 Quod
806 4325 850 4377 si
881 4324 952 4393 ita
974 4333 1057 4378 est
1084 4339 1114 4377 a
1137 4324 1356 4378 veritate
1382 4324 1591 4378 devium
1611 4364 1625 4390 ,
1651 4333 1707 4378 ut
1727 4324 1847 4379 nul-

265 4416 342 4471 lus
368 4416 440 4483 id,
471 4430 578 4468 non
605 4414 724 4467 dico
745 4413 1094 4480 christianos,
1124 4413 1218 4468 sed
1249 4414 1514 4469 humanus
1538 4428 1726 4469 sensus
1751 4414 1848 4470 ad-

263 4507 464 4571 mittat;
510 4504 747 4574 profecto
775 4505 954 4558 mulier
995 4505 1202 4574 alligata
1231 4514 1301 4558 est
1320 4547 1336 4572 ,
1369 4505 1609 4574 quamdiu
1633 4507 1709 4559 vir
1734 4506 1844 4577 ejus

264 4599 371 4650 sirit
397 4613 415 4651 :
449 4597 594 4667 quod
625 4605 684 4651 ut
724 4597 960 4667 apertius
983 4596 1156 4651 dicam
1181 4639 1194 4662 ,
1225 4597 1478 4667 quamdiu
1521 4598 1603 4652 vir
1627 4598 1745 4668 ejus
1789 4599 1844 4654 in

265 4704 483 4760 corpore
531 4698 634 4745 est.
680 4690 798 4744 Pari
843 4706 970 4761 ergo
1015 4690 1183 4744 forma
1236 4701 1289 4746 et
1326 4691 1409 4745 vir
1445 4691 1687 4762 alligatus
1731 4701 1841 4759 est,

263 4784 512 4852 quamdiu
542 4783 734 4837 mulier
763 4783 879 4852 ejus
907 4784 956 4836 in
979 4798 1204 4853 corpore
1228 4792 1328 4838 est.
1362 4782 1515 4839 Unde
1543 4785 1587 4837 si
1625 4784 1737 4837 vult
1765 4785 1848 4839 di-

262 4878 474 4932 mittere
506 4876 805 4931 adulteram
831 4918 848 4946 ,
881 4892 983 4930 non
1014 4877 1172 4932 ducat
1199 4877 1420 4931 alteram
1442 4919 1457 4943 ,
1500 4892 1567 4931 ne
1607 4878 1748 4948 quod
1792 4879 1842 4932 in

262 4968 343 5024 il.a
375 4970 596 5038 culpat,
629 4969 744 5038 ipse
768 4970 1084 5024 committat.
1119 4969 1375 5025 Similiter
1403 4978 1457 5024 et
1483 4971 1672 5024 mulier
1697 4971 1739 5024 si
1767 4970 1848 5025 di-

262 5061 421 5115 mittit
461 5059 765 5116 adulterum
788 5103 803 5127 ,
845 5076 949 5116 non
972 5062 1073 5116 sibi
1101 5062 1314 5132 c0pulet
1337 5062 1561 5118 alterum
1594 5080 1607 5116 :
1636 5064 1842 5134 alligata

261 5163 338 5206 est
367 5155 536 5218 enim,
567 5153 821 5224 quamdiu
848 5154 928 5208 vir
953 5154 1068 5224 ejus
1096 5156 1255 5219 vivit;
1286 5170 1384 5211 nec
1413 5171 1442 5210 a
1469 5158 1585 5227 lege
1609 5156 1709 5210 viri
1745 5157 1843 5212 nisi

263 5246 458 5299 mortui
499 5245 776 5313 liberatur,
808 5253 868 5300 ut
892 5261 997 5301 non
1024 5246 1392 5314 sitadultera,
1432 5249 1476 5303 si
1521 5249 1679 5304 fuerit
1720 5265 1842 5304 cum

263 5338 364 5390 alio
391 5337 530 5393 viro.

327 5429 557 5486 CAPUT
590 5430 766 5486 VL—
805 5430 858 5486 5.
897 5431 1260 5487 Reconciliatio
1281 5442 1390 5504 post
1405 5435 1709 5490 adulterium
1730 5455 1845 5490 cum

264 5523 475 5593 conjuge
504 5523 824 5594 resipiscente
849 5542 1003 5595 quam
1027 5528 1320 5581 conveniens
1347 5529 1639 5584 christiano.
1686 5531 1836 5598 Quod

324 5655 339 5684 ¹
352 5655 506 5723 _£diti,
530 5654 732 5708 liberata
749 5663 818 5710 est
841 5672 872 5707 a
891 5656 993 5723 lege
1013 5658 1124 5712 viri.
1151 5669 1266 5721 Vox,
1286 5660 1396 5723 viri,
1415 5663 1507 5715 hoc
1531 5665 1636 5716 loco
1657 5681 1750 5716 non
1774 5681 1848 5717 rc-

268 5717 443 5773 petitur
467 5719 515 5766 in
539 5726 646 5767 Mss.

331 5779 349 5806 ¹
385 5779 453 5827 "ic
477 5782 668 5832 codices
692 5789 799 5832 Mss.
831 5790 882 5834 At
909 5783 1042 5848 editi,
1069 5796 1159 5833 non
1179 5792 1332 5836 tamen
1360 5789 1415 5837 dc
1443 5787 1550 5840 ista.

3440 366 3544 429 ιη

1954 473 2131 519 autem
2167 465 2259 520 tibi
2284 466 2474 524 durum
2497 471 2722 537 videtur,
2754 481 2808 528 ut
2838 483 2962 542 post
2981 477 3297 537 adulterium
3341 498 3534 540 recon-

1953 560 2164 615 cilietur
2187 561 2397 632 coniugi
2435 566 2660 634 conjux;
2704 567 2748 620 si
2793 567 2926 624 fides
2967 571 3137 638 adsit,
3172 589 3275 628 non
3302 577 3402 630 erit
3428 577 3532 631 du-

1955 665 2093 703 rum.
2125 651 2230 705 Cur
2249 652 2390 707 enim
2417 654 2588 710 adhuc
2613 656 2930 727 deputamus
2960 661 3228 718 adulteros
3249 707 3264 730 ,
3295 681 3429 734 quos
3452 666 3536 722 vel

1955 742 2276 812 Baptismate
2301 746 2510 804 ablutos
2526 790 2541 814 ,
2573 751 2655 805 vel
2685 754 2993 820 poenitentia
3020 756 3290 811 credimus
3309 775 3427 814 esse
3448 775 3532 814 sa-

1959 835 2146 888 natos?
2169 835 2294 891 Haec
2317 839 2539 893 crimina
2569 841 2622 895 in
2662 852 2842 897 vetere
2868 845 2960 899 Dei
2988 846 3104 916 lege
3134 847 3299 914 nullis
3327 851 3530 904 sacriﬁ-

1957 927 2053 982 ciis
2085 929 2503 1000 mundahantur,
2555 950 2673 1004 qua:
2729 936 2860 990 Novi
2910 938 3235 994 Testamenti
3277 943 3536 1011 sanguine

1954 1021 2069 1075 sine
2095 1021 2422 1080 dubitatione
2448 1026 2767 1081 mundantur
2788 1030 2804 1059 ¹
2829 1046 2842 1082 :
2867 1038 2920 1083 et
2941 1030 3058 1084 ideo
3077 1040 3199 1085 tunc
3216 1033 3357 1086 omni
3377 1033 3537 1088 modo

1954 1114 2275 1183 prohibitum
2307 1127 2388 1172 est
2430 1118 2497 1173 ab
2525 1119 2630 1173 alio
2670 1122 3082 1176 contaminatam
3127 1124 3243 1178 viro
3291 1126 3531 1194 recipere

1955 1221 2209 1273 uxorem;
2255 1211 2495 1279 quamvis
2523 1211 2688 1266 David
2718 1212 2890 1269 Saulis
2936 1215 3132 1281 tiliam,
3180 1233 3337 1286 quam
3385 1227 3537 1286 pater

1953 1297 2192 1366 ejusdem
2243 1301 2483 1372 mulieris
2521 1302 2589 1356 ah
2627 1319 2692 1358 eo
2736 1313 3034 1374 separatam
3085 1306 3304 1361 dederat
3347 1308 3534 1371 alteri,

1952 1397 2200 1460 tanquam
2227 1391 2360 1446 Novi
2400 1393 2722 1448 Testamenti
2771 1397 3137 1467 praeﬁgurator
3162 1397 3277 1452 sine
3318 1406 3536 1451 cuncta-

1953 1481 2096 1536 tione
2123 1482 2382 1552 receperit
2411 1482 2476 1554 (Il
2500 1483 2626 1555 Reg.
2657 1501 2711 1538 Ill
2732 1525 2746 1550 ,
2777 1487 2864 1556 Η)
2900 1505 2912 1540 :
2949 1501 3088 1541 nunc
3112 1496 3288 1540 autem
3319 1496 3534 1556 postea-

1951 1587 2108 1640 quam
2153 1572 2394 1628 Christus
2436 1576 2508 1628 ait
2554 1575 2842 1642 adulterae,
2892 1576 3002 1630 Nec
3041 1594 3132 1648 ego
3175 1587 3222 1631 te
3246 1577 3533 1643 damnabo;

1952 1663 2108 1729 vade,
2142 1664 2376 1734 deinceps
2413 1666 2518 1720 noli
2555 1684 2794 1737 peccare;
2835 1669 2953 1737 quis
2997 1685 3103 1723 non
3144 1669 3397 1738 intelligat
3438 1667 3536 1724 de-

1952 1753 2078 1809 bere
2119 1755 2390 1825 ignoscere
2419 1759 2666 1812 maritum
2692 1801 2706 1824 ,
2738 1759 2879 1828 quod
2923 1760 3069 1813 videt
3112 1760 3377 1829 ignovisse
3420 1760 3532 1814 Do-

1951 1847 2152 1900 minum
2181 1848 2489 1916 amborum,
2525 1865 2625 1904 nec
2648 1850 2757 1919 jam
2798 1864 2857 1905 se
2891 1850 3088 1905 debere
3129 1851 3420 1905 adulteram
3449 1851 3529 1904 di-

1951 1953 2095 2003 cere,
2124 1939 2277 2008 cujus
2319 1943 2628 2011 pmnitentis
2656 1942 2858 1998 crimen
2897 1942 3079 1997 divina
3108 1942 3280 1998 credit
3307 1942 3530 1998 misera-

1952 2029 2094 2083 tione
2115 2030 2346 2084 deletum
2366 2033 2388 2084 ?

2019 2120 2246 2176 CAPUT
2285 2122 2395 2176 Vll.
2416 2154 2489 2162 —
2509 2123 2560 2178 6.
2593 2123 2770 2178 Mariti
2789 2127 3046 2180 saevientes
3068 2125 3120 2178 in
3141 2140 3322 2178 uxores
3341 2124 3532 2178 adulte-

1949 2229 2054 2278 ras,
2080 2228 2193 2265 cum
2222 2213 2320 2266 sint
2343 2223 2390 2268 et
2409 2214 2508 2284 ipsi
2527 2216 2760 2269 adulteri.
2790 2217 2893 2272 Sed
2923 2217 3025 2270 hoc
3053 2217 3300 2271 videlicet
3332 2215 3526 2271 inlide-

1949 2302 2076 2357 lium
2127 2319 2314 2359 sensus
2355 2307 2636 2374 exhorret,
2669 2305 2738 2362 ita
2771 2317 2829 2361 ut
2869 2308 3106 2362 nonnulli
3151 2309 3374 2363 modica:
3405 2307 3526 2364 ﬁdei

1949 2395 2034 2450 vel
2064 2396 2240 2464 potius
2278 2396 2477 2451 inimici
2506 2413 2647 2452 verae
2692 2398 2850 2464 fidei,
2880 2399 3043 2454 credo
3065 2408 3361 2454 metuentes
3400 2414 3530 2468 pec-

1949 2487 2108 2542 candi
2155 2489 2522 2558 impunitatem
2570 2489 2684 2544 dari
2733 2491 3043 2546 mulieribus
3069 2493 3208 2557 suis,
3241 2491 3368 2544 illud
3393 2490 3535 2560 quod

1949 2576 2018 2633 de
2041 2578 2298 2634 adultera:
2325 2580 2646 2651 indulgentia
2675 2582 2934 2636 Dominus
2963 2581 3122 2648 fecit,
3155 2581 3427 2636 auferrent
3463 2581 3530 2635 de

1950 2669 2224 2727 codicibus
2253 2673 2364 2726 suis
2389 2672 2470 2746 (a)
2495 2692 2508 2726 :
2537 2676 2686 2744 quasi
2720 2675 3122 2744 permissionem
3151 2675 3405 2743 peccandi
3436 2675 3533 2728 tri-

1949 2763 2125 2818 buerit
2153 2765 2241 2834 qui
2272 2765 2438 2830 dixit,
2461 2765 2584 2821 Iam
2609 2768 2842 2838 deinceps
2867 2767 2974 2820 noli
3009 2782 3250 2838 peccare;
3279 2775 3371 2821 aut
3412 2765 3536 2822 ideo

1949 2867 2057 2909 non
2095 2855 2340 2911 debuerit
2362 2856 2553 2912 mulier
2579 2872 2610 2912 a
2648 2858 2856 2914 medico
2898 2858 3009 2915 Deo
3034 2858 3173 2913 illius
3203 2857 3408 2927 peccati
3447 2873 3535 2914 re-

1947 2947 2202 3003 missione
2229 2949 2435 3014 sanari,
2457 2965 2523 3003 ne
2545 2949 2942 3004 olfenderentur
2963 2950 3150 3005 insani.
3182 2950 3364 3020 Neque
3385 2950 3530 3004 enim

1949 3040 2140 3108 quibus
2168 3039 2294 3093 illud
2319 3039 2512 3094 factum
2537 3040 2745 3094 Domini
2770 3041 3031 3108 displicet,
3057 3040 3153 3109 ipsi
3179 3041 3353 3110 pudici
3384 3050 3529 3105 sunt,

1950 3138 2004 3184 et
2029 3144 2123 3185 eos
2156 3145 2378 3186 severos
2413 3131 2627 3184 castitas
2655 3130 2778 3185 facit
2809 3148 2822 3184 :
2855 3129 2947 3184 sed
2977 3131 3152 3199 potius
3181 3146 3244 3184 ex
3277 3130 3370 3184 illo
3405 3140 3534 3184 sunt

1950 3219 2223 3274 hominum
2271 3234 2532 3288 numero,
2576 3221 2768 3291 quibus
2816 3221 3072 3275 Dominus
3118 3222 3226 3288 ait,
3277 3221 3377 3286 Qui
3421 3221 3531 3275 sine

1951 3319 2152 3380 peccato
2191 3318 2262 3364 est
2293 3319 2509 3364 vestrum
2528 3353 2542 3377 ,
2574 3312 2713 3382 prior
2736 3312 2789 3365 in
2815 3328 2928 3366 eam
2958 3310 3176 3382 lapidem
3193 3312 3377 3382 jaciat.
3410 3311 3528 3366 Nisi

1949 3400 2089 3470 quod
2119 3400 2193 3454 illi
2223 3401 2546 3455 conscientia
2579 3404 2747 3457 territi
2794 3411 3168 3467 recesserunt,
3219 3413 3273 3458 et
3316 3411 3522 3458 tentare

1949 3489 2218 3545 Christum
2241 3500 2399 3561 atque
2419 3491 2713 3546 adulteram
2735 3495 2977 3563 persequi
2999 3494 3322 3548 destiterunt
3345 3493 3526 3565 (Joan.

1948 3598 2068 3649 vin,
2094 3584 2277 3655 7-H);
2305 3584 2393 3639 isti
2413 3592 2591 3640 autem
2617 3594 2671 3640 et
2704 3587 2890 3657 aegroti
2927 3585 3191 3642 medicum
3235 3586 3530 3656 reprehen-

1948 3683 2111 3751 dunt,
2140 3693 2193 3740 et
2218 3685 2270 3739 in
2297 3685 2563 3740 adulteras
2594 3684 2820 3741 adulteri
2859 3686 3085 3740 smviunt
3123 3703 3136 3738 :
3166 3685 3355 3754 quibus
3375 3683 3420 3737 si
3445 3683 3532 3737 di-

1949 3783 2180 3842 ceretur,
2227 3789 2335 3830 non
2375 3775 2517 3845 quod
2558 3774 2635 3829 illi
2680 3775 2994 3842 audierunt,
3040 3775 3140 3842 Qui
3185 3775 3292 3828 sine
3331 3783 3533 3844 peccato

1949 3867 2196 3937 est;quis
2221 3867 2362 3921 enim
2390 3867 2507 3922 sine
2533 3867 2794 3936 peccato?
2824 3867 2917 3922 sed
2938 3908 2954 3934 ,
2985 3867 3085 3934 Qui
3122 3867 3238 3922 sine
3273 3867 3374 3921 isto
3406 3880 3533 3936 pec-

1949 3966 2069 4012 cato
2095 3967 2178 4012 est
2200 3999 2216 4024 ,
2258 3959 2397 4028 prior
2425 3959 2477 4013 in
2499 3960 2641 4013 illam
2663 3960 2884 4028 lapidem
2906 3959 3106 4023 mittat;
3138 3966 3248 4013 tum
3272 3973 3398 4013 vero
3423 3958 3533 4012 for-

1949 4051 2087 4106 sitan
2123 4051 2449 4121 cogitarent,
2490 4052 2581 4122 qui
2621 4051 3032 4123 indignabantur
3064 4052 3206 4122 quod
3236 4051 3534 4106 adulteram

1949 4156 2055 4197 non
2083 4141 2426 4210 occiderent,
2468 4151 2662 4213 quanta
2693 4144 2798 4200 illis
2825 4144 2920 4200 Dei
2945 4143 3312 4200 misericordia
3337 4156 3528 4214 parce-

1949 4239 2116 4295 retur,
2146 4241 2205 4287 ut
2231 4232 2457 4288 adulteri
2485 4234 2750 4289 viverent.

2017 4323 2246 4382 CAPUT
2276 4325 2411 4381 Vlll.
2445 4328 2592 4382 —7.
2640 4326 2749 4381 Viri
2790 4328 3010 4382 adulteri
3051 4328 3256 4399 gravius
3294 4327 3539 4397 puniendi

1947 4437 2101 4494 quam
2137 4420 2382 4475 adulterae
2423 4436 2624 4474 uxores.
2650 4418 2761 4473 Lex
2784 4418 3027 4474 Antonini
3049 4460 3065 4488 ,
3093 4419 3226 4474 viros
3254 4419 3537 4491 impudicos

2016 4601 2031 4632 ι
2067 4599 2140 4648 sic
2164 4597 2312 4647 editio
2331 4604 2406 4647 Er.
2433 4598 2614 4648 nostris
2649 4597 2714 4645 ibi
2741 4595 2990 4659 plerisque
3025 4608 3081 4659 ac
3101 4596 3386 4659 melioribus
3424 4602 3534 4659 uss.

1950 4661 2279 4722 consentiens.
2301 4666 2498 4722 AtLOV.,
2519 4672 2628 4722 qtae
2649 4659 2766 4710 Novi
2784 4657 3061 4710 Testamenti
3074 4659 3126 4709 in
3141 4658 3372 4722 sanguine
3393 4657 3538 4708 Citri-

1949 4723 2012 4775 sti
2031 4722 2132 4773 sine
2156 4721 2446 4772 dubitatione
2469 4719 2780 4772 trucidantur.

2013 4805 2087 4865 (a)
2123 4811 2171 4853 In
2205 4805 2378 4865 graecis
2403 4801 2649 4865 plerisque
2684 4803 3046 4865 exemplaribus
3071 4817 3164 4852 non
3187 4802 3446 4864 legebatur
3470 4800 3542 4848 hi-

1951 4864 2098 4932 storia
2119 4866 2184 4932 de
2207 4864 2434 4932 adultera
2450 4864 2675 4932 muliere.
2703 4868 2811 4932 Ejus
2831 4864 2961 4932 nulla
2994 4867 3198 4932 menti0__
3223 4865 3270 4912 in
3293 4874 3539 4932 commen-

1952 4931 2087 4979 tariis
2123 4929 2437 4990 Chrysostomi
2463 4935 2514 4976 et
2545 4926 2884 4990 TheOpbylseti
2907 4928 2953 4990 in
2976 4926 3285 4990 Evangelium
3308 4926 3535 4990 Joannis:

1953 4992 2146 5040 tametsi
2170 4984 2282 5038 alibi
2305 4984 2961 5055 Chrysostomus;scilicetin
2986 4984 3179 5055 homilia
3202 4986 3288 5044 60,
3320 4996 3437 5055 eam
3463 4984 3538 5055 lii-

1952 5055 2147 5102 storiam
2167 5043 2413 5112 agnoscat:
2432 5043 2764 5113 Hieronymus,
2784 5050 2834 5113 in
2856 5048 3047 5113 dialogo
3069 5049 3302 5113 adversus
3320 5043 3538 5113 Pelagia-

1953 5128 2046 5179 nos
2063 5101 2309 5179 secuddo_,
2333 5114 2554 5161 meminit
2575 5101 2704 5179 illius
2726 5101 2774 5160 in
2799 5112 2902 5179 haec
2925 5101 3074 5159 verba
3095 5122 3106 5156 :
3143 5128 3166 5179 σε
3186 5113 3236 5154 1n
3249 5101 3536 5179 Evangelia,

1962 5195 1984 5222 ι
2007 5178 2089 5232 ait,
2115 5166 2379 5224 secundum
2402 5181 2634 5223 Joannem
2657 5176 2706 5222 in
2741 5173 2902 5221 multis
2937 5179 2988 5221 et
3025 5170 3196 5232 graecis
3215 5173 3265 5215 et
3282 5166 3442 5214 latinis
3458 5179 3537 5214 co-

1962 5255 1985 5283 ι
2005 5238 2192 5287 dicibus
2213 5237 2455 5300 invenitur
2477 5236 2541 5284 de
2562 5235 2781 5300 adultera
2814 5232 3032 5300 muliere
3060 5242 3169 5300 qua:
3188 5234 3427 5300 “accusata
3463 5233 3540 5300 est

1963 5317 1985 5345 α
2005 5300 2130 5364 apud
2140 5299 2420 5364 pernimium.
2446 5313 2468 5341 ι»
2492 5299 2725 5364 Eusebius
2756 5289 3452 5364 Carsa.rigen‘sis,’Ecclesiasti‘ca_2l
3467 5289 3540 5364 hi-

1955 5350 2116 5410 stoiize
2140 5360 2223 5408 lib.
2250 5361 2306 5416 3,
2330 5359 2454 5408 hanc
2487 5359 2550 5407 de
2587 5359 2805 5407 adultera
2843 5355 3087 5404 historiam
3125 5353 3292 5416 Joanni
3331 5350 3537 5416 additam

1955 5423 2070 5473 dicit
2100 5436 2164 5471 ex
2203 5414 2461 5484 Evangelia
2495 5421 2622 5484 quod
2666 5417 2939 5484 inscribitur
2983 5414 3249 5484 secundum
3288 5414 3519 5484 Hebraeos

1957 5486 2078 5533 l-‘ieri
2118 5486 2273 5546 potuit
2296 5473 2458 5532 tamen
2479 5473 2608 5546 quod
2647 5479 2938 5546 augustinus
2966 5479 3274 5546 suspicatur,
3310 5482 3384 5546 _ut_
3410 5473 3536 5546 qupd

1957 5535 2162 5607 primum
2193 5547 2243 5594 in
2280 5546 2472 5592 Joannis
2495 5535 2763 5607 verioribus
2787 5535 3149 5607 exemplaribus
3172 5535 3542 5607 exsulat,"de-

1959 5595 2161 5657 iractum
2183 5609 2245 5656 sit
2267 5607 2510 5655 hominum
2531 5603 2906 5665 imprudentium
2926 5595 3230 5665 temeritate,
3277 5612 3341 5648 ne
3363 5595 3537 5665 mulie-

1958 5670 2093 5717 ribus
2115 5669 2371 5726 adulteris,
2398 5669 2445 5715 in
2468 5680 2590 5730 quas
2600 5657 2747 5730 "erant
2767 5665 3048 5730 severiores
3068 5657 3328 5730 singulares
3363 5657 3535 5720 leges,

1961 5732 2186 5788 peccandi
2233 5724 2425 5778 licentia
2460 5724 2509 5779 et
2557 5729 2810 5790 impunitas
2854 5727 2903 5776 in
2944 5724 3202 5788 Evangelio
3246 5725 3354 5774 data
3396 5733 3464 5782 .pu
3487 5732 3535 5769 a-

1959 5799 2111 5841 TCiUl‘.
