4070 6334
481 350 587 406 175

484 477 625 533 eque
646 477 708 515 ac
728 461 962 516 mulieres
980 459 1214 515 damnari
1239 456 1467 511 volentis.
1501 455 1730 508 Virorum
1752 449 2071 520 impudicitia

485 557 649 627 pejor.
676 554 784 610 Sed
804 570 924 611 cum
949 553 1065 609 hinc
1088 553 1167 608 eis
1190 551 1415 606 dicimus
1432 589 1445 613 ,
1468 564 1573 602 non
1600 546 1771 600 solum
1812 542 1941 596 nihil
1973 555 2069 595 vo-

486 647 605 702 lunt
628 646 910 701 detrahere
928 642 1230 707 severitati;
1259 640 1354 694 sed
1382 640 1681 693 irascuntur
1703 637 1920 703 insuper
1941 630 2071 685 veri.

488 741 613 807 tati,
645 747 699 794 et
726 738 1014 807 loquuntur
1052 744 1211 804 atque
1253 730 1579 801 respondent
1629 747 1642 783 :
1684 727 1792 783 Sed
1838 740 1935 780 nos
1973 723 2072 778 viri

493 849 711 899 sumus;
741 848 809 887 an
849 847 976 888 vero
1002 844 1161 886 sexus
1190 828 1357 883 nostri
1383 826 1609 896 dignitas
1630 824 1768 878 hanc
1793 819 2077 876 sustinebit

494 927 741 998 injuriam
763 966 778 990 ,
808 934 863 978 ut
883 938 1004 978 cum
1028 922 1145 977 aliis
1184 918 1396 975 feminis
1423 927 1619 986 prznter
1643 929 1836 970 uxores
1863 919 2075 965 nostras

494 1019 540 1074 si
583 1016 707 1087 quid
751 1016 1119 1080 admittimus,
1168 1012 1224 1066 in
1272 1010 1483 1065 luendis
1525 1007 1699 1078 pinnis
1759 1002 2072 1060 mulieribus

495 1106 905 1178 comparemur?
926 1105 1086 1173 Quasi
1113 1118 1218 1158 non
1240 1109 1522 1173 pmpterea
1559 1098 1728 1170 magis
1754 1096 1982 1152 debeant
2007 1093 2077 1148 il-

495 1202 667 1256 licitas
722 1198 1180 1269 concupiscentias
1234 1195 1460 1251 viriliter
1513 1194 1764 1258 frenare,
1810 1190 1932 1260 quia
1977 1187 2078 1242 viri

497 1292 659 1349 sunt?
687 1292 839 1361 quasi
871 1306 974 1345 non
1005 1298 1288 1361 propterea
1316 1288 1485 1357 magis
1510 1285 1739 1340 debeant
1768 1279 2078 1337 mulieribus

495 1385 610 1440 suis
648 1383 716 1438 ad
759 1383 970 1437 virtutis
1012 1383 1170 1452 hujus
1210 1380 1509 1449 exemplum
1551 1392 1611 1433 se
1650 1374 1928 1446 praebere,
1957 1374 2078 1442 quia

494 1473 598 1528 viri
616 1473 783 1529 sunt?
808 1473 959 1543 quasi
985 1488 1090 1526 non
1137 1482 1421 1541 propterea
1448 1468 1623 1523 minus
1648 1467 1878 1522 debeant
1905 1479 1935 1517 a
1963 1462 2081 1518 libi-

496 1567 623 1622 dine
650 1568 921 1637 superari,
950 1568 1071 1637 quia
1113 1566 1210 1620 viri
1252 1564 1419 1619 sunt?
1460 1562 1613 1633 quasi
1661 1576 1767 1615 non
1800 1568 2080 1630 propterea

497 1663 675 1718 minus
720 1662 950 1716 debeant
1001 1660 1298 1716 lascivienti
1346 1658 1494 1714 carni
1541 1657 1780 1719 servire,
1811 1652 1935 1723 quia
1981 1651 2081 1705 viri

498 1754 660 1811 sunt?
686 1754 754 1809 Et
775 1764 953 1809 tamen
974 1754 1335 1824 indignantur,
1351 1754 1395 1806 si
1409 1751 1626 1805 audiant
1647 1748 1917 1802 adulteros
1939 1744 2083 1798 viros

502 1843 738 1915 pendere
778 1844 984 1898 similes
1024 1844 1280 1898 adulteris
1307 1842 1516 1897 feminis
1544 1853 1763 1909 pmnas;
1790 1851 1912 1891 cum
1936 1842 2083 1889 tanto

498 1935 712 2007 gravius
741 1950 834 1990 eos
880 1936 1058 2005 puniri
1088 1935 1414 2004 Oportuerit,
1459 1938 1657 2001 quanto
1699 1928 1867 1997 magis
1895 1925 1961 1979 ad
1992 1939 2085 1979 eos
2128 1946 2133 1951 ν

500 2027 734 2098 pertinet
764 2035 817 2081 et
835 2028 1029 2081 virtute
1058 2027 1270 2080 vincere
1293 2066 1308 2090 ,
1336 2033 1391 2079 et
1429 2022 1685 2092 exemplo
1712 2033 1900 2089 regere
1929 2017 2084 2071 femi-

500 2132 619 2172 nas.
639 2118 956 2172 Christianis
975 2116 1222 2187 equidem
1249 2116 1456 2185 loquor,
1476 2114 1564 2184 qui
1593 2110 1817 2166 fideliter
1844 2108 2081 2171 audiunt,

501 2206 669 2277 Caput
696 2207 922 2261 mulieris
959 2209 1035 2260 vir
1079 2206 1298 2276 (Ep/tes.
1324 2222 1377 2272 ν,
1403 2206 1496 2274 25)
1528 2222 1541 2257 :
1571 2203 1660 2258 ubi
1702 2216 1762 2256 se
1794 2206 2089 2270 agnoscunt

501 2298 698 2367 duces,
736 2299 855 2354 illas
879 2307 1058 2354 autem
1099 2299 1321 2353 comites
1345 2311 1464 2351 esse
1505 2295 1736 2360 debere;
1766 2302 1821 2349 et
1847 2292 1968 2347 ideo
1993 2306 2087 2346 ca-

501 2388 732 2444 vendum
757 2389 872 2443 viro
893 2388 1012 2444 illac
1035 2389 1113 2444 ire
1138 2387 1369 2443 vivendo
1388 2428 1403 2453 ,
1434 2401 1537 2457 qua
1565 2387 1717 2440 timet
1742 2400 1809 2439 ne
1838 2398 1980 2439 uxor
2003 2397 2088 2438 se-

504 2488 700 2549 quatur
726 2479 1001 2534 imitando.
1028 2478 1134 2534 Sed
1156 2480 1241 2534 isti
1263 2478 1456 2549 quibus
1484 2477 1731 2547 displicet
1755 2485 1814 2529 ut
1841 2476 1982 2529 inter
2010 2472 2091 2526 vi-

500 2584 621 2623 rum
646 2577 701 2623 et
726 2584 949 2624 uxorem
978 2584 1075 2638 par
1113 2569 1378 2639 pudicitiae
1421 2568 1592 2623 forma
1616 2575 1877 2630 servetur,
1907 2572 1962 2619 et
1989 2578 2088 2633 po-

502 2662 609 2717 tius
635 2662 870 2732 eligunt,
896 2662 1233 2731 maximeque
1253 2661 1306 2714 in
1330 2660 1430 2714 hac
1448 2675 1607 2714 causa
1628 2700 1644 2725 ,
1671 2656 1855 2712 mundi
1882 2654 2090 2724 legibus

501 2753 700 2807 subditi
728 2768 848 2807 esse
875 2769 1033 2822 quam
1063 2752 1281 2817 Christi,
1305 2753 1556 2821 quoniam
1578 2752 1697 2820 jura
1723 2749 1955 2803 forensia
1980 2759 2087 2801 non

502 2844 706 2899 eisdem
735 2844 927 2914 quibus
950 2843 1174 2898 feminas
1199 2844 1466 2914 pudicitiae
1490 2842 1718 2896 nexibus
1740 2840 1887 2894 viros
1906 2838 2091 2893 viden-

507 2938 596 2987 tur
628 2932 1002 3003 obstringere;
1031 2933 1206 3001 legant
1233 2932 1360 3001 quid
1391 2933 1680 3000 imperator
1705 2929 2005 2984 Antoninus
2044 2928 2087 2992 ί,

504 3041 615 3080 non
641 3026 823 3095 utique
850 3025 1201 3091 Christianus,
1234 3024 1301 3078 de
1342 3024 1443 3078 hac
1489 3039 1549 3078 re
1591 3021 1968 3085 constituerit,
1997 3020 2088 3074 ubi

500 3116 727 3170 maritus
755 3130 976 3171 uxorem
1012 3115 1077 3169 de
1116 3114 1362 3169 adulterii
1407 3113 1633 3168 crimine
1681 3127 1937 3167 accusare
1979 3127 2087 3165 non

502 3206 713 3272 sinitur,
737 3207 822 3261 cui
845 3207 1084 3261 moribus
1112 3206 1223 3261 suis
1249 3222 1357 3260 non
1385 3206 1609 3275 praebuit
1631 3205 1889 3261 castitatis
1909 3220 2090 3260 exem-

501 3299 648 3366 plum
670 3338 685 3364 ,
730 3299 803 3351 ita
851 3306 908 3351 ut
946 3298 1105 3352 ambo
1131 3298 1471 3364 damnentur,
1500 3298 1545 3352 si
1574 3297 1735 3351 ambo
1763 3298 1959 3367 pariter
1987 3297 2090 3351 im-

502 3387 724 3457 pudicos
748 3387 1025 3444 conflictus
1073 3389 1188 3458 ipse
1231 3389 1540 3443 convicerit.
1583 3388 1718 3443 Nam
1764 3403 1920 3458 supra
1963 3389 2091 3444 dicti

503 3480 839 3550 imperatoris
865 3480 978 3536 haec
1002 3482 1165 3535 verba
1191 3489 1317 3535 sunt
1335 3522 1351 3548 ,
1391 3496 1510 3551 qua:
1537 3480 1675 3550 apud
1704 3480 2084 3549 Gregorianum

502 3569 748 3640 leguntur
793 3572 867 3642 (a)
902 3589 916 3624 :
950 3571 1123 3636 Sane,
1156 3572 1356 3641 inquit,
1404 3587 1529 3625 mete
1557 3571 1735 3625 littera:
1763 3571 1906 3624 nulla
1951 3579 2083 3639 partt

505 3677 674 3715 causa:
694 3662 1116 3731 prarjudicabunt.
1149 3660 1327 3730 Neque
1350 3662 1484 3715 enim
1508 3661 1550 3714 si
1576 3677 1726 3729 penes
1752 3671 1797 3713 te
1821 3660 1973 3728 culpa
1996 3662 2092 3729 fuit

504 3757 561 3802 ut
584 3750 958 3802 matrimonium
985 3751 1278 3815 solveretur,
1308 3761 1354 3804 et
1384 3750 1663 3803 secundant
1704 3751 1869 3820 legem,
1895 3749 2092 3803 Iuliam

504 3838 736 3910 Eupasia
779 3856 910 3893 uxor
965 3849 1053 3893 tua
1114 3840 1346 3907 nuberet,
1398 3850 1604 3909 propter
1648 3841 1742 3894 hoc
1792 3841 2092 3909 rescriptum

503 3950 669 3988 meum
697 3934 936 3987 adulterii
965 3934 1208 3988 damnata
1233 3934 1353 3996 erit,
1385 3934 1482 3988 nisi
1507 3942 1823 3987 constetesse
1852 3933 2090 3987 commis-

503 4040 633 4080 sum.
676 4023 944 4079 Habebunt
982 4034 1149 4078 autem
1191 4034 1307 4078 ante
1344 4024 1518 4078 oculos
1559 4026 1653 4077 hoc
1697 4025 1980 4093 inquirere,
2024 4041 2092 4079 an

498 4132 617 4169 cum
638 4126 691 4169 tu
716 4117 896 4186 pudice
924 4117 1107 4170 viveres
1130 4157 1146 4183 ,
1178 4117 1253 4169 illi
1281 4133 1477 4187 quoque
1514 4117 1671 4170 bonos
1697 4133 1859 4170 mores
1894 4118 2091 4171 colendi

502 4216 683 4259 auctor
704 4208 865 4277 fuisti.
899 4206 1228 4276 Periniquum
1258 4208 1389 4259 enim
1420 4208 1543 4260 milii
1568 4207 1765 4262 videtur
1786 4224 1892 4261 esse
1917 4217 1970 4259 ut
1991 4224 2089 4277 pu-

504 4298 732 4352 dicitiam
773 4300 850 4353 vir
890 4299 953 4353 ab
983 4316 1141 4354 uxore
1176 4300 1344 4371 exigat
1365 4342 1377 4365 ,
1410 4318 1560 4369 quam
1587 4303 1694 4370 ipse
1719 4317 1819 4355 non
1848 4301 2042 4355 exhibet
2071 4320 2089 4356 :

498 4406 616 4461 quae
651 4407 728 4445 res
772 4402 932 4462 potest
976 4401 1022 4447 et
1061 4399 1221 4447 virum
1257 4394 1500 4447 damnare
1517 4397 1541 4460 ,'
1579 4412 1679 4448 non
1708 4395 1768 4448 ob
1797 4412 2093 4466 compensa-

504 4483 690 4537 tionem
715 4488 874 4537 mutui
900 4487 1125 4540 criminis
1165 4504 1268 4540 rem
1298 4488 1427 4540 inter
1461 4496 1727 4557 utrumque
1754 4506 2051 4558 componere
2071 4533 2085 4557 ,

504 4576 581 4631 vel
602 4593 805 4630 causam
844 4579 963 4648 facti
990 4577 1181 4632 tollere.
1216 4579 1269 4633 Si
1304 4579 1418 4634 haec
1444 4580 1775 4635 observanda
1800 4590 1926 4635 sunt
1964 4597 2093 4651 pro-

504 4674 623 4737 pter
647 4667 809 4723 decus
831 4676 1057 4723 terrena:
1086 4669 1344 4735 civitatis;
1369 4681 1565 4741 quanto
1604 4672 1860 4727 castiores
1898 4672 2090 4743 quzerit

502 4761 737 4816 caelestis
771 4763 938 4831 patria
966 4772 1021 4818 et
1061 4766 1288 4820 societas
1318 4766 1680 4837 Angelorum?
1707 4768 1836 4834 Quae
1860 4784 1986 4823 cum
2018 4769 2089 4823 ita

502 4852 635 4918 sint,
666 4853 920 4922 numquid
950 4854 1068 4909 ideo
1106 4855 1281 4909 minor
1306 4865 1390 4911 est
1412 4898 1425 4921 ,
1454 4872 1516 4911 ac
1545 4873 1653 4911 non
1699 4859 1875 4928 potius
1920 4859 2093 4929 major

500 4950 555 4997 et
584 4943 732 5012 pejor
757 4945 989 4999 virorum
1013 4946 1339 5016 impudicitia
1366 4988 1380 5013 ,
1406 4948 1524 5017 quia
1555 4948 1696 5004 inest
1737 4950 1839 5003 illis
1861 4952 2087 5020 superba

501 5043 555 5089 et
598 5035 875 5092 licentiosa
916 5039 1211 5107 jactantia?
1254 5040 1368 5094 Non
1414 5041 1572 5110 igitur
1620 5043 1943 5097 exhorreant
1988 5045 2089 5098 viri

500 5125 641 5193 quod
669 5126 922 5182 adultera:
963 5127 1205 5183 Christus
1250 5129 1497 5199 ignovit:
1543 5131 1635 5186 sed
1685 5133 1860 5202 potius
1891 5149 2088 5203 cogno-

501 5225 653 5271 scant
690 5219 850 5273 etiam
894 5221 1182 5288 periculum
1225 5236 1377 5274 suum
1398 5261 1412 5285 ,
1445 5230 1498 5275 et
1524 5224 1682 5276 simili
1716 5225 1903 5278 morbo
1936 5226 2082 5278 labo-

500 5314 681 5363 rantes
710 5308 776 5362 ad
801 5311 1047 5365 eumdem
1072 5309 1402 5366 Salvatorcm
1430 5313 1650 5383 supplici
1680 5315 1875 5384 pietate
1903 5318 2089 5371 confu-

567 5462 584 5492 ⁸
618 5461 785 5533 ,Εϐἰιίο
819 5468 1101 5525 Erasmiana,
1157 5468 1383 5520 untonius
1412 5481 1430 5520 :
1464 5469 1591 5519 male
1632 5479 1681 5523 et
1732 5473 2087 5537 refragantibus

501 5521 727 5571 omnibus
747 5532 855 5571 Mss.

564 5532 727 5572 minus
747 5532 855 5574 Mss.
1864 5532 1887 5537 “

564 5584 642 5661 (ﬁt):
653 5587 937 5661 Igregoriani
959 5589 1049 5661 vix
1063 5589 1223 5661 aliqua
1242 5607 1371 5661 nunc
1383 5603 1648 5661 supersunt
1658 5595 1945 5661 fragmenta,
1960 5603 2087 5652 inter

498 5644 714 5717 quae-illa
735 5644 952 5717 cernitur
1202 5644 1481 5705 constitutio
1503 5644 1706 5707 totidem
1730 5644 2084 5717 iéiis'g'éiéi

498 5705 719 5783 ἔρρεξε)
738 5711 1164 5783 θμευειίηῌξιετφν
1189 5705 2088 5783 credimus.illncakijeétaf15657.3};

499 5736 592 5754 uw
613 5736 719 5769 ψδυ
746 5736 1000 5770 ηυδυδιιιιι
1021 5736 1164 5772 nuru,
1189 5736 1450 5777 crcululus,
1478 5736 1592 5767 IIIIIC
1614 5736 1670 5768 ῖκι
1694 5736 1816 5771 θριξὶ.
1845 5736 1888 5783 In]

499 5765 707 5817 habetur
726 5769 871 5820 etiam
894 5773 1018 5835 apud
1038 5773 1304 5840 Ulpianum,
1328 5781 1351 5841 §
1374 5781 1405 5828 3
1424 5814 1437 5839 ,
1466 5780 1546 5829 lib.
1582 5781 1633 5829 15
1652 5736 1713 5832 tle
1742 5784 1893 5833 adnlt.

1384 337 1471 393 DE
1508 334 1856 391 CONJUGllS
1894 330 2375 399 ADULTEIUNIS,
2416 330 2471 388 S.
2518 331 2882 389 AUGUSTINI

3650 340 3753 397 J76

2181 450 2358 515 giant;
2411 455 2465 502 et
2515 448 2655 517 quod
2703 449 2756 502 in
2800 447 2889 503 illa
2934 444 3132 501 factum
3184 445 3398 517 legunt,
3444 450 3606 509 etiam
3654 454 3756 510 sibi

2181 540 2536 594 necessarium
2587 554 2706 593 esse
2764 538 3048 604 fateantur,
3097 526 3481 596 adulteriorum
3540 557 3758 602 suorum

2179 631 2496 685 medicinam
2524 630 2850 699 suscipiant,
2882 630 3181 687 adulterare
3205 633 3318 701 jam
3341 632 3588 690 desinant
3606 679 3623 704 ,
3646 635 3760 693 lau-

2180 723 2309 779 dent
2345 724 2400 778 in
2439 738 2496 778 se
2543 724 2637 779 Dei
2666 724 2969 793 patientiam
2991 766 3006 790 ,
3033 735 3194 796 agant
3222 728 3621 798 paenitentiam,
3671 747 3761 787 suo

2180 823 2327 868 mant
2369 815 2784 885 indulgentiam,
2817 824 3021 870 mutent
3044 816 3112 871 de
3142 832 3299 887 poena
3339 818 3663 875 feminarum
3707 834 3762 879 et

2179 905 2249 962 de
2273 921 2365 960 sua
2397 906 2710 973 impunitate
2729 908 3068 977 sententiam.

2250 998 2478 1055 CAPUT
2504 999 2595 1053 1X.
2611 1030 2682 1040 —-
2701 1000 2755 1054 8.
2779 998 2975 1055 Nolens
3000 1001 3317 1056 reconciliari
3344 1004 3588 1061 adultera:
3610 1010 3766 1061 uxori

2182 1107 2284 1145 non
2324 1098 2482 1159 potest
2525 1092 2671 1146 alteri
2714 1092 2918 1146 nubere.
2963 1092 3165 1159 Quibus
3211 1094 3560 1151 consideratis
3605 1090 3773 1169 atqne'

2186 1182 2442 1246 tractatis,
2475 1182 2522 1235 si
2574 1184 2872 1238 communis
2920 1183 3173 1250 conditio,
3204 1201 3491 1243 commune
3541 1191 3767 1257 malum,

2184 1283 2469 1326 commune
2517 1272 2835 1341 periculum,
2886 1288 3171 1330 commune
3212 1277 3428 1345 vulnus,
3470 1283 3774 1337 communis

2184 1360 2348 1427 salus,
2375 1361 2601 1417 fideliter
2628 1371 2682 1417 et
2710 1362 2979 1419 humiliter
3003 1366 3295 1435 cogitetur;
3324 1383 3429 1422 non
3450 1370 3553 1424 erit
3575 1373 3769 1441 turpis,

2186 1465 2358 1520 neque
2385 1451 2636 1517 difficilis,
2674 1454 2834 1507 etiam
2864 1465 2981 1523 post
3018 1465 3321 1526 perpetrata
3355 1468 3514 1529 atque
3546 1472 3772 1532 purgata

2184 1540 2441 1597 adulteria
2466 1544 2832 1599 reconciliatio
2856 1546 3163 1616 conjugum,
3184 1548 3273 1603 ubi
3303 1564 3397 1618 per
3415 1550 3593 1605 claves
3620 1554 3774 1623 regni

2184 1638 2442 1693 calorum
2488 1654 2591 1693 non
2635 1639 2908 1695 dubitatur
2949 1640 3065 1695 fieri
3108 1643 3355 1697 remissio
3394 1654 3774 1713 peccatorum:

2187 1744 2293 1783 non
2318 1738 2374 1783 ut
2403 1739 2524 1798 post
2548 1730 2651 1784 viri
2688 1728 2973 1786 divortium
3000 1732 3240 1787 adultera
3265 1744 3562 1800 revocetur,
3588 1737 3687 1791 sed
3721 1749 3781 1792 ut

2188 1828 2309 1888 post
2333 1818 2529 1875 Christi
2556 1821 2882 1876 consortium
2913 1822 3151 1877 adultera
3179 1839 3282 1877 non
3311 1834 3551 1880 vocetur.
3577 1825 3776 1883 Verum

2188 1924 2314 1965 ecce
2343 1925 2452 1965 non
2482 1912 2591 1977 fiat,
2626 1924 2786 1966 nemo
2825 1914 3119 1983 compellit,
3155 1915 3278 1984 quia
3314 1914 3450 1970 forte
3488 1916 3573 1971 lex
3602 1906 3780 1989 aliqua

2191 2000 2349 2069 hujus
2378 2003 2563 2057 saeculi
2597 2011 2744 2057 vetat
2778 2004 3072 2059 secundum
3116 2013 3342 2060 terrenae
3383 2006 3612 2061 civitatis
3656 2024 3781 2063 mo-

2190 2091 2338 2157 dum,
2364 2092 2457 2148 ubi
2487 2094 2714 2163 cogitata
2743 2109 2848 2148 non
2875 2102 2958 2149 est
2984 2095 3203 2151 abolitio
3230 2097 3513 2152 criminum
3542 2114 3638 2168 per
3655 2115 3783 2155 san-

2190 2186 2403 2256 guinem
2432 2197 2695 2240 sanctum.
2727 2187 3059 2256 Suscipiatur
3092 2204 3220 2259 ergo
3248 2190 3593 2255 continentia,
3619 2207 3781 2261 quam

2190 2277 2338 2332 nulla
2368 2277 2452 2332 lex
2486 2278 2766 2347 prohibet;
2811 2280 2865 2333 in
2910 2280 3014 2334 alia
3059 2296 3164 2334 non
3204 2290 3357 2336 eatur
3391 2282 3667 2339 adulteria.
3714 2287 3786 2340 Et

2191 2367 2321 2437 quid
2349 2367 2416 2421 ad
2459 2383 2579 2434 nos,
2610 2369 2657 2423 si
2689 2384 2788 2424 nec
2821 2370 3006 2425 saltem
3036 2370 3214 2426 divina
3248 2373 3591 2429 miseratione
3617 2391 3781 2429 mun-

2191 2459 2314 2514 data
2358 2461 2551 2514 marito
2576 2460 2979 2517 reconcilietur‘
3006 2464 3268 2531 adultera,
3294 2465 3420 2520 dum
3459 2475 3637 2522 tamen
3667 2483 3780 2523 non

2192 2551 2547 2606 reconciliatis
2573 2552 2850 2617 adulteris,
2876 2570 2982 2609 non
3010 2555 3111 2608 alia
3154 2557 3283 2609 flant
3309 2558 3462 2627 quasi
3490 2560 3782 2625 connubia,

2193 2657 2311 2711 qua:
2335 2643 2732 2698 convincuntur
2768 2659 2889 2731 esse
2926 2644 3224 2700 adulteria?
3268 2647 3456 2701 Mulier
3491 2650 3631 2704 enim
3661 2651 3788 2704 alli-

2193 2740 2313 2802 gata
2344 2741 2433 2797 est,
2462 2734 2707 2802 quamdiu
2737 2736 2811 2788 vir
2846 2736 2953 2805 ejus
2991 2737 3106 2789 vivit
3138 2738 3188 2807 (Ι
3209 2736 3330 2792 Cor.
3355 2754 3450 2805 vn,
3483 2740 3598 2811 59).
3639 2741 3789 2811 Ergo

2193 2833 2589 2893 consequenter
2632 2836 2687 2881 et
2730 2827 2812 2880 vir
2848 2828 3093 2897 alligatus
3140 2839 3252 2895 cst,
3295 2831 3547 2900 quamdiu
3591 2834 3788 2889 mulier

2193 2915 2311 2985 ejus
2339 2916 2487 2971 vivit.
2535 2917 2663 2973 Haec
2705 2920 2936 2985 alligatio
2980 2920 3104 2976 facit
3130 2934 3187 2976 ut
3215 2922 3335 2977 aliis
3372 2925 3620 2995 conjungi
3666 2926 3789 2983 sine

2192 3005 2492 3061 adulterina
2515 3009 2852 3077 coliulatione
2876 3026 2984 3065 non
3010 3013 3234 3080 possint.
3266 3012 3417 3069 Unde
3446 3030 3669 3071 necesse
3697 3026 3790 3071 est

2194 3111 2262 3151 ex
2287 3096 2496 3154 duobus
2539 3100 2854 3170 conjugibus
2888 3111 3118 3171 quatuor
3151 3105 3418 3160 adulteros
3461 3108 3595 3173 ﬁeri,
3641 3109 3686 3162 si
3726 3119 3790 3165 et

2197 3186 2286 3243 illa
2307 3188 2460 3244 alteri
2499 3192 2761 3260 nupserit,
2789 3201 2845 3247 et
2870 3193 2958 3249 ille
2986 3195 3207 3249 alteram
3237 3196 3495 3252 duxerit'.
3524 3198 3789 3265 Quamvis

2194 3281 2336 3336 enim
2386 3283 2697 3338 sceleratius
2728 3285 3046 3350 moechetur,
3078 3289 3167 3357 qui
3210 3304 3317 3342 non
3345 3304 3503 3345 causa
3546 3291 3787 3347 fornica-

2194 3371 2356 3426 tionis
2386 3387 2554 3429 uxorc
2577 3374 2796 3429 dimissa
2827 3376 3048 3431 alteram
3072 3377 3247 3443 ducit;
3280 3381 3421 3448 quod
3442 3397 3608 3451 genus
3633 3384 3788 3439 adul~

2198 3466 2315 3520 terit
2336 3469 2774 3522 commemoravit
2803 3470 3112 3525 Mattheus:
3133 3480 3313 3527 tamen
3345 3489 3450 3529 non
3474 3475 3646 3530 solum
3670 3479 3788 3547 ipse

2193 3556 2515 3622 moechatur,
2543 3559 2659 3625 sed,
2706 3561 2863 3615 sicuti
2883 3571 2966 3616 est
3000 3562 3142 3631 apud
3187 3563 3439 3633 Marcum,
3474 3566 3788 3639 Quicumque

2195 3649 2442 3703 dimiserit
2487 3666 2697 3704 uxorem
2734 3669 2900 3717 suam,
2935 3663 2982 3707 et
3025 3655 3181 3710 aliam
3219 3658 3440 3722 duxerit,
3479 3660 3787 3716 adulterium

2196 3745 2459 3798 committit
2483 3762 2635 3814 super
2659 3761 2811 3810 eam;
2839 3755 2885 3800 et
2922 3748 2967 3801 si
2992 3765 3123 3802 uxor
3157 3750 3401 3804 dimiserit
3426 3754 3585 3805 virum
3612 3771 3788 3822 suum,

2194 3844 2241 3889 et
2264 3836 2355 3889 alii
2370 3838 2615 3906 nupserit,
2639 3837 2915 3892 masc/tatur
2942 3838 3131 3909 (Marc.
3161 3857 3229 3904 x,
3252 3843 3311 3895 ll
3338 3851 3387 3895 et
3410 3842 3532 3914 12):
3560 3853 3614 3898 et
3629 3846 3784 3900 sicuti

2195 3934 2278 3982 est
2305 3927 2443 3996 apud
2473 3928 2692 3995 Lucam,
2718 3929 2896 3983 Omnis
2937 3931 3021 4001 qui
3061 3932 3269 3986 dimittit
3304 3949 3513 3987 uxorem
3549 3952 3713 3998 suam,
3739 3946 3788 3990 et

2196 4018 2336 4073 ducit
2362 4020 2592 4086 alterum,
2618 4022 2934 4088 masc/catur;
2966 4032 3014 4077 et
3036 4026 3123 4093 qui
3148 4025 3409 4079 dimissam
3428 4043 3459 4079 a
3478 4028 3583 4080 uiro
3617 4028 3788 4082 duxe-

2195 4114 2281 4178 rit,
2313 4114 2590 4168 maecliatur
2633 4114 2781 4185 (Luc.
2819 4131 2926 4181 ιη,
2976 4114 3086 4187 18).
3122 4118 3196 4172 De
3233 4118 3426 4187 quibus
3467 4121 3790 4177 testimoniis

2191 4204 2300 4273 jam
2332 4205 2461 4259 satis
2492 4205 2543 4258 in
2574 4204 2715 4259 libro
2747 4207 3024 4274 superiore
3047 4207 3295 4263 disserui.

2266 4296 2494 4353 CAPUT
2531 4296 2689 4351 X.—
2726 4298 2782 4353 9.
2822 4297 3253 4354 Incontinentium
3285 4303 3516 4372 querelas
3542 4304 3791 4360 adversus

2197 4390 2354 4459 legem
2391 4388 2575 4443 Christi
2619 4390 2832 4443 vetantis
2869 4391 3017 4446 alteri
3055 4393 3240 4446 nubere
3278 4393 3489 4447 dimissa
3527 4395 3786 4462 adultera,

2197 4480 2386 4548 frustra
2406 4479 2665 4550 objectari.
2689 4480 2748 4536 Si
2768 4482 3181 4536 incontinentium
3193 4486 3410 4553 querelte
3427 4486 3787 4553 admittuntur,

2198 4573 2529 4642 permittenda
2549 4573 2805 4628 adulteria
2838 4576 2890 4629 in
2917 4576 3091 4629 multis
3113 4577 3332 4631 casibus.
3360 4577 3560 4632 Iustior
3590 4579 3788 4633 videbi-

2198 4674 2279 4718 tur
2313 4665 2515 4734 querela
2559 4666 2782 4722 mulieris
2813 4678 2993 4736 prtrter
3036 4669 3420 4739 fornicationem
3463 4672 3688 4727 dimissa
3732 4684 3787 4727 et

2197 4758 2381 4811 nubere
2406 4758 2553 4811 alteri
2580 4760 2846 4828 cupientis.
2888 4760 2992 4816 Sed
3026 4762 3319 4831 respondes
3359 4763 3488 4818 mihi
3517 4783 3528 4817 :
3564 4765 3791 4819 «Conti-

2203 4867 2222 4901 c
2257 4859 2446 4906 neuter
2479 4852 2659 4907 vivere
2682 4867 2975 4921 paucorum
3003 4864 3118 4918 est;
3160 4864 3217 4909 ct
3244 4854 3366 4910 ideo
3391 4859 3480 4925 qui
3510 4856 3790 4911 fornican-

2202 4959 2221 4993 ι
2257 4949 2338 4997 tes
2372 4943 2627 5013 conjuges
2651 4944 2991 5011 dimiserunt,
3019 4946 3271 5015 quoniam
3301 4963 3408 5002 non
3437 4958 3659 5017 possunt
3699 4965 3788 5004 rec

2202 5052 2221 5085 t
2254 5036 2549 5101 conciliari,
2592 5044 2797 5090 tantum
2828 5050 2888 5092 se
2928 5037 3111 5092 vident
3157 5039 3467 5107 periclitari,
3510 5048 3569 5094 ut
3610 5041 3789 5111 legem

2202 5144 2221 5177 1
2258 5125 2454 5181 Christi
2486 5142 2591 5181 non
2619 5128 2925 5195 humanam,
2957 5131 3050 5185 sed
3089 5130 3310 5188 feralem
3353 5134 3719 5203 pronuntient.
3764 5153 3786 5186 ι
3828 5160 3833 5163 ~

2194 5219 2239 5275 0
2268 5220 2449 5288 frater,
2486 5229 2743 5290 quantum
2777 5222 2844 5276 ad
2886 5223 3286 5279 incontinentes
3313 5226 3560 5295 pertinet,
3590 5226 3792 5280 multas

2194 5313 2441 5381 querelas
2500 5312 2696 5368 habere
2742 5325 2999 5385 possunt,
3045 5318 3254 5387 quibus,
3305 5324 3365 5372 ut
3404 5317 3557 5385 dicis,
3609 5317 3789 5388 legem

2194 5402 2391 5457 Christi
2432 5402 2652 5459 feralem
2697 5410 3060 5475 pronuntient,
3108 5424 3216 5463 non
3261 5409 3568 5463 humanam.
3606 5409 3676 5464 Et
3702 5418 3789 5463 ta-

2194 5509 2315 5549 men
2366 5509 2469 5550 non
2513 5506 2729 5566 propter
2769 5498 2889 5554 illos
2931 5500 3272 5571 Evangelinm
3319 5500 3518 5557 Christi
3557 5515 3789 5570 perver-

2259 5669 2273 5734 ξ
2310 5668 2444 5734 miti,
2466 5669 2793 5734 reconcilietur
2816 5687 2848 5723 α
2872 5682 2985 5723 Deo.
3032 5681 3081 5724 At
3099 5682 3199 5723 Mss.
3228 5688 3323 5723 non
3347 5674 3550 5734 addunt,
3585 5688 3616 5722 a
3668 5683 3786 5724 Deo.

2256 5730 2412 5802 ifola
2450 5732 2597 5802 editio
2631 5741 2760 5802 ιεονη
2793 5735 2834 5787 si
2872 5742 2915 5786 et
2958 5735 3043 5786 illa
3082 5734 3303 5787 adultero
3330 5730 3564 5800 nupserit,
3612 5743 3659 5787 et
3704 5736 3790 5789 ille

2195 5789 2464 5841 adulteram
2489 5792 2697 5844 duxerit.
