  <div class='ocr_page' id='page_1' title='image "/cluster/home/n/w/nwhite01/storage/ocr_20150623/40/hvd.32044024147290/244.png"; bbox 0 0 4070 6334; ppageno 0'>
   <div class='ocr_carea' id='block_1_1' title="bbox 271 404 356 463">
    <p class='ocr_par' dir='ltr' id='par_1_1' title="bbox 271 404 356 463">
     <span class='ocr_line' id='line_1_1' title="bbox 271 404 356 463; baseline -0.035 0"><span class='ocrx_word' id='word_1_1' title='bbox 271 404 356 463; x_wconf 68' lang='grc'><strong>477</strong></span> 
     </span>
    </p>
   </div>
   <div class='ocr_carea' id='block_1_2' title="bbox 271 512 1840 583">
    <p class='ocr_par' dir='ltr' id='par_1_2' title="bbox 271 512 1840 583">
     <span class='ocr_line' id='line_1_2' title="bbox 271 512 1840 583; baseline -0.006 -9"><span class='ocrx_word' id='word_1_2' title='bbox 271 531 389 579; x_wconf 88' lang='lat' dir='ltr'><strong>tere.</strong></span> <span class='ocrx_word' id='word_1_3' title='bbox 431 515 516 571; x_wconf 91' lang='lat' dir='ltr'><strong>vel</strong></span> <span class='ocrx_word' id='word_1_4' title='bbox 563 524 774 570; x_wconf 90' lang='lat' dir='ltr'><strong>mutare</strong></span> <span class='ocrx_word' id='word_1_5' title='bbox 810 513 1086 570; x_wconf 86' lang='lat' dir='ltr'><strong>debemus.</strong></span> <span class='ocrx_word' id='word_1_6' title='bbox 1131 513 1206 568; x_wconf 85' lang='lat' dir='ltr'><strong>Te</strong></span> <span class='ocrx_word' id='word_1_7' title='bbox 1251 513 1448 583; x_wconf 85' lang='lat' dir='ltr'><strong>quippe</strong></span> <span class='ocrx_word' id='word_1_8' title='bbox 1492 512 1604 565; x_wconf 92' lang='lat' dir='ltr'><strong>sola</strong></span> <span class='ocrx_word' id='word_1_9' title='bbox 1654 526 1840 566; x_wconf 90' lang='lat' dir='ltr'><strong>eorum</strong></span> 
     </span>
    </p>
   </div>
   <div class='ocr_carea' id='block_1_3' title="bbox 269 603 1848 682">
    <p class='ocr_par' dir='ltr' id='par_1_3' title="bbox 269 603 1848 682">
     <span class='ocr_line' id='line_1_3' title="bbox 269 603 1848 682; baseline -0.004 -17"><span class='ocrx_word' id='word_1_10' title='bbox 269 610 470 682; x_wconf 91' lang='lat' dir='ltr'><strong>querela</strong></span> <span class='ocrx_word' id='word_1_11' title='bbox 501 619 812 678; x_wconf 78' lang='lat' dir='ltr'><strong>permovet,</strong></span> <span class='ocrx_word' id='word_1_12' title='bbox 849 607 939 677; x_wconf 88' lang='lat' dir='ltr'><strong>qui</strong></span> <span class='ocrx_word' id='word_1_13' title='bbox 979 607 1232 676; x_wconf 85' lang='lat' dir='ltr'><strong>conjuges</strong></span> <span class='ocrx_word' id='word_1_14' title='bbox 1274 621 1431 660; x_wconf 83' lang='lat' dir='ltr'><strong>causa</strong></span> <span class='ocrx_word' id='word_1_15' title='bbox 1481 603 1848 659; x_wconf 80' lang='lat' dir='ltr'><strong>fornicationis</strong></span> 
     </span>
    </p>
   </div>
   <div class='ocr_carea' id='block_1_4' title="bbox 269 697 1845 764">
    <p class='ocr_par' dir='ltr' id='par_1_4' title="bbox 269 697 1845 764">
     <span class='ocr_line' id='line_1_4' title="bbox 269 697 1845 764; baseline -0.003 -7"><span class='ocrx_word' id='word_1_16' title='bbox 269 701 625 758; x_wconf 90' lang='lat' dir='ltr'><strong>intercedente</strong></span> <span class='ocrx_word' id='word_1_17' title='bbox 651 701 952 764; x_wconf 86' lang='lat' dir='ltr'><strong>dimittunt,</strong></span> <span class='ocrx_word' id='word_1_18' title='bbox 981 699 1024 755; x_wconf 91' lang='lat' dir='ltr'><strong>si</strong></span> <span class='ocrx_word' id='word_1_19' title='bbox 1051 699 1178 754; x_wconf 89' lang='lat' dir='ltr'><strong>alias</strong></span> <span class='ocrx_word' id='word_1_20' title='bbox 1207 698 1399 752; x_wconf 90' lang='lat' dir='ltr'><strong>ducere</strong></span> <span class='ocrx_word' id='word_1_21' title='bbox 1445 713 1547 750; x_wconf 91' lang='lat' dir='ltr'><strong>non</strong></span> <span class='ocrx_word' id='word_1_22' title='bbox 1573 697 1845 752; x_wconf 87' lang='lat' dir='ltr'><strong>siuantur:</strong></span> 
     </span>
    </p>
   </div>
   <div class='ocr_carea' id='block_1_5' title="bbox 268 788 1849 866">
    <p class='ocr_par' dir='ltr' id='par_1_5' title="bbox 268 788 1849 866">
     <span class='ocr_line' id='line_1_5' title="bbox 268 788 1849 866; baseline -0.005 -18"><span class='ocrx_word' id='word_1_23' title='bbox 268 796 504 866; x_wconf 85' lang='lat' dir='ltr'><strong>quoniam</strong></span> <span class='ocrx_word' id='word_1_24' title='bbox 538 793 820 847; x_wconf 88' lang='lat' dir='ltr'><strong>continere</strong></span> <span class='ocrx_word' id='word_1_25' title='bbox 845 808 1130 862; x_wconf 89' lang='lat' dir='ltr'><strong>paucorum</strong></span> <span class='ocrx_word' id='word_1_26' title='bbox 1159 799 1258 855; x_wconf 91' lang='lat' dir='ltr'><strong>est,</strong></span> <span class='ocrx_word' id='word_1_27' title='bbox 1291 801 1447 859; x_wconf 85' lang='lat' dir='ltr'><strong>atque</strong></span> <span class='ocrx_word' id='word_1_28' title='bbox 1470 789 1537 843; x_wconf 90' lang='lat' dir='ltr'><strong>ad</strong></span> <span class='ocrx_word' id='word_1_29' title='bbox 1565 788 1616 843; x_wconf 92' lang='lat' dir='ltr'><strong>id</strong></span> <span class='ocrx_word' id='word_1_30' title='bbox 1653 788 1849 841; x_wconf 89' lang='lat' dir='ltr'><strong>debent</strong></span> 
     </span>
    </p>
   </div>
   <div class='ocr_carea' id='block_1_6' title="bbox 269 875 1847 951">
    <p class='ocr_par' dir='ltr' id='par_1_6' title="bbox 269 875 1847 951">
     <span class='ocr_line' id='line_1_6' title="bbox 269 875 1847 951; baseline -0.005 -11"><span class='ocrx_word' id='word_1_31' title='bbox 269 885 410 940; x_wconf 82' lang='lat' dir='ltr'><strong>laude</strong></span> <span class='ocrx_word' id='word_1_32' title='bbox 438 883 715 938; x_wconf 86' lang='lat' dir='ltr'><strong>adhortari</strong></span> <span class='ocrx_word' id='word_1_33' title='bbox 743 924 758 948; x_wconf 89' lang='lat'><strong>,</strong></span> <span class='ocrx_word' id='word_1_34' title='bbox 781 898 886 936; x_wconf 92' lang='lat' dir='ltr'><strong>non</strong></span> <span class='ocrx_word' id='word_1_35' title='bbox 916 882 1032 951; x_wconf 82' lang='lat' dir='ltr'><strong>lege</strong></span> <span class='ocrx_word' id='word_1_36' title='bbox 1061 879 1327 951; x_wconf 86' lang='lat' dir='ltr'><strong>compelli.</strong></span> <span class='ocrx_word' id='word_1_37' title='bbox 1354 878 1534 950; x_wconf 88' lang='lat' dir='ltr'><strong>Itaque</strong></span> <span class='ocrx_word' id='word_1_38' title='bbox 1563 879 1605 932; x_wconf 91' lang='lat' dir='ltr'><strong>si</strong></span> <span class='ocrx_word' id='word_1_39' title='bbox 1628 875 1847 932; x_wconf 80' lang='lat' dir='ltr'><strong>dimissa</strong></span> 
     </span>
    </p>
   </div>
   <div class='ocr_carea' id='block_1_7' title="bbox 267 971 1848 1042">
    <p class='ocr_par' dir='ltr' id='par_1_7' title="bbox 267 971 1848 1042">
     <span class='ocr_line' id='line_1_7' title="bbox 267 971 1848 1042; baseline -0.005 -11"><span class='ocrx_word' id='word_1_40' title='bbox 267 977 494 1033; x_wconf 88' lang='lat' dir='ltr'><strong>adultera</strong></span> <span class='ocrx_word' id='word_1_41' title='bbox 534 991 641 1028; x_wconf 89' lang='lat' dir='ltr'><strong>non</strong></span> <span class='ocrx_word' id='word_1_42' title='bbox 673 975 884 1029; x_wconf 75' lang='lat' dir='ltr'><strong>ducitur</strong></span> <span class='ocrx_word' id='word_1_43' title='bbox 926 974 1110 1036; x_wconf 90' lang='lat' dir='ltr'><strong>altera,</strong></span> <span class='ocrx_word' id='word_1_44' title='bbox 1139 973 1336 1042; x_wconf 87' lang='lat' dir='ltr'><strong>justam</strong></span> <span class='ocrx_word' id='word_1_45' title='bbox 1379 971 1673 1041; x_wconf 85' lang='lat' dir='ltr'><strong>querelam,</strong></span> <span class='ocrx_word' id='word_1_46' title='bbox 1711 971 1848 1023; x_wconf 91' lang='lat' dir='ltr'><strong>sicut</strong></span> 
     </span>
    </p>
   </div>
   <div class='ocr_carea' id='block_1_8' title="bbox 270 1061 1846 1141">
    <p class='ocr_par' dir='ltr' id='par_1_8' title="bbox 270 1061 1846 1141">
     <span class='ocr_line' id='line_1_8' title="bbox 270 1061 1846 1141; baseline -0.005 -17"><span class='ocrx_word' id='word_1_47' title='bbox 270 1082 438 1141; x_wconf 81' lang='lat' dir='ltr'><strong>putas,</strong></span> <span class='ocrx_word' id='word_1_48' title='bbox 475 1069 694 1124; x_wconf 75' lang='lat' dir='ltr'><strong>habebit</strong></span> <span class='ocrx_word' id='word_1_49' title='bbox 733 1067 1007 1122; x_wconf 89' lang='lat' dir='ltr'><strong>hominum</strong></span> <span class='ocrx_word' id='word_1_50' title='bbox 1039 1065 1439 1121; x_wconf 90' lang='lat' dir='ltr'><strong>incontinentia.</strong></span> <span class='ocrx_word' id='word_1_51' title='bbox 1487 1063 1592 1119; x_wconf 88' lang='lat' dir='ltr'><strong>Sed</strong></span> <span class='ocrx_word' id='word_1_52' title='bbox 1628 1061 1846 1117; x_wconf 86' lang='lat' dir='ltr'><strong>attende</strong></span> 
     </span>
    </p>
   </div>
   <div class='ocr_carea' id='block_1_9' title="bbox 265 1153 1842 1231">
    <p class='ocr_par' dir='ltr' id='par_1_9' title="bbox 265 1153 1842 1231">
     <span class='ocr_line' id='line_1_9' title="bbox 265 1153 1842 1231; baseline -0.004 -18"><span class='ocrx_word' id='word_1_53' title='bbox 265 1175 410 1231; x_wconf 88' lang='lat' dir='ltr'><strong>quam</strong></span> <span class='ocrx_word' id='word_1_54' title='bbox 441 1158 592 1229; x_wconf 88' lang='lat' dir='ltr'><strong>plura</strong></span> <span class='ocrx_word' id='word_1_55' title='bbox 622 1167 769 1224; x_wconf 91' lang='lat' dir='ltr'><strong>sunt,</strong></span> <span class='ocrx_word' id='word_1_56' title='bbox 799 1158 884 1212; x_wconf 91' lang='lat' dir='ltr'><strong>ubi</strong></span> <span class='ocrx_word' id='word_1_57' title='bbox 908 1157 950 1211; x_wconf 89' lang='lat' dir='ltr'><strong>si</strong></span> <span class='ocrx_word' id='word_1_58' title='bbox 979 1157 1223 1228; x_wconf 83' lang='lat' dir='ltr'><strong>querelas</strong></span> <span class='ocrx_word' id='word_1_59' title='bbox 1249 1154 1688 1209; x_wconf 90' lang='lat' dir='ltr'><strong>incontinentium</strong></span> <span class='ocrx_word' id='word_1_60' title='bbox 1709 1153 1842 1207; x_wconf 87' lang='lat' dir='ltr'><strong>veli-</strong></span> 
     </span>
    </p>
   </div>
   <div class='ocr_carea' id='block_1_10' title="bbox 267 1243 1841 1313">
    <p class='ocr_par' dir='ltr' id='par_1_10' title="bbox 267 1243 1841 1313">
     <span class='ocr_line' id='line_1_10' title="bbox 267 1243 1841 1313; baseline -0.005 -9"><span class='ocrx_word' id='word_1_61' title='bbox 267 1264 372 1304; x_wconf 86' lang='lat' dir='ltr'><strong>mus</strong></span> <span class='ocrx_word' id='word_1_62' title='bbox 401 1249 720 1313; x_wconf 89' lang='lat' dir='ltr'><strong>admittere,</strong></span> <span class='ocrx_word' id='word_1_63' title='bbox 751 1262 972 1302; x_wconf 88' lang='lat' dir='ltr'><strong>necesse</strong></span> <span class='ocrx_word' id='word_1_64' title='bbox 999 1247 1149 1301; x_wconf 90' lang='lat' dir='ltr'><strong>nobis</strong></span> <span class='ocrx_word' id='word_1_65' title='bbox 1175 1250 1278 1302; x_wconf 87' lang='lat' dir='ltr'><strong>erit</strong></span> <span class='ocrx_word' id='word_1_66' title='bbox 1313 1245 1567 1312; x_wconf 88' lang='lat' dir='ltr'><strong>adulteria</strong></span> <span class='ocrx_word' id='word_1_67' title='bbox 1603 1243 1841 1298; x_wconf 90' lang='lat' dir='ltr'><strong>facienda</strong></span> 
     </span>
    </p>
   </div>
   <div class='ocr_carea' id='block_1_11' title="bbox 269 1336 1845 1412">
    <p class='ocr_par' dir='ltr' id='par_1_11' title="bbox 269 1336 1845 1412">
     <span class='ocr_line' id='line_1_11' title="bbox 269 1336 1845 1412; baseline -0.004 -19"><span class='ocrx_word' id='word_1_68' title='bbox 269 1343 619 1412; x_wconf 71' lang='lat' dir='ltr'><strong>permittere‘.</strong></span> <span class='ocrx_word' id='word_1_69' title='bbox 651 1340 789 1408; x_wconf 85' lang='lat' dir='ltr'><strong>Quid</strong></span> <span class='ocrx_word' id='word_1_70' title='bbox 818 1340 862 1393; x_wconf 89' lang='lat' dir='ltr'><strong>si</strong></span> <span class='ocrx_word' id='word_1_71' title='bbox 891 1341 1031 1394; x_wconf 90' lang='lat' dir='ltr'><strong>enim</strong></span> <span class='ocrx_word' id='word_1_72' title='bbox 1060 1338 1237 1408; x_wconf 87' lang='lat' dir='ltr'><strong>aliquo</strong></span> <span class='ocrx_word' id='word_1_73' title='bbox 1265 1337 1517 1391; x_wconf 91' lang='lat' dir='ltr'><strong>diuturno</strong></span> <span class='ocrx_word' id='word_1_74' title='bbox 1541 1346 1594 1391; x_wconf 89' lang='lat' dir='ltr'><strong>et</strong></span> <span class='ocrx_word' id='word_1_75' title='bbox 1632 1336 1845 1390; x_wconf 89' lang='lat' dir='ltr'><strong>insana-</strong></span> 
     </span>
    </p>
   </div>
   <div class='ocr_carea' id='block_1_12' title="bbox 267 1426 1842 1500">
    <p class='ocr_par' dir='ltr' id='par_1_12' title="bbox 267 1426 1842 1500">
     <span class='ocr_line' id='line_1_12' title="bbox 267 1426 1842 1500; baseline -0.004 -14"><span class='ocrx_word' id='word_1_76' title='bbox 267 1433 346 1486; x_wconf 82' lang='lat' dir='ltr'><strong>hili</strong></span> <span class='ocrx_word' id='word_1_77' title='bbox 373 1432 568 1486; x_wconf 90' lang='lat' dir='ltr'><strong>morbo</strong></span> <span class='ocrx_word' id='word_1_78' title='bbox 595 1431 838 1500; x_wconf 89' lang='lat' dir='ltr'><strong>corporis</strong></span> <span class='ocrx_word' id='word_1_79' title='bbox 867 1439 1109 1484; x_wconf 88' lang='lat' dir='ltr'><strong>teneatur</strong></span> <span class='ocrx_word' id='word_1_80' title='bbox 1137 1428 1328 1497; x_wconf 75' lang='lat' dir='ltr'><strong>conjux</strong></span> <span class='ocrx_word' id='word_1_81' title='bbox 1352 1469 1368 1495; x_wconf 88' lang='lat'><strong>,</strong></span> <span class='ocrx_word' id='word_1_82' title='bbox 1395 1441 1500 1497; x_wconf 92' lang='lat' dir='ltr'><strong>quo</strong></span> <span class='ocrx_word' id='word_1_83' title='bbox 1529 1426 1842 1480; x_wconf 84' lang='lat' dir='ltr'><strong>concubitus</strong></span> 
     </span>
    </p>
   </div>
   <div class='ocr_carea' id='block_1_13' title="bbox 265 1519 1840 1594">
    <p class='ocr_par' dir='ltr' id='par_1_13' title="bbox 265 1519 1840 1594">
     <span class='ocr_line' id='line_1_13' title="bbox 265 1519 1840 1594; baseline -0.004 -16"><span class='ocrx_word' id='word_1_84' title='bbox 265 1523 671 1594; x_wconf 86' lang='lat' dir='ltr'><strong>impeditur(a)?</strong></span> <span class='ocrx_word' id='word_1_85' title='bbox 706 1520 854 1591; x_wconf 88' lang='lat' dir='ltr'><strong>quid,</strong></span> <span class='ocrx_word' id='word_1_86' title='bbox 880 1522 923 1575; x_wconf 87' lang='lat' dir='ltr'><strong>si</strong></span> <span class='ocrx_word' id='word_1_87' title='bbox 951 1521 1246 1589; x_wconf 73' lang='lat' dir='ltr'><strong>captivitas,</strong></span> <span class='ocrx_word' id='word_1_88' title='bbox 1281 1519 1362 1574; x_wconf 88' lang='lat' dir='ltr'><strong>vel</strong></span> <span class='ocrx_word' id='word_1_89' title='bbox 1388 1519 1467 1574; x_wconf 92' lang='lat' dir='ltr'><strong>vis</strong></span> <span class='ocrx_word' id='word_1_90' title='bbox 1485 1519 1657 1588; x_wconf 90' lang='lat' dir='ltr'><strong>aliqua</strong></span> <span class='ocrx_word' id='word_1_91' title='bbox 1683 1533 1840 1586; x_wconf 86' lang='lat' dir='ltr'><strong>sepa-</strong></span> 
     </span>
    </p>
   </div>
   <div class='ocr_carea' id='block_1_14' title="bbox 264 1607 1840 1679">
    <p class='ocr_par' dir='ltr' id='par_1_14' title="bbox 264 1607 1840 1679">
     <span class='ocr_line' id='line_1_14' title="bbox 264 1607 1840 1679; baseline -0.004 -11"><span class='ocrx_word' id='word_1_92' title='bbox 264 1626 354 1679; x_wconf 90' lang='lat' dir='ltr'><strong>ret,</strong></span> <span class='ocrx_word' id='word_1_93' title='bbox 385 1615 455 1667; x_wconf 89' lang='lat' dir='ltr'><strong>ita</strong></span> <span class='ocrx_word' id='word_1_94' title='bbox 505 1622 562 1666; x_wconf 91' lang='lat' dir='ltr'><strong>ut</strong></span> <span class='ocrx_word' id='word_1_95' title='bbox 606 1613 741 1666; x_wconf 87' lang='lat' dir='ltr'><strong>sciat</strong></span> <span class='ocrx_word' id='word_1_96' title='bbox 781 1612 962 1666; x_wconf 89' lang='lat' dir='ltr'><strong>vivere</strong></span> <span class='ocrx_word' id='word_1_97' title='bbox 1004 1611 1226 1665; x_wconf 89' lang='lat' dir='ltr'><strong>maritus</strong></span> <span class='ocrx_word' id='word_1_98' title='bbox 1275 1624 1516 1676; x_wconf 77' lang='lat' dir='ltr'><strong>uxorem,</strong></span> <span class='ocrx_word' id='word_1_99' title='bbox 1544 1609 1697 1677; x_wconf 89' lang='lat' dir='ltr'><strong>cujus</strong></span> <span class='ocrx_word' id='word_1_100' title='bbox 1741 1607 1840 1662; x_wconf 90' lang='lat' dir='ltr'><strong>sibi</strong></span> 
     </span>
    </p>
   </div>
   <div class='ocr_carea' id='block_1_15' title="bbox 263 1700 1840 1775">
    <p class='ocr_par' dir='ltr' id='par_1_15' title="bbox 263 1700 1840 1775">
     <span class='ocr_line' id='line_1_15' title="bbox 263 1700 1840 1775; baseline -0.005 -13"><span class='ocrx_word' id='word_1_101' title='bbox 263 1707 400 1775; x_wconf 83' lang='lat' dir='ltr'><strong>copia</strong></span> <span class='ocrx_word' id='word_1_102' title='bbox 438 1704 780 1774; x_wconf 77' lang='lat' dir='ltr'><strong>denegatur?</strong></span> <span class='ocrx_word' id='word_1_103' title='bbox 820 1719 1076 1759; x_wconf 88' lang='lat' dir='ltr'><strong>censesne</strong></span> <span class='ocrx_word' id='word_1_104' title='bbox 1128 1701 1452 1756; x_wconf 87' lang='lat' dir='ltr'><strong>admittenda</strong></span> <span class='ocrx_word' id='word_1_105' title='bbox 1501 1700 1840 1756; x_wconf 75' lang='lat' dir='ltr'><strong>incontinen—</strong></span> 
     </span>
    </p>
   </div>
   <div class='ocr_carea' id='block_1_16' title="bbox 264 1789 1838 1864">
    <p class='ocr_par' dir='ltr' id='par_1_16' title="bbox 264 1789 1838 1864">
     <span class='ocr_line' id='line_1_16' title="bbox 264 1789 1838 1864; baseline -0.005 -12"><span class='ocrx_word' id='word_1_106' title='bbox 264 1800 380 1852; x_wconf 88' lang='lat' dir='ltr'><strong>tium</strong></span> <span class='ocrx_word' id='word_1_107' title='bbox 428 1811 728 1859; x_wconf 89' lang='lat' dir='ltr'><strong>murmura,</strong></span> <span class='ocrx_word' id='word_1_108' title='bbox 766 1803 820 1849; x_wconf 93' lang='lat' dir='ltr'><strong>et</strong></span> <span class='ocrx_word' id='word_1_109' title='bbox 863 1793 1215 1864; x_wconf 89' lang='lat' dir='ltr'><strong>permittenda</strong></span> <span class='ocrx_word' id='word_1_110' title='bbox 1263 1789 1562 1846; x_wconf 89' lang='lat' dir='ltr'><strong>adulteria?</strong></span> <span class='ocrx_word' id='word_1_111' title='bbox 1604 1789 1740 1857; x_wconf 88' lang='lat' dir='ltr'><strong>Quid</strong></span> <span class='ocrx_word' id='word_1_112' title='bbox 1786 1791 1838 1844; x_wconf 92' lang='lat' dir='ltr'><strong>in</strong></span> 
     </span>
    </p>
   </div>
   <div class='ocr_carea' id='block_1_17' title="bbox 264 1881 1839 1957">
    <p class='ocr_par' dir='ltr' id='par_1_17' title="bbox 264 1881 1839 1957">
     <span class='ocr_line' id='line_1_17' title="bbox 264 1881 1839 1957; baseline -0.005 -15"><span class='ocrx_word' id='word_1_113' title='bbox 264 1890 354 1943; x_wconf 87' lang='lat' dir='ltr'><strong>hoc</strong></span> <span class='ocrx_word' id='word_1_114' title='bbox 383 1889 500 1957; x_wconf 92' lang='lat' dir='ltr'><strong>ipso</strong></span> <span class='ocrx_word' id='word_1_115' title='bbox 532 1886 674 1942; x_wconf 91' lang='lat' dir='ltr'><strong>unde</strong></span> <span class='ocrx_word' id='word_1_116' title='bbox 705 1887 1059 1954; x_wconf 84' lang='lat' dir='ltr'><strong>interrogatus</strong></span> <span class='ocrx_word' id='word_1_117' title='bbox 1106 1893 1188 1939; x_wconf 91' lang='lat' dir='ltr'><strong>est</strong></span> <span class='ocrx_word' id='word_1_118' title='bbox 1218 1883 1494 1947; x_wconf 88' lang='lat' dir='ltr'><strong>Dominus,</strong></span> <span class='ocrx_word' id='word_1_119' title='bbox 1537 1881 1839 1951; x_wconf 87' lang='lat' dir='ltr'><strong>respondit-</strong></span> 
     </span>
    </p>
   </div>
   <div class='ocr_carea' id='block_1_18' title="bbox 261 1974 1837 2048">
    <p class='ocr_par' dir='ltr' id='par_1_18' title="bbox 261 1974 1837 2048">
     <span class='ocr_line' id='line_1_18' title="bbox 261 1974 1837 2048; baseline -0.003 -17"><span class='ocrx_word' id='word_1_120' title='bbox 261 1995 354 2048; x_wconf 89' lang='lat' dir='ltr'><strong>que</strong></span> <span class='ocrx_word' id='word_1_121' title='bbox 391 1980 504 2033; x_wconf 86' lang='lat' dir='ltr'><strong>tieri</strong></span> <span class='ocrx_word' id='word_1_122' title='bbox 539 1993 643 2032; x_wconf 90' lang='lat' dir='ltr'><strong>non</strong></span> <span class='ocrx_word' id='word_1_123' title='bbox 675 1978 892 2044; x_wconf 89' lang='lat' dir='ltr'><strong>debere,</strong></span> <span class='ocrx_word' id='word_1_124' title='bbox 921 1976 1012 2030; x_wconf 92' lang='lat' dir='ltr'><strong>scd</strong></span> <span class='ocrx_word' id='word_1_125' title='bbox 1042 1976 1106 2028; x_wconf 90' lang='lat' dir='ltr'><strong>ad</strong></span> <span class='ocrx_word' id='word_1_126' title='bbox 1133 1976 1380 2029; x_wconf 89' lang='lat' dir='ltr'><strong>duritiam</strong></span> <span class='ocrx_word' id='word_1_127' title='bbox 1416 1974 1592 2029; x_wconf 84' lang='lat' dir='ltr'><strong>cordis</strong></span> <span class='ocrx_word' id='word_1_128' title='bbox 1629 1975 1837 2027; x_wconf 81' lang='lat' dir='ltr'><strong>illorum</strong></span> 
     </span>
    </p>
   </div>
   <div class='ocr_carea' id='block_1_19' title="bbox 261 2067 1838 2143">
    <p class='ocr_par' dir='ltr' id='par_1_19' title="bbox 261 2067 1838 2143">
     <span class='ocr_line' id='line_1_19' title="bbox 261 2067 1838 2143; baseline -0.004 -17"><span class='ocrx_word' id='word_1_129' title='bbox 261 2071 469 2143; x_wconf 75' lang='lat' dir='ltr'><strong>Moysen</strong></span> <span class='ocrx_word' id='word_1_130' title='bbox 499 2071 808 2142; x_wconf 89' lang='lat' dir='ltr'><strong>permisisse</strong></span> <span class='ocrx_word' id='word_1_131' title='bbox 835 2070 948 2124; x_wconf 88' lang='lat' dir='ltr'><strong>dari</strong></span> <span class='ocrx_word' id='word_1_132' title='bbox 979 2069 1211 2124; x_wconf 87' lang='lat' dir='ltr'><strong>libellum</strong></span> <span class='ocrx_word' id='word_1_133' title='bbox 1249 2067 1475 2137; x_wconf 88' lang='lat' dir='ltr'><strong>repudii,</strong></span> <span class='ocrx_word' id='word_1_134' title='bbox 1509 2077 1560 2122; x_wconf 88' lang='lat' dir='ltr'><strong>et</strong></span> <span class='ocrx_word' id='word_1_135' title='bbox 1585 2083 1838 2138; x_wconf 83' lang='lat' dir='ltr'><strong>quacum-</strong></span> 
     </span>
    </p>
   </div>
   <div class='ocr_carea' id='block_1_20' title="bbox 260 2159 1839 2232">
    <p class='ocr_par' dir='ltr' id='par_1_20' title="bbox 260 2159 1839 2232">
     <span class='ocr_line' id='line_1_20' title="bbox 260 2159 1839 2232; baseline 0 -19"><span class='ocrx_word' id='word_1_136' title='bbox 260 2177 358 2232; x_wconf 92' lang='lat' dir='ltr'><strong>que</strong></span> <span class='ocrx_word' id='word_1_137' title='bbox 387 2177 541 2215; x_wconf 89' lang='lat' dir='ltr'><strong>causa</strong></span> <span class='ocrx_word' id='word_1_138' title='bbox 572 2162 838 2216; x_wconf 88' lang='lat' dir='ltr'><strong>dimittere</strong></span> <span class='ocrx_word' id='word_1_139' title='bbox 863 2159 1180 2230; x_wconf 83' lang='lat' dir='ltr'><strong>conjugem?</strong></span> <span class='ocrx_word' id='word_1_140' title='bbox 1208 2173 1384 2213; x_wconf 91' lang='lat' dir='ltr'><strong>nonne</strong></span> <span class='ocrx_word' id='word_1_141' title='bbox 1425 2160 1506 2212; x_wconf 81' lang='lat' dir='ltr'><strong>lex</strong></span> <span class='ocrx_word' id='word_1_142' title='bbox 1537 2159 1728 2212; x_wconf 83' lang='lat' dir='ltr'><strong>Christi</strong></span> <span class='ocrx_word' id='word_1_143' title='bbox 1760 2160 1839 2213; x_wconf 86' lang='lat' dir='ltr'><strong>in—</strong></span> 
     </span>
    </p>
   </div>
   <div class='ocr_carea' id='block_1_21' title="bbox 260 2251 1840 2321">
    <p class='ocr_par' dir='ltr' id='par_1_21' title="bbox 260 2251 1840 2321">
     <span class='ocr_line' id='line_1_21' title="bbox 260 2251 1840 2321; baseline -0.001 -15"><span class='ocrx_word' id='word_1_144' title='bbox 260 2252 648 2306; x_wconf 88' lang='lat' dir='ltr'><strong>continentibus</strong></span> <span class='ocrx_word' id='word_1_145' title='bbox 689 2252 965 2320; x_wconf 87' lang='lat' dir='ltr'><strong>displicet,</strong></span> <span class='ocrx_word' id='word_1_146' title='bbox 1009 2252 1095 2321; x_wconf 90' lang='lat' dir='ltr'><strong>qui</strong></span> <span class='ocrx_word' id='word_1_147' title='bbox 1147 2266 1340 2305; x_wconf 76' lang='lat' dir='ltr'><strong>uxores</strong></span> <span class='ocrx_word' id='word_1_148' title='bbox 1388 2251 1667 2320; x_wconf 84' lang='lat' dir='ltr'><strong>litigiosas,</strong></span> <span class='ocrx_word' id='word_1_149' title='bbox 1701 2251 1840 2320; x_wconf 88' lang='lat' dir='ltr'><strong>inju-</strong></span> 
     </span>
    </p>
   </div>
   <div class='ocr_carea' id='block_1_22' title="bbox 259 2341 1840 2412">
    <p class='ocr_par' dir='ltr' id='par_1_22' title="bbox 259 2341 1840 2412">
     <span class='ocr_line' id='line_1_22' title="bbox 259 2341 1840 2412; baseline 0.001 -16"><span class='ocrx_word' id='word_1_150' title='bbox 259 2343 444 2409; x_wconf 84' lang='lat' dir='ltr'><strong>riosas,</strong></span> <span class='ocrx_word' id='word_1_151' title='bbox 481 2344 813 2412; x_wconf 89' lang='lat' dir='ltr'><strong>imperiosas,</strong></span> <span class='ocrx_word' id='word_1_152' title='bbox 849 2341 1169 2405; x_wconf 88' lang='lat' dir='ltr'><strong>fastidiosas,</strong></span> <span class='ocrx_word' id='word_1_153' title='bbox 1205 2351 1256 2396; x_wconf 90' lang='lat' dir='ltr'><strong>et</strong></span> <span class='ocrx_word' id='word_1_154' title='bbox 1285 2341 1349 2396; x_wconf 92' lang='lat' dir='ltr'><strong>ad</strong></span> <span class='ocrx_word' id='word_1_155' title='bbox 1387 2342 1715 2397; x_wconf 87' lang='lat' dir='ltr'><strong>reddendum</strong></span> <span class='ocrx_word' id='word_1_156' title='bbox 1746 2342 1840 2397; x_wconf 89' lang='lat' dir='ltr'><strong>de-</strong></span> 
     </span>
    </p>
   </div>
   <div class='ocr_carea' id='block_1_23' title="bbox 259 2435 1838 2507">
    <p class='ocr_par' dir='ltr' id='par_1_23' title="bbox 259 2435 1838 2507">
     <span class='ocr_line' id='line_1_23' title="bbox 259 2435 1838 2507; baseline 0 -17"><span class='ocrx_word' id='word_1_157' title='bbox 259 2437 412 2491; x_wconf 88' lang='lat' dir='ltr'><strong>bitum</strong></span> <span class='ocrx_word' id='word_1_158' title='bbox 440 2437 721 2507; x_wconf 82' lang='lat' dir='ltr'><strong>conjngale</strong></span> <span class='ocrx_word' id='word_1_159' title='bbox 761 2437 1117 2500; x_wconf 85' lang='lat' dir='ltr'><strong>difficillimas,</strong></span> <span class='ocrx_word' id='word_1_160' title='bbox 1153 2436 1373 2505; x_wconf 91' lang='lat' dir='ltr'><strong>repudio</strong></span> <span class='ocrx_word' id='word_1_161' title='bbox 1404 2435 1716 2506; x_wconf 87' lang='lat' dir='ltr'><strong>interposito</strong></span> <span class='ocrx_word' id='word_1_162' title='bbox 1742 2435 1838 2490; x_wconf 88' lang='lat' dir='ltr'><strong>ab-</strong></span> 
     </span>
    </p>
   </div>
   <div class='ocr_carea' id='block_1_24' title="bbox 257 2530 1838 2602">
    <p class='ocr_par' dir='ltr' id='par_1_24' title="bbox 257 2530 1838 2602">
     <span class='ocr_line' id='line_1_24' title="bbox 257 2530 1838 2602; baseline -0.001 -19"><span class='ocrx_word' id='word_1_163' title='bbox 257 2532 408 2602; x_wconf 86' lang='lat' dir='ltr'><strong>jicere</strong></span> <span class='ocrx_word' id='word_1_164' title='bbox 439 2533 642 2598; x_wconf 88' lang='lat' dir='ltr'><strong>volunt,</strong></span> <span class='ocrx_word' id='word_1_165' title='bbox 667 2541 721 2585; x_wconf 91' lang='lat' dir='ltr'><strong>ct</strong></span> <span class='ocrx_word' id='word_1_166' title='bbox 746 2532 938 2586; x_wconf 88' lang='lat' dir='ltr'><strong>alteras</strong></span> <span class='ocrx_word' id='word_1_167' title='bbox 965 2530 1197 2584; x_wconf 89' lang='lat' dir='ltr'><strong>ducere?</strong></span> <span class='ocrx_word' id='word_1_168' title='bbox 1238 2530 1353 2584; x_wconf 83' lang='lat' dir='ltr'><strong>Jam</strong></span> <span class='ocrx_word' id='word_1_169' title='bbox 1383 2547 1530 2598; x_wconf 84' lang='lat' dir='ltr'><strong>ergo,</strong></span> <span class='ocrx_word' id='word_1_170' title='bbox 1565 2530 1684 2598; x_wconf 89' lang='lat' dir='ltr'><strong>quia</strong></span> <span class='ocrx_word' id='word_1_171' title='bbox 1709 2531 1838 2583; x_wconf 91' lang='lat' dir='ltr'><strong>isto-</strong></span> 
     </span>
    </p>
   </div>
   <div class='ocr_carea' id='block_1_25' title="bbox 257 2619 1836 2691">
    <p class='ocr_par' dir='ltr' id='par_1_25' title="bbox 257 2619 1836 2691">
     <span class='ocr_line' id='line_1_25' title="bbox 257 2619 1836 2691; baseline -0.001 -15"><span class='ocrx_word' id='word_1_172' title='bbox 257 2638 361 2676; x_wconf 86' lang='lat' dir='ltr'><strong>rum</strong></span> <span class='ocrx_word' id='word_1_173' title='bbox 392 2623 776 2676; x_wconf 90' lang='lat' dir='ltr'><strong>incontinentia</strong></span> <span class='ocrx_word' id='word_1_174' title='bbox 823 2622 992 2691; x_wconf 82' lang='lat' dir='ltr'><strong>legem</strong></span> <span class='ocrx_word' id='word_1_175' title='bbox 1038 2621 1233 2676; x_wconf 87' lang='lat' dir='ltr'><strong>Christi</strong></span> <span class='ocrx_word' id='word_1_176' title='bbox 1283 2621 1507 2688; x_wconf 87' lang='lat' dir='ltr'><strong>horruit,</strong></span> <span class='ocrx_word' id='word_1_177' title='bbox 1539 2619 1606 2675; x_wconf 90' lang='lat' dir='ltr'><strong>ad</strong></span> <span class='ocrx_word' id='word_1_178' title='bbox 1651 2635 1836 2676; x_wconf 90' lang='lat' dir='ltr'><strong>eorum</strong></span> 
     </span>
    </p>
   </div>
   <div class='ocr_carea' id='block_1_26' title="bbox 257 2714 1415 2770">
    <p class='ocr_par' dir='ltr' id='par_1_26' title="bbox 257 2714 1415 2770">
     <span class='ocr_line' id='line_1_26' title="bbox 257 2714 1415 2770; baseline 0 0"><span class='ocrx_word' id='word_1_179' title='bbox 257 2716 330 2770; x_wconf 82' lang='lat' dir='ltr'><strong>lex</strong></span> <span class='ocrx_word' id='word_1_180' title='bbox 361 2715 557 2770; x_wconf 85' lang='lat' dir='ltr'><strong>Christi</strong></span> <span class='ocrx_word' id='word_1_181' title='bbox 586 2715 864 2769; x_wconf 83' lang='lat' dir='ltr'><strong>arbitrium</strong></span> <span class='ocrx_word' id='word_1_182' title='bbox 893 2714 1264 2768; x_wconf 86' lang='lat' dir='ltr'><strong>commutanda</strong></span> <span class='ocrx_word' id='word_1_183' title='bbox 1295 2714 1415 2770; x_wconf 81' lang='lat' dir='ltr'><strong>est?</strong></span> 
     </span>
    </p>
   </div>
   <div class='ocr_carea' id='block_1_27' title="bbox 319 2805 1838 2878">
    <p class='ocr_par' dir='ltr' id='par_1_27' title="bbox 319 2805 1838 2878">
     <span class='ocr_line' id='line_1_27' title="bbox 319 2805 1838 2878; baseline -0.003 -16"><span class='ocrx_word' id='word_1_184' title='bbox 319 2808 403 2863; x_wconf 71' lang='grc' dir='ltr'><strong>ιο.</strong></span> <span class='ocrx_word' id='word_1_185' title='bbox 443 2808 563 2862; x_wconf 82' lang='lat' dir='ltr'><strong>Jam</strong></span> <span class='ocrx_word' id='word_1_186' title='bbox 596 2823 758 2878; x_wconf 89' lang='lat' dir='ltr'><strong>porro</strong></span> <span class='ocrx_word' id='word_1_187' title='bbox 783 2808 828 2861; x_wconf 91' lang='lat' dir='ltr'><strong>si</strong></span> <span class='ocrx_word' id='word_1_188' title='bbox 855 2808 1101 2860; x_wconf 87' lang='lat' dir='ltr'><strong>maritum</strong></span> <span class='ocrx_word' id='word_1_189' title='bbox 1134 2807 1398 2875; x_wconf 83' lang='lat' dir='ltr'><strong>relinquat</strong></span> <span class='ocrx_word' id='word_1_190' title='bbox 1429 2821 1580 2870; x_wconf 85' lang='lat' dir='ltr'><strong>uxor,</strong></span> <span class='ocrx_word' id='word_1_191' title='bbox 1615 2805 1696 2860; x_wconf 90' lang='lat' dir='ltr'><strong>vel</strong></span> <span class='ocrx_word' id='word_1_192' title='bbox 1727 2820 1838 2859; x_wconf 91' lang='lat' dir='ltr'><strong>ma-</strong></span> 
     </span>
    </p>
   </div>
   <div class='ocr_carea' id='block_1_28' title="bbox 257 2897 1840 2968">
    <p class='ocr_par' dir='ltr' id='par_1_28' title="bbox 257 2897 1840 2968">
     <span class='ocr_line' id='line_1_28' title="bbox 257 2897 1840 2968; baseline -0.001 -16"><span class='ocrx_word' id='word_1_193' title='bbox 257 2901 375 2954; x_wconf 87' lang='lat' dir='ltr'><strong>ritus</strong></span> <span class='ocrx_word' id='word_1_194' title='bbox 401 2914 648 2962; x_wconf 80' lang='lat' dir='ltr'><strong>uxorem,</strong></span> <span class='ocrx_word' id='word_1_195' title='bbox 671 2916 775 2953; x_wconf 90' lang='lat' dir='ltr'><strong>non</strong></span> <span class='ocrx_word' id='word_1_196' title='bbox 800 2915 959 2954; x_wconf 86' lang='lat' dir='ltr'><strong>causa</strong></span> <span class='ocrx_word' id='word_1_197' title='bbox 991 2898 1372 2962; x_wconf 79' lang='lat' dir='ltr'><strong>fornicationis,</strong></span> <span class='ocrx_word' id='word_1_198' title='bbox 1396 2897 1489 2952; x_wconf 89' lang='lat' dir='ltr'><strong>sed</strong></span> <span class='ocrx_word' id='word_1_199' title='bbox 1519 2898 1690 2968; x_wconf 88' lang='lat' dir='ltr'><strong>potius</strong></span> <span class='ocrx_word' id='word_1_200' title='bbox 1711 2911 1840 2951; x_wconf 90' lang='lat' dir='ltr'><strong>con-</strong></span> 
     </span>
    </p>
   </div>
   <div class='ocr_carea' id='block_1_29' title="bbox 257 2990 1840 3063">
    <p class='ocr_par' dir='ltr' id='par_1_29' title="bbox 257 2990 1840 3063">
     <span class='ocr_line' id='line_1_29' title="bbox 257 2990 1840 3063; baseline 0.001 -19"><span class='ocrx_word' id='word_1_201' title='bbox 257 2993 502 3060; x_wconf 70' lang='lat' dir='ltr'><strong>tinentize,</strong></span> <span class='ocrx_word' id='word_1_202' title='bbox 523 2993 700 3063; x_wconf 87' lang='lat' dir='ltr'><strong>sitque</strong></span> <span class='ocrx_word' id='word_1_203' title='bbox 730 2992 1062 3047; x_wconf 84' lang='lat' dir='ltr'><strong>incontinens</strong></span> <span class='ocrx_word' id='word_1_204' title='bbox 1082 2992 1164 3045; x_wconf 90' lang='lat' dir='ltr'><strong>cui</strong></span> <span class='ocrx_word' id='word_1_205' title='bbox 1193 2991 1468 3060; x_wconf 75' lang='lat' dir='ltr'><strong>repudium</strong></span> <span class='ocrx_word' id='word_1_206' title='bbox 1499 2999 1712 3060; x_wconf 90' lang='lat' dir='ltr'><strong>pr0pter</strong></span> <span class='ocrx_word' id='word_1_207' title='bbox 1739 2990 1840 3046; x_wconf 91' lang='lat' dir='ltr'><strong>hoc</strong></span> 
     </span>
    </p>
   </div>
   <div class='ocr_carea' id='block_1_30' title="bbox 255 3084 1836 3155">
    <p class='ocr_par' dir='ltr' id='par_1_30' title="bbox 255 3084 1836 3155">
     <span class='ocr_line' id='line_1_30' title="bbox 255 3084 1836 3155; baseline 0.001 -19"><span class='ocrx_word' id='word_1_208' title='bbox 255 3084 426 3150; x_wconf 87' lang='lat' dir='ltr'><strong>datur;</strong></span> <span class='ocrx_word' id='word_1_209' title='bbox 455 3101 642 3155; x_wconf 81' lang='lat' dir='ltr'><strong>quaero</strong></span> <span class='ocrx_word' id='word_1_210' title='bbox 670 3095 843 3139; x_wconf 92' lang='lat' dir='ltr'><strong>utrum</strong></span> <span class='ocrx_word' id='word_1_211' title='bbox 877 3101 982 3140; x_wconf 91' lang='lat' dir='ltr'><strong>non</strong></span> <span class='ocrx_word' id='word_1_212' title='bbox 1020 3086 1120 3140; x_wconf 90' lang='lat' dir='ltr'><strong>erit</strong></span> <span class='ocrx_word' id='word_1_213' title='bbox 1150 3085 1359 3139; x_wconf 90' lang='lat' dir='ltr'><strong>adulter</strong></span> <span class='ocrx_word' id='word_1_214' title='bbox 1381 3085 1464 3140; x_wconf 92' lang='lat' dir='ltr'><strong>vel</strong></span> <span class='ocrx_word' id='word_1_215' title='bbox 1502 3085 1763 3149; x_wconf 88' lang='lat' dir='ltr'><strong>adultera,</strong></span> <span class='ocrx_word' id='word_1_216' title='bbox 1791 3085 1836 3140; x_wconf 91' lang='lat' dir='ltr'><strong>si</strong></span> 
     </span>
    </p>
   </div>
   <div class='ocr_carea' id='block_1_31' title="bbox 253 3175 1834 3246">
    <p class='ocr_par' dir='ltr' id='par_1_31' title="bbox 253 3175 1834 3246">
     <span class='ocr_line' id='line_1_31' title="bbox 253 3175 1834 3246; baseline 0 -18"><span class='ocrx_word' id='word_1_217' title='bbox 253 3175 390 3230; x_wconf 84' lang='lat' dir='ltr'><strong>alteri</strong></span> <span class='ocrx_word' id='word_1_218' title='bbox 420 3177 744 3246; x_wconf 86' lang='lat' dir='ltr'><strong>copuletur?</strong></span> <span class='ocrx_word' id='word_1_219' title='bbox 783 3176 860 3242; x_wconf 89' lang='lat' dir='ltr'><strong>Si,</strong></span> <span class='ocrx_word' id='word_1_220' title='bbox 887 3176 1001 3231; x_wconf 86' lang='lat' dir='ltr'><strong>Non</strong></span> <span class='ocrx_word' id='word_1_221' title='bbox 1031 3182 1153 3242; x_wconf 85' lang='lat' dir='ltr'><strong>erit,</strong></span> <span class='ocrx_word' id='word_1_222' title='bbox 1185 3177 1407 3242; x_wconf 86' lang='lat' dir='ltr'><strong>dicitur;</strong></span> <span class='ocrx_word' id='word_1_223' title='bbox 1443 3177 1666 3230; x_wconf 89' lang='lat' dir='ltr'><strong>Domino</strong></span> <span class='ocrx_word' id='word_1_224' title='bbox 1703 3191 1834 3230; x_wconf 89' lang='lat' dir='ltr'><strong>con-</strong></span> 
     </span>
    </p>
   </div>
   <div class='ocr_carea' id='block_1_32' title="bbox 253 3269 1833 3340">
    <p class='ocr_par' dir='ltr' id='par_1_32' title="bbox 253 3269 1833 3340">
     <span class='ocr_line' id='line_1_32' title="bbox 253 3269 1833 3340; baseline 0 -18"><span class='ocrx_word' id='word_1_225' title='bbox 253 3269 543 3336; x_wconf 84' lang='lat' dir='ltr'><strong>tradicitur,</strong></span> <span class='ocrx_word' id='word_1_226' title='bbox 591 3270 744 3340; x_wconf 84' lang='lat' dir='ltr'><strong>cujus</strong></span> <span class='ocrx_word' id='word_1_227' title='bbox 773 3269 889 3324; x_wconf 64' lang='lat' dir='ltr'><strong>hate</strong></span> <span class='ocrx_word' id='word_1_228' title='bbox 917 3270 1078 3325; x_wconf 86' lang='lat' dir='ltr'><strong>verba</strong></span> <span class='ocrx_word' id='word_1_229' title='bbox 1106 3279 1231 3325; x_wconf 92' lang='lat' dir='ltr'><strong>sunt</strong></span> <span class='ocrx_word' id='word_1_230' title='bbox 1257 3287 1269 3321; x_wconf 91' lang='lat'>:</span> <span class='ocrx_word' id='word_1_231' title='bbox 1303 3269 1510 3323; x_wconf 83' lang='lat' dir='ltr'><strong>Dictum</strong></span> <span class='ocrx_word' id='word_1_232' title='bbox 1549 3277 1619 3324; x_wconf 82' lang='lat' dir='ltr'><strong>est</strong></span> <span class='ocrx_word' id='word_1_233' title='bbox 1646 3279 1833 3335; x_wconf 79' lang='lat' dir='ltr'><strong>autent,</strong></span> 
     </span>
    </p>
   </div>
   <div class='ocr_carea' id='block_1_33' title="bbox 255 3359 1839 3430">
    <p class='ocr_par' dir='ltr' id='par_1_33' title="bbox 255 3359 1839 3430">
     <span class='ocr_line' id='line_1_33' title="bbox 255 3359 1839 3430; baseline 0.001 -17"><span class='ocrx_word' id='word_1_234' title='bbox 255 3361 564 3430; x_wconf 78' lang='lat' dir='ltr'><strong>Quicumque</strong></span> <span class='ocrx_word' id='word_1_235' title='bbox 603 3361 845 3416; x_wconf 74' lang='lat' dir='ltr'><strong>dimiserit</strong></span> <span class='ocrx_word' id='word_1_236' title='bbox 873 3378 1081 3416; x_wconf 77' lang='lat' dir='ltr'><strong>uxorem</strong></span> <span class='ocrx_word' id='word_1_237' title='bbox 1106 3379 1269 3428; x_wconf 84' lang='lat' dir='ltr'><strong>suam,</strong></span> <span class='ocrx_word' id='word_1_238' title='bbox 1301 3361 1384 3414; x_wconf 88' lang='lat' dir='ltr'><strong>det</strong></span> <span class='ocrx_word' id='word_1_239' title='bbox 1409 3359 1728 3415; x_wconf 84' lang='lat' dir='ltr'><strong>illi&#39;libellum</strong></span> <span class='ocrx_word' id='word_1_240' title='bbox 1758 3376 1839 3414; x_wconf 86' lang='lat' dir='ltr'><strong>re-</strong></span> 
     </span>
    </p>
   </div>
   <div class='ocr_carea' id='block_1_34' title="bbox 252 3452 1836 3523">
    <p class='ocr_par' dir='ltr' id='par_1_34' title="bbox 252 3452 1836 3523">
     <span class='ocr_line' id='line_1_34' title="bbox 252 3452 1836 3523; baseline 0.002 -20"><span class='ocrx_word' id='word_1_241' title='bbox 252 3455 402 3520; x_wconf 80' lang='lat' dir='ltr'><strong>pudii.</strong></span> <span class='ocrx_word' id='word_1_242' title='bbox 449 3452 564 3523; x_wconf 81' lang='lat' dir='ltr'><strong>Ego</strong></span> <span class='ocrx_word' id='word_1_243' title='bbox 601 3464 770 3507; x_wconf 87' lang='lat' dir='ltr'><strong>autem</strong></span> <span class='ocrx_word' id='word_1_244' title='bbox 812 3453 924 3506; x_wconf 86' lang='lat' dir='ltr'><strong>dico</strong></span> <span class='ocrx_word' id='word_1_245' title='bbox 963 3453 1099 3508; x_wconf 82' lang='lat' dir='ltr'><strong>vobis</strong></span> <span class='ocrx_word' id='word_1_246' title='bbox 1125 3453 1243 3523; x_wconf 86' lang='lat' dir='ltr'><strong>quia</strong></span> <span class='ocrx_word' id='word_1_247' title='bbox 1280 3453 1441 3506; x_wconf 84' lang='lat' dir='ltr'><strong>omnis</strong></span> <span class='ocrx_word' id='word_1_248' title='bbox 1479 3453 1563 3522; x_wconf 88' lang='lat' dir='ltr'><strong>qui</strong></span> <span class='ocrx_word' id='word_1_249' title='bbox 1593 3453 1836 3506; x_wconf 76' lang='lat' dir='ltr'><strong>dimiserit</strong></span> 
     </span>
    </p>
   </div>
   <div class='ocr_carea' id='block_1_35' title="bbox 251 3545 1836 3620">
    <p class='ocr_par' dir='ltr' id='par_1_35' title="bbox 251 3545 1836 3620">
     <span class='ocr_line' id='line_1_35' title="bbox 251 3545 1836 3620; baseline -0.001 -23"><span class='ocrx_word' id='word_1_250' title='bbox 251 3561 450 3598; x_wconf 77' lang='lat' dir='ltr'><strong>uxorem</strong></span> <span class='ocrx_word' id='word_1_251' title='bbox 493 3563 662 3611; x_wconf 86' lang='lat' dir='ltr'><strong>suam,</strong></span> <span class='ocrx_word' id='word_1_252' title='bbox 693 3555 901 3615; x_wconf 74' lang='lat' dir='ltr'><strong>excepta</strong></span> <span class='ocrx_word' id='word_1_253' title='bbox 949 3563 1100 3600; x_wconf 88' lang='lat' dir='ltr'><strong>causa</strong></span> <span class='ocrx_word' id='word_1_254' title='bbox 1142 3545 1514 3620; x_wconf 76' lang='lat' dir='ltr'><strong>fornicationis,</strong></span> <span class='ocrx_word' id='word_1_255' title='bbox 1560 3545 1680 3616; x_wconf 83' lang='lat' dir='ltr'><strong>facit</strong></span> <span class='ocrx_word' id='word_1_256' title='bbox 1725 3561 1836 3597; x_wconf 89' lang='lat' dir='ltr'><strong>eam</strong></span> 
     </span>
    </p>
   </div>
   <div class='ocr_carea' id='block_1_36' title="bbox 251 3635 1830 3708">
    <p class='ocr_par' dir='ltr' id='par_1_36' title="bbox 251 3635 1830 3708">
     <span class='ocr_line' id='line_1_36' title="bbox 251 3635 1830 3708; baseline 0.002 -22"><span class='ocrx_word' id='word_1_257' title='bbox 251 3636 521 3700; x_wconf 68' lang='lat' dir='ltr'><strong>mare/tari;</strong></span> <span class='ocrx_word' id='word_1_258' title='bbox 564 3645 613 3690; x_wconf 92' lang='lat' dir='ltr'><strong>et</strong></span> <span class='ocrx_word' id='word_1_259' title='bbox 647 3637 735 3708; x_wconf 83' lang='lat' dir='ltr'><strong>qui</strong></span> <span class='ocrx_word' id='word_1_260' title='bbox 778 3637 1037 3690; x_wconf 83' lang='lat' dir='ltr'><strong>dimissam</strong></span> <span class='ocrx_word' id='word_1_261' title='bbox 1077 3638 1296 3703; x_wconf 73' lang='lat' dir='ltr'><strong>duxerit,</strong></span> <span class='ocrx_word' id='word_1_262' title='bbox 1340 3637 1590 3690; x_wconf 82' lang='lat' dir='ltr'><strong>adulterat</strong></span> <span class='ocrx_word' id='word_1_263' title='bbox 1617 3635 1830 3706; x_wconf 76' lang='lat' dir='ltr'><strong>(Matth.</strong></span> 
     </span>
    </p>
   </div>
   <div class='ocr_carea' id='block_1_37' title="bbox 251 3729 1836 3801">
    <p class='ocr_par' dir='ltr' id='par_1_37' title="bbox 251 3729 1836 3801">
     <span class='ocr_line' id='line_1_37' title="bbox 251 3729 1836 3801; baseline 0.001 -19"><span class='ocrx_word' id='word_1_264' title='bbox 251 3745 297 3794; x_wconf 91' lang='lat' dir='ltr'><strong>v,</strong></span> <span class='ocrx_word' id='word_1_265' title='bbox 321 3729 586 3801; x_wconf 64' lang='grc' dir='ltr'><strong>διειὸἓ).</strong></span> <span class='ocrx_word' id='word_1_266' title='bbox 635 3731 772 3784; x_wconf 83' lang='lat' dir='ltr'><strong>Ecce</strong></span> <span class='ocrx_word' id='word_1_267' title='bbox 802 3731 1017 3784; x_wconf 89' lang='lat' dir='ltr'><strong>dimissa</strong></span> <span class='ocrx_word' id='word_1_268' title='bbox 1069 3740 1167 3796; x_wconf 88' lang='lat' dir='ltr'><strong>est,</strong></span> <span class='ocrx_word' id='word_1_269' title='bbox 1213 3746 1318 3784; x_wconf 91' lang='lat' dir='ltr'><strong>non</strong></span> <span class='ocrx_word' id='word_1_270' title='bbox 1367 3729 1600 3794; x_wconf 88' lang='lat' dir='ltr'><strong>dimisit;</strong></span> <span class='ocrx_word' id='word_1_271' title='bbox 1632 3740 1685 3784; x_wconf 92' lang='lat' dir='ltr'><strong>ct</strong></span> <span class='ocrx_word' id='word_1_272' title='bbox 1713 3730 1836 3800; x_wconf 83' lang='lat' dir='ltr'><strong>quia</strong></span> 
     </span>
    </p>
   </div>
   <div class='ocr_carea' id='block_1_38' title="bbox 249 3825 1834 3893">
    <p class='ocr_par' dir='ltr' id='par_1_38' title="bbox 249 3825 1834 3893">
     <span class='ocr_line' id='line_1_38' title="bbox 249 3825 1834 3893; baseline 0 -16"><span class='ocrx_word' id='word_1_273' title='bbox 249 3825 522 3878; x_wconf 87' lang='lat' dir='ltr'><strong>continere</strong></span> <span class='ocrx_word' id='word_1_274' title='bbox 563 3839 854 3893; x_wconf 85' lang='lat' dir='ltr'><strong>paucorum</strong></span> <span class='ocrx_word' id='word_1_275' title='bbox 885 3834 988 3890; x_wconf 91' lang='lat' dir='ltr'><strong>est,</strong></span> <span class='ocrx_word' id='word_1_276' title='bbox 1027 3825 1423 3878; x_wconf 74' lang='lat' dir='ltr'><strong>iucontincntim</strong></span> <span class='ocrx_word' id='word_1_277' title='bbox 1453 3825 1615 3878; x_wconf 86' lang='lat' dir='ltr'><strong>cessit</strong></span> <span class='ocrx_word' id='word_1_278' title='bbox 1653 3833 1706 3878; x_wconf 91' lang='lat' dir='ltr'><strong>et</strong></span> <span class='ocrx_word' id='word_1_279' title='bbox 1735 3840 1834 3877; x_wconf 83' lang='lat' dir='ltr'><strong>nu—</strong></span> 
     </span>
    </p>
   </div>
   <div class='ocr_carea' id='block_1_39' title="bbox 249 3916 1832 3985">
    <p class='ocr_par' dir='ltr' id='par_1_39' title="bbox 249 3916 1832 3985">
     <span class='ocr_line' id='line_1_39' title="bbox 249 3916 1832 3985; baseline 0 -15"><span class='ocrx_word' id='word_1_280' title='bbox 249 3918 383 3985; x_wconf 82' lang='lat' dir='ltr'><strong>psit;</strong></span> <span class='ocrx_word' id='word_1_281' title='bbox 423 3927 478 3970; x_wconf 89' lang='lat' dir='ltr'><strong>et</strong></span> <span class='ocrx_word' id='word_1_282' title='bbox 507 3927 684 3972; x_wconf 90' lang='lat' dir='ltr'><strong>tamen</strong></span> <span class='ocrx_word' id='word_1_283' title='bbox 722 3917 933 3972; x_wconf 89' lang='lat' dir='ltr'><strong>adulter</strong></span> <span class='ocrx_word' id='word_1_284' title='bbox 971 3917 1262 3971; x_wconf 86' lang='lat' dir='ltr'><strong>adulteram</strong></span> <span class='ocrx_word' id='word_1_285' title='bbox 1309 3917 1478 3972; x_wconf 85' lang='lat' dir='ltr'><strong>duxit.</strong></span> <span class='ocrx_word' id='word_1_286' title='bbox 1519 3917 1689 3971; x_wconf 80' lang='lat' dir='ltr'><strong>Ambo</strong></span> <span class='ocrx_word' id='word_1_287' title='bbox 1733 3916 1832 3982; x_wconf 87' lang='lat' dir='ltr'><strong>rei,</strong></span> 
     </span>
    </p>
   </div>
   <div class='ocr_carea' id='block_1_40' title="bbox 249 4007 1837 4079">
    <p class='ocr_par' dir='ltr' id='par_1_40' title="bbox 249 4007 1837 4079">
     <span class='ocr_line' id='line_1_40' title="bbox 249 4007 1837 4079; baseline 0.002 -20"><span class='ocrx_word' id='word_1_288' title='bbox 249 4008 406 4060; x_wconf 88' lang='lat' dir='ltr'><strong>ambo</strong></span> <span class='ocrx_word' id='word_1_289' title='bbox 435 4007 722 4072; x_wconf 83' lang='lat' dir='ltr'><strong>damnandi</strong></span> <span class='ocrx_word' id='word_1_290' title='bbox 760 4018 915 4073; x_wconf 91' lang='lat' dir='ltr'><strong>sunt;</strong></span> <span class='ocrx_word' id='word_1_291' title='bbox 957 4018 1012 4063; x_wconf 92' lang='lat' dir='ltr'><strong>et</strong></span> <span class='ocrx_word' id='word_1_292' title='bbox 1039 4024 1155 4079; x_wconf 79' lang='lat' dir='ltr'><strong>quac</strong></span> <span class='ocrx_word' id='word_1_293' title='bbox 1187 4009 1364 4078; x_wconf 89' lang='lat' dir='ltr'><strong>nupsit</strong></span> <span class='ocrx_word' id='word_1_294' title='bbox 1403 4009 1522 4064; x_wconf 90' lang='lat' dir='ltr'><strong>vivo</strong></span> <span class='ocrx_word' id='word_1_295' title='bbox 1549 4010 1760 4075; x_wconf 90' lang='lat' dir='ltr'><strong>marito,</strong></span> <span class='ocrx_word' id='word_1_296' title='bbox 1783 4016 1837 4062; x_wconf 90' lang='lat' dir='ltr'><strong>et</strong></span> 
     </span>
    </p>
   </div>
   <div class='ocr_carea' id='block_1_41' title="bbox 249 4098 1835 4170">
    <p class='ocr_par' dir='ltr' id='par_1_41' title="bbox 249 4098 1835 4170">
     <span class='ocr_line' id='line_1_41' title="bbox 249 4098 1835 4170; baseline 0.003 -19"><span class='ocrx_word' id='word_1_297' title='bbox 249 4099 338 4168; x_wconf 90' lang='lat' dir='ltr'><strong>qui</strong></span> <span class='ocrx_word' id='word_1_298' title='bbox 381 4098 526 4154; x_wconf 78' lang='lat' dir='ltr'><strong>duxit</strong></span> <span class='ocrx_word' id='word_1_299' title='bbox 554 4116 672 4155; x_wconf 89' lang='lat' dir='ltr'><strong>eam</strong></span> <span class='ocrx_word' id='word_1_300' title='bbox 705 4100 856 4169; x_wconf 86' lang='lat' dir='ltr'><strong>cujus</strong></span> <span class='ocrx_word' id='word_1_301' title='bbox 896 4102 1025 4154; x_wconf 85' lang='lat' dir='ltr'><strong>vivit</strong></span> <span class='ocrx_word' id='word_1_302' title='bbox 1053 4101 1294 4154; x_wconf 88' lang='lat' dir='ltr'><strong>maritus.</strong></span> <span class='ocrx_word' id='word_1_303' title='bbox 1337 4099 1600 4170; x_wconf 88' lang='lat' dir='ltr'><strong>Numquid</strong></span> <span class='ocrx_word' id='word_1_304' title='bbox 1641 4100 1726 4154; x_wconf 88' lang='lat' dir='ltr'><strong>hic</strong></span> <span class='ocrx_word' id='word_1_305' title='bbox 1753 4101 1835 4156; x_wconf 84' lang='lat' dir='ltr'><strong>le-</strong></span> 
     </span>
    </p>
   </div>
   <div class='ocr_carea' id='block_1_42' title="bbox 247 4191 1834 4262">
    <p class='ocr_par' dir='ltr' id='par_1_42' title="bbox 247 4191 1834 4262">
     <span class='ocr_line' id='line_1_42' title="bbox 247 4191 1834 4262; baseline 0.004 -20"><span class='ocrx_word' id='word_1_306' title='bbox 247 4206 364 4260; x_wconf 80' lang='lat' dir='ltr'><strong>gem</strong></span> <span class='ocrx_word' id='word_1_307' title='bbox 388 4191 590 4245; x_wconf 88' lang='lat' dir='ltr'><strong>Christi</strong></span> <span class='ocrx_word' id='word_1_308' title='bbox 617 4191 846 4246; x_wconf 88' lang='lat' dir='ltr'><strong>dicimus</strong></span> <span class='ocrx_word' id='word_1_309' title='bbox 872 4192 1235 4255; x_wconf 86' lang='lat' dir='ltr'><strong>inhumanam,</strong></span> <span class='ocrx_word' id='word_1_310' title='bbox 1259 4209 1362 4262; x_wconf 87' lang='lat' dir='ltr'><strong>qua</strong></span> <span class='ocrx_word' id='word_1_311' title='bbox 1387 4193 1726 4248; x_wconf 86' lang='lat' dir='ltr'><strong>constituitur</strong></span> <span class='ocrx_word' id='word_1_312' title='bbox 1746 4208 1834 4248; x_wconf 82' lang='lat' dir='ltr'><strong>rea</strong></span> 
     </span>
    </p>
   </div>
   <div class='ocr_carea' id='block_1_43' title="bbox 251 4283 1835 4354">
    <p class='ocr_par' dir='ltr' id='par_1_43' title="bbox 251 4283 1835 4354">
     <span class='ocr_line' id='line_1_43' title="bbox 251 4283 1835 4354; baseline 0.002 -19"><span class='ocrx_word' id='word_1_313' title='bbox 251 4283 374 4335; x_wconf 88' lang='lat' dir='ltr'><strong>tanti</strong></span> <span class='ocrx_word' id='word_1_314' title='bbox 400 4283 642 4337; x_wconf 89' lang='lat' dir='ltr'><strong>criminis</strong></span> <span class='ocrx_word' id='word_1_315' title='bbox 667 4291 825 4354; x_wconf 90' lang='lat' dir='ltr'><strong>atque</strong></span> <span class='ocrx_word' id='word_1_316' title='bbox 856 4284 1088 4352; x_wconf 86' lang='lat' dir='ltr'><strong>punitur,</strong></span> <span class='ocrx_word' id='word_1_317' title='bbox 1112 4298 1271 4353; x_wconf 86' lang='lat' dir='ltr'><strong>quam</strong></span> <span class='ocrx_word' id='word_1_318' title='bbox 1296 4284 1373 4337; x_wconf 91' lang='lat' dir='ltr'><strong>vir</strong></span> <span class='ocrx_word' id='word_1_319' title='bbox 1403 4284 1544 4337; x_wconf 90' lang='lat' dir='ltr'><strong>nulla</strong></span> <span class='ocrx_word' id='word_1_320' title='bbox 1567 4283 1681 4354; x_wconf 85' lang='lat' dir='ltr'><strong>ejus</strong></span> <span class='ocrx_word' id='word_1_321' title='bbox 1703 4300 1835 4351; x_wconf 73' lang='lat' dir='ltr'><strong>pra:-</strong></span> 
     </span>
    </p>
   </div>
   <div class='ocr_carea' id='block_1_44' title="bbox 250 4379 1838 4448">
    <p class='ocr_par' dir='ltr' id='par_1_44' title="bbox 250 4379 1838 4448">
     <span class='ocr_line' id='line_1_44' title="bbox 250 4379 1838 4448; baseline -0.001 -14"><span class='ocrx_word' id='word_1_322' title='bbox 250 4380 469 4435; x_wconf 87' lang='lat' dir='ltr'><strong>cedeute</strong></span> <span class='ocrx_word' id='word_1_323' title='bbox 513 4379 862 4434; x_wconf 77' lang='lat' dir='ltr'><strong>fornicatione</strong></span> <span class='ocrx_word' id='word_1_324' title='bbox 909 4379 1128 4441; x_wconf 86' lang='lat' dir='ltr'><strong>dimisit,</strong></span> <span class='ocrx_word' id='word_1_325' title='bbox 1180 4389 1233 4434; x_wconf 90' lang='lat' dir='ltr'><strong>et</strong></span> <span class='ocrx_word' id='word_1_326' title='bbox 1273 4380 1394 4447; x_wconf 85' lang='lat' dir='ltr'><strong>quia</strong></span> <span class='ocrx_word' id='word_1_327' title='bbox 1443 4393 1733 4448; x_wconf 87' lang='lat' dir='ltr'><strong>paucorum</strong></span> <span class='ocrx_word' id='word_1_328' title='bbox 1755 4387 1838 4433; x_wconf 86' lang='lat' dir='ltr'><strong>est</strong></span> 
     </span>
    </p>
   </div>
   <div class='ocr_carea' id='block_1_45' title="bbox 252 4468 1836 4540">
    <p class='ocr_par' dir='ltr' id='par_1_45' title="bbox 252 4468 1836 4540">
     <span class='ocr_line' id='line_1_45' title="bbox 252 4468 1836 4540; baseline 0 -16"><span class='ocrx_word' id='word_1_329' title='bbox 252 4473 541 4534; x_wconf 88' lang='lat' dir='ltr'><strong>continere,</strong></span> <span class='ocrx_word' id='word_1_330' title='bbox 571 4470 886 4526; x_wconf 75' lang='lat' dir='ltr'><strong>dimittenda</strong></span> <span class='ocrx_word' id='word_1_331' title='bbox 915 4470 1170 4540; x_wconf 88' lang='lat' dir='ltr'><strong>compulit</strong></span> <span class='ocrx_word' id='word_1_332' title='bbox 1197 4470 1435 4526; x_wconf 85' lang='lat' dir='ltr'><strong>nubere?</strong></span> <span class='ocrx_word' id='word_1_333' title='bbox 1475 4469 1584 4524; x_wconf 89' lang='lat' dir='ltr'><strong>Cur</strong></span> <span class='ocrx_word' id='word_1_334' title='bbox 1615 4486 1719 4524; x_wconf 91' lang='lat' dir='ltr'><strong>non</strong></span> <span class='ocrx_word' id='word_1_335' title='bbox 1749 4468 1836 4524; x_wconf 89' lang='lat' dir='ltr'><strong>hic</strong></span> 
     </span>
    </p>
   </div>
   <div class='ocr_carea' id='block_1_46' title="bbox 253 4559 1837 4630">
    <p class='ocr_par' dir='ltr' id='par_1_46' title="bbox 253 4559 1837 4630">
     <span class='ocr_line' id='line_1_46' title="bbox 253 4559 1837 4630; baseline 0 -16"><span class='ocrx_word' id='word_1_336' title='bbox 253 4560 478 4616; x_wconf 86' lang='lat' dir='ltr'><strong>dicimus</strong></span> <span class='ocrx_word' id='word_1_337' title='bbox 504 4561 810 4616; x_wconf 83' lang='lat' dir='ltr'><strong>habendum</strong></span> <span class='ocrx_word' id='word_1_338' title='bbox 842 4577 960 4616; x_wconf 85' lang='lat' dir='ltr'><strong>esse</strong></span> <span class='ocrx_word' id='word_1_339' title='bbox 989 4577 1083 4630; x_wconf 88' lang='lat' dir='ltr'><strong>pro</strong></span> <span class='ocrx_word' id='word_1_340' title='bbox 1112 4567 1342 4627; x_wconf 86' lang='lat' dir='ltr'><strong>mortuo,</strong></span> <span class='ocrx_word' id='word_1_341' title='bbox 1365 4560 1454 4630; x_wconf 91' lang='lat' dir='ltr'><strong>qui</strong></span> <span class='ocrx_word' id='word_1_342' title='bbox 1490 4561 1628 4614; x_wconf 87' lang='lat' dir='ltr'><strong>male</strong></span> <span class='ocrx_word' id='word_1_343' title='bbox 1657 4559 1837 4614; x_wconf 84' lang='lat' dir='ltr'><strong>dimit-</strong></span> 
     </span>
    </p>
   </div>
   <div class='ocr_carea' id='block_1_47' title="bbox 253 4643 1839 4722">
    <p class='ocr_par' dir='ltr' id='par_1_47' title="bbox 253 4643 1839 4722">
     <span class='ocr_line' id='line_1_47' title="bbox 253 4643 1839 4722; baseline -0.002 -15"><span class='ocrx_word' id='word_1_344' title='bbox 253 4652 407 4707; x_wconf 83' lang='lat' dir='ltr'><strong>tendo</strong></span> <span class='ocrx_word' id='word_1_345' title='bbox 453 4643 603 4722; x_wconf 83' lang='lat' dir='ltr'><strong>prior</strong></span> <span class='ocrx_word' id='word_1_346' title='bbox 631 4652 909 4722; x_wconf 87' lang='lat' dir='ltr'><strong>conjugale</strong></span> <span class='ocrx_word' id='word_1_347' title='bbox 956 4653 1223 4706; x_wconf 91' lang='lat' dir='ltr'><strong>vinculum</strong></span> <span class='ocrx_word' id='word_1_348' title='bbox 1254 4651 1430 4720; x_wconf 80' lang='lat' dir='ltr'><strong>rupit?</strong></span> <span class='ocrx_word' id='word_1_349' title='bbox 1459 4650 1592 4706; x_wconf 79' lang='lat' dir='ltr'><strong>Nam</strong></span> <span class='ocrx_word' id='word_1_350' title='bbox 1622 4667 1723 4720; x_wconf 88' lang='lat' dir='ltr'><strong>qua</strong></span> <span class='ocrx_word' id='word_1_351' title='bbox 1754 4667 1839 4705; x_wconf 90' lang='lat' dir='ltr'><strong>ra-</strong></span> 
     </span>
    </p>
   </div>
   <div class='ocr_carea' id='block_1_48' title="bbox 254 4741 1831 4813">
    <p class='ocr_par' dir='ltr' id='par_1_48' title="bbox 254 4741 1831 4813">
     <span class='ocr_line' id='line_1_48' title="bbox 254 4741 1831 4813; baseline -0.002 -16"><span class='ocrx_word' id='word_1_352' title='bbox 254 4743 392 4798; x_wconf 86' lang='lat' dir='ltr'><strong>tione</strong></span> <span class='ocrx_word' id='word_1_353' title='bbox 433 4744 677 4798; x_wconf 89' lang='lat' dir='ltr'><strong>dicturus</strong></span> <span class='ocrx_word' id='word_1_354' title='bbox 705 4759 765 4799; x_wconf 85' lang='lat' dir='ltr'><strong>cs</strong></span> <span class='ocrx_word' id='word_1_355' title='bbox 810 4759 930 4797; x_wconf 91' lang='lat' dir='ltr'><strong>eum</strong></span> <span class='ocrx_word' id='word_1_356' title='bbox 981 4744 1186 4813; x_wconf 88' lang='lat' dir='ltr'><strong>rupisse</strong></span> <span class='ocrx_word' id='word_1_357' title='bbox 1216 4743 1484 4796; x_wconf 88' lang='lat' dir='ltr'><strong>vinculum</strong></span> <span class='ocrx_word' id='word_1_358' title='bbox 1534 4741 1831 4810; x_wconf 77' lang='lat' dir='ltr'><strong>conjugalc,</strong></span> 
     </span>
    </p>
   </div>
   <div class='ocr_carea' id='block_1_49' title="bbox 253 4833 1836 4906">
    <p class='ocr_par' dir='ltr' id='par_1_49' title="bbox 253 4833 1836 4906">
     <span class='ocr_line' id='line_1_49' title="bbox 253 4833 1836 4906; baseline -0.002 -17"><span class='ocrx_word' id='word_1_359' title='bbox 253 4837 334 4906; x_wconf 85' lang='lat' dir='ltr'><strong>qui</strong></span> <span class='ocrx_word' id='word_1_360' title='bbox 379 4836 507 4891; x_wconf 90' lang='lat' dir='ltr'><strong>licet</strong></span> <span class='ocrx_word' id='word_1_361' title='bbox 553 4836 624 4890; x_wconf 90' lang='lat' dir='ltr'><strong>sit</strong></span> <span class='ocrx_word' id='word_1_362' title='bbox 672 4833 931 4898; x_wconf 75' lang='lat' dir='ltr'><strong>mmclms,</strong></span> <span class='ocrx_word' id='word_1_363' title='bbox 966 4850 1070 4888; x_wconf 91' lang='lat' dir='ltr'><strong>non</strong></span> <span class='ocrx_word' id='word_1_364' title='bbox 1099 4833 1300 4888; x_wconf 89' lang='lat' dir='ltr'><strong>dimisit</strong></span> <span class='ocrx_word' id='word_1_365' title='bbox 1347 4848 1599 4896; x_wconf 84' lang='lat' dir='ltr'><strong>uxorem;</strong></span> <span class='ocrx_word' id='word_1_366' title='bbox 1629 4842 1683 4888; x_wconf 86' lang='lat' dir='ltr'><strong>et</strong></span> <span class='ocrx_word' id='word_1_367' title='bbox 1715 4848 1836 4886; x_wconf 89' lang='lat' dir='ltr'><strong>eum</strong></span> 
     </span>
    </p>
   </div>
   <div class='ocr_carea' id='block_1_50' title="bbox 256 4923 1862 4998">
    <p class='ocr_par' dir='ltr' id='par_1_50' title="bbox 256 4923 1862 4998">
     <span class='ocr_line' id='line_1_50' title="bbox 256 4923 1862 4998; baseline -0.001 -18"><span class='ocrx_word' id='word_1_368' title='bbox 256 4943 354 4981; x_wconf 90' lang='lat' dir='ltr'><strong>non</strong></span> <span class='ocrx_word' id='word_1_369' title='bbox 398 4927 633 4998; x_wconf 78' lang='lat' dir='ltr'><strong>rUpisse,</strong></span> <span class='ocrx_word' id='word_1_370' title='bbox 663 4927 753 4996; x_wconf 89' lang='lat' dir='ltr'><strong>qui</strong></span> <span class='ocrx_word' id='word_1_371' title='bbox 783 4926 940 4981; x_wconf 85' lang='lat' dir='ltr'><strong>etiam</strong></span> <span class='ocrx_word' id='word_1_372' title='bbox 984 4935 1184 4981; x_wconf 86' lang='lat' dir='ltr'><strong>castam</strong></span> <span class='ocrx_word' id='word_1_373' title='bbox 1211 4924 1412 4979; x_wconf 87' lang='lat' dir='ltr'><strong>dimisit</strong></span> <span class='ocrx_word' id='word_1_374' title='bbox 1439 4924 1696 4978; x_wconf 78' lang='lat' dir='ltr'><strong>uxorem?</strong></span> <span class='ocrx_word' id='word_1_375' title='bbox 1727 4923 1862 4998; x_wconf 77' lang='lat' dir='ltr'><strong>Ego</strong></span> 
     </span>
    </p>
   </div>
   <div class='ocr_carea' id='block_1_51' title="bbox 249 5015 1839 5088">
    <p class='ocr_par' dir='ltr' id='par_1_51' title="bbox 249 5015 1839 5088">
     <span class='ocr_line' id='line_1_51' title="bbox 249 5015 1839 5088; baseline -0.001 -18"><span class='ocrx_word' id='word_1_376' title='bbox 249 5030 426 5073; x_wconf 79' lang='lat' dir='ltr'><strong>autem</strong></span> <span class='ocrx_word' id='word_1_377' title='bbox 460 5019 584 5072; x_wconf 92' lang='lat' dir='ltr'><strong>dico</strong></span> <span class='ocrx_word' id='word_1_378' title='bbox 633 5019 686 5072; x_wconf 89' lang='lat' dir='ltr'><strong>in</strong></span> <span class='ocrx_word' id='word_1_379' title='bbox 738 5028 959 5088; x_wconf 90' lang='lat' dir='ltr'><strong>utroque</strong></span> <span class='ocrx_word' id='word_1_380' title='bbox 1005 5034 1222 5072; x_wconf 88' lang='lat' dir='ltr'><strong>manere</strong></span> <span class='ocrx_word' id='word_1_381' title='bbox 1263 5017 1365 5071; x_wconf 83' lang='lat' dir='ltr'><strong>huc</strong></span> <span class='ocrx_word' id='word_1_382' title='bbox 1415 5015 1704 5082; x_wconf 88' lang='lat' dir='ltr'><strong>vinculum,</strong></span> <span class='ocrx_word' id='word_1_383' title='bbox 1733 5032 1839 5086; x_wconf 87' lang='lat' dir='ltr'><strong>quo</strong></span> 
     </span>
    </p>
   </div>
   <div class='ocr_carea' id='block_1_52' title="bbox 254 5108 1840 5180">
    <p class='ocr_par' dir='ltr' id='par_1_52' title="bbox 254 5108 1840 5180">
     <span class='ocr_line' id='line_1_52' title="bbox 254 5108 1840 5180; baseline 0 -18"><span class='ocrx_word' id='word_1_384' title='bbox 254 5111 440 5165; x_wconf 84' lang='lat' dir='ltr'><strong>mulier</strong></span> <span class='ocrx_word' id='word_1_385' title='bbox 471 5111 685 5180; x_wconf 84' lang='lat' dir='ltr'><strong>alligata</strong></span> <span class='ocrx_word' id='word_1_386' title='bbox 716 5118 816 5172; x_wconf 86' lang='lat' dir='ltr'><strong>est,</strong></span> <span class='ocrx_word' id='word_1_387' title='bbox 857 5109 1107 5180; x_wconf 87' lang='lat' dir='ltr'><strong>quamdiu</strong></span> <span class='ocrx_word' id='word_1_388' title='bbox 1141 5109 1224 5162; x_wconf 89' lang='lat' dir='ltr'><strong>vir</strong></span> <span class='ocrx_word' id='word_1_389' title='bbox 1253 5110 1369 5180; x_wconf 85' lang='lat' dir='ltr'><strong>ejus</strong></span> <span class='ocrx_word' id='word_1_390' title='bbox 1400 5109 1546 5176; x_wconf 82' lang='lat' dir='ltr'><strong>vivit,</strong></span> <span class='ocrx_word' id='word_1_391' title='bbox 1573 5108 1682 5162; x_wconf 87' lang='lat' dir='ltr'><strong>sive</strong></span> <span class='ocrx_word' id='word_1_392' title='bbox 1713 5124 1840 5162; x_wconf 89' lang='lat' dir='ltr'><strong>eon-</strong></span> 
     </span>
    </p>
   </div>
   <div class='ocr_carea' id='block_1_53' title="bbox 255 5198 1839 5268">
    <p class='ocr_par' dir='ltr' id='par_1_53' title="bbox 255 5198 1839 5268">
     <span class='ocr_line' id='line_1_53' title="bbox 255 5198 1839 5268; baseline 0.001 -15"><span class='ocrx_word' id='word_1_393' title='bbox 255 5201 591 5267; x_wconf 53' lang='lat' dir='ltr'><strong>tiueus,’sive</strong></span> <span class='ocrx_word' id='word_1_394' title='bbox 619 5199 861 5255; x_wconf 76' lang='lat' dir='ltr'><strong>mmchus</strong></span> <span class='ocrx_word' id='word_1_395' title='bbox 891 5215 904 5251; x_wconf 89' lang='lat'><strong>:</strong></span> <span class='ocrx_word' id='word_1_396' title='bbox 938 5210 991 5254; x_wconf 87' lang='lat' dir='ltr'><strong>et</strong></span> <span class='ocrx_word' id='word_1_397' title='bbox 1021 5198 1140 5253; x_wconf 91' lang='lat' dir='ltr'><strong>ideo</strong></span> <span class='ocrx_word' id='word_1_398' title='bbox 1179 5201 1432 5254; x_wconf 77' lang='lat' dir='ltr'><strong>mtechari</strong></span> <span class='ocrx_word' id='word_1_399' title='bbox 1464 5216 1581 5252; x_wconf 84' lang='lat' dir='ltr'><strong>eam</strong></span> <span class='ocrx_word' id='word_1_400' title='bbox 1611 5215 1728 5268; x_wconf 78' lang='lat' dir='ltr'><strong>qua:</strong></span> <span class='ocrx_word' id='word_1_401' title='bbox 1754 5199 1839 5254; x_wconf 88' lang='lat' dir='ltr'><strong>di—</strong></span> 
     </span>
    </p>
   </div>
   <div class='ocr_carea' id='block_1_54' title="bbox 253 5289 1841 5363">
    <p class='ocr_par' dir='ltr' id='par_1_54' title="bbox 253 5289 1841 5363">
     <span class='ocr_line' id='line_1_54' title="bbox 253 5289 1841 5363; baseline 0.001 -19"><span class='ocrx_word' id='word_1_402' title='bbox 253 5293 411 5346; x_wconf 81' lang='lat' dir='ltr'><strong>missa</strong></span> <span class='ocrx_word' id='word_1_403' title='bbox 438 5293 704 5363; x_wconf 83' lang='lat' dir='ltr'><strong>nupserit,</strong></span> <span class='ocrx_word' id='word_1_404' title='bbox 733 5301 786 5345; x_wconf 88' lang='lat' dir='ltr'><strong>et</strong></span> <span class='ocrx_word' id='word_1_405' title='bbox 821 5291 1072 5345; x_wconf 73' lang='lat' dir='ltr'><strong>tnwchari</strong></span> <span class='ocrx_word' id='word_1_406' title='bbox 1104 5306 1225 5345; x_wconf 87' lang='lat' dir='ltr'><strong>cum</strong></span> <span class='ocrx_word' id='word_1_407' title='bbox 1255 5291 1345 5360; x_wconf 88' lang='lat' dir='ltr'><strong>qui</strong></span> <span class='ocrx_word' id='word_1_408' title='bbox 1374 5289 1645 5344; x_wconf 83' lang='lat' dir='ltr'><strong>dimissam</strong></span> <span class='ocrx_word' id='word_1_409' title='bbox 1673 5290 1841 5346; x_wconf 78' lang='lat' dir='ltr'><strong>duxe-</strong></span> 
     </span>
    </p>
   </div>
   <div class='ocr_carea' id='block_1_55' title="bbox 314 5421 1554 5489">
    <p class='ocr_par' dir='ltr' id='par_1_55' title="bbox 314 5421 1554 5489">
     <span class='ocr_line' id='line_1_55' title="bbox 314 5421 1554 5489; baseline 0.001 -18"><span class='ocrx_word' id='word_1_410' title='bbox 314 5425 330 5489; x_wconf 60' lang='grc' dir='ltr'><strong>ξ</strong></span> <span class='ocrx_word' id='word_1_411' title='bbox 357 5425 462 5473; x_wconf 73' lang='lat' dir='ltr'><strong>Sola</strong></span> <span class='ocrx_word' id='word_1_412' title='bbox 485 5425 640 5474; x_wconf 73' lang='lat' dir='ltr'><strong>editio</strong></span> <span class='ocrx_word' id='word_1_413' title='bbox 663 5431 791 5481; x_wconf 62' lang='lat' dir='ltr'><strong>hom,</strong></span> <span class='ocrx_word' id='word_1_414' title='bbox 811 5422 1056 5489; x_wconf 80' lang='lat' dir='ltr'><strong>adulteria</strong></span> <span class='ocrx_word' id='word_1_415' title='bbox 1077 5421 1242 5489; x_wconf 76' lang='lat' dir='ltr'><strong>ﬂenda</strong></span> <span class='ocrx_word' id='word_1_416' title='bbox 1261 5425 1554 5489; x_wconf 81' lang='lat' dir='ltr'><strong>permittere.</strong></span> 
     </span>
    </p>
   </div>
   <div class='ocr_carea' id='block_1_56' title="bbox 315 5485 1843 5548">
    <p class='ocr_par' dir='ltr' id='par_1_56' title="bbox 315 5485 1843 5548">
     <span class='ocr_line' id='line_1_56' title="bbox 315 5485 1843 5548; baseline 0.005 -16"><span class='ocrx_word' id='word_1_417' title='bbox 315 5485 386 5546; x_wconf 85' lang='lat' dir='ltr'><strong>(a)</strong></span> <span class='ocrx_word' id='word_1_418' title='bbox 419 5494 611 5548; x_wconf 72' lang='lat' dir='ltr'><strong>t-‘r&#39;istra</strong></span> <span class='ocrx_word' id='word_1_419' title='bbox 643 5487 901 5548; x_wconf 79' lang='lat' dir='ltr'><strong>apponitur</strong></span> <span class='ocrx_word' id='word_1_420' title='bbox 940 5485 1154 5547; x_wconf 78' lang='lat' dir='ltr'><strong>Gregurii</strong></span> <span class='ocrx_word' id='word_1_421' title='bbox 1179 5495 1211 5534; x_wconf 90' lang='lat' dir='ltr'><strong>lt</strong></span> <span class='ocrx_word' id='word_1_422' title='bbox 1252 5485 1538 5548; x_wconf 80' lang='lat' dir='ltr'><strong>rescriptum</strong></span> <span class='ocrx_word' id='word_1_423' title='bbox 1577 5488 1634 5537; x_wconf 80' lang='lat' dir='ltr'><strong>ad</strong></span> <span class='ocrx_word' id='word_1_424' title='bbox 1661 5490 1843 5539; x_wconf 56' lang='lat' dir='ltr'><strong>Bonifa-</strong></span> 
     </span>
    </p>
   </div>
   <div class='ocr_carea' id='block_1_57' title="bbox 255 5547 1845 5609">
    <p class='ocr_par' dir='ltr' id='par_1_57' title="bbox 255 5547 1845 5609">
     <span class='ocr_line' id='line_1_57' title="bbox 255 5547 1845 5609; baseline 0.006 -17"><span class='ocrx_word' id='word_1_425' title='bbox 255 5547 378 5594; x_wconf 82' lang='lat' dir='ltr'><strong>cium</strong></span> <span class='ocrx_word' id='word_1_426' title='bbox 421 5547 630 5609; x_wconf 41' lang='lat' dir='ltr'><strong>Epistula</strong></span> <span class='ocrx_word' id='word_1_427' title='bbox 659 5547 732 5606; x_wconf 75' lang='grc'><strong>15,</strong></span> <span class='ocrx_word' id='word_1_428' title='bbox 759 5550 863 5597; x_wconf 85' lang='lat' dir='ltr'><strong>sive</strong></span> <span class='ocrx_word' id='word_1_429' title='bbox 885 5549 1009 5598; x_wconf 88' lang='lat' dir='ltr'><strong>inter</strong></span> <span class='ocrx_word' id='word_1_430' title='bbox 1028 5549 1346 5599; x_wconf 74' lang='lat' dir='ltr'><strong>Boiiil&#39;acianas</strong></span> <span class='ocrx_word' id='word_1_431' title='bbox 1375 5547 1479 5608; x_wconf 70' lang='lat'><strong>126,</strong></span> <span class='ocrx_word' id='word_1_432' title='bbox 1506 5559 1558 5600; x_wconf 87' lang='lat' dir='ltr'><strong>et</strong></span> <span class='ocrx_word' id='word_1_433' title='bbox 1580 5551 1706 5600; x_wconf 86' lang='lat' dir='ltr'><strong>male</strong></span> <span class='ocrx_word' id='word_1_434' title='bbox 1727 5553 1845 5601; x_wconf 84' lang='lat' dir='ltr'><strong>alias</strong></span> 
     </span>
    </p>
   </div>
   <div class='ocr_carea' id='block_1_58' title="bbox 256 5610 1839 5674">
    <p class='ocr_par' dir='ltr' id='par_1_58' title="bbox 256 5610 1839 5674">
     <span class='ocr_line' id='line_1_58' title="bbox 256 5610 1839 5674; baseline 0.006 -21"><span class='ocrx_word' id='word_1_435' title='bbox 256 5615 468 5674; x_wconf 63' lang='lat' dir='ltr'><strong>Gregorii</strong></span> <span class='ocrx_word' id='word_1_436' title='bbox 510 5617 562 5658; x_wconf 81' lang='grc' dir='ltr'><strong>ιιι</strong></span> <span class='ocrx_word' id='word_1_437' title='bbox 587 5619 761 5674; x_wconf 82' lang='lat' dir='ltr'><strong>quarta</strong></span> <span class='ocrx_word' id='word_1_438' title='bbox 787 5625 797 5658; x_wconf 91' lang='lat'><strong>:</strong></span> <span class='ocrx_word' id='word_1_439' title='bbox 824 5610 952 5674; x_wconf 81' lang='lat' dir='ltr'><strong>quod</strong></span> <span class='ocrx_word' id='word_1_440' title='bbox 973 5611 1170 5674; x_wconf 86' lang='lat' dir='ltr'><strong>quidem</strong></span> <span class='ocrx_word' id='word_1_441' title='bbox 1207 5614 1472 5674; x_wconf 12' lang='lat' dir='ltr'><strong>Gratianus,</strong></span> <span class='ocrx_word' id='word_1_442' title='bbox 1499 5613 1548 5660; x_wconf 89' lang='lat' dir='ltr'><strong>in</strong></span> <span class='ocrx_word' id='word_1_443' title='bbox 1590 5622 1762 5674; x_wconf 58' lang='lat' dir='ltr'><strong>quiest.</strong></span> <span class='ocrx_word' id='word_1_444' title='bbox 1787 5614 1839 5672; x_wconf 74' lang='lat'><strong>2,</strong></span> 
     </span>
    </p>
   </div>
   <div class='ocr_carea' id='block_1_59' title="bbox 255 5671 1849 5737">
    <p class='ocr_par' dir='ltr' id='par_1_59' title="bbox 255 5671 1849 5737">
     <span class='ocr_line' id='line_1_59' title="bbox 255 5671 1849 5737; baseline 0.006 -22"><span class='ocrx_word' id='word_1_445' title='bbox 255 5681 358 5737; x_wconf 80' lang='lat' dir='ltr'><strong>cap.</strong></span> <span class='ocrx_word' id='word_1_446' title='bbox 379 5671 614 5737; x_wconf 69' lang='lat' dir='ltr'><strong>32,_(ntod</strong></span> <span class='ocrx_word' id='word_1_447' title='bbox 639 5671 945 5737; x_wconf 70' lang='lat' dir='ltr'><strong>proposu_t&#39;_-.ti,</strong></span> <span class='ocrx_word' id='word_1_448' title='bbox 969 5671 1125 5737; x_wconf 75' lang='lat' dir='ltr'><strong>rejicit</strong></span> <span class='ocrx_word' id='word_1_449' title='bbox 1149 5679 1202 5722; x_wconf 95' lang='lat' dir='ltr'><strong>ut</strong></span> <span class='ocrx_word' id='word_1_450' title='bbox 1225 5689 1247 5717; x_wconf 70' lang='grc' dir='ltr'><strong>ι</strong></span> <span class='ocrx_word' id='word_1_451' title='bbox 1270 5673 1567 5736; x_wconf 77' lang='lat' dir='ltr'><strong>evangelica:</strong></span> <span class='ocrx_word' id='word_1_452' title='bbox 1588 5671 1637 5724; x_wconf 71' lang='lat' dir='ltr'><strong>et</strong></span> <span class='ocrx_word' id='word_1_453' title='bbox 1661 5671 1849 5737; x_wconf 75' lang='lat' dir='ltr'><strong>aposta-</strong></span> 
     </span>
    </p>
   </div>
   <div class='ocr_carea' id='block_1_60' title="bbox 265 5734 1846 5795">
    <p class='ocr_par' dir='ltr' id='par_1_60' title="bbox 265 5734 1846 5795">
     <span class='ocr_line' id='line_1_60' title="bbox 265 5734 1846 5795; baseline 0.005 -18"><span class='ocrx_word' id='word_1_454' title='bbox 265 5734 411 5782; x_wconf 55' lang='lat' dir='ltr'><strong>alicae</strong></span> <span class='ocrx_word' id='word_1_455' title='bbox 451 5734 687 5784; x_wconf 72' lang='lat' dir='ltr'><strong>doctrina:</strong></span> <span class='ocrx_word' id='word_1_456' title='bbox 729 5734 929 5795; x_wconf 58' lang='lat' dir='ltr'><strong>lenitus</strong></span> <span class='ocrx_word' id='word_1_457' title='bbox 971 5734 1303 5795; x_wconf 49' lang='lat' dir='ltr'><strong>adversum”</strong></span> <span class='ocrx_word' id='word_1_458' title='bbox 1352 5734 1578 5785; x_wconf 71' lang='lat' dir='ltr'><strong>Bai-unius</strong></span> <span class='ocrx_word' id='word_1_459' title='bbox 1622 5734 1740 5785; x_wconf 74' lang='lat' dir='ltr'><strong>vero</strong></span> <span class='ocrx_word' id='word_1_460' title='bbox 1785 5737 1846 5786; x_wconf 80' lang='lat' dir='ltr'><strong>ad</strong></span> 
     </span>
    </p>
   </div>
   <div class='ocr_carea' id='block_1_61' title="bbox 259 5794 1844 5902">
    <p class='ocr_par' dir='ltr' id='par_1_61' title="bbox 259 5794 1844 5902">
     <span class='ocr_line' id='line_1_61' title="bbox 259 5794 1844 5902; baseline 0.006 -62"><span class='ocrx_word' id='word_1_461' title='bbox 259 5805 334 5902; x_wconf 44' lang='lat' dir='ltr'><strong>an.</strong></span> <span class='ocrx_word' id='word_1_462' title='bbox 358 5795 466 5865; x_wconf 59' lang='lat'><strong>7%,</strong></span> <span class='ocrx_word' id='word_1_463' title='bbox 486 5798 604 5859; x_wconf 71' lang='lat' dir='ltr'><strong>accij</strong></span> <span class='ocrx_word' id='word_1_464' title='bbox 623 5797 660 5846; x_wconf 89' lang='lat' dir='ltr'><strong>it</strong></span> <span class='ocrx_word' id='word_1_465' title='bbox 686 5794 750 5843; x_wconf 72' lang='lat' dir='ltr'><strong>in</strong></span> <span class='ocrx_word' id='word_1_466' title='bbox 770 5794 1022 5845; x_wconf 87' lang='lat' dir='ltr'><strong>meliorem</strong></span> <span class='ocrx_word' id='word_1_467' title='bbox 1047 5794 1267 5858; x_wconf 72' lang='lat' dir='ltr'><strong>partem,</strong></span> <span class='ocrx_word' id='word_1_468' title='bbox 1315 5811 1406 5846; x_wconf 89' lang='lat' dir='ltr'><strong>nec</strong></span> <span class='ocrx_word' id='word_1_469' title='bbox 1439 5798 1691 5858; x_wconf 71' lang='lat' dir='ltr'><strong>tugustiuo</strong></span> <span class='ocrx_word' id='word_1_470' title='bbox 1729 5813 1844 5848; x_wconf 82' lang='lat' dir='ltr'><strong>eou-</strong></span> 
     </span>
    </p>
   </div>
   <div class='ocr_carea' id='block_1_62' title="bbox 1598 393 2217 454">
    <p class='ocr_par' dir='ltr' id='par_1_62' title="bbox 1598 393 2217 454">
     <span class='ocr_line' id='line_1_62' title="bbox 1598 393 2217 454; baseline -0.002 0"><span class='ocrx_word' id='word_1_471' title='bbox 1598 397 1802 454; x_wconf 82' lang='lat' dir='ltr'><strong>LIBER</strong></span> <span class='ocrx_word' id='word_1_472' title='bbox 1839 393 2217 453; x_wconf 76' lang='lat' dir='ltr'><strong>SECUNDUS.</strong></span> 
     </span>
    </p>
   </div>
   <div class='ocr_carea' id='block_1_63' title="bbox 3443 411 3547 470">
    <p class='ocr_par' dir='ltr' id='par_1_63' title="bbox 3443 411 3547 470">
     <span class='ocr_line' id='line_1_63' title="bbox 3443 411 3547 470; baseline 0.029 -3"><span class='ocrx_word' id='word_1_473' title='bbox 3443 411 3547 470; x_wconf 74' lang='grc' dir='ltr'><strong>ιπε</strong></span> 
     </span>
    </p>
   </div>
   <div class='ocr_carea' id='block_1_64' title="bbox 1959 509 3542 594">
    <p class='ocr_par' dir='ltr' id='par_1_64' title="bbox 1959 509 3542 594">
     <span class='ocr_line' id='line_1_64' title="bbox 1959 509 3542 594; baseline 0.012 -31"><span class='ocrx_word' id='word_1_474' title='bbox 1959 510 2054 576; x_wconf 90' lang='lat' dir='ltr'><strong>rit,</strong></span> <span class='ocrx_word' id='word_1_475' title='bbox 2095 509 2206 566; x_wconf 91' lang='lat' dir='ltr'><strong>sive</strong></span> <span class='ocrx_word' id='word_1_476' title='bbox 2245 527 2273 564; x_wconf 94' lang='lat' dir='ltr'><strong>a</strong></span> <span class='ocrx_word' id='word_1_477' title='bbox 2322 511 2554 580; x_wconf 76' lang='lat' dir='ltr'><strong>mmeho,</strong></span> <span class='ocrx_word' id='word_1_478' title='bbox 2597 513 2709 570; x_wconf 86' lang='lat' dir='ltr'><strong>sive</strong></span> <span class='ocrx_word' id='word_1_479' title='bbox 2748 531 2776 569; x_wconf 89' lang='lat' dir='ltr'><strong>a</strong></span> <span class='ocrx_word' id='word_1_480' title='bbox 2821 519 3127 576; x_wconf 85' lang='lat' dir='ltr'><strong>continente</strong></span> <span class='ocrx_word' id='word_1_481' title='bbox 3167 521 3388 580; x_wconf 69' lang='lat' dir='ltr'><strong>dimissa</strong></span> <span class='ocrx_word' id='word_1_482' title='bbox 3435 526 3542 594; x_wconf 85' lang='lat' dir='ltr'><strong>sit;</strong></span> 
     </span>
    </p>
   </div>
   <div class='ocr_carea' id='block_1_65' title="bbox 1954 600 3539 684">
    <p class='ocr_par' dir='ltr' id='par_1_65' title="bbox 1954 600 3539 684">
     <span class='ocr_line' id='line_1_65' title="bbox 1954 600 3539 684; baseline 0.012 -31"><span class='ocrx_word' id='word_1_483' title='bbox 1954 600 2202 670; x_wconf 88' lang='lat' dir='ltr'><strong>quoniam</strong></span> <span class='ocrx_word' id='word_1_484' title='bbox 2230 604 2408 657; x_wconf 88' lang='lat' dir='ltr'><strong>mulier</strong></span> <span class='ocrx_word' id='word_1_485' title='bbox 2427 605 2638 676; x_wconf 84' lang='lat' dir='ltr'><strong>alligata</strong></span> <span class='ocrx_word' id='word_1_486' title='bbox 2659 615 2749 670; x_wconf 84' lang='lat' dir='ltr'><strong>est,</strong></span> <span class='ocrx_word' id='word_1_487' title='bbox 2772 611 3010 678; x_wconf 87' lang='lat' dir='ltr'><strong>quamdiu</strong></span> <span class='ocrx_word' id='word_1_488' title='bbox 3037 613 3111 665; x_wconf 84' lang='lat' dir='ltr'><strong>vir</strong></span> <span class='ocrx_word' id='word_1_489' title='bbox 3140 615 3249 684; x_wconf 86' lang='lat' dir='ltr'><strong>ejus</strong></span> <span class='ocrx_word' id='word_1_490' title='bbox 3270 617 3406 670; x_wconf 74' lang='lat' dir='ltr'><strong>vivit.</strong></span> <span class='ocrx_word' id='word_1_491' title='bbox 3433 617 3539 674; x_wconf 88' lang='lat' dir='ltr'><strong>Sed</strong></span> 
     </span>
    </p>
   </div>
   <div class='ocr_carea' id='block_1_66' title="bbox 1954 693 3544 778">
    <p class='ocr_par' dir='ltr' id='par_1_66' title="bbox 1954 693 3544 778">
     <span class='ocr_line' id='line_1_66' title="bbox 1954 693 3544 778; baseline 0.011 -31"><span class='ocrx_word' id='word_1_492' title='bbox 1954 708 2096 748; x_wconf 89' lang='lat' dir='ltr'><strong>nunc</strong></span> <span class='ocrx_word' id='word_1_493' title='bbox 2138 693 2205 749; x_wconf 92' lang='lat' dir='ltr'><strong>de</strong></span> <span class='ocrx_word' id='word_1_494' title='bbox 2247 697 2478 765; x_wconf 88' lang='lat' dir='ltr'><strong>querelis</strong></span> <span class='ocrx_word' id='word_1_495' title='bbox 2526 698 2965 756; x_wconf 86' lang='lat' dir='ltr'><strong>incontinentium</strong></span> <span class='ocrx_word' id='word_1_496' title='bbox 3015 705 3364 774; x_wconf 89' lang='lat' dir='ltr'><strong>disputamus.</strong></span> <span class='ocrx_word' id='word_1_497' title='bbox 3407 709 3544 778; x_wconf 87' lang='lat' dir='ltr'><strong>Quid</strong></span> 
     </span>
    </p>
   </div>
   <div class='ocr_carea' id='block_1_67' title="bbox 1903 789 3542 872">
    <p class='ocr_par' dir='ltr' id='par_1_67' title="bbox 1903 789 3542 872">
     <span class='ocr_line' id='line_1_67' title="bbox 1903 789 3542 872; baseline 0.009 -28"><span class='ocrx_word' id='word_1_498' title='bbox 1903 837 1908 844; x_wconf 95' lang='lat'><strong>.</strong></span> <span class='ocrx_word' id='word_1_499' title='bbox 1953 789 2096 843; x_wconf 92' lang='lat' dir='ltr'><strong>enim</strong></span> <span class='ocrx_word' id='word_1_500' title='bbox 2123 789 2330 845; x_wconf 87' lang='lat' dir='ltr'><strong>videtur</strong></span> <span class='ocrx_word' id='word_1_501' title='bbox 2351 792 2546 862; x_wconf 88' lang='lat' dir='ltr'><strong>justius</strong></span> <span class='ocrx_word' id='word_1_502' title='bbox 2578 795 2734 864; x_wconf 91' lang='lat' dir='ltr'><strong>hujus</strong></span> <span class='ocrx_word' id='word_1_503' title='bbox 2771 800 3008 854; x_wconf 86' lang='lat' dir='ltr'><strong>mulieris</strong></span> <span class='ocrx_word' id='word_1_504' title='bbox 3043 802 3280 872; x_wconf 91' lang='lat' dir='ltr'><strong>querela,</strong></span> <span class='ocrx_word' id='word_1_505' title='bbox 3308 820 3426 872; x_wconf 63' lang='lat' dir='ltr'><strong>quae</strong></span> <span class='ocrx_word' id='word_1_506' title='bbox 3460 804 3542 858; x_wconf 86' lang='lat' dir='ltr'><strong>di-</strong></span> 
     </span>
    </p>
   </div>
   <div class='ocr_carea' id='block_1_68' title="bbox 1951 879 3543 964">
    <p class='ocr_par' dir='ltr' id='par_1_68' title="bbox 1951 879 3543 964">
     <span class='ocr_line' id='line_1_68' title="bbox 1951 879 3543 964; baseline 0.01 -30"><span class='ocrx_word' id='word_1_507' title='bbox 1951 879 2022 934; x_wconf 91' lang='lat' dir='ltr'><strong>cit</strong></span> <span class='ocrx_word' id='word_1_508' title='bbox 2048 898 2062 934; x_wconf 90' lang='lat'><strong>:</strong></span> <span class='ocrx_word' id='word_1_509' title='bbox 2092 881 2315 936; x_wconf 88' lang='lat' dir='ltr'><strong>Dimissa</strong></span> <span class='ocrx_word' id='word_1_510' title='bbox 2343 900 2484 952; x_wconf 91' lang='lat' dir='ltr'><strong>sum,</strong></span> <span class='ocrx_word' id='word_1_511' title='bbox 2510 903 2613 940; x_wconf 90' lang='lat' dir='ltr'><strong>non</strong></span> <span class='ocrx_word' id='word_1_512' title='bbox 2644 888 2856 957; x_wconf 91' lang='lat' dir='ltr'><strong>dimisi;</strong></span> <span class='ocrx_word' id='word_1_513' title='bbox 2899 900 2952 945; x_wconf 92' lang='lat' dir='ltr'><strong>et</strong></span> <span class='ocrx_word' id='word_1_514' title='bbox 2978 895 3230 964; x_wconf 87' lang='lat' dir='ltr'><strong>quoniam</strong></span> <span class='ocrx_word' id='word_1_515' title='bbox 3266 894 3543 950; x_wconf 87' lang='lat' dir='ltr'><strong>continere</strong></span> 
     </span>
    </p>
   </div>
   <div class='ocr_carea' id='block_1_69' title="bbox 1951 982 3537 1055">
    <p class='ocr_par' dir='ltr' id='par_1_69' title="bbox 1951 982 3537 1055">
     <span class='ocr_line' id='line_1_69' title="bbox 1951 982 3537 1055; baseline 0.011 -33"><span class='ocrx_word' id='word_1_516' title='bbox 1951 985 2242 1039; x_wconf 91' lang='lat' dir='ltr'><strong>paucorum</strong></span> <span class='ocrx_word' id='word_1_517' title='bbox 2270 985 2370 1040; x_wconf 91' lang='lat' dir='ltr'><strong>est,</strong></span> <span class='ocrx_word' id='word_1_518' title='bbox 2401 992 2506 1030; x_wconf 90' lang='lat' dir='ltr'><strong>non</strong></span> <span class='ocrx_word' id='word_1_519' title='bbox 2535 994 2622 1033; x_wconf 88' lang='lat' dir='ltr'><strong>me</strong></span> <span class='ocrx_word' id='word_1_520' title='bbox 2655 982 2913 1048; x_wconf 89' lang='lat' dir='ltr'><strong>continui,</strong></span> <span class='ocrx_word' id='word_1_521' title='bbox 2934 999 3000 1038; x_wconf 92' lang='lat' dir='ltr'><strong>ne</strong></span> <span class='ocrx_word' id='word_1_522' title='bbox 3033 983 3325 1039; x_wconf 89' lang='lat' dir='ltr'><strong>fornicarer</strong></span> <span class='ocrx_word' id='word_1_523' title='bbox 3353 987 3537 1055; x_wconf 86' lang='lat' dir='ltr'><strong>nupsi;</strong></span> 
     </span>
    </p>
   </div>
   <div class='ocr_carea' id='block_1_70' title="bbox 1948 1062 3541 1150">
    <p class='ocr_par' dir='ltr' id='par_1_70' title="bbox 1948 1062 3541 1150">
     <span class='ocr_line' id='line_1_70' title="bbox 1948 1062 3541 1150; baseline 0.011 -35"><span class='ocrx_word' id='word_1_524' title='bbox 1948 1069 2005 1115; x_wconf 89' lang='lat' dir='ltr'><strong>et</strong></span> <span class='ocrx_word' id='word_1_525' title='bbox 2051 1062 2198 1118; x_wconf 92' lang='lat' dir='ltr'><strong>dicor</strong></span> <span class='ocrx_word' id='word_1_526' title='bbox 2247 1067 2541 1135; x_wconf 78' lang='lat' dir='ltr'><strong>mmchata,</strong></span> <span class='ocrx_word' id='word_1_527' title='bbox 2584 1071 2706 1140; x_wconf 90' lang='lat' dir='ltr'><strong>quia</strong></span> <span class='ocrx_word' id='word_1_528' title='bbox 2761 1075 2958 1143; x_wconf 89' lang='lat' dir='ltr'><strong>nupsi?</strong></span> <span class='ocrx_word' id='word_1_529' title='bbox 3009 1075 3274 1147; x_wconf 88' lang='lat' dir='ltr'><strong>Numquid</strong></span> <span class='ocrx_word' id='word_1_530' title='bbox 3323 1088 3541 1150; x_wconf 86' lang='lat' dir='ltr'><strong>propter</strong></span> 
     </span>
    </p>
   </div>
   <div class='ocr_carea' id='block_1_71' title="bbox 1950 1153 3542 1238">
    <p class='ocr_par' dir='ltr' id='par_1_71' title="bbox 1950 1153 3542 1238">
     <span class='ocr_line' id='line_1_71' title="bbox 1950 1153 3542 1238; baseline 0.011 -32"><span class='ocrx_word' id='word_1_531' title='bbox 1950 1153 2108 1223; x_wconf 89' lang='lat' dir='ltr'><strong>hujus</strong></span> <span class='ocrx_word' id='word_1_532' title='bbox 2131 1158 2281 1227; x_wconf 90' lang='lat' dir='ltr'><strong>quasi</strong></span> <span class='ocrx_word' id='word_1_533' title='bbox 2314 1158 2511 1229; x_wconf 83' lang='lat' dir='ltr'><strong>justam</strong></span> <span class='ocrx_word' id='word_1_534' title='bbox 2536 1164 2826 1233; x_wconf 90' lang='lat' dir='ltr'><strong>querelam,</strong></span> <span class='ocrx_word' id='word_1_535' title='bbox 2855 1167 3027 1238; x_wconf 80' lang='lat' dir='ltr'><strong>legem</strong></span> <span class='ocrx_word' id='word_1_536' title='bbox 3054 1170 3393 1225; x_wconf 88' lang='lat' dir='ltr'><strong>censebimus</strong></span> <span class='ocrx_word' id='word_1_537' title='bbox 3424 1186 3542 1225; x_wconf 86' lang='lat' dir='ltr'><strong>tnu-</strong></span> 
     </span>
    </p>
   </div>
   <div class='ocr_carea' id='block_1_72' title="bbox 1951 1246 3539 1328">
    <p class='ocr_par' dir='ltr' id='par_1_72' title="bbox 1951 1246 3539 1328">
     <span class='ocr_line' id='line_1_72' title="bbox 1951 1246 3539 1328; baseline 0.014 -30"><span class='ocrx_word' id='word_1_538' title='bbox 1951 1246 2161 1302; x_wconf 90' lang='lat' dir='ltr'><strong>tandam</strong></span> <span class='ocrx_word' id='word_1_539' title='bbox 2204 1265 2325 1306; x_wconf 88' lang='lat' dir='ltr'><strong>esse</strong></span> <span class='ocrx_word' id='word_1_540' title='bbox 2351 1252 2607 1322; x_wconf 83' lang='lat' dir='ltr'><strong>divinam,</strong></span> <span class='ocrx_word' id='word_1_541' title='bbox 2639 1266 2696 1310; x_wconf 92' lang='lat' dir='ltr'><strong>ut</strong></span> <span class='ocrx_word' id='word_1_542' title='bbox 2725 1258 2878 1312; x_wconf 88' lang='lat' dir='ltr'><strong>istam</strong></span> <span class='ocrx_word' id='word_1_543' title='bbox 2917 1275 3022 1315; x_wconf 90' lang='lat' dir='ltr'><strong>non</strong></span> <span class='ocrx_word' id='word_1_544' title='bbox 3055 1260 3356 1328; x_wconf 89' lang='lat' dir='ltr'><strong>judicemus</strong></span> <span class='ocrx_word' id='word_1_545' title='bbox 3385 1263 3539 1320; x_wconf 88' lang='lat' dir='ltr'><strong>adul-</strong></span> 
     </span>
    </p>
   </div>
   <div class='ocr_carea' id='block_1_73' title="bbox 1948 1340 3538 1418">
    <p class='ocr_par' dir='ltr' id='par_1_73' title="bbox 1948 1340 3538 1418">
     <span class='ocr_line' id='line_1_73' title="bbox 1948 1340 3538 1418; baseline 0.013 -28"><span class='ocrx_word' id='word_1_546' title='bbox 1948 1340 2154 1394; x_wconf 88' lang='lat' dir='ltr'><strong>teram?</strong></span> <span class='ocrx_word' id='word_1_547' title='bbox 2199 1342 2370 1399; x_wconf 84' lang='lat' dir='ltr'><strong>Absit.</strong></span> <span class='ocrx_word' id='word_1_548' title='bbox 2425 1345 2530 1400; x_wconf 88' lang='lat' dir='ltr'><strong>Sed</strong></span> <span class='ocrx_word' id='word_1_549' title='bbox 2580 1350 2928 1418; x_wconf 92' lang='lat' dir='ltr'><strong>rcspondebis</strong></span> <span class='ocrx_word' id='word_1_550' title='bbox 2974 1368 3078 1407; x_wconf 94' lang='lat' dir='ltr'><strong>non</strong></span> <span class='ocrx_word' id='word_1_551' title='bbox 3121 1369 3238 1409; x_wconf 88' lang='lat' dir='ltr'><strong>eam</strong></span> <span class='ocrx_word' id='word_1_552' title='bbox 3290 1355 3538 1411; x_wconf 83' lang='lat' dir='ltr'><strong>debuisse</strong></span> 
     </span>
    </p>
   </div>
   <div class='ocr_carea' id='block_1_74' title="bbox 1945 1425 3533 1516">
    <p class='ocr_par' dir='ltr' id='par_1_74' title="bbox 1945 1425 3533 1516">
     <span class='ocr_line' id='line_1_74' title="bbox 1945 1425 3533 1516; baseline 0.013 -35"><span class='ocrx_word' id='word_1_553' title='bbox 1945 1425 2159 1496; x_wconf 88' lang='lat' dir='ltr'><strong>dimitti,</strong></span> <span class='ocrx_word' id='word_1_554' title='bbox 2184 1435 2306 1503; x_wconf 90' lang='lat' dir='ltr'><strong>quia</strong></span> <span class='ocrx_word' id='word_1_555' title='bbox 2352 1436 2720 1494; x_wconf 88' lang='lat' dir='ltr'><strong>fornicationis</strong></span> <span class='ocrx_word' id='word_1_556' title='bbox 2769 1443 2914 1496; x_wconf 90' lang='lat' dir='ltr'><strong>nulla</strong></span> <span class='ocrx_word' id='word_1_557' title='bbox 2964 1459 3121 1499; x_wconf 85' lang='lat' dir='ltr'><strong>causa</strong></span> <span class='ocrx_word' id='word_1_558' title='bbox 3163 1455 3533 1516; x_wconf 68' lang='lat' dir='ltr'><strong>prmccsserat.</strong></span> 
     </span>
    </p>
   </div>
   <div class='ocr_carea' id='block_1_75' title="bbox 1947 1519 3538 1606">
    <p class='ocr_par' dir='ltr' id='par_1_75' title="bbox 1947 1519 3538 1606">
     <span class='ocr_line' id='line_1_75' title="bbox 1947 1519 3538 1606; baseline 0.012 -33"><span class='ocrx_word' id='word_1_559' title='bbox 1947 1519 2144 1576; x_wconf 76' lang='lat' dir='ltr'><strong>Verum</strong></span> <span class='ocrx_word' id='word_1_560' title='bbox 2191 1523 2325 1580; x_wconf 92' lang='lat' dir='ltr'><strong>dicis</strong></span> <span class='ocrx_word' id='word_1_561' title='bbox 2360 1545 2372 1580; x_wconf 91' lang='lat'><strong>:</strong></span> <span class='ocrx_word' id='word_1_562' title='bbox 2406 1543 2527 1582; x_wconf 92' lang='lat' dir='ltr'><strong>nam</strong></span> <span class='ocrx_word' id='word_1_563' title='bbox 2574 1540 2849 1600; x_wconf 88' lang='lat' dir='ltr'><strong>peccatum</strong></span> <span class='ocrx_word' id='word_1_564' title='bbox 2898 1533 3073 1588; x_wconf 88' lang='lat' dir='ltr'><strong>mariti</strong></span> <span class='ocrx_word' id='word_1_565' title='bbox 3113 1535 3229 1606; x_wconf 92' lang='lat' dir='ltr'><strong>ejus</strong></span> <span class='ocrx_word' id='word_1_566' title='bbox 3279 1536 3538 1592; x_wconf 75' lang='lat' dir='ltr'><strong>Dominus</strong></span> 
     </span>
    </p>
   </div>
   <div class='ocr_carea' id='block_1_76' title="bbox 1945 1613 3538 1697">
    <p class='ocr_par' dir='ltr' id='par_1_76' title="bbox 1945 1613 3538 1697">
     <span class='ocr_line' id='line_1_76' title="bbox 1945 1613 3538 1697; baseline 0.011 -32"><span class='ocrx_word' id='word_1_567' title='bbox 1945 1613 2227 1680; x_wconf 81' lang='lat' dir='ltr'><strong>expressit,</strong></span> <span class='ocrx_word' id='word_1_568' title='bbox 2259 1617 2347 1671; x_wconf 90' lang='lat' dir='ltr'><strong>ubi</strong></span> <span class='ocrx_word' id='word_1_569' title='bbox 2374 1619 2466 1681; x_wconf 87' lang='lat' dir='ltr'><strong>ait,</strong></span> <span class='ocrx_word' id='word_1_570' title='bbox 2499 1620 2600 1688; x_wconf 83' lang='lat' dir='ltr'><strong>Qui</strong></span> <span class='ocrx_word' id='word_1_571' title='bbox 2626 1623 2872 1678; x_wconf 80' lang='lat' dir='ltr'><strong>dimiserit</strong></span> <span class='ocrx_word' id='word_1_572' title='bbox 2898 1642 3107 1680; x_wconf 79' lang='lat' dir='ltr'><strong>uxorem</strong></span> <span class='ocrx_word' id='word_1_573' title='bbox 3141 1644 3307 1692; x_wconf 85' lang='lat' dir='ltr'><strong>suam,</strong></span> <span class='ocrx_word' id='word_1_574' title='bbox 3329 1638 3538 1697; x_wconf 71' lang='lat' dir='ltr'><strong>excepta</strong></span> 
     </span>
    </p>
   </div>
   <div class='ocr_carea' id='block_1_77' title="bbox 1945 1709 3537 1789">
    <p class='ocr_par' dir='ltr' id='par_1_77' title="bbox 1945 1709 3537 1789">
     <span class='ocr_line' id='line_1_77' title="bbox 1945 1709 3537 1789; baseline 0.012 -33"><span class='ocrx_word' id='word_1_575' title='bbox 1945 1721 2099 1759; x_wconf 85' lang='lat' dir='ltr'><strong>causa</strong></span> <span class='ocrx_word' id='word_1_576' title='bbox 2127 1709 2496 1778; x_wconf 73' lang='lat' dir='ltr'><strong>fornicationis,</strong></span> <span class='ocrx_word' id='word_1_577' title='bbox 2525 1715 2650 1784; x_wconf 82' lang='lat' dir='ltr'><strong>facit</strong></span> <span class='ocrx_word' id='word_1_578' title='bbox 2677 1732 2786 1770; x_wconf 89' lang='lat' dir='ltr'><strong>eam</strong></span> <span class='ocrx_word' id='word_1_579' title='bbox 2829 1718 3085 1772; x_wconf 74' lang='lat' dir='ltr'><strong>mazcltari.</strong></span> <span class='ocrx_word' id='word_1_580' title='bbox 3135 1719 3240 1774; x_wconf 88' lang='lat' dir='ltr'><strong>Sed</strong></span> <span class='ocrx_word' id='word_1_581' title='bbox 3281 1719 3537 1789; x_wconf 86' lang='lat' dir='ltr'><strong>numquid</strong></span> 
     </span>
    </p>
   </div>
   <div class='ocr_carea' id='block_1_78' title="bbox 1944 1794 3534 1882">
    <p class='ocr_par' dir='ltr' id='par_1_78' title="bbox 1944 1794 3534 1882">
     <span class='ocr_line' id='line_1_78' title="bbox 1944 1794 3534 1882; baseline 0.013 -35"><span class='ocrx_word' id='word_1_582' title='bbox 1944 1794 2041 1848; x_wconf 87' lang='lat' dir='ltr'><strong>ista</strong></span> <span class='ocrx_word' id='word_1_583' title='bbox 2074 1797 2192 1851; x_wconf 90' lang='lat' dir='ltr'><strong>ideo</strong></span> <span class='ocrx_word' id='word_1_584' title='bbox 2220 1801 2467 1858; x_wconf 89' lang='lat' dir='ltr'><strong>nubendo</strong></span> <span class='ocrx_word' id='word_1_585' title='bbox 2495 1815 2678 1874; x_wconf 88' lang='lat' dir='ltr'><strong>postea</strong></span> <span class='ocrx_word' id='word_1_586' title='bbox 2708 1823 2812 1862; x_wconf 92' lang='lat' dir='ltr'><strong>non</strong></span> <span class='ocrx_word' id='word_1_587' title='bbox 2839 1809 3098 1878; x_wconf 88' lang='lat' dir='ltr'><strong>peccavit,</strong></span> <span class='ocrx_word' id='word_1_588' title='bbox 3119 1812 3240 1882; x_wconf 90' lang='lat' dir='ltr'><strong>quia</strong></span> <span class='ocrx_word' id='word_1_589' title='bbox 3269 1812 3414 1881; x_wconf 92' lang='lat' dir='ltr'><strong>prius</strong></span> <span class='ocrx_word' id='word_1_590' title='bbox 3451 1813 3534 1866; x_wconf 90' lang='lat' dir='ltr'><strong>di-</strong></span> 
     </span>
    </p>
   </div>
   <div class='ocr_carea' id='block_1_79' title="bbox 1943 1888 3529 1970">
    <p class='ocr_par' dir='ltr' id='par_1_79' title="bbox 1943 1888 3529 1970">
     <span class='ocr_line' id='line_1_79' title="bbox 1943 1888 3529 1970; baseline 0.011 -31"><span class='ocrx_word' id='word_1_591' title='bbox 1943 1888 2203 1943; x_wconf 87' lang='lat' dir='ltr'><strong>mittendo</strong></span> <span class='ocrx_word' id='word_1_592' title='bbox 2246 1891 2334 1946; x_wconf 88' lang='lat' dir='ltr'><strong>ille</strong></span> <span class='ocrx_word' id='word_1_593' title='bbox 2375 1897 2648 1962; x_wconf 87' lang='lat' dir='ltr'><strong>peccavit?</strong></span> <span class='ocrx_word' id='word_1_594' title='bbox 2676 1898 2812 1966; x_wconf 88' lang='lat' dir='ltr'><strong>Quid</strong></span> <span class='ocrx_word' id='word_1_595' title='bbox 2853 1916 2980 1970; x_wconf 88' lang='lat' dir='ltr'><strong>ergo</strong></span> <span class='ocrx_word' id='word_1_596' title='bbox 3009 1900 3062 1955; x_wconf 92' lang='lat' dir='ltr'><strong>ei</strong></span> <span class='ocrx_word' id='word_1_597' title='bbox 3101 1901 3338 1970; x_wconf 90' lang='lat' dir='ltr'><strong>prodest,</strong></span> <span class='ocrx_word' id='word_1_598' title='bbox 3383 1901 3529 1970; x_wconf 85' lang='lat' dir='ltr'><strong>quod</strong></span> 
     </span>
    </p>
   </div>
   <div class='ocr_carea' id='block_1_80' title="bbox 1942 1977 3538 2064">
    <p class='ocr_par' dir='ltr' id='par_1_80' title="bbox 1942 1977 3538 2064">
     <span class='ocr_line' id='line_1_80' title="bbox 1942 1977 3538 2064; baseline 0.01 -31"><span class='ocrx_word' id='word_1_599' title='bbox 1942 1977 2009 2034; x_wconf 91' lang='lat' dir='ltr'><strong>de</strong></span> <span class='ocrx_word' id='word_1_600' title='bbox 2049 1980 2164 2050; x_wconf 84' lang='lat' dir='ltr'><strong>lege</strong></span> <span class='ocrx_word' id='word_1_601' title='bbox 2195 1980 2391 2038; x_wconf 90' lang='lat' dir='ltr'><strong>Christi</strong></span> <span class='ocrx_word' id='word_1_602' title='bbox 2424 1987 2616 2042; x_wconf 85' lang='lat' dir='ltr'><strong>mulier</strong></span> <span class='ocrx_word' id='word_1_603' title='bbox 2649 1990 2987 2046; x_wconf 88' lang='lat' dir='ltr'><strong>incontinens</strong></span> <span class='ocrx_word' id='word_1_604' title='bbox 3025 1993 3261 2064; x_wconf 88' lang='lat' dir='ltr'><strong>queritur</strong></span> <span class='ocrx_word' id='word_1_605' title='bbox 3289 2035 3304 2061; x_wconf 94' lang='lat'><strong>,</strong></span> <span class='ocrx_word' id='word_1_606' title='bbox 3345 1994 3446 2048; x_wconf 91' lang='lat' dir='ltr'><strong>nisi</strong></span> <span class='ocrx_word' id='word_1_607' title='bbox 3477 2003 3538 2050; x_wconf 89' lang='lat' dir='ltr'><strong>ut</strong></span> 
     </span>
    </p>
   </div>
   <div class='ocr_carea' id='block_1_81' title="bbox 1943 2076 2609 2142">
    <p class='ocr_par' dir='ltr' id='par_1_81' title="bbox 1943 2076 2609 2142">
     <span class='ocr_line' id='line_1_81' title="bbox 1943 2076 2609 2142; baseline 0.017 -20"><span class='ocrx_word' id='word_1_608' title='bbox 1943 2085 2285 2127; x_wconf 90' lang='lat' dir='ltr'><strong>murmurans</strong></span> <span class='ocrx_word' id='word_1_609' title='bbox 2311 2076 2558 2142; x_wconf 88' lang='lat' dir='ltr'><strong>puniatur</strong></span> <span class='ocrx_word' id='word_1_610' title='bbox 2583 2080 2609 2133; x_wconf 75' lang='lat'><strong><em>7</em></strong></span> 
     </span>
    </p>
   </div>
   <div class='ocr_carea' id='block_1_82' title="bbox 2012 2159 3537 2241">
    <p class='ocr_par' dir='ltr' id='par_1_82' title="bbox 2012 2159 3537 2241">
     <span class='ocr_line' id='line_1_82' title="bbox 2012 2159 3537 2241; baseline 0.01 -27"><span class='ocrx_word' id='word_1_611' title='bbox 2012 2159 2238 2218; x_wconf 78' lang='lat' dir='ltr'><strong>CAPUT</strong></span> <span class='ocrx_word' id='word_1_612' title='bbox 2278 2164 2370 2218; x_wconf 73' lang='lat' dir='ltr'><strong>Xl.</strong></span> <span class='ocrx_word' id='word_1_613' title='bbox 2410 2196 2484 2207; x_wconf 92' lang='lat'><strong>——</strong></span> <span class='ocrx_word' id='word_1_614' title='bbox 2522 2169 2608 2222; x_wconf 85' lang='grc' dir='ltr'><strong>Η.</strong></span> <span class='ocrx_word' id='word_1_615' title='bbox 2655 2169 2880 2241; x_wconf 83' lang='lat' dir='ltr'><strong>Objectio</strong></span> <span class='ocrx_word' id='word_1_616' title='bbox 2919 2172 3022 2225; x_wconf 85' lang='lat' dir='ltr'><strong>alia</strong></span> <span class='ocrx_word' id='word_1_617' title='bbox 3061 2170 3304 2227; x_wconf 80' lang='lat' dir='ltr'><strong>Pollentii</strong></span> <span class='ocrx_word' id='word_1_618' title='bbox 3342 2185 3394 2228; x_wconf 92' lang='lat' dir='ltr'><strong>ut</strong></span> <span class='ocrx_word' id='word_1_619' title='bbox 3431 2177 3537 2230; x_wconf 83' lang='lat' dir='ltr'><strong>sal-</strong></span> 
     </span>
    </p>
   </div>
   <div class='ocr_carea' id='block_1_83' title="bbox 1941 2253 3536 2328">
    <p class='ocr_par' dir='ltr' id='par_1_83' title="bbox 1941 2253 3536 2328">
     <span class='ocr_line' id='line_1_83' title="bbox 1941 2253 3536 2328; baseline 0.01 -25"><span class='ocrx_word' id='word_1_620' title='bbox 1941 2258 2036 2304; x_wconf 86' lang='lat' dir='ltr'><strong>tem</strong></span> <span class='ocrx_word' id='word_1_621' title='bbox 2078 2253 2303 2320; x_wconf 84' lang='lat' dir='ltr'><strong>ﬁliorum</strong></span> <span class='ocrx_word' id='word_1_622' title='bbox 2342 2257 2709 2328; x_wconf 82' lang='lat' dir='ltr'><strong>gignendorum</strong></span> <span class='ocrx_word' id='word_1_623' title='bbox 2736 2278 2891 2314; x_wconf 84' lang='lat' dir='ltr'><strong>causa</strong></span> <span class='ocrx_word' id='word_1_624' title='bbox 2929 2262 3078 2315; x_wconf 86' lang='lat' dir='ltr'><strong>liceat</strong></span> <span class='ocrx_word' id='word_1_625' title='bbox 3106 2263 3317 2316; x_wconf 84' lang='lat' dir='ltr'><strong>alteram</strong></span> <span class='ocrx_word' id='word_1_626' title='bbox 3357 2265 3536 2320; x_wconf 83' lang='lat' dir='ltr'><strong>ducere</strong></span> 
     </span>
    </p>
   </div>
   <div class='ocr_carea' id='block_1_84' title="bbox 1941 2339 3532 2426">
    <p class='ocr_par' dir='ltr' id='par_1_84' title="bbox 1941 2339 3532 2426">
     <span class='ocr_line' id='line_1_84' title="bbox 1941 2339 3532 2426; baseline 0.012 -34"><span class='ocrx_word' id='word_1_627' title='bbox 1941 2339 2150 2396; x_wconf 89' lang='lat' dir='ltr'><strong>dimissa</strong></span> <span class='ocrx_word' id='word_1_628' title='bbox 2177 2346 2430 2401; x_wconf 87' lang='lat' dir='ltr'><strong>adultera.</strong></span> <span class='ocrx_word' id='word_1_629' title='bbox 2463 2347 2580 2404; x_wconf 85' lang='lat' dir='ltr'><strong>Jam</strong></span> <span class='ocrx_word' id='word_1_630' title='bbox 2613 2367 2754 2406; x_wconf 90' lang='lat' dir='ltr'><strong>nunc</strong></span> <span class='ocrx_word' id='word_1_631' title='bbox 2796 2351 2957 2406; x_wconf 88' lang='lat' dir='ltr'><strong>etiam</strong></span> <span class='ocrx_word' id='word_1_632' title='bbox 2988 2352 3078 2407; x_wconf 90' lang='lat' dir='ltr'><strong>illa</strong></span> <span class='ocrx_word' id='word_1_633' title='bbox 3109 2353 3384 2409; x_wconf 87' lang='lat' dir='ltr'><strong>videamus</strong></span> <span class='ocrx_word' id='word_1_634' title='bbox 3411 2371 3532 2426; x_wconf 77' lang='lat' dir='ltr'><strong>qua:</strong></span> 
     </span>
    </p>
   </div>
   <div class='ocr_carea' id='block_1_85' title="bbox 1941 2433 3535 2517">
    <p class='ocr_par' dir='ltr' id='par_1_85' title="bbox 1941 2433 3535 2517">
     <span class='ocr_line' id='line_1_85' title="bbox 1941 2433 3535 2517; baseline 0.01 -31"><span class='ocrx_word' id='word_1_635' title='bbox 1941 2433 2046 2487; x_wconf 89' lang='lat' dir='ltr'><strong>alio</strong></span> <span class='ocrx_word' id='word_1_636' title='bbox 2075 2435 2193 2490; x_wconf 91' lang='lat' dir='ltr'><strong>loco</strong></span> <span class='ocrx_word' id='word_1_637' title='bbox 2224 2437 2568 2510; x_wconf 88' lang='lat' dir='ltr'><strong>interponens</strong></span> <span class='ocrx_word' id='word_1_638' title='bbox 2598 2443 2869 2512; x_wconf 87' lang='lat' dir='ltr'><strong>addidisti,</strong></span> <span class='ocrx_word' id='word_1_639' title='bbox 2900 2461 3073 2515; x_wconf 90' lang='lat' dir='ltr'><strong>neque</strong></span> <span class='ocrx_word' id='word_1_640' title='bbox 3111 2444 3178 2499; x_wconf 92' lang='lat' dir='ltr'><strong>ad</strong></span> <span class='ocrx_word' id='word_1_641' title='bbox 3209 2461 3271 2500; x_wconf 89' lang='lat' dir='ltr'><strong>ea</strong></span> <span class='ocrx_word' id='word_1_642' title='bbox 3311 2463 3535 2517; x_wconf 79' lang='lat' dir='ltr'><strong>respon-</strong></span> 
     </span>
    </p>
   </div>
   <div class='ocr_carea' id='block_1_86' title="bbox 1941 2525 3534 2603">
    <p class='ocr_par' dir='ltr' id='par_1_86' title="bbox 1941 2525 3534 2603">
     <span class='ocr_line' id='line_1_86' title="bbox 1941 2525 3534 2603; baseline 0.009 -23"><span class='ocrx_word' id='word_1_643' title='bbox 1941 2525 2070 2582; x_wconf 91' lang='lat' dir='ltr'><strong>dere</strong></span> <span class='ocrx_word' id='word_1_644' title='bbox 2099 2529 2308 2585; x_wconf 88' lang='lat' dir='ltr'><strong>voluisti</strong></span> <span class='ocrx_word' id='word_1_645' title='bbox 2346 2550 2358 2586; x_wconf 94' lang='lat'><strong>:</strong></span> <span class='ocrx_word' id='word_1_646' title='bbox 2403 2533 2490 2588; x_wconf 91' lang='lat' dir='ltr'><strong>ubi</strong></span> <span class='ocrx_word' id='word_1_647' title='bbox 2534 2545 2583 2590; x_wconf 90' lang='lat' dir='ltr'><strong>te</strong></span> <span class='ocrx_word' id='word_1_648' title='bbox 2613 2544 2811 2603; x_wconf 91' lang='lat' dir='ltr'><strong>movet,</strong></span> <span class='ocrx_word' id='word_1_649' title='bbox 2844 2547 2898 2592; x_wconf 89' lang='lat' dir='ltr'><strong>et</strong></span> <span class='ocrx_word' id='word_1_650' title='bbox 2942 2539 3216 2593; x_wconf 88' lang='lat' dir='ltr'><strong>miscraris</strong></span> <span class='ocrx_word' id='word_1_651' title='bbox 3260 2539 3534 2594; x_wconf 89' lang='lat' dir='ltr'><strong>hominem</strong></span> 
     </span>
    </p>
   </div>
   <div class='ocr_carea' id='block_1_87' title="bbox 1941 2618 3530 2698">
    <p class='ocr_par' dir='ltr' id='par_1_87' title="bbox 1941 2618 3530 2698">
     <span class='ocr_line' id='line_1_87' title="bbox 1941 2618 3530 2698; baseline 0.009 -28"><span class='ocrx_word' id='word_1_652' title='bbox 1941 2618 2029 2686; x_wconf 92' lang='lat' dir='ltr'><strong>qui</strong></span> <span class='ocrx_word' id='word_1_653' title='bbox 2057 2618 2254 2675; x_wconf 90' lang='lat' dir='ltr'><strong>cubare</strong></span> <span class='ocrx_word' id='word_1_654' title='bbox 2281 2637 2399 2676; x_wconf 91' lang='lat' dir='ltr'><strong>cum</strong></span> <span class='ocrx_word' id='word_1_655' title='bbox 2427 2624 2687 2694; x_wconf 87' lang='lat' dir='ltr'><strong>adultera,</strong></span> <span class='ocrx_word' id='word_1_656' title='bbox 2717 2628 2925 2683; x_wconf 88' lang='lat' dir='ltr'><strong>etiamsi</strong></span> <span class='ocrx_word' id='word_1_657' title='bbox 2969 2644 3075 2682; x_wconf 92' lang='lat' dir='ltr'><strong>nou</strong></span> <span class='ocrx_word' id='word_1_658' title='bbox 3123 2630 3530 2698; x_wconf 88' lang='lat' dir='ltr'><strong>incontinentia,</strong></span> 
     </span>
    </p>
   </div>
   <div class='ocr_carea' id='block_1_88' title="bbox 1941 2711 3531 2792">
    <p class='ocr_par' dir='ltr' id='par_1_88' title="bbox 1941 2711 3531 2792">
     <span class='ocr_line' id='line_1_88' title="bbox 1941 2711 3531 2792; baseline 0.009 -29"><span class='ocrx_word' id='word_1_659' title='bbox 1941 2717 2086 2765; x_wconf 88' lang='lat' dir='ltr'><strong>certe</strong></span> <span class='ocrx_word' id='word_1_660' title='bbox 2117 2711 2344 2768; x_wconf 86' lang='lat' dir='ltr'><strong>filiorum</strong></span> <span class='ocrx_word' id='word_1_661' title='bbox 2388 2717 2840 2788; x_wconf 88' lang='lat' dir='ltr'><strong>procreandorum</strong></span> <span class='ocrx_word' id='word_1_662' title='bbox 2892 2722 3207 2776; x_wconf 80' lang='lat' dir='ltr'><strong>necessitate</strong></span> <span class='ocrx_word' id='word_1_663' title='bbox 3253 2723 3531 2792; x_wconf 73' lang='lat' dir='ltr'><strong>compclli~</strong></span> 
     </span>
    </p>
   </div>
   <div class='ocr_carea' id='block_1_89' title="bbox 1941 2801 3536 2877">
    <p class='ocr_par' dir='ltr' id='par_1_89' title="bbox 1941 2801 3536 2877">
     <span class='ocr_line' id='line_1_89' title="bbox 1941 2801 3536 2877; baseline 0.008 -21"><span class='ocrx_word' id='word_1_664' title='bbox 1941 2809 2048 2870; x_wconf 89' lang='lat' dir='ltr'><strong>tur,</strong></span> <span class='ocrx_word' id='word_1_665' title='bbox 2087 2801 2132 2857; x_wconf 92' lang='lat' dir='ltr'><strong>si</strong></span> <span class='ocrx_word' id='word_1_666' title='bbox 2176 2821 2283 2860; x_wconf 89' lang='lat' dir='ltr'><strong>non</strong></span> <span class='ocrx_word' id='word_1_667' title='bbox 2309 2809 2357 2863; x_wconf 92' lang='lat' dir='ltr'><strong>ei</strong></span> <span class='ocrx_word' id='word_1_668' title='bbox 2403 2807 2522 2862; x_wconf 90' lang='lat' dir='ltr'><strong>licet</strong></span> <span class='ocrx_word' id='word_1_669' title='bbox 2553 2810 2630 2864; x_wconf 92' lang='lat' dir='ltr'><strong>sic</strong></span> <span class='ocrx_word' id='word_1_670' title='bbox 2659 2825 2775 2864; x_wconf 91' lang='lat' dir='ltr'><strong>eam</strong></span> <span class='ocrx_word' id='word_1_671' title='bbox 2809 2809 3101 2877; x_wconf 89' lang='lat' dir='ltr'><strong>dimittere,</strong></span> <span class='ocrx_word' id='word_1_672' title='bbox 3138 2821 3194 2866; x_wconf 93' lang='lat' dir='ltr'><strong>ut</strong></span> <span class='ocrx_word' id='word_1_673' title='bbox 3223 2828 3284 2865; x_wconf 92' lang='lat' dir='ltr'><strong>ea</strong></span> <span class='ocrx_word' id='word_1_674' title='bbox 3320 2813 3536 2870; x_wconf 79' lang='lat' dir='ltr'><strong>vivente</strong></span> 
     </span>
    </p>
   </div>
   <div class='ocr_carea' id='block_1_90' title="bbox 1941 2893 3535 2968">
    <p class='ocr_par' dir='ltr' id='par_1_90' title="bbox 1941 2893 3535 2968">
     <span class='ocr_line' id='line_1_90' title="bbox 1941 2893 3535 2968; baseline 0.008 -22"><span class='ocrx_word' id='word_1_675' title='bbox 1941 2893 2162 2948; x_wconf 89' lang='lat' dir='ltr'><strong>alteram</strong></span> <span class='ocrx_word' id='word_1_676' title='bbox 2191 2895 2370 2951; x_wconf 90' lang='lat' dir='ltr'><strong>ducat.</strong></span> <span class='ocrx_word' id='word_1_677' title='bbox 2401 2898 2554 2954; x_wconf 89' lang='lat' dir='ltr'><strong>Unde</strong></span> <span class='ocrx_word' id='word_1_678' title='bbox 2594 2911 2740 2956; x_wconf 89' lang='lat' dir='ltr'><strong>recte</strong></span> <span class='ocrx_word' id='word_1_679' title='bbox 2779 2903 3096 2968; x_wconf 89' lang='lat' dir='ltr'><strong>movereris,</strong></span> <span class='ocrx_word' id='word_1_680' title='bbox 3129 2904 3174 2957; x_wconf 93' lang='lat' dir='ltr'><strong>si</strong></span> <span class='ocrx_word' id='word_1_681' title='bbox 3215 2903 3535 2959; x_wconf 88' lang='lat' dir='ltr'><strong>adulterium</strong></span> 
     </span>
    </p>
   </div>
   <div class='ocr_carea' id='block_1_91' title="bbox 1941 2989 3533 3060">
    <p class='ocr_par' dir='ltr' id='par_1_91' title="bbox 1941 2989 3533 3060">
     <span class='ocr_line' id='line_1_91' title="bbox 1941 2989 3533 3060; baseline 0.008 -22"><span class='ocrx_word' id='word_1_682' title='bbox 1941 3000 2047 3038; x_wconf 90' lang='lat' dir='ltr'><strong>non</strong></span> <span class='ocrx_word' id='word_1_683' title='bbox 2076 2997 2238 3053; x_wconf 90' lang='lat' dir='ltr'><strong>esset,</strong></span> <span class='ocrx_word' id='word_1_684' title='bbox 2272 2989 2515 3058; x_wconf 90' lang='lat' dir='ltr'><strong>quamvis</strong></span> <span class='ocrx_word' id='word_1_685' title='bbox 2532 2990 2772 3046; x_wconf 87' lang='lat' dir='ltr'><strong>adultera</strong></span> <span class='ocrx_word' id='word_1_686' title='bbox 2803 2993 2921 3047; x_wconf 84' lang='lat' dir='ltr'><strong>viva</strong></span> <span class='ocrx_word' id='word_1_687' title='bbox 2964 3010 3152 3060; x_wconf 81' lang='lat' dir='ltr'><strong>uxore,</strong></span> <span class='ocrx_word' id='word_1_688' title='bbox 3181 2996 3401 3049; x_wconf 87' lang='lat' dir='ltr'><strong>alteram</strong></span> <span class='ocrx_word' id='word_1_689' title='bbox 3431 2996 3533 3051; x_wconf 88' lang='lat' dir='ltr'><strong>du-</strong></span> 
     </span>
    </p>
   </div>
   <div class='ocr_carea' id='block_1_92' title="bbox 1941 3076 3534 3162">
    <p class='ocr_par' dir='ltr' id='par_1_92' title="bbox 1941 3076 3534 3162">
     <span class='ocr_line' id='line_1_92' title="bbox 1941 3076 3534 3162; baseline 0.006 -32"><span class='ocrx_word' id='word_1_690' title='bbox 1941 3090 2083 3130; x_wconf 88' lang='lat' dir='ltr'><strong>cere.</strong></span> <span class='ocrx_word' id='word_1_691' title='bbox 2113 3076 2167 3132; x_wconf 92' lang='lat' dir='ltr'><strong>Si</strong></span> <span class='ocrx_word' id='word_1_692' title='bbox 2196 3088 2373 3133; x_wconf 86' lang='lat' dir='ltr'><strong>autem</strong></span> <span class='ocrx_word' id='word_1_693' title='bbox 2403 3081 2722 3136; x_wconf 89' lang='lat' dir='ltr'><strong>adulterium</strong></span> <span class='ocrx_word' id='word_1_694' title='bbox 2749 3092 2852 3162; x_wconf 86' lang='lat' dir='ltr'><strong>est,</strong></span> <span class='ocrx_word' id='word_1_695' title='bbox 2887 3093 2944 3138; x_wconf 92' lang='lat' dir='ltr'><strong>ut</strong></span> <span class='ocrx_word' id='word_1_696' title='bbox 2969 3099 3031 3138; x_wconf 90' lang='lat' dir='ltr'><strong>ea</strong></span> <span class='ocrx_word' id='word_1_697' title='bbox 3058 3101 3176 3154; x_wconf 84' lang='lat' dir='ltr'><strong>qua:</strong></span> <span class='ocrx_word' id='word_1_698' title='bbox 3202 3096 3327 3139; x_wconf 91' lang='lat' dir='ltr'><strong>sunt</strong></span> <span class='ocrx_word' id='word_1_699' title='bbox 3351 3086 3534 3156; x_wconf 86' lang='lat' dir='ltr'><strong>dispu-</strong></span> 
     </span>
    </p>
   </div>
   <div class='ocr_carea' id='block_1_93' title="bbox 1941 3171 3533 3250">
    <p class='ocr_par' dir='ltr' id='par_1_93' title="bbox 1941 3171 3533 3250">
     <span class='ocr_line' id='line_1_93' title="bbox 1941 3171 3533 3250; baseline 0.009 -26"><span class='ocrx_word' id='word_1_700' title='bbox 1941 3177 2048 3224; x_wconf 87' lang='lat' dir='ltr'><strong>tata</strong></span> <span class='ocrx_word' id='word_1_701' title='bbox 2075 3171 2392 3240; x_wconf 84' lang='lat' dir='ltr'><strong>docuerunt,</strong></span> <span class='ocrx_word' id='word_1_702' title='bbox 2412 3177 2538 3246; x_wconf 91' lang='lat' dir='ltr'><strong>quid</strong></span> <span class='ocrx_word' id='word_1_703' title='bbox 2566 3178 2874 3233; x_wconf 85' lang='lat' dir='ltr'><strong>obtenditur</strong></span> <span class='ocrx_word' id='word_1_704' title='bbox 2903 3181 3353 3250; x_wconf 87' lang='lat' dir='ltr'><strong>procreandorum</strong></span> <span class='ocrx_word' id='word_1_705' title='bbox 3374 3199 3533 3240; x_wconf 87' lang='lat' dir='ltr'><strong>causa</strong></span> 
     </span>
    </p>
   </div>
   <div class='ocr_carea' id='block_1_94' title="bbox 1941 3261 3531 3343">
    <p class='ocr_par' dir='ltr' id='par_1_94' title="bbox 1941 3261 3531 3343">
     <span class='ocr_line' id='line_1_94' title="bbox 1941 3261 3531 3343; baseline 0.008 -27"><span class='ocrx_word' id='word_1_706' title='bbox 1941 3261 2211 3317; x_wconf 68' lang='lat' dir='ltr'><strong>ﬁliorum?</strong></span> <span class='ocrx_word' id='word_1_707' title='bbox 2253 3265 2366 3319; x_wconf 89' lang='lat' dir='ltr'><strong>Non</strong></span> <span class='ocrx_word' id='word_1_708' title='bbox 2405 3267 2547 3322; x_wconf 90' lang='lat' dir='ltr'><strong>enim</strong></span> <span class='ocrx_word' id='word_1_709' title='bbox 2593 3277 2879 3338; x_wconf 89' lang='lat' dir='ltr'><strong>propterea</strong></span> <span class='ocrx_word' id='word_1_710' title='bbox 2920 3271 3239 3340; x_wconf 82' lang='lat' dir='ltr'><strong>ﬂagitiorum</strong></span> <span class='ocrx_word' id='word_1_711' title='bbox 3281 3282 3364 3328; x_wconf 89' lang='lat' dir='ltr'><strong>est</strong></span> <span class='ocrx_word' id='word_1_712' title='bbox 3406 3290 3531 3343; x_wconf 86' lang='lat' dir='ltr'><strong>per-</strong></span> 
     </span>
    </p>
   </div>
   <div class='ocr_carea' id='block_1_95' title="bbox 1940 3352 3534 3420">
    <p class='ocr_par' dir='ltr' id='par_1_95' title="bbox 1940 3352 3534 3420">
     <span class='ocr_line' id='line_1_95' title="bbox 1940 3352 3534 3420; baseline 0.008 -14"><span class='ocrx_word' id='word_1_713' title='bbox 1940 3352 2197 3408; x_wconf 86' lang='lat' dir='ltr'><strong>mittenda</strong></span> <span class='ocrx_word' id='word_1_714' title='bbox 2237 3355 2447 3410; x_wconf 89' lang='lat' dir='ltr'><strong>licentia</strong></span> <span class='ocrx_word' id='word_1_715' title='bbox 2483 3375 2496 3411; x_wconf 88' lang='lat'><strong>:</strong></span> <span class='ocrx_word' id='word_1_716' title='bbox 2542 3367 2632 3412; x_wconf 87' lang='lat' dir='ltr'><strong>aut</strong></span> <span class='ocrx_word' id='word_1_717' title='bbox 2661 3359 2820 3414; x_wconf 74' lang='lat' dir='ltr'><strong>vero‘</strong></span> <span class='ocrx_word' id='word_1_718' title='bbox 2851 3368 2957 3414; x_wconf 85' lang='lat' dir='ltr'><strong>tam</strong></span> <span class='ocrx_word' id='word_1_719' title='bbox 2987 3361 3281 3416; x_wconf 89' lang='lat' dir='ltr'><strong>cavendum</strong></span> <span class='ocrx_word' id='word_1_720' title='bbox 3307 3372 3388 3416; x_wconf 92' lang='lat' dir='ltr'><strong>est</strong></span> <span class='ocrx_word' id='word_1_721' title='bbox 3417 3364 3534 3420; x_wconf 81' lang='lat' dir='ltr'><strong>sine</strong></span> 
     </span>
    </p>
   </div>
   <div class='ocr_carea' id='block_1_96' title="bbox 1940 3447 3533 3522">
    <p class='ocr_par' dir='ltr' id='par_1_96' title="bbox 1940 3447 3533 3522">
     <span class='ocr_line' id='line_1_96' title="bbox 1940 3447 3533 3522; baseline 0.008 -24"><span class='ocrx_word' id='word_1_722' title='bbox 1940 3447 2171 3516; x_wconf 90' lang='lat' dir='ltr'><strong>posteris</strong></span> <span class='ocrx_word' id='word_1_723' title='bbox 2201 3448 2358 3514; x_wconf 91' lang='lat' dir='ltr'><strong>mori,</strong></span> <span class='ocrx_word' id='word_1_724' title='bbox 2394 3466 2553 3520; x_wconf 89' lang='lat' dir='ltr'><strong>quam</strong></span> <span class='ocrx_word' id='word_1_725' title='bbox 2584 3451 2888 3520; x_wconf 87' lang='lat' dir='ltr'><strong>eligendum</strong></span> <span class='ocrx_word' id='word_1_726' title='bbox 2931 3451 2983 3506; x_wconf 91' lang='lat' dir='ltr'><strong>in</strong></span> <span class='ocrx_word' id='word_1_727' title='bbox 3012 3463 3284 3522; x_wconf 89' lang='lat' dir='ltr'><strong>posterum</strong></span> <span class='ocrx_word' id='word_1_728' title='bbox 3318 3454 3533 3511; x_wconf 86' lang='lat' dir='ltr'><strong>vivere?</strong></span> 
     </span>
    </p>
   </div>
   <div class='ocr_carea' id='block_1_97' title="bbox 1940 3540 3533 3615">
    <p class='ocr_par' dir='ltr' id='par_1_97' title="bbox 1940 3540 3533 3615">
     <span class='ocr_line' id='line_1_97' title="bbox 1940 3540 3533 3615; baseline 0.006 -21"><span class='ocrx_word' id='word_1_729' title='bbox 1940 3540 2081 3610; x_wconf 90' lang='lat' dir='ltr'><strong>quod</strong></span> <span class='ocrx_word' id='word_1_730' title='bbox 2132 3556 2236 3595; x_wconf 92' lang='lat' dir='ltr'><strong>non</strong></span> <span class='ocrx_word' id='word_1_731' title='bbox 2277 3544 2522 3598; x_wconf 89' lang='lat' dir='ltr'><strong>sinentur</strong></span> <span class='ocrx_word' id='word_1_732' title='bbox 2562 3542 2809 3609; x_wconf 87' lang='lat' dir='ltr'><strong>adulteri,</strong></span> <span class='ocrx_word' id='word_1_733' title='bbox 2835 3560 2969 3614; x_wconf 89' lang='lat' dir='ltr'><strong>quos</strong></span> <span class='ocrx_word' id='word_1_734' title='bbox 3019 3559 3241 3609; x_wconf 84' lang='lat' dir='ltr'><strong>necesse</strong></span> <span class='ocrx_word' id='word_1_735' title='bbox 3281 3555 3364 3599; x_wconf 90' lang='lat' dir='ltr'><strong>est</strong></span> <span class='ocrx_word' id='word_1_736' title='bbox 3411 3558 3533 3615; x_wconf 88' lang='lat' dir='ltr'><strong>post</strong></span> 
     </span>
    </p>
   </div>
   <div class='ocr_carea' id='block_1_98' title="bbox 1943 3631 3527 3702">
    <p class='ocr_par' dir='ltr' id='par_1_98' title="bbox 1943 3631 3527 3702">
     <span class='ocr_line' id='line_1_98' title="bbox 1943 3631 3527 3702; baseline 0.005 -18"><span class='ocrx_word' id='word_1_737' title='bbox 1943 3631 2166 3702; x_wconf 86' lang='lat' dir='ltr'><strong>primam</strong></span> <span class='ocrx_word' id='word_1_738' title='bbox 2195 3642 2424 3687; x_wconf 89' lang='lat' dir='ltr'><strong>mortem</strong></span> <span class='ocrx_word' id='word_1_739' title='bbox 2461 3634 2710 3689; x_wconf 86' lang='lat' dir='ltr'><strong>secundae</strong></span> <span class='ocrx_word' id='word_1_740' title='bbox 2741 3636 2928 3689; x_wconf 91' lang='lat' dir='ltr'><strong>mortis</strong></span> <span class='ocrx_word' id='word_1_741' title='bbox 2953 3637 3248 3690; x_wconf 66' lang='lat' dir='ltr'><strong>aeternitate</strong></span> <span class='ocrx_word' id='word_1_742' title='bbox 3266 3635 3527 3692; x_wconf 88' lang='lat' dir='ltr'><strong>damnari.</strong></span> 
     </span>
    </p>
   </div>
   <div class='ocr_carea' id='block_1_99' title="bbox 1939 3723 3530 3796">
    <p class='ocr_par' dir='ltr' id='par_1_99' title="bbox 1939 3723 3530 3796">
     <span class='ocr_line' id='line_1_99' title="bbox 1939 3723 3530 3796; baseline 0.002 -16"><span class='ocrx_word' id='word_1_743' title='bbox 1939 3723 2074 3780; x_wconf 86' lang='lat' dir='ltr'><strong>Nam</strong></span> <span class='ocrx_word' id='word_1_744' title='bbox 2129 3726 2580 3796; x_wconf 88' lang='lat' dir='ltr'><strong>procreandorum</strong></span> <span class='ocrx_word' id='word_1_745' title='bbox 2632 3728 2864 3782; x_wconf 80' lang='lat' dir='ltr'><strong>filiorum</strong></span> <span class='ocrx_word' id='word_1_746' title='bbox 2898 3729 3000 3782; x_wconf 89' lang='lat' dir='ltr'><strong>ista</strong></span> <span class='ocrx_word' id='word_1_747' title='bbox 3049 3730 3314 3794; x_wconf 85' lang='lat' dir='ltr'><strong>causatio,</strong></span> <span class='ocrx_word' id='word_1_748' title='bbox 3367 3730 3530 3784; x_wconf 85' lang='lat' dir='ltr'><strong>etiam</strong></span> 
     </span>
    </p>
   </div>
   <div class='ocr_carea' id='block_1_100' title="bbox 1940 3816 3536 3886">
    <p class='ocr_par' dir='ltr' id='par_1_100' title="bbox 1940 3816 3536 3886">
     <span class='ocr_line' id='line_1_100' title="bbox 1940 3816 3536 3886; baseline 0.004 -14"><span class='ocrx_word' id='word_1_749' title='bbox 1940 3833 2046 3872; x_wconf 91' lang='lat' dir='ltr'><strong>non</strong></span> <span class='ocrx_word' id='word_1_750' title='bbox 2077 3816 2368 3884; x_wconf 90' lang='lat' dir='ltr'><strong>adulteras,</strong></span> <span class='ocrx_word' id='word_1_751' title='bbox 2396 3818 2490 3874; x_wconf 90' lang='lat' dir='ltr'><strong>sed</strong></span> <span class='ocrx_word' id='word_1_752' title='bbox 2539 3820 2870 3874; x_wconf 78' lang='lat' dir='ltr'><strong>castissimus</strong></span> <span class='ocrx_word' id='word_1_753' title='bbox 2900 3819 3142 3886; x_wconf 87' lang='lat' dir='ltr'><strong>feminas,</strong></span> <span class='ocrx_word' id='word_1_754' title='bbox 3169 3820 3216 3874; x_wconf 89' lang='lat' dir='ltr'><strong>si</strong></span> <span class='ocrx_word' id='word_1_755' title='bbox 3243 3821 3381 3875; x_wconf 78' lang='lat' dir='ltr'><strong>forte</strong></span> <span class='ocrx_word' id='word_1_756' title='bbox 3425 3822 3536 3878; x_wconf 79' lang='lat' dir='ltr'><strong>sint</strong></span> 
     </span>
    </p>
   </div>
   <div class='ocr_carea' id='block_1_101' title="bbox 1940 3908 3528 3982">
    <p class='ocr_par' dir='ltr' id='par_1_101' title="bbox 1940 3908 3528 3982">
     <span class='ocr_line' id='line_1_101' title="bbox 1940 3908 3528 3982; baseline 0.001 -19"><span class='ocrx_word' id='word_1_757' title='bbox 1940 3908 2172 3976; x_wconf 89' lang='lat' dir='ltr'><strong>steriles,</strong></span> <span class='ocrx_word' id='word_1_758' title='bbox 2206 3910 2345 3979; x_wconf 84' lang='lat' dir='ltr'><strong>cogit</strong></span> <span class='ocrx_word' id='word_1_759' title='bbox 2371 3909 2585 3978; x_wconf 89' lang='lat' dir='ltr'><strong>dimitti,</strong></span> <span class='ocrx_word' id='word_1_760' title='bbox 2615 3918 2670 3966; x_wconf 91' lang='lat' dir='ltr'><strong>et</strong></span> <span class='ocrx_word' id='word_1_761' title='bbox 2692 3910 2891 3966; x_wconf 85' lang='lat' dir='ltr'><strong>alteras</strong></span> <span class='ocrx_word' id='word_1_762' title='bbox 2919 3911 3040 3966; x_wconf 91' lang='lat' dir='ltr'><strong>duci</strong></span> <span class='ocrx_word' id='word_1_763' title='bbox 3069 3929 3083 3966; x_wconf 90' lang='lat'><strong>:</strong></span> <span class='ocrx_word' id='word_1_764' title='bbox 3117 3910 3259 3982; x_wconf 92' lang='lat' dir='ltr'><strong>quod</strong></span> <span class='ocrx_word' id='word_1_765' title='bbox 3292 3912 3385 3965; x_wconf 90' lang='lat' dir='ltr'><strong>tibi</strong></span> <span class='ocrx_word' id='word_1_766' title='bbox 3412 3912 3528 3966; x_wconf 82' lang='lat' dir='ltr'><strong>exi-</strong></span> 
     </span>
    </p>
   </div>
   <div class='ocr_carea' id='block_1_102' title="bbox 1939 4001 2495 4070">
    <p class='ocr_par' dir='ltr' id='par_1_102' title="bbox 1939 4001 2495 4070">
     <span class='ocr_line' id='line_1_102' title="bbox 1939 4001 2495 4070; baseline -0.004 -12"><span class='ocrx_word' id='word_1_767' title='bbox 1939 4001 2102 4058; x_wconf 86' lang='lat' dir='ltr'><strong>stimo</strong></span> <span class='ocrx_word' id='word_1_768' title='bbox 2131 4019 2233 4057; x_wconf 92' lang='lat' dir='ltr'><strong>non</strong></span> <span class='ocrx_word' id='word_1_769' title='bbox 2267 4003 2495 4070; x_wconf 87' lang='lat' dir='ltr'><strong>placere.</strong></span> 
     </span>
    </p>
   </div>
   <div class='ocr_carea' id='block_1_103' title="bbox 2013 4095 3536 4165">
    <p class='ocr_par' dir='ltr' id='par_1_103' title="bbox 2013 4095 3536 4165">
     <span class='ocr_line' id='line_1_103' title="bbox 2013 4095 3536 4165; baseline 0 -15"><span class='ocrx_word' id='word_1_770' title='bbox 2013 4095 2098 4150; x_wconf 72' lang='grc'><strong>12.</strong></span> <span class='ocrx_word' id='word_1_771' title='bbox 2139 4097 2471 4165; x_wconf 82' lang='lat' dir='ltr'><strong>Quapmpter</strong></span> <span class='ocrx_word' id='word_1_772' title='bbox 2515 4096 2556 4150; x_wconf 91' lang='lat' dir='ltr'><strong>si</strong></span> <span class='ocrx_word' id='word_1_773' title='bbox 2605 4111 2766 4151; x_wconf 88' lang='lat' dir='ltr'><strong>causa</strong></span> <span class='ocrx_word' id='word_1_774' title='bbox 2811 4095 3207 4152; x_wconf 71' lang='lat' dir='ltr'><strong>incontinentia:</strong></span> <span class='ocrx_word' id='word_1_775' title='bbox 3250 4111 3356 4150; x_wconf 92' lang='lat' dir='ltr'><strong>non</strong></span> <span class='ocrx_word' id='word_1_776' title='bbox 3403 4103 3536 4150; x_wconf 77' lang='lat' dir='ltr'><strong>sunt</strong></span> 
     </span>
    </p>
   </div>
   <div class='ocr_carea' id='block_1_104' title="bbox 1939 4187 3530 4258">
    <p class='ocr_par' dir='ltr' id='par_1_104' title="bbox 1939 4187 3530 4258">
     <span class='ocr_line' id='line_1_104' title="bbox 1939 4187 3530 4258; baseline -0.001 -14"><span class='ocrx_word' id='word_1_777' title='bbox 1939 4187 2238 4244; x_wconf 80' lang='lat' dir='ltr'><strong>excusanda</strong></span> <span class='ocrx_word' id='word_1_778' title='bbox 2281 4187 2538 4242; x_wconf 90' lang='lat' dir='ltr'><strong>adulteria</strong></span> <span class='ocrx_word' id='word_1_779' title='bbox 2562 4231 2577 4252; x_wconf 94' lang='lat'><strong>,</strong></span> <span class='ocrx_word' id='word_1_780' title='bbox 2609 4198 2809 4258; x_wconf 84' lang='lat' dir='ltr'><strong>quanto</strong></span> <span class='ocrx_word' id='word_1_781' title='bbox 2837 4189 3012 4243; x_wconf 89' lang='lat' dir='ltr'><strong>minus</strong></span> <span class='ocrx_word' id='word_1_782' title='bbox 3047 4197 3366 4244; x_wconf 81' lang='lat' dir='ltr'><strong>excusantur</strong></span> <span class='ocrx_word' id='word_1_783' title='bbox 3399 4201 3530 4256; x_wconf 80' lang='lat' dir='ltr'><strong>pro—</strong></span> 
     </span>
    </p>
   </div>
   <div class='ocr_carea' id='block_1_105' title="bbox 1940 4280 2775 4336">
    <p class='ocr_par' dir='ltr' id='par_1_105' title="bbox 1940 4280 2775 4336">
     <span class='ocr_line' id='line_1_105' title="bbox 1940 4280 2775 4336; baseline 0 0"><span class='ocrx_word' id='word_1_784' title='bbox 1940 4281 2294 4336; x_wconf 88' lang='lat' dir='ltr'><strong>creandorum</strong></span> <span class='ocrx_word' id='word_1_785' title='bbox 2322 4296 2480 4335; x_wconf 91' lang='lat' dir='ltr'><strong>eausa</strong></span> <span class='ocrx_word' id='word_1_786' title='bbox 2508 4280 2775 4336; x_wconf 83' lang='lat' dir='ltr'><strong>filiorum?</strong></span> 
     </span>
    </p>
   </div>
   <div class='ocr_carea' id='block_1_106' title="bbox 2011 4372 3534 4446">
    <p class='ocr_par' dir='ltr' id='par_1_106' title="bbox 2011 4372 3534 4446">
     <span class='ocr_line' id='line_1_106' title="bbox 2011 4372 3534 4446; baseline 0 -18"><span class='ocrx_word' id='word_1_787' title='bbox 2011 4373 2236 4429; x_wconf 88' lang='lat' dir='ltr'><strong>CAPUT</strong></span> <span class='ocrx_word' id='word_1_788' title='bbox 2275 4372 2389 4428; x_wconf 81' lang='lat' dir='ltr'><strong>Xll.</strong></span> <span class='ocrx_word' id='word_1_789' title='bbox 2414 4374 2725 4446; x_wconf 83' lang='lat' dir='ltr'><strong>—-.Nuptias</strong></span> <span class='ocrx_word' id='word_1_790' title='bbox 2754 4375 2848 4428; x_wconf 78' lang='lat' dir='ltr'><strong>liae</strong></span> <span class='ocrx_word' id='word_1_791' title='bbox 2879 4385 3098 4444; x_wconf 71' lang='lat' dir='ltr'><strong>(srripere</strong></span> <span class='ocrx_word' id='word_1_792' title='bbox 3119 4375 3344 4444; x_wconf 82' lang='lat' dir='ltr'><strong>ﬁliorum</strong></span> <span class='ocrx_word' id='word_1_793' title='bbox 3369 4391 3534 4429; x_wconf 76' lang='lat' dir='ltr'><strong>causa</strong></span> 
     </span>
    </p>
   </div>
   <div class='ocr_carea' id='block_1_107' title="bbox 1939 4467 3522 4544">
    <p class='ocr_par' dir='ltr' id='par_1_107' title="bbox 1939 4467 3522 4544">
     <span class='ocr_line' id='line_1_107' title="bbox 1939 4467 3522 4544; baseline 0.001 -24"><span class='ocrx_word' id='word_1_794' title='bbox 1939 4467 2002 4520; x_wconf 89' lang='lat' dir='ltr'><strong>iis</strong></span> <span class='ocrx_word' id='word_1_795' title='bbox 2027 4477 2219 4520; x_wconf 87' lang='lat' dir='ltr'><strong>tantum</strong></span> <span class='ocrx_word' id='word_1_796' title='bbox 2245 4467 2508 4544; x_wconf 71' lang='lat' dir='ltr'><strong>eligendus</strong></span> <span class='ocrx_word' id='word_1_797' title='bbox 2529 4484 2662 4534; x_wconf 86' lang='lat' dir='ltr'><strong>esse,</strong></span> <span class='ocrx_word' id='word_1_798' title='bbox 2690 4469 2778 4540; x_wconf 81' lang='lat' dir='ltr'><strong>qui</strong></span> <span class='ocrx_word' id='word_1_799' title='bbox 2801 4486 2853 4524; x_wconf 85' lang='lat' dir='ltr'><strong>se</strong></span> <span class='ocrx_word' id='word_1_800' title='bbox 2881 4470 3134 4523; x_wconf 75' lang='lat' dir='ltr'><strong>continere</strong></span> <span class='ocrx_word' id='word_1_801' title='bbox 3161 4485 3264 4523; x_wconf 83' lang='lat' dir='ltr'><strong>non</strong></span> <span class='ocrx_word' id='word_1_802' title='bbox 3293 4480 3522 4538; x_wconf 84' lang='lat' dir='ltr'><strong>possunt.</strong></span> 
     </span>
    </p>
   </div>
   <div class='ocr_carea' id='block_1_108' title="bbox 1942 4557 3526 4628">
    <p class='ocr_par' dir='ltr' id='par_1_108' title="bbox 1942 4557 3526 4628">
     <span class='ocr_line' id='line_1_108' title="bbox 1942 4557 3526 4628; baseline 0.004 -18"><span class='ocrx_word' id='word_1_803' title='bbox 1942 4557 2021 4611; x_wconf 90' lang='lat' dir='ltr'><strong>Illi</strong></span> <span class='ocrx_word' id='word_1_804' title='bbox 2051 4559 2243 4628; x_wconf 88' lang='lat' dir='ltr'><strong>quippe</strong></span> <span class='ocrx_word' id='word_1_805' title='bbox 2271 4558 2564 4612; x_wconf 88' lang='lat' dir='ltr'><strong>infirmitati</strong></span> <span class='ocrx_word' id='word_1_806' title='bbox 2586 4601 2600 4623; x_wconf 91' lang='lat'><strong>,</strong></span> <span class='ocrx_word' id='word_1_807' title='bbox 2631 4559 2734 4614; x_wconf 90' lang='lat' dir='ltr'><strong>hoc</strong></span> <span class='ocrx_word' id='word_1_808' title='bbox 2771 4569 2851 4614; x_wconf 89' lang='lat' dir='ltr'><strong>est</strong></span> <span class='ocrx_word' id='word_1_809' title='bbox 2871 4600 2887 4625; x_wconf 93' lang='lat'><strong>,</strong></span> <span class='ocrx_word' id='word_1_810' title='bbox 2919 4561 3314 4616; x_wconf 61' lang='lat' dir='ltr'><strong>incontinentia:</strong></span> <span class='ocrx_word' id='word_1_811' title='bbox 3357 4563 3526 4616; x_wconf 88' lang='lat' dir='ltr'><strong>voluit</strong></span> 
     </span>
    </p>
   </div>
   <div class='ocr_carea' id='block_1_109' title="bbox 1940 4649 3534 4724">
    <p class='ocr_par' dir='ltr' id='par_1_109' title="bbox 1940 4649 3534 4724">
     <span class='ocr_line' id='line_1_109' title="bbox 1940 4649 3534 4724; baseline 0.003 -20"><span class='ocrx_word' id='word_1_812' title='bbox 1940 4650 2230 4720; x_wconf 85' lang='lat' dir='ltr'><strong>Apostolus</strong></span> <span class='ocrx_word' id='word_1_813' title='bbox 2257 4649 2527 4706; x_wconf 83' lang='lat' dir='ltr'><strong>subveniri</strong></span> <span class='ocrx_word' id='word_1_814' title='bbox 2566 4650 2845 4707; x_wconf 90' lang='lat' dir='ltr'><strong>honestate</strong></span> <span class='ocrx_word' id='word_1_815' title='bbox 2882 4653 3204 4724; x_wconf 88' lang='lat' dir='ltr'><strong>nuptiarum.</strong></span> <span class='ocrx_word' id='word_1_816' title='bbox 3237 4653 3353 4708; x_wconf 89' lang='lat' dir='ltr'><strong>Non</strong></span> <span class='ocrx_word' id='word_1_817' title='bbox 3384 4655 3534 4709; x_wconf 87' lang='lat' dir='ltr'><strong>enim</strong></span> 
     </span>
    </p>
   </div>
   <div class='ocr_carea' id='block_1_110' title="bbox 1941 4741 3538 4813">
    <p class='ocr_par' dir='ltr' id='par_1_110' title="bbox 1941 4741 3538 4813">
     <span class='ocr_line' id='line_1_110' title="bbox 1941 4741 3538 4813; baseline 0.002 -19"><span class='ocrx_word' id='word_1_818' title='bbox 1941 4742 2044 4806; x_wconf 86' lang='lat' dir='ltr'><strong>ait,</strong></span> <span class='ocrx_word' id='word_1_819' title='bbox 2089 4741 2147 4796; x_wconf 72' lang='lat' dir='ltr'><strong>Si</strong></span> <span class='ocrx_word' id='word_1_820' title='bbox 2189 4741 2324 4796; x_wconf 83' lang='lat' dir='ltr'><strong>ﬁlios</strong></span> <span class='ocrx_word' id='word_1_821' title='bbox 2380 4758 2483 4796; x_wconf 89' lang='lat' dir='ltr'><strong>non</strong></span> <span class='ocrx_word' id='word_1_822' title='bbox 2538 4743 2730 4812; x_wconf 92' lang='lat' dir='ltr'><strong>habet,</strong></span> <span class='ocrx_word' id='word_1_823' title='bbox 2781 4744 2976 4810; x_wconf 88' lang='lat' dir='ltr'><strong>nubat;</strong></span> <span class='ocrx_word' id='word_1_824' title='bbox 3032 4745 3162 4813; x_wconf 88' lang='lat' dir='ltr'><strong>sed,</strong></span> <span class='ocrx_word' id='word_1_825' title='bbox 3216 4745 3278 4800; x_wconf 90' lang='lat' dir='ltr'><strong>Si</strong></span> <span class='ocrx_word' id='word_1_826' title='bbox 3324 4761 3378 4798; x_wconf 86' lang='lat' dir='ltr'><strong>se</strong></span> <span class='ocrx_word' id='word_1_827' title='bbox 3430 4761 3538 4797; x_wconf 81' lang='lat' dir='ltr'><strong>non</strong></span> 
     </span>
    </p>
   </div>
   <div class='ocr_carea' id='block_1_111' title="bbox 1941 4832 3532 4915">
    <p class='ocr_par' dir='ltr' id='par_1_111' title="bbox 1941 4832 3532 4915">
     <span class='ocr_line' id='line_1_111' title="bbox 1941 4832 3532 4915; baseline 0 -29"><span class='ocrx_word' id='word_1_828' title='bbox 1941 4834 2197 4915; x_wconf 67' lang='lat' dir='ltr'><strong>continet,</strong></span> <span class='ocrx_word' id='word_1_829' title='bbox 2247 4832 2400 4886; x_wconf 85' lang='lat' dir='ltr'><strong>nubat</strong></span> <span class='ocrx_word' id='word_1_830' title='bbox 2452 4833 2507 4902; x_wconf 88' lang='grc' dir='ltr'><strong>(Ι</strong></span> <span class='ocrx_word' id='word_1_831' title='bbox 2553 4833 2674 4890; x_wconf 87' lang='lat' dir='ltr'><strong>Cor.</strong></span> <span class='ocrx_word' id='word_1_832' title='bbox 2721 4851 2824 4900; x_wconf 88' lang='lat' dir='ltr'><strong>vn,</strong></span> <span class='ocrx_word' id='word_1_833' title='bbox 2876 4833 2966 4907; x_wconf 85' lang='lat'><strong>9).</strong></span> <span class='ocrx_word' id='word_1_834' title='bbox 3016 4835 3268 4890; x_wconf 87' lang='lat' dir='ltr'><strong>Filiorum</strong></span> <span class='ocrx_word' id='word_1_835' title='bbox 3317 4834 3532 4904; x_wconf 89' lang='lat' dir='ltr'><strong>quidem</strong></span> 
     </span>
    </p>
   </div>
   <div class='ocr_carea' id='block_1_112' title="bbox 1942 4925 3534 4997">
    <p class='ocr_par' dir='ltr' id='par_1_112' title="bbox 1942 4925 3534 4997">
     <span class='ocr_line' id='line_1_112' title="bbox 1942 4925 3534 4997; baseline 0.001 -19"><span class='ocrx_word' id='word_1_836' title='bbox 1942 4925 2232 4996; x_wconf 80' lang='lat' dir='ltr'><strong>propagine</strong></span> <span class='ocrx_word' id='word_1_837' title='bbox 2270 4936 2644 4996; x_wconf 88' lang='lat' dir='ltr'><strong>compensatur</strong></span> <span class='ocrx_word' id='word_1_838' title='bbox 2685 4927 2826 4997; x_wconf 81' lang='lat' dir='ltr'><strong>quod</strong></span> <span class='ocrx_word' id='word_1_839' title='bbox 2857 4927 3250 4982; x_wconf 71' lang='lat' dir='ltr'><strong>incontinentia:</strong></span> <span class='ocrx_word' id='word_1_840' title='bbox 3281 4925 3534 4980; x_wconf 79' lang='lat' dir='ltr'><strong>nubendo</strong></span> 
     </span>
    </p>
   </div>
   <div class='ocr_carea' id='block_1_113' title="bbox 1943 5017 3529 5088">
    <p class='ocr_par' dir='ltr' id='par_1_113' title="bbox 1943 5017 3529 5088">
     <span class='ocr_line' id='line_1_113' title="bbox 1943 5017 3529 5088; baseline -0.003 -16"><span class='ocrx_word' id='word_1_841' title='bbox 1943 5018 2166 5072; x_wconf 88' lang='lat' dir='ltr'><strong>ceditur.</strong></span> <span class='ocrx_word' id='word_1_842' title='bbox 2200 5017 2332 5072; x_wconf 87' lang='lat' dir='ltr'><strong>Nam</strong></span> <span class='ocrx_word' id='word_1_843' title='bbox 2363 5019 2540 5088; x_wconf 88' lang='lat' dir='ltr'><strong>utique</strong></span> <span class='ocrx_word' id='word_1_844' title='bbox 2567 5018 2948 5074; x_wconf 89' lang='lat' dir='ltr'><strong>incontinentia</strong></span> <span class='ocrx_word' id='word_1_845' title='bbox 2979 5019 3156 5074; x_wconf 89' lang='lat' dir='ltr'><strong>vitium</strong></span> <span class='ocrx_word' id='word_1_846' title='bbox 3193 5028 3304 5082; x_wconf 91' lang='lat' dir='ltr'><strong>cst,</strong></span> <span class='ocrx_word' id='word_1_847' title='bbox 3341 5017 3529 5084; x_wconf 89' lang='lat' dir='ltr'><strong>conju-</strong></span> 
     </span>
    </p>
   </div>
   <div class='ocr_carea' id='block_1_114' title="bbox 1942 5106 3530 5177">
    <p class='ocr_par' dir='ltr' id='par_1_114' title="bbox 1942 5106 3530 5177">
     <span class='ocr_line' id='line_1_114' title="bbox 1942 5106 3530 5177; baseline -0.002 -15"><span class='ocrx_word' id='word_1_848' title='bbox 1942 5110 2085 5177; x_wconf 85' lang='lat' dir='ltr'><strong>gium</strong></span> <span class='ocrx_word' id='word_1_849' title='bbox 2114 5119 2288 5164; x_wconf 89' lang='lat' dir='ltr'><strong>autem</strong></span> <span class='ocrx_word' id='word_1_850' title='bbox 2335 5125 2440 5163; x_wconf 87' lang='lat' dir='ltr'><strong>non</strong></span> <span class='ocrx_word' id='word_1_851' title='bbox 2468 5119 2550 5166; x_wconf 88' lang='lat' dir='ltr'><strong>est</strong></span> <span class='ocrx_word' id='word_1_852' title='bbox 2591 5110 2808 5175; x_wconf 88' lang='lat' dir='ltr'><strong>vitium;</strong></span> <span class='ocrx_word' id='word_1_853' title='bbox 2840 5119 2894 5164; x_wconf 89' lang='lat' dir='ltr'><strong>et</strong></span> <span class='ocrx_word' id='word_1_854' title='bbox 2923 5110 3044 5164; x_wconf 90' lang='lat' dir='ltr'><strong>ideo</strong></span> <span class='ocrx_word' id='word_1_855' title='bbox 3072 5109 3129 5161; x_wconf 89' lang='lat' dir='ltr'><strong>fit</strong></span> <span class='ocrx_word' id='word_1_856' title='bbox 3159 5123 3252 5176; x_wconf 89' lang='lat' dir='ltr'><strong>per</strong></span> <span class='ocrx_word' id='word_1_857' title='bbox 3280 5106 3382 5160; x_wconf 90' lang='lat' dir='ltr'><strong>hoc</strong></span> <span class='ocrx_word' id='word_1_858' title='bbox 3429 5107 3530 5160; x_wconf 86' lang='lat' dir='ltr'><strong>bo-</strong></span> 
     </span>
    </p>
   </div>
   <div class='ocr_carea' id='block_1_115' title="bbox 1945 5181 3532 5268">
    <p class='ocr_par' dir='ltr' id='par_1_115' title="bbox 1945 5181 3532 5268">
     <span class='ocr_line' id='line_1_115' title="bbox 1945 5181 3532 5268; baseline -0.001 -14"><span class='ocrx_word' id='word_1_859' title='bbox 1945 5215 2102 5264; x_wconf 90' lang='lat' dir='ltr'><strong>num,</strong></span> <span class='ocrx_word' id='word_1_860' title='bbox 2153 5181 2210 5254; x_wconf 83' lang='lat' dir='ltr'><strong>ut</strong></span> <span class='ocrx_word' id='word_1_861' title='bbox 2261 5199 2388 5255; x_wconf 88' lang='lat' dir='ltr'><strong>illud</strong></span> <span class='ocrx_word' id='word_1_862' title='bbox 2442 5202 2648 5256; x_wconf 88' lang='lat' dir='ltr'><strong>veniale</strong></span> <span class='ocrx_word' id='word_1_863' title='bbox 2687 5203 2757 5256; x_wconf 88' lang='lat' dir='ltr'><strong>sit</strong></span> <span class='ocrx_word' id='word_1_864' title='bbox 2805 5198 3024 5254; x_wconf 89' lang='lat' dir='ltr'><strong>malum.</strong></span> <span class='ocrx_word' id='word_1_865' title='bbox 3069 5197 3202 5252; x_wconf 90' lang='lat' dir='ltr'><strong>Cum</strong></span> <span class='ocrx_word' id='word_1_866' title='bbox 3246 5197 3355 5250; x_wconf 80' lang='lat' dir='ltr'><strong>sint</strong></span> <span class='ocrx_word' id='word_1_867' title='bbox 3401 5211 3532 5268; x_wconf 84' lang='lat' dir='ltr'><strong>ergo</strong></span> 
     </span>
    </p>
   </div>
   <div class='ocr_carea' id='block_1_116' title="bbox 1946 5289 3534 5364">
    <p class='ocr_par' dir='ltr' id='par_1_116' title="bbox 1946 5289 3534 5364">
     <span class='ocr_line' id='line_1_116' title="bbox 1946 5289 3534 5364; baseline -0.001 -16"><span class='ocrx_word' id='word_1_868' title='bbox 1946 5294 2142 5362; x_wconf 75' lang='lat' dir='ltr'><strong>nuptiae</strong></span> <span class='ocrx_word' id='word_1_869' title='bbox 2170 5309 2326 5348; x_wconf 71' lang='lat' dir='ltr'><strong>causa</strong></span> <span class='ocrx_word' id='word_1_870' title='bbox 2351 5293 2638 5364; x_wconf 79' lang='lat' dir='ltr'><strong>generandi</strong></span> <span class='ocrx_word' id='word_1_871' title='bbox 2669 5294 2955 5355; x_wconf 66' lang='lat' dir='ltr'><strong>institutae,</strong></span> <span class='ocrx_word' id='word_1_872' title='bbox 2988 5304 3052 5343; x_wconf 89' lang='lat' dir='ltr'><strong>ea</strong></span> <span class='ocrx_word' id='word_1_873' title='bbox 3089 5303 3248 5344; x_wconf 86' lang='lat' dir='ltr'><strong>causa</strong></span> <span class='ocrx_word' id='word_1_874' title='bbox 3277 5289 3472 5344; x_wconf 88' lang='lat' dir='ltr'><strong>fiebant</strong></span> <span class='ocrx_word' id='word_1_875' title='bbox 3500 5307 3534 5347; x_wconf 88' lang='lat' dir='ltr'><strong>a</strong></span> 
     </span>
    </p>
   </div>
   <div class='ocr_carea' id='block_1_117' title="bbox 1948 5378 3532 5454">
    <p class='ocr_par' dir='ltr' id='par_1_117' title="bbox 1948 5378 3532 5454">
     <span class='ocr_line' id='line_1_117' title="bbox 1948 5378 3532 5454; baseline -0.003 -14"><span class='ocrx_word' id='word_1_876' title='bbox 1948 5385 2222 5449; x_wconf 79' lang='lat' dir='ltr'><strong>Pati-ibus,</strong></span> <span class='ocrx_word' id='word_1_877' title='bbox 2253 5384 2342 5454; x_wconf 89' lang='lat' dir='ltr'><strong>qui</strong></span> <span class='ocrx_word' id='word_1_878' title='bbox 2370 5393 2572 5438; x_wconf 86' lang='lat' dir='ltr'><strong>tantum</strong></span> <span class='ocrx_word' id='word_1_879' title='bbox 2617 5384 2792 5438; x_wconf 87' lang='lat' dir='ltr'><strong>oflicio</strong></span> <span class='ocrx_word' id='word_1_880' title='bbox 2821 5379 3114 5450; x_wconf 83' lang='lat' dir='ltr'><strong>generandi</strong></span> <span class='ocrx_word' id='word_1_881' title='bbox 3153 5378 3368 5436; x_wconf 81' lang='lat' dir='ltr'><strong>feminis</strong></span> <span class='ocrx_word' id='word_1_882' title='bbox 3388 5423 3404 5449; x_wconf 96' lang='lat'><strong>,</strong></span> <span class='ocrx_word' id='word_1_883' title='bbox 3435 5379 3532 5437; x_wconf 86' lang='lat' dir='ltr'><strong>sed</strong></span> 
     </span>
    </p>
   </div>
   <div class='ocr_carea' id='block_1_118' title="bbox 1949 5473 3536 5546">
    <p class='ocr_par' dir='ltr' id='par_1_118' title="bbox 1949 5473 3536 5546">
     <span class='ocr_line' id='line_1_118' title="bbox 1949 5473 3536 5546; baseline 0 -16"><span class='ocrx_word' id='word_1_884' title='bbox 1949 5492 2053 5530; x_wconf 85' lang='lat' dir='ltr'><strong>non</strong></span> <span class='ocrx_word' id='word_1_885' title='bbox 2099 5478 2299 5541; x_wconf 86' lang='lat' dir='ltr'><strong>illicite,</strong></span> <span class='ocrx_word' id='word_1_886' title='bbox 2326 5479 2702 5534; x_wconf 87' lang='lat' dir='ltr'><strong>miscebantur.</strong></span> <span class='ocrx_word' id='word_1_887' title='bbox 2752 5474 2882 5529; x_wconf 86' lang='lat' dir='ltr'><strong>Erat</strong></span> <span class='ocrx_word' id='word_1_888' title='bbox 2920 5473 3064 5528; x_wconf 87' lang='lat' dir='ltr'><strong>enim</strong></span> <span class='ocrx_word' id='word_1_889' title='bbox 3114 5482 3241 5529; x_wconf 86' lang='lat' dir='ltr'><strong>tunc</strong></span> <span class='ocrx_word' id='word_1_890' title='bbox 3283 5475 3536 5546; x_wconf 68' lang='lat' dir='ltr'><strong>quietiam</strong></span> 
     </span>
    </p>
   </div>
   <div class='ocr_carea' id='block_1_119' title="bbox 1951 5567 3535 5638">
    <p class='ocr_par' dir='ltr' id='par_1_119' title="bbox 1951 5567 3535 5638">
     <span class='ocr_line' id='line_1_119' title="bbox 1951 5567 3535 5638; baseline 0 -18"><span class='ocrx_word' id='word_1_891' title='bbox 1951 5568 2270 5638; x_wconf 83' lang='lat' dir='ltr'><strong>propagandi</strong></span> <span class='ocrx_word' id='word_1_892' title='bbox 2301 5569 2588 5620; x_wconf 87' lang='lat' dir='ltr'><strong>necessitas</strong></span> <span class='ocrx_word' id='word_1_893' title='bbox 2613 5607 2626 5629; x_wconf 93' lang='lat'><strong>,</strong></span> <span class='ocrx_word' id='word_1_894' title='bbox 2657 5581 2774 5634; x_wconf 74' lang='lat' dir='ltr'><strong>qua:</strong></span> <span class='ocrx_word' id='word_1_895' title='bbox 2804 5579 2948 5619; x_wconf 90' lang='lat' dir='ltr'><strong>nunc</strong></span> <span class='ocrx_word' id='word_1_896' title='bbox 2982 5581 3088 5620; x_wconf 90' lang='lat' dir='ltr'><strong>non</strong></span> <span class='ocrx_word' id='word_1_897' title='bbox 3126 5574 3207 5621; x_wconf 89' lang='lat' dir='ltr'><strong>est</strong></span> <span class='ocrx_word' id='word_1_898' title='bbox 3234 5585 3247 5621; x_wconf 91' lang='lat'>:</span> <span class='ocrx_word' id='word_1_899' title='bbox 3280 5567 3535 5636; x_wconf 88' lang='lat' dir='ltr'><strong>quoniam</strong></span> 
     </span>
    </p>
   </div>
   <div class='ocr_carea' id='block_1_120' title="bbox 1951 5657 3537 5730">
    <p class='ocr_par' dir='ltr' id='par_1_120' title="bbox 1951 5657 3537 5730">
     <span class='ocr_line' id='line_1_120' title="bbox 1951 5657 3537 5730; baseline -0.001 -16"><span class='ocrx_word' id='word_1_900' title='bbox 1951 5671 2142 5730; x_wconf 78' lang='lat' dir='ltr'><strong>tempus</strong></span> <span class='ocrx_word' id='word_1_901' title='bbox 2181 5658 2546 5729; x_wconf 72' lang='lat' dir='ltr'><strong>arraplecteudi,</strong></span> <span class='ocrx_word' id='word_1_902' title='bbox 2575 5657 2711 5712; x_wconf 82' lang='lat' dir='ltr'><strong>sicut</strong></span> <span class='ocrx_word' id='word_1_903' title='bbox 2736 5658 2990 5728; x_wconf 87' lang='lat' dir='ltr'><strong>scriptum</strong></span> <span class='ocrx_word' id='word_1_904' title='bbox 3017 5669 3098 5714; x_wconf 89' lang='lat' dir='ltr'><strong>est</strong></span> <span class='ocrx_word' id='word_1_905' title='bbox 3121 5700 3136 5724; x_wconf 92' lang='lat'><strong>,</strong></span> <span class='ocrx_word' id='word_1_906' title='bbox 3169 5659 3311 5730; x_wconf 89' lang='lat' dir='ltr'><strong>quod</strong></span> <span class='ocrx_word' id='word_1_907' title='bbox 3355 5659 3537 5729; x_wconf 79' lang='lat' dir='ltr'><strong>utique</strong></span> 
     </span>
    </p>
   </div>
   <div class='ocr_carea' id='block_1_121' title="bbox 1951 5743 3532 5824">
    <p class='ocr_par' dir='ltr' id='par_1_121' title="bbox 1951 5743 3532 5824">
     <span class='ocr_line' id='line_1_121' title="bbox 1951 5743 3532 5824; baseline -0.003 -18"><span class='ocrx_word' id='word_1_908' title='bbox 1951 5763 2074 5806; x_wconf 85' lang='lat' dir='ltr'><strong>tuuc</strong></span> <span class='ocrx_word' id='word_1_909' title='bbox 2094 5751 2215 5812; x_wconf 86' lang='lat' dir='ltr'><strong>fuit;</strong></span> <span class='ocrx_word' id='word_1_910' title='bbox 2239 5760 2285 5802; x_wconf 88' lang='lat' dir='ltr'><strong>et</strong></span> <span class='ocrx_word' id='word_1_911' title='bbox 2304 5759 2494 5818; x_wconf 84' lang='lat' dir='ltr'><strong>tempus</strong></span> <span class='ocrx_word' id='word_1_912' title='bbox 2511 5749 2796 5802; x_wconf 85' lang='lat' dir='ltr'><strong>continendi</strong></span> <span class='ocrx_word' id='word_1_913' title='bbox 2812 5748 2873 5804; x_wconf 88' lang='lat' dir='ltr'><strong>ab</strong></span> <span class='ocrx_word' id='word_1_914' title='bbox 2890 5751 3124 5822; x_wconf 80' lang='lat' dir='ltr'><strong>amplexu</strong></span> <span class='ocrx_word' id='word_1_915' title='bbox 3147 5749 3340 5824; x_wconf 57' lang='lat' dir='ltr'><strong>\Eccle.</strong></span> <span class='ocrx_word' id='word_1_916' title='bbox 3355 5763 3432 5815; x_wconf 84' lang='lat' dir='ltr'><strong>tu,</strong></span> <span class='ocrx_word' id='word_1_917' title='bbox 3451 5743 3532 5818; x_wconf 81' lang='grc'><strong>5),</strong></span> 
     </span>
    </p>
   </div>
   <div class='ocr_carea' id='block_1_122' title="bbox 2019 5858 3136 5927">
    <p class='ocr_par' dir='ltr' id='par_1_122' title="bbox 2019 5858 3136 5927">
     <span class='ocr_line' id='line_1_122' title="bbox 2019 5858 3136 5927; baseline 0.004 -17"><span class='ocrx_word' id='word_1_918' title='bbox 2019 5867 2032 5894; x_wconf 79' lang='grc'>²</span> <span class='ocrx_word' id='word_1_919' title='bbox 2072 5869 2198 5920; x_wconf 84' lang='lat' dir='ltr'><strong>Lev.,</strong></span> <span class='ocrx_word' id='word_1_920' title='bbox 2228 5866 2306 5910; x_wconf 68' lang='grc' dir='ltr'>(τινι</span> <span class='ocrx_word' id='word_1_921' title='bbox 2336 5858 2451 5910; x_wconf 83' lang='lat' dir='ltr'><strong>riro.</strong></span> <span class='ocrx_word' id='word_1_922' title='bbox 2476 5863 2644 5913; x_wconf 68' lang='lat' dir='ltr'><strong>ueteri</strong></span> <span class='ocrx_word' id='word_1_923' title='bbox 2669 5865 2884 5927; x_wconf 83' lang='lat' dir='ltr'><strong>codices,</strong></span> <span class='ocrx_word' id='word_1_924' title='bbox 2904 5869 2987 5916; x_wconf 85' lang='lat' dir='ltr'><strong>aut</strong></span> <span class='ocrx_word' id='word_1_925' title='bbox 3009 5876 3136 5917; x_wconf 80' lang='lat' dir='ltr'><strong>vero.</strong></span> 
     </span>
    </p>
   </div>
  </div>
