4070 6334
449 369 555 433 179

448 482 595 555 Quod
623 493 767 538 nunc
805 484 909 535 est.
957 476 1035 533 De
1059 489 1166 547 quo
1207 481 1446 543 tempore
1488 468 1772 539 Apostolus
1809 467 2035 536 loquens

450 574 524 629 ait
549 593 564 629 :
596 571 674 627 De
698 580 899 636 cetera,
928 568 1133 639 fratres,
1165 574 1357 634 tempus
1385 563 1524 616 breve
1549 570 1619 614 est
1639 574 1661 622 ;
1687 558 1931 627 reliquum
1958 564 2031 611 est

451 673 506 717 ut
545 672 592 717 et
634 661 720 732 qui
764 658 947 714 habent
990 673 1193 723 uxores,
1240 665 1476 722 tanquam
1520 669 1618 705 non
1661 650 1896 704 habentes
1936 649 2037 701 sint

454 755 499 826 (1
531 754 651 809 Cor.
681 769 782 818 vn,
812 750 928 821 29).
956 748 1108 805 Unde
1154 760 1297 801 nunc
1336 743 1631 799 rectissime
1666 741 1888 806 dicitur,
1938 739 2036 804 Qui

456 855 617 920 potest
645 861 858 915 capere,
885 842 1055 912 capiat
1089 839 1298 912 (Matth.
1332 854 1423 892 x1x
1443 879 1458 904 ,
1494 834 1581 908 12)
1612 854 1623 890 :
1659 836 1747 905 qui
1775 842 1950 888 autem
1980 847 2039 887 se

456 953 563 993 non
611 935 868 999 continet,
915 932 1098 987 nubat.
1149 929 1299 984 Tune
1341 943 1467 999 ergo
1506 927 1665 982 etiam
1714 923 2037 980 continentia

455 1036 674 1099 propter
699 1023 1129 1097 propagationem
1159 1019 1385 1074 ﬁliorum
1417 1008 1468 1072 in
1498 1018 1707 1088 nuptias
1745 1013 2040 1071 descende-

455 1122 547 1176 bat
570 1118 748 1173 ofﬁcio
779 1118 794 1148 ³
822 1135 837 1171 :
864 1129 1002 1169 nunc
1037 1121 1213 1166 autem
1245 1110 1508 1164 vinculum
1550 1106 1784 1177 nuptiale
1816 1105 2041 1159 inconti-

458 1212 654 1268 nentiae
679 1210 921 1267 subvenit
944 1207 1099 1272 vitio;
1130 1214 1186 1260 ut
1212 1204 1279 1258 ab
1303 1204 1382 1259 eis
1409 1204 1496 1273 qui
1524 1217 1581 1257 se
1610 1217 1714 1256 non
1745 1201 2039 1265 continent,

460 1318 567 1357 non
594 1317 691 1372 per
716 1298 1092 1369 turpitudinem
1120 1305 1445 1365 stuprorum,
1470 1292 1563 1349 sed
1592 1310 1687 1364 per
1706 1293 2040 1347 honestatem

459 1391 830 1461 conjugiorum
851 1431 866 1456 ,
899 1388 989 1441 ﬁat
1025 1386 1331 1458 propagatio
1360 1384 1609 1439 ﬁliorum.
1640 1383 1748 1438 Cur
1775 1397 1902 1451 ergo
1937 1395 2045 1435 non

457 1482 592 1536 dixit
606 1479 908 1551 Apostolus,
926 1478 980 1534 Si
1003 1478 1141 1533 ﬁlios
1163 1492 1267 1532 non
1284 1476 1461 1542 habet,
1478 1474 1676 1529 nubat?
1695 1472 1825 1540 Quia
1846 1473 2048 1528 scilicet

460 1570 565 1626 hoc
591 1579 833 1640 tempore
861 1569 1168 1625 continendi
1194 1567 1260 1622 ab
1284 1566 1551 1635 amplexu,
1584 1580 1689 1620 non
1716 1573 1796 1619 est
1824 1578 2045 1618 necesse

462 1661 600 1718 ﬁlios
636 1676 948 1733 propagare.
976 1660 1043 1714 Et
1068 1674 1233 1729 quare
1274 1656 1434 1722 dixit,
1465 1654 1527 1711 Si
1569 1671 1622 1708 se
1663 1670 1762 1706 non
1806 1658 2042 1717 continet,

462 1753 661 1807 nubat?
706 1752 898 1821 Utique
950 1760 1252 1821 propterea,
1298 1763 1365 1802 ne
1413 1763 1506 1817 per
1549 1742 1981 1799 incontinentiam
2025 1746 2046 1775 ¹

462 1852 683 1915 cogatur
712 1843 1033 1897 adulterare.
1067 1840 1125 1897 Si
1164 1855 1292 1911 ergo
1322 1854 1381 1895 se
1408 1839 1677 1899 continet,
1707 1852 1806 1892 nec
1843 1835 2007 1890 nubat
2029 1843 2057 1902 ,’

464 1949 566 1990 nec
587 1943 825 2004 generet.
853 1933 907 1989 Si
934 1942 1111 1988 autem
1141 1947 1202 1987 se
1245 1946 1350 1986 non
1376 1931 1647 1995 continet,
1679 1928 1820 1983 licite
1846 1927 2009 1982 nubat
2031 1968 2046 1991 ,

464 2041 533 2082 ne
562 2026 786 2095 turpiter
829 2035 1067 2096 generet,
1108 2033 1203 2079 aut
1248 2024 1453 2092 turpius
1496 2020 1901 2078 concumbendo
1942 2036 2048 2074 non

461 2126 700 2189 generet.
732 2119 1044 2188 Quanquam
1071 2117 1173 2172 hoc
1196 2116 1337 2186 quod
1363 2116 1604 2170 ultimum
1633 2115 1776 2182 dixi,
1809 2115 2047 2168 nonnulli

464 2205 661 2262 faciant
694 2208 852 2261 etiam
880 2207 1022 2261 licite
1048 2205 1333 2275 conjugati.
1372 2204 1557 2260 lllicite
1587 2219 1813 2275 namque
1855 2212 1909 2259 et
1936 2213 2047 2258 tur-

465 2298 606 2367 piter
650 2297 808 2353 etiam
855 2313 975 2352 cum
1023 2296 1257 2368 legitima
1304 2312 1469 2352 uxore
1512 2297 1917 2360 concmnbitur,
1961 2296 2049 2350 ubi

472 2389 635 2458 prolis
676 2390 954 2458 conceptio
981 2389 1268 2445 devitatur.
1298 2389 1450 2456 Quod
1481 2388 1708 2444 faciebat
1729 2390 1880 2444 Onan
1915 2388 2052 2443 ﬁlius

469 2479 643 2545 Judzc,
670 2489 724 2534 et
743 2479 933 2535 occidit
956 2480 1104 2535 illum
1127 2490 1341 2550 propter
1362 2481 1461 2535 hoc
1482 2481 1621 2535 Deus
1645 2480 1794 2553 (Gen.
1821 2486 2049 2548 xxxviii,

468 2569 646 2638 8-10).
677 2570 993 2641 Propagatio
1031 2572 1206 2640 itaque
1236 2571 1470 2626 liliorum
1490 2613 1505 2637 ,
1536 2571 1646 2641 ipsa
1689 2580 1771 2626 est
1800 2571 1970 2640 prima
1999 2581 2054 2626 et

468 2659 729 2714 naturalis
753 2668 807 2721 et
832 2660 1061 2730 legitima
1086 2675 1244 2715 causa
1269 2661 1569 2731 nuptiarum
1596 2678 1611 2714 :
1637 2676 1701 2715 ac
1723 2676 1816 2731 per
1840 2660 1942 2715 hoc
1961 2659 2052 2730 qui

470 2757 689 2819 propter
717 2750 1151 2805 incontinentiam
1178 2752 1535 2824 conjugantur
1556 2791 1573 2819 ,
1604 2766 1710 2807 non
1750 2751 1829 2807 sic
1856 2751 2055 2807 debent

460 2851 773 2912 temperare
799 2843 999 2897 malum
1039 2858 1193 2898 suum
1212 2884 1228 2911 ,
1261 2853 1319 2899 ut
1348 2845 1542 2899 bonum
1572 2844 1929 2900 extermincnt
1956 2859 2054 2898 nu-

471 2932 720 3004 ptiarum,
752 2933 804 2989 id
834 2942 934 3000 est,
964 2936 1307 3007 prepaginem
1335 2936 1583 2991 ﬁliorum.
1614 2938 1689 2992 De
1718 2938 2054 2993 incontinen-

473 3022 615 3078 tibus
656 3023 850 3094 quippe
889 3025 1205 3094 loquebatur
1251 3027 1574 3096 Apostolus,
1619 3028 1709 3082 ubi
1755 3028 1872 3083 ait:
1931 3027 2057 3083 Volo

471 3114 629 3187 igitur
642 3116 872 3186 juniores
901 3116 1114 3183 nubere,
1146 3118 1279 3186 ﬁlios
1311 3134 1600 3187 procreare,
1642 3120 2056 3190 matresfamilias

472 3221 599 3271 esse,
630 3207 822 3260 nullam
850 3208 1161 3262 occasionem
1184 3208 1308 3263 dare
1335 3210 1624 3265 adversario
1653 3211 1907 3265 maledicti
1932 3228 2057 3283 gra-

475 3296 567 3350 tia.
604 3295 726 3349 Jan:
767 3298 900 3350 enim
927 3313 1178 3352 conversa:
1215 3298 1446 3369 qutcdam
1474 3310 1589 3354 sunt
1626 3310 1757 3354 retro
1785 3311 1896 3370 post
1922 3311 2059 3356 sata-

476 3403 595 3441 nam
624 3386 668 3456 (I
699 3386 829 3441 Tim.
855 3404 914 3453 v,
950 3388 1017 3441 14
1034 3396 1079 3441 et
1103 3388 1215 3458 15).
1252 3388 1385 3443 Cum
1426 3390 1602 3461 itaque
1646 3390 1874 3458 dicebat,
1934 3391 2058 3445 Volo

465 3478 700 3548 juniores
728 3478 949 3543 nubere;
978 3478 1081 3533 hoc
1108 3480 1289 3549 utique
1315 3481 1563 3536 monebat
1592 3493 1810 3551 propter
1848 3482 2056 3537 ruinam

476 3566 872 3624 incontinentite
912 3569 1249 3625 iniciendam.
1289 3570 1393 3625 Sed
1433 3586 1499 3625 ne
1543 3572 1676 3626 forte
1715 3573 1782 3627 ab
1819 3574 1900 3627 eis
1945 3573 2055 3626 sola

476 3659 706 3713 carnalis
740 3660 1185 3729 concupiscentia:
1232 3661 1552 3733 cogitaretur
1596 3664 1914 3728 inﬁrmitas,
1972 3665 2058 3743 cui

478 3750 845 3804 tantummodo
878 3760 1021 3806 esset
1060 3766 1221 3822 opere
1261 3754 1508 3808 connubii
1552 3754 1913 3823 serviendum,
1956 3774 2059 3812 nu-

480 3841 708 3909 ptiarum
750 3850 928 3896 autem
966 3843 1050 3898 vel
1098 3853 1528 3901 contemneretur
1573 3848 1654 3903 vel
1705 3850 2061 3920 negligerctur

478 3930 709 3998 bonum;
731 3933 983 3988 continuo
1002 3934 1294 4005 subjunxit,
1322 3937 1457 4005 ﬁlios
1486 3955 1769 4008 procreare,
1799 3948 2062 4015 matresfa-

477 4020 644 4076 milias
669 4039 794 4077 esse.
820 4024 919 4089 Qui
946 4040 1072 4079 vero
1097 4025 1299 4095 eligunt
1322 4028 1625 4095 continere,
1658 4030 1853 4101 aliquid
1882 4033 2061 4103 utique

477 4112 670 4167 melius
697 4114 897 4183 eligunt
924 4130 1078 4185 quam
1107 4126 1189 4171 est
1216 4119 1517 4187 nuptiarum
1548 4121 1742 4175 bonum
1765 4164 1780 4189 ,
1813 4123 1916 4179 hoc
1942 4135 2057 4191 est,

477 4201 751 4269 generatio
796 4201 1044 4257 ﬁliorum.
1087 4204 1239 4260 Unde
1281 4206 1324 4260 si
1363 4207 1573 4277 eligitur
1612 4212 1958 4277 continentia,
2004 4226 2061 4269 ut

478 4288 621 4344 bono
665 4293 968 4362 nuptiarum
1006 4295 1198 4351 melius
1232 4296 1428 4367 aliquid
1477 4311 1815 4369 capessatur;
1864 4316 2061 4374 quanto

479 4380 657 4450 potius
684 4382 1027 4439 custodienda
1054 4394 1154 4449 est,
1184 4395 1242 4441 ut
1269 4387 1585 4445 adulterium
1614 4397 1903 4450 caveatur?
1928 4398 2059 4453 Cum

479 4471 622 4526 enim
667 4473 889 4529 dixisset
930 4476 1244 4546 Apostolus,
1293 4479 1443 4544 Quod
1483 4482 1527 4535 si
1572 4499 1625 4537 se
1667 4501 1766 4539 non
1818 4488 2058 4555 continet,

481 4561 684 4616 nubat:
731 4562 917 4620 Melius
959 4575 1033 4621 est
1077 4569 1209 4622 enim
1233 4610 1249 4636 ,
1298 4570 1500 4641 inquit,
1548 4574 1730 4630 nubere
1770 4566 1930 4649 quam
1981 4581 2063 4633 uri

480 4652 525 4723 (Ι
551 4651 669 4709 Cor.
701 4670 811 4725 vn,
840 4658 917 4727 9).
949 4657 1065 4714 Non
1094 4659 1263 4728 dixit,
1293 4662 1480 4719 Melius
1508 4675 1591 4721 est
1618 4668 1875 4724 mcechari
1903 4686 2060 4742 quam

480 4757 586 4798 111³1.

554 4834 782 4894 CAPUT
809 4838 944 4894 XIII.
964 4843 1136 4897 -15.
1168 4843 1406 4902 Nolentes
1430 4850 1745 4905 reconciliari
1764 4854 2061 4926 conjugibus

482 4927 762 4993 adulteris,
793 4933 1149 4987 continentiam
1187 4938 1489 4993 custodiant.
1535 4939 1648 4996 Non
1685 4952 1770 4998 est
1810 4954 1966 5015 tgltur
1993 4947 2059 5001 ad

480 5018 624 5109 quod
654 5020 999 5079 exhortemur
1026 5039 1119 5081 eos
1152 5029 1240 5097 qui
1285 5032 1614 5088 reconciliari
1653 5036 1839 5091 timent
1872 5039 2062 5109 conju-

482 5106 636 5175 gibus
663 5111 914 5167 adulteris
944 5115 1250 5184 pmnitendo
1278 5122 1494 5189 sanatis,
1526 5123 1625 5179 nisi
1656 5126 1720 5180 ad
1759 5106 2062 5186 custodien-

483 5467 599 5523 sive
621 5479 766 5525 casta
792 5488 924 5528 uxor
945 5475 1060 5546 ejus
1084 5479 1232 5549 vivit,
1260 5486 1557 5543 mtechatur
1580 5490 1624 5545 si
1650 5492 1870 5549 alteram
1900 5496 2065 5553 duxe-

484 5647 940 5758 d.:mt.:crmauensis
977 5664 1083 5708 Mss.
1105 5694 1120 5720 ,
1176 5662 1227 5714 in
1267 5667 1543 5729 nuptiarum
1585 5672 1898 5727 descendebat
1962 5677 2065 5747 olli-

547 5772 568 5802 ι
599 5771 900 5827 Corbeiensis
921 5780 1095 5844 codex,
1120 5796 1178 5835 ne
1198 5795 1390 5851 propter
1415 5790 1815 5849 incontmrntiam.

1350 356 1437 413 DE
1472 352 1815 412 CONJUGIIS
1852 346 2326 418 ADULTERINIS,
2366 350 2407 408 S
2465 351 2835 410 AUGUSTINI

3627 357 3731 414 480

2142 463 2231 518 rit.
2263 463 2386 519 limo
2415 480 2641 537 namque
2675 465 2909 536 alligatio
2941 463 3154 537 quando
3178 467 3392 538 quidem
3431 484 3537 525 non
3566 472 3733 527 solvi-

2143 565 2259 621 tur,
2294 554 2499 611 etiamsi
2541 572 2638 626 per
2670 556 2946 626 repudium
2990 558 3399 628 conjuxacasto
3441 560 3670 631 conjuge
3711 565 3730 594 ⁸

2142 656 2454 716 separetur;
2509 647 2676 702 multo
2737 650 2911 728 minus
2955 649 3207 717 solvitur,
3248 652 3291 706 si
3334 668 3438 706 non
3483 662 3734 722 separata

2147 741 2465 796 mmchetur.
2488 742 2563 795 Ac
2586 756 2681 810 per
2704 740 2806 796 hoc
2831 756 2935 796 non
2957 757 3075 797 eam
3103 744 3280 810 solvit,
3305 744 3407 797 nisi
3434 760 3579 799 mors
3599 761 3740 799 con-

2141 831 2309 902 jugis,
2339 847 2445 886 non
2472 831 2524 885 in
2552 832 2868 887 adulterium
2898 835 3229 900 corruentis,
3260 835 3355 889 sed
3392 835 3459 890 de
3497 852 3738 905 corpore

2143 924 2404 980 exeuntis.
2434 923 2768 993 Quapropter
2794 925 2837 978 si
2868 927 3148 981 recesserit
3173 927 3363 983 mulier
3389 929 3459 983 ab
3486 928 3738 982 adultero

2144 1016 2293 1083 viro,
2321 1025 2375 1072 et
2400 1015 2449 1071 ei
2480 1016 2806 1070 reconciliari
2835 1034 2938 1071 non
2975 1019 3120 1083 vult,
3153 1027 3366 1073 maneat
3393 1021 3646 1089 innupta;
3681 1031 3737 1083 et

2148 1108 2191 1163 si
2218 1107 2481 1163 dimiserit
2505 1108 2587 1162 vir
2613 1108 2909 1163 adulteram
2938 1110 3237 1176 mulierem,
3265 1120 3318 1164 et
3342 1126 3458 1165 mm
3489 1127 3595 1165 non
3622 1112 3738 1165 vult

2147 1203 2388 1272 recipere
2430 1217 2530 1257 nec
2566 1210 2685 1271 post
2720 1203 3107 1272 ptenitentiam,
3150 1205 3413 1260 custodiat
3450 1207 3737 1260 continen-

2150 1292 2315 1346 tiam:
2366 1294 2467 1347 etsi
2513 1308 2618 1347 non
2659 1308 2723 1347 ex
2758 1294 3029 1350 voluntate
3067 1295 3291 1365 eligendi
3324 1296 3545 1366 potioris
3584 1296 3735 1360 boni,

2147 1391 2293 1439 certe
2323 1399 2387 1439 ex
2421 1384 2740 1441 necessitate
2765 1386 2961 1440 vitandi
3005 1387 3288 1456 perniciosi
3318 1389 3465 1441 mali.
3508 1388 3586 1442 Ad
3633 1387 3742 1443 hoc

2149 1475 2491 1541 exhortarer,
2522 1476 2727 1531 etiamsi
2754 1493 2889 1531 uxor
2917 1486 3060 1532 esset
3094 1477 3145 1531 in
3176 1478 3429 1548 languore
3459 1478 3743 1534 insanabili

2148 1577 2306 1638 atque
2326 1566 2593 1631 diuturno,
2617 1568 2823 1622 etiamsi
2846 1568 3036 1623 alicubi
3062 1577 3206 1624 esset
3222 1585 3447 1639 corpore
3468 1581 3742 1640 separata,

2149 1674 2255 1728 quo
2284 1658 2504 1715 maritus
2533 1673 2638 1713 non
2678 1667 2858 1728 posset
2899 1659 3190 1715 accedere:
3235 1669 3505 1731 postremo
3541 1662 3607 1716 ad
3637 1662 3749 1717 hoc

2150 1748 2485 1815 exhortarer,
2512 1749 2720 1803 etiamsi
2743 1750 2934 1804 mulier
2961 1750 3147 1805 volens
3171 1752 3348 1807 vivere
3377 1754 3742 1818 continenter,

2151 1839 2392 1908 quamvis
2430 1848 2612 1893 contra
2643 1837 2974 1909 disciplinam
3000 1881 3015 1905 ,
3055 1841 3174 1910 quia
3205 1858 3308 1896 non
3336 1858 3399 1897 ex
3428 1857 3695 1898 consensu
3726 1887 3742 1907 .

2152 1938 2330 1984 tamen
2371 1930 2618 2000 pudicum
2664 1932 2854 2001 pudica
2900 1932 3208 1988 dimitteret.
3243 1934 3377 1989 Puto
3411 1936 3553 1991 enim
3592 1936 3749 1991 chri-

2152 2020 2379 2073 stiannm
2410 2021 2672 2075 neminem
2714 2021 2997 2088 reluctari,
3029 2022 3328 2078 adulterum
3370 2040 3490 2080 esse
3530 2027 3620 2096 qui
3659 2028 3750 2082 vel

2152 2111 2243 2165 diu
2270 2110 2581 2180 languente,
2613 2112 2697 2167 vel
2723 2112 2811 2166 diu
2840 2112 3060 2168 absente
3089 2114 3172 2168 vel
3202 2116 3536 2170 continenter
3564 2118 3751 2173 vivere

2152 2201 2399 2271 cupiente
2426 2217 2518 2256 sua
2548 2194 2749 2268 uxore,
2766 2203 2919 2258 alteri
2949 2204 3269 2260 commixtus
3295 2216 3379 2261 est
3405 2207 3633 2261 femina}.
3656 2208 3752 2264 Sic

2155 2308 2283 2362 ergo
2328 2302 2383 2347 et
2424 2293 2642 2349 dimissa
2689 2294 2962 2361 adultera,
3002 2296 3211 2352 adulter
3251 2306 3335 2354 est
3369 2315 3490 2353 cum
3533 2301 3697 2356 altera
3729 2320 3745 2356 :

2154 2383 2403 2451 quoniam
2435 2397 2539 2437 non
2584 2383 2704 2447 ille,
2737 2394 2828 2437 aut
2871 2384 2996 2451 ille;
3039 2385 3133 2441 sed
3155 2428 3170 2452 ,
3205 2386 3383 2442 Omnis
3422 2391 3506 2459 qui
3535 2390 3751 2459 dimittit

2155 2488 2360 2525 uxorem
2380 2490 2545 2539 suam,
2565 2483 2609 2527 et
2630 2473 2766 2528 ducit
2788 2475 3020 2539 alteram,
3044 2478 3322 2531 mtecltatur
3339 2478 3488 2549 (Luc.
3506 2496 3610 2545 xvr,
3630 2481 3752 2553 18).

2155 2562 2487 2633 QuaprOpter
2512 2563 2556 2618 si
2586 2580 2614 2618 a
2643 2566 2906 2635 conjngali
2937 2566 3145 2622 vinculo
3170 2568 3423 2624 immunis
3450 2571 3624 2627 minus
3647 2586 3753 2643 ap-

2157 2656 2351 2726 petitur
2368 2655 2471 2709 vita
2488 2664 2814 2723 sanctorum,
2837 2656 3190 2714 exhorreatur
3203 2674 3362 2730 pinna
3378 2662 3712 2717 mtechorum
3733 2677 3753 2727 ;

2155 2755 2211 2802 et
2254 2746 2445 2801 timore
2486 2746 2673 2801 saltem
2705 2747 2940 2804 lrenetur
2985 2752 3438 2823 concupiscentia,
3481 2752 3527 2807 si
3562 2768 3757 2810 amore

2156 2852 2265 2893 non
2284 2838 2498 2908 eligitur
2519 2839 2863 2893 continentia.
2887 2839 2943 2895 Si
2966 2840 3108 2895 enim
3131 2842 3220 2897 ubi
3246 2851 3331 2897 est
3358 2844 3534 2910 timor,
3558 2861 3757 2917 opere-

2158 2939 2242 2984 tur
2261 2930 2443 2996 labor;
2469 2930 2557 2985 ubi
2576 2937 2693 2985 erat
2720 2929 2889 2997 labor,
2912 2931 3014 2986 erit
3033 2941 3087 2987 et
3105 2946 3276 2987 amor.
3299 2933 3414 2989 Non
3444 2935 3583 2989 enim
3609 2951 3757 2990 con-

2158 3018 2426 3074 lidcndum
2468 3028 2552 3075 est
2588 3019 2655 3075 de
2699 3020 2894 3075 nostris
2933 3023 3164 3087 viribus;
3217 3023 3308 3079 scd
3347 3026 3515 3080 oratio
3555 3025 3758 3096 adjun—

2157 3110 2327 3182 genda
2364 3111 2671 3178 conatibus,
2713 3120 2773 3166 ut
2817 3112 3034 3184 impleat
3078 3113 3261 3182 bonis,
3309 3116 3395 3186 qui
3437 3116 3668 3172 deterret
3713 3135 3754 3172 a

2158 3202 2333 3258 malis.

2229 3292 2454 3349 CAPUT
2494 3291 2632 3349 XIV.
2662 3324 2735 3334 —
2762 3294 2849 3349 ﬂ.
2894 3294 3123 3365 Objectio
3170 3295 3313 3363 alia,
3361 3297 3455 3351 hac
3500 3298 3758 3354 sententia

2160 3384 2360 3439 excludi
2389 3384 2762 3455 benignitatem,
2795 3394 2850 3440 ut
2878 3386 3048 3439 mariti
3075 3387 3224 3441 velint
3254 3389 3424 3459 puniri
3452 3389 3711 3444 adulteras
3734 3433 3755 3457 ,

2161 3474 2341 3546 quibus
2382 3475 2594 3528 mortuis
2636 3475 2817 3529 ducere
2865 3476 2996 3530 alias
3046 3477 3256 3547 possint.
3311 3478 3756 3549 Respondeamus

2164 3564 2323 3619 etiam
2348 3562 2414 3618 ad
2455 3563 2605 3632 illud,
2636 3564 2723 3619 ubi
2752 3574 2904 3634 putas
2931 3566 3150 3622 maritos
3179 3567 3244 3621 ad
3277 3570 3569 3637 puniendas
3593 3572 3756 3626 adul-

2165 3663 2305 3709 teras
2330 3654 2446 3709 sine
2471 3654 2574 3709 ulla
2605 3655 2943 3712 miseratione
2977 3658 3255 3728 compelli;
3283 3676 3401 3714 cum
3442 3662 3626 3716 volunt
3656 3679 3754 3719 eas

2164 3746 2296 3799 mori
2318 3786 2334 3811 ,
2362 3745 2405 3798 si
2445 3746 2524 3800 eis
2552 3747 2850 3802 viventibus
2885 3764 2988 3803 non
3030 3750 3153 3804 licet
3181 3751 3258 3805 eis
3294 3752 3489 3807 alteras
3530 3753 3752 3809 ducere.

2162 3836 2331 3904 Quam
2377 3835 2742 3892 crudelitatem
2787 3840 2975 3894 volens
3013 3856 3334 3911 exaggerare
3375 3843 3591 3898 dixisti:
3627 3843 3754 3899 Non

2162 3928 2286 3982 mihi
2311 3929 2525 3997 videtur,
2549 3932 2891 3985 amantissime
2911 3944 3071 4003 pater,
3097 3935 3177 3988 hic
3203 3935 3400 3989 divinus
3425 3953 3529 3989 esse
3553 3954 3751 4003 sensus,

2162 4019 2247 4074 ubi
2265 4020 2544 4092 benignitas
2564 4030 2610 4076 et
2635 4022 2793 4093 pietas
2819 4025 3118 4079 excluditur.
3148 4025 3219 4079 Ita
3249 4026 3385 4081 istud
3413 4027 3564 4092 dicis,
3597 4030 3757 4097 quasi

2165 4123 2443 4183 propterea
2479 4114 2653 4169 mariti
2698 4131 2917 4185 parcere
2954 4116 3183 4172 debeant
3213 4119 3468 4174 adulteris
3497 4119 3710 4175 feminis
3736 4165 3753 4186 ,

2163 4204 2285 4274 quia
2330 4204 2451 4259 licet
2487 4206 2565 4260 eis
2604 4206 2801 4261 alteras
2841 4207 3075 4273 ducere;
3109 4216 3168 4263 ut
3213 4211 3256 4264 si
3298 4226 3402 4265 non
3448 4211 3592 4275 licet,
3642 4228 3755 4267 non

2163 4309 2383 4367 parcant
2402 4307 2459 4352 ut
2488 4298 2663 4354 liceat.
2692 4300 2942 4367 Quinimo
2964 4311 3247 4373 propterea
3270 4303 3466 4359 debent
3494 4306 3760 4374 peccatri-

2164 4389 2314 4445 cibus
2343 4390 2584 4460 praebere
2606 4392 3046 4460 misericordiam,
3077 4405 3135 4449 ut
3163 4405 3216 4449 et
3244 4396 3340 4465 ipsi
3372 4412 3465 4465 pro
3490 4397 3601 4451 suis
3629 4412 3759 4465 pec-

2164 4482 2296 4536 catis
2338 4482 2754 4537 misericordiam
2806 4496 3216 4555 consequantur.
3263 4487 3327 4541 Et
3371 4488 3536 4542 multo
3579 4491 3756 4558 magis

2166 4572 2267 4629 hoc
2291 4573 2369 4629 eis
2396 4573 2691 4629 faciendum
2714 4585 2816 4641 est,
2848 4577 2934 4646 qui
2957 4576 3189 4631 dimissis
3216 4578 3468 4634 uxoribus
3497 4578 3760 4634 adulteris

2164 4665 2382 4735 cupiunt
2411 4665 2589 4723 vivere
2609 4666 2965 4723 continenter.
2995 4667 3165 4722 Tanto
3192 4668 3386 4740 quippe
3411 4669 3607 4724 debent
3632 4684 3762 4725 esse

2165 4758 2640 4827 misericordiores,
2667 4770 2863 4831 quanto
2892 4760 3074 4815 volunt
3100 4776 3219 4817 esse
3251 4762 3544 4816 sanctiores
3568 4779 3582 4815 :
3616 4771 3675 4816 ut
3704 4773 3761 4817 et

2165 4846 2233 4902 ad
2256 4850 2551 4904 castitatem
2578 4850 2630 4905 in
2658 4866 2717 4906 se
2738 4851 2866 4921 ipsis
2888 4852 3201 4907 servandam
3228 4852 3479 4907 divinitus
3501 4853 3763 4923 adjuven-

2167 4945 2275 5006 tur,
2301 4939 2426 4993 dum
2453 4940 2748 4995 castitatem
2773 4940 2842 4995 ab
2862 4941 3117 4997 uxoribus
3141 4943 3390 4997 violatam
3415 4958 3511 4997 nec
3534 4943 3634 5013 ipsi
3660 4944 3765 4997 hu-

2166 5031 2398 5086 manitus
2423 5032 2765 5089 ulciscuntur.
2794 5033 2859 5088 Et
2886 5034 3114 5091 maxime
3139 5049 3241 5090 vox
3268 5036 3357 5091 illa
3383 5036 3648 5093 dominica
3673 5046 3761 5092 est

2166 5122 2246 5177 eis
2295 5122 2346 5177 in
2388 5124 2699 5179 memoriam
2743 5126 3074 5181 revocanda:
3124 5126 3225 5193 Qui
3267 5128 3375 5183 sine
3416 5138 3618 5200 peccato
3662 5139 3760 5194 est,

2169 5214 2309 5283 prior
2335 5215 2388 5268 in
2414 5214 2558 5269 illam
2587 5216 2806 5286 lapidem
2827 5218 2988 5289 jaciat
3014 5217 3193 5289 (Joan.
3227 5234 3321 5275 vm
3342 5263 3357 5288 ,
3385 5221 3459 5292 7).
3488 5220 3627 5287 Non,
3655 5220 3762 5288 Qui

2168 5307 2284 5363 sine
2315 5308 2428 5378 ipso
2467 5318 2685 5378 peccato
2714 5318 2831 5377 est,
2869 5311 3116 5381 quoniam
3152 5311 3419 5387 loquimur
3446 5312 3514 5367 de
3550 5312 3762 5383 pudicis

2035 5420 2085 5461 τι
2168 5398 2298 5455 viris
2323 5401 2379 5465 ’ς
2424 5400 2552 5467 sed,
2587 5400 2689 5466 Qui
2727 5401 2837 5457 sine
2877 5412 3077 5472 peccato
3116 5412 3227 5458 est:
3275 5403 3416 5475 quod
3460 5404 3504 5459 si
3536 5418 3657 5459 esse
3702 5420 3766 5459 se

2236 5617 2251 5648 ί
2289 5618 2360 5666 sic
2375 5616 2596 5689 melioris
2618 5625 2745 5668 nom
2771 5625 2875 5669 Mss.
2900 5624 2955 5669 At
2974 5624 3103 5679 t.ov.,
3129 5618 3309 5681 conjua:
3333 5632 3364 5667 a
3385 5625 3518 5669 casta
3533 5616 3761 5679 conjuge.

2172 5684 2265 5734 ΕΓ..
2279 5684 2454 5740 εοιῄηετ
2476 5686 2605 5729 casto
2627 5692 2842 5742 corpore.

2207 5742 2264 5812 ,ξ
2288 5742 2359 5789 sic
2379 5742 2554 5791 melius
2576 5749 2680 5792 MSS.
2710 5740 2761 5792 At
2780 5742 2924 5803 editi,
2946 5743 3177 5807 quomodo
3199 5741 3439 5807 loquimur
3472 5740 3534 5793 de
3567 5740 3765 5813 pudicis

2175 5815 2298 5852 ιὐτδ.
