4070 6334
232 337 316 396 ιιι

238 452 451 509 dixerint
469 488 486 515 .
516 463 580 505 se
608 448 764 520 ipsos
800 443 1091 511 seducunt,
1121 449 1176 498 et
1197 440 1394 498 veritas
1417 440 1474 496 in
1501 440 1580 497 eis
1609 456 1715 495 non
1740 448 1823 496 est

244 547 281 615 tl
303 545 453 600 Joan.
483 557 525 606 ι,
552 541 639 613 8).
666 540 840 596 Porro
882 537 928 592 si
953 550 1058 591 non
1088 549 1148 590 se
1176 533 1463 598 seducunt,
1487 540 1543 587 et
1561 540 1645 586 est
1670 530 1723 584 in
1743 530 1824 584 eis

243 637 442 701 veritas,
482 648 597 688 non
628 632 736 687 erit
780 630 834 685 in
878 628 958 684 eis
999 633 1224 682 cruenta
1259 624 1533 678 severitas.
1582 620 1827 677 Scientes

247 729 375 786 enim
395 741 456 781 se
477 739 585 779 non
611 738 737 779 esse
760 722 875 777 sine
895 728 1131 791 peccato,
1157 716 1431 771 dlmittunt
1450 723 1506 769 ut
1532 712 1827 769 dimittatur

248 821 348 884 eis;
373 830 475 874 nec
496 815 567 871 ab
588 814 672 871 eis
690 811 988 883 benignitas
1012 817 1066 865 et
1091 808 1257 878 pietas
1281 804 1577 861 excluditur
1597 806 1637 858 ¹.
1661 802 1826 873 uagis

250 911 377 967 enim
405 908 526 963 haec
565 903 936 967 excluduntur,
968 900 1014 956 si
1041 897 1271 970 peccatis
1315 896 1597 966 conjugum
1637 894 1706 948 ab
1746 894 1826 949 eis

252 1006 487 1073 impetret
512 997 726 1053 veniam
755 993 965 1050 licentia
994 990 1250 1056 libidinis,
1280 1004 1387 1044 non
1411 1003 1541 1043 cura
1571 985 1821 1056 pietatis;

250 1093 294 1147 id
317 1101 396 1148 est
414 1131 430 1155 ,
457 1098 517 1144 ut
541 1096 825 1159 propterea
849 1089 1070 1154 parcant
1093 1081 1216 1150 quia
1241 1080 1367 1135 licet
1395 1078 1474 1134 eis
1499 1078 1695 1134 alteras
1724 1077 1825 1131 du-

249 1197 360 1238 cere
379 1222 397 1248 ,
429 1188 484 1235 et
514 1194 621 1233 non
654 1176 828 1248 potius
854 1180 1131 1245 propterea
1159 1170 1282 1241 quia
1306 1168 1496 1225 volunt
1514 1176 1569 1223 et
1595 1165 1695 1222 sibi
1722 1166 1826 1222 Do-

250 1276 442 1329 minum
475 1285 718 1343 parcere.

311 1368 396 1423 15.
437 1366 651 1433 Quanto
680 1363 856 1432 itaque
883 1357 1096 1425 melius,
1125 1364 1180 1412 et
1205 1355 1509 1421 honestius,
1536 1352 1823 1410 christiana

249 1462 470 1531 denique
493 1456 826 1530 professione
851 1452 1061 1523 dignius
1081 1492 1096 1515 ,
1127 1459 1186 1505 ut
1208 1457 1429 1520 parcant
1464 1448 1823 1503 adulterarum

250 1549 483 1621 sanguini
531 1562 785 1610 uxorum,
828 1543 971 1615 quod
1013 1541 1268 1610 scriptum
1311 1547 1393 1595 est
1436 1538 1515 1594 eis
1558 1537 1821 1601 dicimus,

251 1642 450 1697 Dimitte
476 1640 779 1710 injustitiam
818 1636 1049 1708 proximo
1084 1643 1203 1697 tuo,
1235 1641 1281 1686 et
1321 1641 1438 1685 tunc
1475 1628 1697 1699 precanti
1737 1628 1824 1682 tibi

252 1742 444 1806 peccata
471 1734 749 1787 solventur.
790 1726 959 1783 Homo
1005 1724 1198 1779 homini
1226 1730 1481 1777 conservat
1509 1722 1677 1784 iram,
1719 1728 1766 1773 et
1793 1735 1825 1774 a

253 1826 461 1881 Domina
484 1823 666 1894 quarit
695 1819 939 1875 medelam
961 1818 988 1872 7
1015 1816 1185 1888 Super
1210 1815 1463 1869 hominem
1487 1813 1704 1867 similem
1730 1812 1826 1866 sibi

251 1936 343 1973 non
366 1916 514 1970 habet
536 1912 951 1975 misericordiam,
976 1920 1022 1964 et
1046 1909 1110 1962 de
1129 1907 1343 1977 peccatis
1362 1906 1468 1959 suis
1492 1906 1785 1975 deprecatur
1799 1903 1826 1957 .’

250 2010 369 2066 Cum
393 2010 503 2078 ipse
530 2021 649 2059 caro
674 2004 761 2068 sit,
787 2009 1043 2056 conservat
1068 1996 1384 2052 iracundiam
1402 1996 1428 2049 ?
1449 1996 1559 2066 quis
1584 1993 1827 2063 prapitiao

251 2105 376 2158 bitur
403 2099 619 2173 peccatis
656 2096 796 2151 illius
824 2093 1008 2165 (Eccli.
1039 2105 1211 2146 xxviii
1231 2128 1247 2152 .
1274 2088 1417 2157 3-5);
1448 2094 1504 2142 et
1544 2085 1611 2140 de
1650 2085 1825 2139 Evan-

249 2196 386 2267 gelio
407 2235 423 2258 ,
455 2191 695 2246 Dimittite
714 2230 730 2256 ,
762 2197 810 2241 et
846 2185 1121 2241 dimittetur
1146 2182 1283 2237 vobis
1311 2180 1463 2253 (Luc.
1495 2194 1577 2245 vt,
1609 2177 1738 2250 57);
1770 2184 1828 2232 ut

250 2286 510 2356 possimus
535 2282 713 2337 dicere
737 2320 753 2345 ,
785 2277 993 2332 Dimitte
1031 2274 1173 2331 nobis
1198 2273 1365 2328 debita
1395 2281 1596 2339 nostra,
1625 2272 1756 2325 sicut
1781 2278 1826 2323 et

249 2392 335 2429 tros
366 2372 663 2431 dimittimus
689 2367 993 2423 debitoribus
1020 2366 1202 2421 nostris
1229 2363 1443 2435 (Matth.
1488 2378 1539 2417 vt
1559 2403 1575 2429 ,
1608 2360 1742 2429 12);
1774 2370 1828 2416 et

251 2469 315 2523 tle
337 2463 594 2536 Apostolo
617 2504 633 2529 ,
680 2460 832 2515 Nulli
858 2458 1048 2513 malum
1078 2473 1171 2528 pro
1198 2455 1333 2509 malo
1360 2453 1621 2508 rcddentes
1648 2450 1824 2525 (Rom.

250 2574 317 2615 ιιι
338 2602 353 2626 ,
383 2558 473 2629 l7)
499 2575 515 2612 :
544 2565 599 2611 et
621 2553 667 2610 si
695 2567 798 2624 qua
825 2560 949 2607 sunt
978 2547 1281 2620 huiusmodi
1307 2547 1360 2601 in
1386 2544 1673 2615 Scripturis
1700 2557 1830 2598 san~

250 2651 360 2716 clis,
387 2649 604 2720 quibus,
625 2647 693 2703 ad
714 2641 1075 2702 ulciscendum
1100 2638 1314 2711 quando
1338 2638 1600 2692 humanus
1616 2633 1829 2691 manus

252 2744 524 2807 excitatur,
555 2742 679 2811 quia
709 2738 1029 2795 chrisﬂanus
1058 2741 1161 2799 est,
1194 2729 1503 2801 mitigatur?

314 2836 542 2893 CAPUT
566 2834 682 2890 XV.
709 2862 781 2874 ——
803 2830 977 2885 Mariti
994 2829 1061 2882 ad
1090 2825 1398 2898 parcendum
1427 2822 1670 2877 adulteris
1710 2836 1831 2875 uso-

251 2933 398 2996 ribus,
425 2945 529 2983 non
555 2926 758 2982 licentia
794 2921 1030 2985 libidinis,
1061 2919 1148 2973 sed
1173 2934 1295 2972 cura
1324 2916 1522 2988 pietatis
1562 2913 1828 2967 adducan-

254 3036 345 3078 tur.
374 3024 617 3092 Quanto,
650 3021 862 3089 inquam
884 3056 899 3079 ,
932 3013 1121 3069 melius
1147 3012 1246 3066 ista
1272 3009 1496 3064 dicimus
1519 3049 1534 3075 ,
1572 3020 1730 3076 quam
1775 3011 1831 3058 ut

252 3118 503 3180 dicamus,
532 3113 762 3169 Tantum
794 3108 1062 3163 adulteras
1091 3104 1218 3158 istas
1246 3101 1526 3166 dimittite,
1558 3106 1613 3153 et
1645 3111 1829 3152 earum

254 3210 406 3264 nolite
430 3206 743 3276 sanguinem
768 3213 1030 3272 quaerere;
1059 3195 1312 3266 quidquid
1333 3192 1533 3247 doloris
1556 3206 1622 3245 ex
1648 3203 1831 3245 earum

252 3300 454 3372 flagitiis
479 3296 719 3361 habetis,
752 3290 1166 3348 consolabuntur
1208 3299 1303 3340 vos
1333 3283 1451 3337 alia:
1492 3296 1624 3352 quas
1660 3278 1831 3333 duxe-

253 3393 359 3446 ritis
387 3410 401 3444 :
428 3388 628 3443 merito
646 3384 789 3440 enim
811 3381 1017 3436 velletis
1046 3380 1173 3433 istas
1199 3375 1266 3430 de
1294 3372 1582 3429 viventium
1608 3383 1831 3425 numero

251 3487 451 3539 auferre
471 3522 489 3548 ,
518 3480 565 3536 si
595 3492 780 3535 earum
804 3476 909 3530 vita
940 3471 1318 3544 impedimento
1340 3474 1516 3532 esset,
1548 3462 1833 3534 quominus

252 3576 375 3636 alias
392 3571 665 3629 ducerctis
689 3585 704 3633 ;
727 3581 869 3623 nunc
893 3579 1020 3620 vero
1034 3604 1051 3631 ,
1071 3562 1232 3618 etiam
1256 3560 1373 3614 istis
1392 3555 1688 3611 viventibus
1710 3568 1832 3609 cum

252 3667 403 3722 liceat
427 3665 531 3719 alia
556 3661 710 3716 vobis
737 3655 1072 3714 matrimonia
1101 3649 1408 3726 providere,
1438 3645 1565 3717 quid
1592 3658 1686 3700 eas
1716 3653 1832 3698 tan-

253 3766 431 3826 topere
458 3754 621 3809 vultis
647 3747 932 3806 occidere?
961 3746 1085 3801 Haec
1111 3744 1157 3798 si
1184 3742 1429 3805 dicimus,
1458 3752 1637 3792 nonne
1664 3743 1836 3826 atten-

252 3824 329 3901 dis
365 3860 526 3916 quam
569 3850 751 3897 nostra
789 3838 965 3894 suasio
1001 3836 1156 3904 longe
1194 3832 1263 3888 sit
1299 3846 1329 3885 a
1355 3830 1664 3885 charactere
1690 3824 1834 3880 chri-

253 3941 422 3994 stiano
445 3939 468 3970 ³
495 3954 508 3989 :
543 3934 667 4005 quia
694 3940 747 3987 et
772 3930 959 3986 falsum
989 3926 1232 3990 dicimus,
1264 3922 1343 3978 eis
1370 3920 1530 3975 licere
1557 3916 1700 3988 quod
1728 3930 1832 3971 nou

252 4031 400 4093 licet,
422 4026 525 4082 hoc
547 4034 662 4087 est,
692 4021 808 4077 istis
835 4017 1137 4074 viventibus
1165 4024 1224 4069 ut
1247 4011 1365 4067 aliis
1387 4009 1740 4079 copulentur;
1782 4016 1836 4061 et

251 4120 296 4175 si
340 4126 618 4190 propterea
668 4114 772 4168 illis
812 4108 1166 4182 pepercerint,
1211 4121 1316 4160 non
1362 4111 1583 4173 parcent
1620 4107 1838 4170 propter

251 4214 533 4283 pietatem,
578 4207 677 4263 sed
726 4212 947 4277 propter
996 4202 1219 4256 aliarum
1269 4196 1569 4267 nuptiarum
1616 4194 1834 4248 liberam

253 4309 589 4373 potestatem.
636 4298 912 4353 Postremo
947 4306 1127 4364 qumro
1173 4289 1269 4344 abs
1298 4296 1383 4355 te,
1425 4296 1603 4341 utrum
1646 4283 1839 4338 marito

254 4396 544 4450 christiano
564 4392 722 4446 liceat
744 4388 829 4443 vel
848 4384 1140 4443 secundum
1161 4390 1398 4437 veterem
1421 4380 1515 4434 Dei
1536 4378 1728 4448 legem,
1754 4374 1837 4431 vel

254 4485 508 4541 Romanis
547 4481 755 4553 legibus
780 4478 1074 4533 adulteram
1101 4473 1346 4529 occidere
1369 4470 1435 4523 ‘?
1462 4469 1519 4525 Si
1546 4470 1690 4533 licet,
1724 4481 1839 4521 me-

255 4579 349 4633 lius
377 4585 461 4633 est
499 4584 560 4630 ut
587 4574 659 4629 ab
684 4580 909 4641 utroque
933 4582 992 4623 se
1020 4571 1311 4636 temperet,
1343 4561 1395 4617 id
1422 4569 1530 4625 est,
1559 4570 1615 4616 et
1637 4574 1667 4614 a
1698 4557 1840 4613 licito

254 4670 335 4722 illa
365 4674 627 4738 peccante
653 4662 912 4734 supplicio
931 4702 946 4727 ,
976 4667 1033 4715 et
1058 4658 1126 4713 ab
1150 4655 1332 4727 illicito
1357 4654 1445 4708 illa
1470 4653 1680 4706 vivente
1708 4665 1839 4704 con-

249 4760 412 4830 jugio.
453 4756 613 4827 Quod
646 4757 692 4811 si
719 4755 1030 4809 alterutrum
1058 4749 1257 4818 eligere
1300 4750 1640 4815 perseverat,
1675 4739 1842 4795 satius

254 4862 329 4905 est
355 4852 410 4907 ei
448 4850 627 4905 facere
656 4844 797 4917 quod
826 4846 982 4909 licet,
1013 4850 1072 4896 ut
1109 4838 1344 4893 adultera
1373 4836 1653 4905 puniatur,
1682 4846 1839 4903 quam

254 4942 301 4995 id
326 4941 473 5012 quod
498 4954 605 4994 non
626 4938 770 5000 licet,
793 4944 852 4990 ut
871 4934 982 5004 ipsa
1002 4933 1120 4987 viva
1142 4930 1232 4985 ille
1251 4926 1565 4983 moechatur.
1588 4924 1645 4981 Si
1663 4934 1840 4981 autem

254 5033 392 5101 quod
419 5031 602 5087 verius
629 5028 843 5093 dicitur,
868 5040 970 5079 non
995 5024 1122 5078 licet
1145 5020 1345 5075 homini
1372 5018 1663 5073 christiano
1687 5017 1841 5071 adul-

257 5136 422 5180 teram
448 5122 731 5192 conjugem
760 5117 1023 5181 occidere,
1050 5113 1147 5169 sed
1169 5112 1368 5168 tantum
1394 5109 1698 5172 dimittere;
1725 5108 1844 5179 quis

256 5227 335 5271 est
365 5227 474 5273 tam
506 5216 729 5271 demens
766 5211 856 5281 qui
886 5208 937 5264 ei
970 5207 1143 5273 dicat,
1174 5205 1282 5259 Fac
1300 5202 1439 5275 quod
1464 5217 1570 5257 non
1598 5201 1755 5268 licet,
1786 5208 1846 5256 ut

259 5308 347 5363 tibi
370 5310 528 5365 liceat
546 5302 691 5378 quod
711 5318 816 5359 non
844 5298 1004 5356 licet?
1027 5297 1160 5353 Cum
1185 5296 1328 5350 enim
1348 5303 1632 5362 utrumque
1653 5306 1846 5347 secun-

319 5490 337 5519 ι
374 5493 511 5544 Ima,
534 5500 594 5538 ne
618 5484 681 5535 ab
702 5482 788 5544 eis,
815 5476 1075 5544 benignitas
1095 5481 1140 5526 et
1170 5472 1323 5544 pietas
1342 5469 1651 5544 eschtdatur.
1673 5474 1847 5544 caeteri

261 5533 603 5607 vemibdii-es,
621 5533 716 5597 inec
740 5542 802 5594 ab
823 5542 908 5600 eis,
922 5533 1050 5599 "etc,
1075 5547 1127 5588 et
1144 5533 1304 5607 eishis.
1311 5533 1514 5607 quidam
1532 5534 1732 5594 habent,
1758 5546 1848 5584 ea:-

263 5597 553 5670 cludantur;
575 5597 655 5659 alii
681 5618 795 5670 cum
816 5597 915 5651 Am.
946 5610 996 5670 et
1104 5597 1400 5670 excluditur.

322 5658 688 5723 ‘wEorbcienSis
708 5667 887 5724 culex,
910 5662 1142 5724 citat-itote
1165 5658 1361 5709 Christi.

325 5736 348 5767 ³
378 5714 456 5785 svi;
467 5714 795 5785 33.383155."
811 5714 1033 5787 At'editi,
1057 5721 1129 5777 vel
1166 5729 1395 5772 Romanas
1419 5715 1543 5783 leges
1577 5714 1851 5770 adulteram

265 5796 496 5850 cecidere.

1540 322 1746 381 LIBER
1781 320 2152 381 SECUNDUS.

1930 437 2058 494 dum
2082 439 2252 511 legem
2288 439 2482 498 Christi
2510 443 2749 500 illicitum
2779 446 2882 515 sit,
2914 448 3026 506 sive
3049 452 3341 513 adulteram
3368 461 3511 516 occi-

1930 531 2086 597 dere,
2116 532 2231 589 sive
2267 533 2355 590 illa
2389 535 2599 592 vivente
2636 537 2858 594 alteram
2904 541 3128 610 ducere,
3175 546 3246 602 ab
3286 556 3513 621 utroque

1930 624 2299 680 abstinendum
2324 636 2425 692 est,
2455 643 2561 682 non
2587 629 2829 685 illicitum
2858 647 2956 701 pro
2985 634 3167 691 illicito
3187 637 3507 698 faciendum.

1931 715 1988 772 Si
2016 716 2159 772 enim
2185 716 2417 773 facturus
2440 728 2524 774 est
2546 720 2688 789 quod
2719 737 2823 776 non
2855 724 2979 780 licet
2997 766 3011 792 ,
3038 726 3148 795 jam
3177 727 3335 784 faciat
3357 732 3514 786 adul-

1933 808 2146 873 terium,
2170 818 2225 863 et
2252 824 2359 864 non
2401 811 2556 866 faciat
2584 812 2954 881 homicidium;
2997 826 3057 871 ut
3086 819 3295 874 vivente
3342 836 3514 877 uxore

1930 900 2151 955 alteram
2179 900 2357 969 ducat,
2398 911 2454 958 et
2480 918 2585 959 non
2621 904 2908 961 humanum
2954 910 3263 980 sanguinem
3306 912 3511 968 fundat.

1929 989 2082 1056 Quod
2108 991 2152 1046 si
2181 1002 2263 1047 est
2291 1002 2570 1064 utrumque
2609 994 2901 1061 nefarium.
2933 1013 3039 1054 non
3081 999 3242 1057 debet
3285 1002 3514 1059 alterum

1931 1095 2028 1150 pro
2052 1082 2220 1138 altero
2250 1096 2579 1154 perpetrare,
2605 1086 2698 1142 sed
2725 1095 3011 1160 utrumque
3035 1091 3223 1147 vitare.

2000 1173 2223 1230 CAPUT
2244 1174 2383 1232 XVI.
2412 1206 2484 1217 —
2512 1178 2598 1234 16.
2643 1177 2929 1250 Objectatur
2987 1182 3375 1239 incontinentem
3394 1227 3409 1253 ,
3468 1187 3516 1240 si

1929 1266 2172 1320 adulterat
2215 1268 2362 1321 uxori
2418 1285 2525 1324 sua:
2576 1281 2785 1325 mortem
2838 1273 3121 1327 accusando
3178 1277 3465 1345 procuth
3494 1316 3509 1339 .

1929 1358 2122 1412 veniam
2169 1370 2490 1432 accepturum
2547 1378 2636 1431 per
2689 1362 3009 1433 Baptismum
3057 1374 3146 1419 aut
3214 1368 3512 1422 reconcilia-

1930 1449 2113 1503 tionem
2136 1491 2151 1517 ,
2198 1466 2310 1521 quin
2349 1453 2443 1505 sibi
2481 1453 2707 1523 alioquin
2745 1465 2983 1524 perpetuo
3021 1456 3251 1511 adultero
3290 1457 3513 1529 denega-

1928 1551 2119 1595 rentur.
2157 1540 2403 1597 Graviora
2439 1554 2614 1598 contra
2644 1544 2885 1600 Pollentii
2913 1548 3199 1618 opinionem
3235 1550 3512 1621 excogitari

1930 1650 2093 1703 posse,
2120 1651 2269 1705 quam
2306 1652 2420 1708 quae
2460 1637 2522 1691 ab
2566 1638 2654 1691 illo
2692 1640 3004 1709 obiectantur
3036 1641 3374 1695 incommoda.
3418 1641 3514 1695 Hic

1930 1725 2082 1780 video
2111 1726 2234 1796 quid
2263 1726 2367 1780 dici
2412 1728 2480 1782 ab
2519 1727 2968 1786 incontinentibus
3006 1732 3176 1800 possit
3206 1748 3220 1786 :
3245 1730 3388 1801 quod
3426 1732 3511 1787 vi-

1928 1814 2121 1871 delicet
2144 1816 2234 1886 qui
2261 1816 2478 1871 dimittit
2518 1827 2569 1873 et
2600 1820 2780 1875 vivere
2822 1821 3073 1890 permittit
3102 1821 3417 1889 adulteram,
3459 1824 3507 1878 si

1929 1909 2147 1964 alteram
2175 1908 2405 1974 duxerit,
2447 1912 2700 1981 quamdiu
2750 1913 2893 1981 prior
2934 1913 3021 1966 illa
3044 1914 3194 1980 vivit,
3221 1922 3512 1984 perpetuus

1928 2000 2135 2057 adulter
2160 2010 2264 2067 est,
2295 2017 2394 2058 nec
2423 2004 2529 2073 agit
2556 2004 2916 2074 paenitentiam
2946 2003 3272 2062 fructuosam
3297 2021 3328 2061 ιι
3356 2005 3513 2076 flagi-

1932 2095 2005 2149 tio
2051 2110 2156 2150 non
2200 2096 2487 2163 recedens;
2515 2113 2613 2152 nec
2635 2098 2681 2152 si
2707 2097 3121 2153 catechumenos
3148 2108 3265 2166 est,
3310 2098 3377 2155 ad
3408 2098 3514 2153 Ba-

1931 2185 2180 2255 ptismum
2200 2186 2515 2254 admittitur,
2542 2186 2790 2258 quoniam
2814 2188 2884 2243 ab
2908 2204 2974 2243 eo
2997 2189 3138 2259 quod
3164 2189 3383 2259 impedit
3404 2204 3512 2244 non

1930 2287 2163 2333 mutatur
2187 2295 2201 2344 ;
2228 2294 2327 2333 nec
2352 2278 2682 2334 reconciliari
2710 2281 2977 2348 pmnitens
3000 2288 3176 2349 potest
3221 2280 3275 2336 in
3316 2279 3508 2336 eadem

1932 2367 2166 2439 nequitia
2192 2382 2544 2437 perseverans
2591 2386 2607 2422 :
2658 2368 2705 2424 si
2752 2377 2933 2424 autem
2962 2369 3265 2425 accusando
3309 2369 3517 2427 adulte-

1931 2472 2046 2513 ram
2089 2458 2373 2525 occiderit,
2414 2458 2518 2515 hoc
2562 2469 2839 2529 peccatum
2885 2460 3136 2531 quoniam
3186 2471 3514 2518 transactum

1931 2556 2034 2615 est,
2065 2556 2121 2603 et
2148 2549 2203 2603 in
2228 2562 2294 2603 eo
2319 2563 2423 2603 non
2454 2558 2751 2620 permanet,
2778 2558 2834 2605 et
2873 2552 2918 2605 si
2956 2565 2987 2606 a
3015 2551 3401 2608 catechumeno
3437 2551 3519 2607 fa-

1931 2647 2075 2694 ctum
2126 2647 2246 2706 est,
2296 2638 2621 2709 Baptismate
2660 2640 2922 2707 abluitur;
2969 2649 3027 2697 et
3058 2640 3106 2696 si
3142 2656 3172 2695 a
3209 2642 3511 2712 baptizato,

1934 2730 2243 2801 penitentia
2268 2738 2325 2785 et
2348 2731 2779 2787 reconciliatione
2823 2741 3061 2787 sanatur.
3112 2731 3219 2789 Sed
3258 2733 3515 2805 numquid

1934 2831 2214 2894 propterea
2240 2821 2432 2877 dicturi
2460 2837 2645 2877 sumus
2667 2822 2987 2878 adulterium
3017 2838 3123 2879 non
3163 2838 3282 2879 esse
3309 2824 3517 2880 adulte-

1934 2914 2092 2980 rium,
2118 2912 2261 2984 quod
2291 2914 2407 2968 sine
2434 2913 2596 2969 dubio
2620 2915 2992 2980 committitur,
3023 2916 3069 2971 si
3097 2915 3323 2985 conjuge
3360 2915 3516 2971 adul-

1936 3013 2046 3058 tera
2076 3005 2283 3059 vivente
2306 3006 2470 3058 altera
2501 3004 2747 3059 ducitur?
2775 3005 2881 3059 Sed
2910 3004 3013 3059 hoc
3040 3006 3284 3060 adulterii
3314 3019 3516 3076 genere

1934 3104 2175 3165 excepto,
2198 3111 2390 3166 nempe
2412 3110 2519 3151 non
2547 3095 2759 3150 dubitas
2782 3110 2901 3151 esse
2928 3096 3270 3161 adulterium,
3294 3096 3339 3150 si
3363 3098 3514 3165 quis.-

1935 3203 2091 3257 quam
2119 3186 2277 3241 ducat
2302 3186 2529 3241 viventis
2559 3201 2777 3241 uxorem
2809 3201 2838 3240 a
2863 3187 2979 3240 viro
3017 3200 3115 3241 suo
3154 3201 3249 3257 per
3268 3185 3511 3242 libellum

1934 3277 2140 3347 repudii
2190 3278 2308 3333 sine
2358 3277 2463 3332 ulla
2526 3276 2765 3332 mulieris
2813 3276 3163 3332 fornicatione
3216 3277 3516 3333 dimissam.

1936 3370 2071 3440 Quid
2100 3386 2249 3441 ergo,
2280 3386 2400 3426 cum
2426 3371 2618 3425 viderit
2642 3386 2705 3426 se
2731 3387 2830 3426 nec
2848 3370 2913 3426 ad
2935 3371 3259 3440 Baptismum
3286 3370 3515 3437 admitti,

1937 3464 1980 3516 si
2009 3462 2442 3528 catechumenus,
2477 3477 2576 3517 nec
2607 3462 2808 3517 utiliter
2849 3476 3006 3532 agere
3035 3462 3423 3531 paenitentiam,
3471 3462 3519 3516 si

1939 3553 2233 3624 baptizatus
2263 3552 2365 3608 hoc
2394 3552 2536 3614 fecit,
2570 3568 2677 3607 non
2722 3552 3038 3623 corrigendo
3065 3562 3120 3606 et
3160 3550 3514 3622 relinquendo

1937 3644 2077 3716 quod
2106 3645 2249 3711 fecit,
2276 3645 2321 3698 si
2351 3660 2471 3699 eum
2499 3643 2729 3698 voluerit
2748 3653 2802 3699 et
2828 3644 3057 3713 potuerit
3079 3643 3324 3699 occidere
3362 3643 3515 3712 cujus

1937 3735 2090 3792 duxit
2116 3751 2363 3800 uxorem,
2395 3743 2454 3789 ut
2472 3735 2575 3791 hoc
2602 3735 2774 3790 scelus
2795 3737 2881 3789 vel
2904 3734 3231 3805 Baptismate
3259 3734 3516 3798 diluatur,

1937 3828 2024 3882 vel
2049 3828 2356 3896 pmuitentlo
2385 3826 2640 3894 solvatur,
2671 3836 2830 3897 atque
2861 3826 2931 3880 ita
2955 3827 3118 3881 etiam
3144 3825 3275 3881 illud
3304 3825 3521 3881 adulte-

1939 3921 2079 3975 rium
2108 3934 2213 3975 non
2244 3928 2570 3990 permaneat,
2613 3926 2863 3973 evacuata
2906 3917 3131 3973 muliere
3179 3932 3209 3971 a
3257 3917 3375 3988 lege
3420 3917 3523 3973 viri

1943 4018 2062 4081 post
2086 4018 2312 4065 mortem
2339 4010 2459 4076 viri,
2491 4010 2587 4066 sed
2614 4009 2681 4064 de
2712 4018 2983 4065 transacto
3008 4008 3153 4079 quod
3180 4009 3376 4064 factum
3412 4018 3519 4076 εει,

1943 4116 2036 4171 per
2064 4100 2430 4171 paenitentiam
2475 4100 2604 4156 satis
2630 4101 2741 4165 ﬁat,
2770 4102 2854 4157 vel
2896 4101 3303 4171 regeneratione
3330 4099 3518 4157 delea-

1945 4203 2066 4260 tur;
2099 4192 2356 4263 numquid
2386 4201 2664 4262 propterea
2710 4202 2795 4248 est
2842 4192 3141 4247 accusanda
3187 4192 3270 4247 les
3301 4191 3524 4257 Christi,

1944 4295 2192 4356 tanquam
2221 4285 2537 4355 compulerit
2576 4283 2690 4339 ﬁeri
2731 4285 3094 4349 homicidium,
3122 4300 3242 4339 cum
3272 4286 3397 4341 sine
3418 4285 3528 4340 cri-

1944 4378 2087 4431 mine
2114 4376 2476 4431 fornicationis
2491 4375 2821 4445 repudiatam
2844 4375 3062 4441 ducerc,
3085 4374 3215 4430 dicit
3238 4390 3357 4431 esse
3373 4374 3528 4432 adul-

1948 4468 2136 4523 terium
2157 4468 2181 4520 ι

2018 4583 2103 4637 l7.
2129 4580 2224 4635 llic
2249 4579 2411 4647 enim,
2444 4579 2486 4633 si
2511 4593 2695 4649 parum
2722 4578 2847 4649 quid
2876 4578 3158 4649 loquamur
3177 4579 3523 4643 attendimus.

1948 4673 2113 4727 multo
2142 4674 2381 4742 graviora
2406 4670 2508 4726 dici
2540 4681 2761 4740 possunt
2791 4686 2948 4741 quam
2995 4672 3108 4741 ipse
3135 4670 3340 4726 dixisti.
3388 4671 3521 4726 Nam

1948 4777 2002 4822 tu
2032 4766 2158 4821 dum
2187 4780 2293 4818 non
2323 4764 2402 4817 vis
2430 4777 2548 4818 esse
2576 4762 2859 4829 adulteria,
2911 4763 2956 4816 si
3000 4763 3117 4817 alia:
3151 4763 3412 4818 ducantur
3437 4762 3523 4816 di-

1948 4857 2127 4913 missis
2156 4855 2426 4920 adulteris,
2456 4855 2557 4909 hoc
2582 4855 2861 4910 invenisti:
2888 4855 3141 4923 Quoniam
3169 4857 3213 4909 si
3239 4858 3345 4909 lucc
3373 4854 3528 4907 adul-

1948 4953 2073 5006 teria
2102 4950 2396 5013 dixerimus,
2416 4958 2654 5020 cogentur
2675 4950 2843 5002 mariti
2869 4949 3094 5003 occidere
3113 4948 3386 5012 adulteras,
3400 4961 3531 5019 qua.

1947 5060 2060 5097 rum
2085 5043 2185 5095 vita
2207 5041 2551 5109 impediuntur
2564 5042 2747 5093 alteras
2764 5041 2961 5093 ducere.
2984 5041 3153 5108 Atque
3174 5047 3232 5091 ut
3248 5038 3347 5092 hoc
3364 5051 3532 5107 exag-

1950 5146 2183 5203 gerares,
2200 5129 2400 5185 dixisti:
2421 5129 2542 5183 Non
2560 5131 2682 5183 mihi
2699 5128 3258 5196 videtur,amantissime
3272 5137 3431 5197 pater,
3449 5127 3533 5182 hic

1953 5225 2151 5280 divinus
2172 5239 2278 5277 esse
2296 5229 2487 5287 sensus,
2510 5222 2592 5276 ubi
2606 5223 2880 5292 benignitas
2900 5230 2946 5273 et
2969 5221 3124 5289 pietas
3149 5218 3452 5273 excluditur.
3473 5219 3532 5275 Si

1951 5328 2081 5384 ergo
2100 5314 2361 5383 quispiam
2384 5312 2571 5367 nolens
2596 5312 2813 5366 credere
2841 5325 2961 5365 esse
2975 5307 3291 5365 adulterium
3317 5310 3533 5381 quando

1953 5419 1982 5458 a
1999 5404 2189 5459 marito
2213 5405 2329 5457 sine
2347 5402 2707 5458 fornicationis
2726 5402 2948 5455 crimine
2970 5401 3244 5473 repudiata
3270 5406 3337 5458 ab
3359 5404 3531 5460 altero

1954 5496 2184 5564 ducitur,
2201 5505 2255 5552 et
2271 5496 2373 5551 hoc
2388 5506 2570 5551 contra
2586 5504 2637 5549 te
2661 5493 2910 5557 inveniat,
2933 5494 3055 5564 quia
3070 5493 3169 5548 ista
3185 5494 3391 5551 ratione
3411 5510 3539 5551 sua-

1955 5589 2111 5646 detur
2123 5587 2427 5643 hominibus
2448 5586 2729 5641 homicidia
2750 5586 3079 5656 perpetrare,
3101 5597 3155 5642 et
3171 5603 3355 5643 earum
3379 5589 3542 5644 mari-

1958 5690 2061 5748 tos,
2082 5693 2215 5750 quas
2230 5693 2296 5734 eo
2318 5678 2478 5732 modo
2492 5674 2796 5746 repudiatas
2810 5676 3079 5745 duxerint,
3096 5678 3179 5734 vel
3202 5678 3407 5734 insidiis
3422 5679 3541 5749 qui-

1958 5772 2058 5828 bus
2077 5768 2364 5841 potuerint,
2398 5767 2485 5826 vel
2523 5766 2805 5825 calumniis
2833 5778 3109 5843 appctere,
3143 5768 3229 5829 vel
3274 5769 3538 5842 aliquibus
3606 5794 3609 5797 ·
