4070 6334
531 329 642 387 483

528 446 671 502 veris
694 441 1005 499 criminibus
1030 453 1284 496 accusare
1322 444 1377 494 et
1404 441 1672 503 occidere,
1701 444 1757 490 ut
1780 438 1858 491 eis
1885 436 2108 491 mortuis

524 552 646 594 esse
674 536 884 607 possint
928 533 1195 603 conjugia,
1241 547 1360 601 qua:
1388 530 1523 584 vivis
1569 528 1781 584 fuerant
1810 527 2104 593 adulteria;

525 645 704 685 nonne
745 628 798 682 id
837 625 1208 696 exaggerando
1245 623 1337 677 tibi
1374 622 1613 676 dicturus
1659 629 1772 685 est,
1818 618 1936 674 Non
1978 618 2109 673 mihi

523 723 753 785 videtur,
782 718 1145 775 amantissime
1171 715 1356 779 frater,
1390 714 1476 768 hic
1500 713 1710 768 divinus
1732 726 1849 766 esse
1896 724 2102 774 sensus,

520 814 615 869 ubi
656 828 762 868 non
808 811 981 865 solum
1030 806 1328 874 benignitas
1354 812 1409 859 et
1451 805 1618 873 pietas
1649 801 1966 866 excluditur,
2013 800 2106 855 sed

518 908 683 961 etiam
723 906 907 973 ingens
935 900 1233 969 malignitas
1269 906 1322 952 et
1347 898 1589 965 impietas
1609 896 1907 950 excitatur?
1929 893 2105 958 Quan-

516 994 806 1067 doquidem
837 992 1004 1047 multo
1035 999 1116 1046 cst
1147 989 1313 1043 levius
1354 998 1408 1043 et
1434 988 1777 1049 tolerabilius,
1813 996 1866 1038 ut
1896 984 2101 1039 adulte-

521 1103 608 1142 ras
640 1085 835 1151 mariti,
867 1097 1025 1153 quam
1056 1089 1112 1135 ut
1147 1079 1368 1135 maritos
1411 1077 1634 1133 adulteri
1663 1075 1925 1131 occidant.
1977 1073 2102 1128 Plao

518 1191 677 1235 cetne
703 1178 817 1242 tibi,
852 1185 908 1229 ut
953 1184 1169 1242 propter
1196 1171 1534 1225 vanissimam
1567 1168 1838 1232 invidiam,
1870 1165 2101 1221 domini-

519 1289 597 1328 crc
629 1269 991 1326 defensionem
1023 1267 1301 1321 sententia:
1328 1264 1655 1325 deseramus,
1690 1261 1767 1314 vel
1796 1275 1913 1313 cam
1953 1258 2100 1311 insu-

519 1378 618 1431 per
645 1374 978 1424 accusemus,
1012 1357 1248 1411 dicentes
1276 1369 1378 1409 uou
1419 1353 1616 1408 debere
1641 1350 1957 1405 adulterium
1983 1350 2101 1402 vin-

519 1453 685 1508 dicari
719 1454 759 1518 ³,
788 1448 997 1505 etiamsi
1040 1459 1235 1518 prieter
1276 1461 1490 1500 causam
1531 1443 1893 1498 fornicationis
1941 1457 2099 1512 repu-

519 1545 661 1599 diata
693 1560 723 1598 a
752 1544 867 1597 viro
895 1542 1044 1595 alteri
1071 1540 1403 1608 conjugetur,
1439 1552 1506 1592 ne
1530 1536 1774 1589 maritum
1807 1534 1920 1602 ejus
1942 1549 1972 1587 a
1997 1548 2101 1602 quo

517 1637 732 1692 dimissa
761 1643 845 1689 est
869 1632 1221 1702 compellatur
1251 1629 1515 1692 occidere,
1545 1626 1670 1680 dum
1702 1626 2020 1680 adulterium
2043 1624 2097 1678 in

517 1729 842 1787 connubium
871 1726 1016 1794 cupit
1053 1724 1151 1778 viri
1184 1722 1373 1792 prioris
1400 1730 1572 1774 morte
1600 1716 1952 1773 convertere?
1979 1717 2100 1771 Scio

515 1823 617 1876 hoc
648 1822 739 1875 tibi
771 1835 873 1873 non
902 1819 1131 1888 placere,
1153 1825 1210 1869 ut
1240 1823 1457 1883 propter
1486 1813 1623 1865 hanc
1648 1810 1987 1864 vanissimam
2015 1809 2097 1860 in-

515 1915 732 1974 vidiam,
783 1912 868 1965 lex
918 1910 1135 1973 Christi,
1166 1922 1287 1960 cum
1328 1920 1451 1959 vera
1500 1903 1799 1957 inveniatur
1841 1910 1896 1955 et
1945 1916 2096 1966 sana,

512 2004 643 2059 dura
674 2012 727 2057 et
753 2001 1038 2055 inhumana
1068 1998 1296 2052 dicatur.
1332 1996 1421 2049 Sic
1448 1996 1623 2064 itaque
1654 2008 1758 2047 non
1803 1992 1896 2047 tibi
1942 1990 2101 2044 debet

514 2097 684 2150 videri
718 2095 838 2149 ideo
862 2091 1165 2161 negandum
1194 2104 1314 2144 esse
1335 2086 1677 2151 adulterium,
1702 2084 1914 2154 quando
1936 2097 2099 2137 uxore

511 2189 750 2244 adultera
784 2188 993 2239 vivente
1021 2184 1191 2237 altera
1217 2182 1446 2241 ducitur,
1496 2179 1619 2248 quia
1662 2186 1836 2246 potest
1880 2175 2100 2229 maritus

513 2296 610 2349 per
637 2280 739 2333 hoc
765 2277 885 2346 cogi
914 2275 1211 2329 adulteram
1255 2271 1521 2335 occidere,
1550 2270 1674 2323 dum
1721 2269 1867 2336 cupit
1908 2266 2007 2320 sibi
2038 2266 2101 2319 li-

511 2388 634 2429 cere
659 2372 747 2425 illa
773 2369 1033 2424 exstincta
1059 2366 1282 2419 alteram
1326 2362 1543 2427 ducere,
1586 2361 1630 2415 si
1662 2362 1763 2414 hoc
1799 2375 1861 2413 ea
1888 2358 2099 2413 vivente

511 2482 620 2521 non
648 2466 768 2518 licet
800 2462 994 2516 facere.
1037 2458 1174 2527 Quid
1224 2456 1270 2510 si
1309 2455 1451 2510 enim
1497 2464 1552 2508 et
1595 2451 1725 2506 illud
1753 2452 1934 2505 dicant
1957 2449 2097 2503 chri-

511 2558 698 2614 stianai
717 2554 838 2609 ﬁdei
862 2553 1208 2615 detracturos,
1231 2548 1348 2618 cogi
1372 2546 1615 2600 homines
1638 2544 1884 2599 occidere
1905 2557 2097 2597 uxores

512 2662 637 2704 suas
663 2645 973 2700 insidiarum
1014 2639 1329 2704 sceleribus,
1362 2650 1496 2706 quas
1538 2635 1793 2689 molestas
1818 2631 1960 2687 ferre
1990 2647 2095 2685 non

511 2745 755 2809 possunt,
789 2735 901 2788 sive
942 2732 1193 2787 diuturno
1232 2729 1487 2797 languore
1534 2725 1841 2780 laborantes
1892 2731 1946 2776 et
1991 2721 2096 2790 pati

509 2828 849 2886 concubitum
883 2840 988 2879 non
1015 2824 1277 2886 valentes,
1309 2820 1421 2873 sive
1448 2832 1729 2887 pauperes,
1777 2815 1891 2869 sive
1936 2814 2096 2867 steri-

508 2923 727 2986 les,sive
752 2920 1036 2979 deformes,
1058 2916 1280 2969 aliarum
1302 2927 1397 2982 spe
1417 2909 1798 2972 ducendarum,
1820 2920 2091 2969 sanorum,

509 3015 901 3083 opulentarum,
930 3005 1297 3068 fecundarum,
1319 3001 1792 3072 pulcherrimarum
1815 3014 1829 3060 ;
1859 2997 1981 3066 quia
2002 3010 2095 3050 eas

509 3121 642 3177 quas
670 3102 871 3175 perpeti
901 3099 1105 3162 nolunt,
1151 3105 1345 3166 printer
1371 3108 1584 3149 causam
1612 3090 1977 3146 fornicationis
2004 3103 2095 3142 re-

508 3200 728 3272 pudiare
754 3213 861 3251 non
889 3197 1011 3249 licet
1038 3201 1092 3247 et
1116 3193 1312 3245 alteras
1335 3189 1555 3254 ducere,
1590 3204 1656 3242 ne
1697 3194 1957 3257 perpetuo
2001 3183 2096 3237 de-

508 3290 672 3346 vincti
699 3287 979 3351 adulterio,
1008 3298 1108 3338 nec
1133 3282 1385 3351 baptizari
1409 3280 1637 3349 possint,
1666 3292 1767 3331 nec
1791 3273 2095 3345 ptenitendo

510 3380 725 3438 sanari?
772 3374 1038 3441 Numquid
1089 3380 1367 3442 propterea
1418 3385 1487 3424 ne
1535 3370 1637 3423 ista
1687 3367 2092 3422 homicidiorum

508 3476 710 3529 scelera
740 3477 1135 3541 perpetrentur,
1176 3463 1366 3519 dicturi
1397 3477 1601 3527 sumus,
1630 3477 1736 3515 non
1780 3475 1900 3515 esse
1943 3458 2097 3513 adul-

508 3567 663 3632 teria,
695 3562 985 3633 repudiatis
1019 3568 1213 3629 prmter
1245 3570 1460 3611 causam
1507 3553 1873 3609 fornicationis
1917 3550 2095 3605 uxori—

507 3658 630 3719 bus,
658 3656 757 3709 sibi
786 3655 983 3706 alteras
1009 3648 1298 3718 copulare?

578 3743 805 3800 CAPUT
849 3740 1009 3795 .\'V|l.
1046 3750 1115 3779 —‘-
1150 3738 1237 3791 18.
1292 3736 1681 3790 Incommodum
1729 3734 1874 3787 aliud
1920 3742 2094 3786 contra

510 3835 749 3890 Pollentii
782 3831 1096 3885 sententiam.
1127 3828 1244 3883 iam
1272 3842 1401 3882 vero
1427 3841 1495 3880 ex
1518 3826 1617 3879 hoc
1643 3824 1784 3894 quod
1815 3824 1957 3893 sapis
1988 3838 2092 3877 non

507 3941 630 3982 csse
657 3923 997 3986 adulterium,
1050 3920 1097 3974 si
1134 3919 1215 3973 vir
1260 3932 1483 3971 uxorem
1529 3931 1687 3971 causa
1733 3914 2095 3970 fornicationis

509 4017 784 4088 abjecerit,
807 4023 861 4069 et
886 4015 1106 4067 alteram
1136 4011 1381 4075 duxerit;
1411 4024 1589 4063 nonne
1615 4007 1890 4062 arbitraris
1904 4022 2097 4062 caven-

509 4110 655 4173 dum,
689 4123 757 4161 ne
785 4107 994 4160 discant
1020 4103 1119 4157 viri
1148 4117 1344 4157 uxores
1383 4116 1528 4168 suas,
1557 4116 1689 4169 quas
1714 4109 1931 4170 propter
1964 4100 2096 4155 alias

508 4195 927 4253 innumerabiles
966 4207 1155 4247 causas
1207 4191 1344 4245 ferre
1387 4208 1496 4245 non
1547 4199 1788 4260 possunt,
1840 4190 2094 4244 nitechari

505 4302 719 4358 cogere,
743 4295 800 4340 ut
824 4286 892 4339 ab
918 4284 998 4339 eis
1022 4283 1234 4337 vinculo
1260 4282 1521 4353 conjugali
1553 4297 1645 4351 per
1668 4280 2090 4347 fornicationem,

505 4382 647 4436 sicut
672 4386 843 4447 putas.
876 4377 1069 4441 soluto,
1098 4375 1254 4429 liccat
1283 4373 1361 4427 eis
1408 4373 1606 4427 alteras
1647 4372 1882 4438 ducere;
1933 4380 1987 4427 et
2029 4388 2092 4426 ex

507 4490 575 4531 eo
600 4473 738 4545 quod
769 4472 887 4528 illas
915 4469 1171 4525 mmehari
1196 4474 1503 4537 coegerunt,
1535 4474 1626 4520 aut
1654 4465 1978 4535 Baptismate
2003 4464 2096 4518 ab-

507 4566 604 4634 lui,
633 4576 725 4621 aut
751 4563 1061 4635 paenitendo
1089 4561 1285 4627 sanari,
1330 4559 1580 4630 quoniam
1612 4558 1716 4612 illis
1746 4566 1800 4612 et
1843 4557 2010 4627 gratia
2042 4566 2097 4611 et

508 4660 773 4718 medicina
805 4656 1083 4727 negabitur
1111 4652 1360 4724 quamdiu
1392 4667 1511 4706 cum
1540 4650 1798 4706 adulteris
1822 4651 2020 4715 vivent,
2049 4648 2094 4702 si

508 4752 775 4824 prioribus
804 4758 996 4821 prmter
1025 4762 1240 4802 causam
1289 4745 1658 4800 fornicationis
1700 4743 1990 4813 repudiatis
2016 4743 2095 4795 al-

508 4854 650 4901 teras
677 4843 961 4900 duxerint?
990 4841 1101 4895 Nisi
1128 4840 1262 4893 forte
1292 4838 1412 4907 quis
1440 4837 1602 4902 dicat,
1638 4836 1906 4890 neminem
1938 4849 2094 4905 posse

506 4954 727 4993 uxorem
755 4951 904 4990 suam
941 4930 1198 4989 maechari
1234 4930 1431 4995 facere,
1464 4929 1509 4983 si
1540 4928 1727 4998 pudica
1753 4935 1835 4981 est
1863 4944 1876 4981 :
1920 4935 1973 4980 et
2016 4935 2093 4980 ta-

508 5045 629 5084 men
677 5028 951 5091 Dominus,
1003 5023 1180 5078 Omnis
1221 5022 1308 5090 qui
1337 5020 1597 5084 dimiserit,
1650 5018 1839 5088 inquit,
1888 5033 2095 5071 uxorem

507 5136 674 5185 suam,
702 5128 882 5190 printer
904 5132 1109 5169 causam
1140 5113 1505 5186 fornicationis,
1551 5112 1673 5181 facit
1717 5128 1827 5165 eam
1856 5111 2093 5164 innec/tari

511 5210 724 5282 (Matth.
751 5226 802 5275 v,
827 5209 940 5277 55).
966 5207 1157 5275 Utique
1186 5212 1488 5273 propterea,
1520 5203 1641 5272 quia
1665 5217 1786 5257 cum
1831 5210 1975 5257 esset
1996 5218 2091 5271 pu-

507 5303 623 5357 dica
655 5317 774 5356 cum
804 5301 942 5362 viro;
990 5309 1165 5354 tamen
1209 5296 1427 5350 dimissa
1472 5296 1680 5363 cogitur
1728 5309 1821 5363 per
1868 5292 2091 5347 inconti-

509 5394 746 5449 nentiam
772 5393 896 5446 vivo
926 5394 1103 5460 priore
1127 5389 1282 5443 alteri
1308 5387 1567 5457 copulari,
1610 5394 1664 5440 et
1708 5386 1808 5441 hoc
1839 5394 1919 5441 est
1958 5400 2094 5441 maz-

510 5484 679 5540 chari.
713 5483 865 5551 Quod
894 5482 936 5536 si
971 5483 1071 5537 huc
1101 5481 1199 5535 ista
1227 5494 1331 5534 non
1357 5478 1563 5543 fecerit,
1597 5487 1773 5532 tamen
1804 5478 1890 5531 ille
1918 5492 2089 5546 quau-

511 5584 624 5631 tum
657 5576 710 5629 in
742 5576 856 5644 ipso
878 5582 959 5629 est
981 5572 1154 5628 facere
1189 5572 1472 5642 compulit;
1500 5568 1675 5625 ethoc
1699 5568 1747 5623 ei
1794 5568 1931 5623 Deus
1968 5583 2090 5637 pec-

510 5674 707 5727 catum,
739 5665 945 5718 etiamsi
990 5665 1075 5718 illa
1103 5671 1248 5719 casta
1276 5673 1604 5734 permaneat,
1641 5660 1918 5731 imputabit
1983 5658 2087 5714 Sed

574 5803 589 5834 ¹
627 5797 932 5850 Midiaclinus
951 5799 1125 5858 codex,
1141 5797 1376 5860 judicari.

1435 320 1522 377 DE
1558 317 1903 376 CONJUGIIS
1940 319 2417 392 ADULTERINIS,
2460 325 2515 380 S.
2560 327 2928 387 AUGUSTINI
3702 340 3805 401 434

2223 439 2345 508 quis
2369 442 2569 497 nesciat
2596 459 2752 513 quam
2783 447 2890 501 sint
2917 447 3222 516 rarissima),
3255 466 3372 520 qurc
3399 452 3468 506 ita
3499 456 3690 523 pudice
3730 464 3810 513 vi-

2222 544 2347 585 vant
2375 548 2494 587 cum
2524 536 2672 599 viris,
2707 545 2763 591 ut
2803 528 3012 594 etiamsi
3042 541 3109 594 ab
3138 542 3215 595 eis
3262 543 3619 613 dimittantur,
3666 552 3805 606 alios

2216 640 2321 679 non
2352 629 2664 695 requirant?
2692 630 3181 701 lncomparahiliter
3204 638 3398 706 quippe
3429 655 3680 698 numerus
3724 656 3812 701 est

2215 715 2442 783 amplior
2466 714 2813 787 feminarum,
2848 737 2967 789 qum
2995 738 3115 782 cum
3147 725 3333 793 pudice
3363 728 3671 785 adltmreaut
3698 750 3814 787 ma-

2212 806 2347 869 ritis,
2377 815 2555 861 tamen
2596 809 2641 862 si
2669 810 2903 865 dimissze
2943 812 3141 868 fuerint
3180 831 3209 868 a
3260 818 3480 883 maritis,
3519 837 3626 876 non
3659 823 3808 879 diffe-

2210 907 2338 950 runt
2367 898 2587 951 nubere.
2616 899 2749 954 Cum
2775 917 2902 971 ergo
2932 904 3256 960 crediderint
3281 906 3526 964 homines
3572 911 3804 969 Domino

2210 986 2424 1053 dicenti,
2456 987 2633 1042 Omnis
2656 992 2740 1060 qui
2769 992 3011 1046 dimiserit
3040 1010 3247 1048 uxorem
3269 1014 3433 1063 suam,
3460 1009 3640 1063 prater
3668 1019 3800 1056 cau-

2209 1093 2317 1129 sam
2347 1080 2716 1147 fornicationis,
2736 1084 2856 1151 facit
2879 1085 3282 1151 eammacchari;
3314 1088 3359 1140 si
3390 1089 3719 1145 crediderint
3750 1103 3805 1147 et

2212 1168 2304 1222 tibi
2333 1169 2551 1233 dicenti,
2566 1173 2787 1227 muliere
2808 1173 3101 1231 fornicante
3122 1177 3281 1233 licere
3301 1180 3415 1234 viro
3432 1181 3550 1251 ejus
3569 1184 3800 1239 alteram

2207 1259 2431 1326 ducere;
2464 1263 2701 1333 quisquis
2721 1266 2945 1320 voluerit
2970 1278 3187 1336 propter
3212 1271 3340 1324 alias
3368 1274 3633 1341 quaslibet
3657 1291 3783 1329 mo-

2208 1356 2389 1411 lestias
2400 1372 2581 1413 carere
2598 1375 2763 1415 uxore
2787 1362 2867 1415 cui
2882 1361 3097 1431 junctus
3112 1373 3213 1425 est,
3230 1366 3376 1433 prius
3395 1382 3512 1421 eam
3538 1370 3801 1423 moechari
3882 1416 3895 1427 .

2206 1446 2382 1513 faciat,
2432 1449 2547 1504 sine
2588 1451 2939 1507 fornicatione
2986 1454 3322 1521 dimittenda,
3369 1467 3424 1509 ut
3470 1467 3594 1512 tunc
3634 1460 3801 1514 ducat

2205 1538 2449 1605 alteram,
2480 1554 2599 1594 cum
2628 1540 2787 1595 fuerit
2813 1542 2902 1595 illa
2947 1544 3153 1597 mmcha
3184 1546 3429 1600 nubendo
3472 1566 3486 1601 :
3534 1563 3609 1602 ac.
3641 1551 3721 1603 sic
3769 1567 3799 1603 a

2205 1630 2383 1697 priore
2411 1641 2629 1699 peccato
2655 1648 2760 1701 quo
2788 1648 2905 1687 eam
2949 1634 3203 1689 mmehari
3243 1636 3382 1701 fecit,
3415 1638 3525 1693 sive
3563 1655 3656 1708 per
3695 1641 3801 1694 Ba-

2204 1720 2474 1787 ptismum,
2502 1720 2620 1775 sive
2649 1737 2744 1791 per
2790 1725 3157 1792 paenitentiam
3188 1727 3474 1794 liberatus,
3526 1729 3642 1784 sine
3695 1745 3798 1786 suo

2204 1808 2467 1863 adulterio
2488 1810 2584 1863 sibi
2605 1810 2800 1866 habere
2824 1814 3083 1880 videatur,
3104 1832 3260 1885 quam
3283 1828 3401 1887 post
3428 1820 3620 1888 prioris
3645 1821 3800 1875 adul-

2205 1899 2415 1963 terium,
2452 1909 2699 1968 tauquam
2729 1902 2852 1956 hinc
2892 1905 3066 1959 soluto
3105 1908 3428 1961 matrimonii
3456 1910 3684 1975 vinculo,
3715 1912 3796 1966 al—

2204 1998 2371 2045 teram
2398 1991 2626 2045 duxerit.
2657 1993 2809 2059 Quod
2837 1995 3050 2064 quidem
3082 1998 3127 2050 si
3163 1996 3325 2053 fuerit
3360 2000 3711 2067 machinatus,
3740 2014 3798 2058 et

2204 2096 2422 2135 uxorem
2450 2096 2598 2135 suam
2635 2084 2898 2139 moecham
2926 2085 3104 2152 faciet,
3134 2096 3189 2141 et
3231 2089 3344 2157 ipse
3389 2093 3629 2159 quamvis
3675 2102 3798 2161 post

2202 2172 2521 2229 adulterium
2566 2175 2805 2244 conjugis
2854 2178 3010 2231 aliam
3074 2179 3319 2234 ducendo
3358 2183 3598 2238 moechus
3646 2186 3792 2249 erit;

2203 2264 2442 2334 nihilque
2463 2265 2537 2319 illi
2568 2266 2803 2334 proderit
2831 2268 2973 2337 quod
3007 2269 3098 2323 tibi
3118 2270 3371 2336 credidit,
3403 2282 3457 2327 et
3484 2289 3586 2326 non
3619 2276 3665 2327 ei
3688 2291 3794 2344 po-

2205 2356 2309 2410 tius
2333 2356 2422 2425 qui
2452 2357 2597 2411 uullo
2622 2368 2845 2427 excepto
2870 2362 2963 2425 ait,
2997 2360 3176 2417 Omnis
3197 2365 3281 2431 qui
3308 2365 3559 2435 reliqugrit
3585 2382 3797 2421 uxorem

2202 2464 2366 2510 suam,
2395 2458 2439 2501 et
2459 2448 2615 2502 aliam
2630 2449 2853 2517 duxerit,
2882 2456 3159 2507 moechatur
3189 2455 3336 2525 (Luc.
3362 2474 3473 2521 xvi,
3500 2456 3609 2529 18).

2270 2544 2496 2600 CAPUT
2535 2545 2721 2601 XVIII.
2767 2578 2841 2588 —-
2879 2550 2967 2603 19.
3022 2548 3342 2605 Continentia
3405 2553 3651 2607 servanda
3702 2561 3797 2609 aut

2201 2638 2485 2706 conjugalis
2514 2648 2600 2691 aut
2628 2639 2971 2693 excellentior.
3018 2642 3223 2706 Quibus
3265 2644 3513 2699 omnibus
3542 2645 3798 2699 conside-

2200 2726 2329 2779 ratis
2356 2737 2514 2796 atque
2545 2730 2800 2793 tractatis,
2833 2740 3001 2785 restat
3028 2742 3086 2785 ut
3109 2734 3177 2787 ab
3204 2734 3282 2787 eis
3306 2735 3397 2804 qui
3427 2734 3538 2788 haec
3567 2735 3799 2791 fideliter

2200 2819 2441 2886 audiunt,
2469 2820 2677 2874 dicatur
2707 2821 2863 2877 nobis
2884 2823 3023 2892 quod
3065 2825 3289 2879 Domino
3326 2826 3524 2880 dictum
3571 2837 3651 2881 est
3684 2844 3698 2881 :
3733 2827 3798 2881 Si

2201 2909 2317 2964 talis
2341 2920 2589 2965 estcausa
2631 2928 2745 2964 cum
2781 2930 2957 2979 uxore,
2991 2930 3093 2968 non
3120 2916 3318 2979 expedit
3350 2916 3553 2971 nubere.
3585 2916 3796 2982 Quibus

2199 3011 2256 3058 et
2283 3017 2381 3057 nos
2406 3002 2532 3073 quid
2563 3004 3000 3073 respondeamus,
3023 3006 3123 3060 nisi
3153 3008 3292 3076 quod
3334 3008 3447 3076 ipse
3472 3008 3796 3076 respondit?

2201 3095 2324 3150 Non
2352 3114 2521 3151 omnes
2550 3099 2759 3167 capiunt
2786 3099 2987 3152 verbum
3013 3100 3126 3164 hoc,
3156 3101 3243 3154 sed
3269 3102 3446 3167 quibus
3486 3102 3661 3154 datum
3691 3113 3794 3156 est.

2200 3188 2334 3244 Sunt
2359 3189 2490 3243 enim
2517 3190 2731 3242 eunuchi
2760 3192 2847 3259 qui
2885 3191 2948 3243 de
2972 3193 3152 3247 matris
3181 3202 3321 3247 utero
3340 3193 3411 3245 sic
3434 3193 3537 3245 nati
3556 3203 3714 3256 sunt;
3746 3203 3797 3249 et

2199 3287 2315 3333 sunt
2339 3280 2555 3333 eunuchi
2574 3280 2657 3350 qui
2685 3282 2807 3351 facti
2833 3290 2947 3334 sunt
2968 3282 3029 3334 ab
3058 3283 3381 3346 hominibus;
3409 3292 3452 3336 et
3478 3291 3595 3336 sunt
3621 3300 3793 3337 eunu-

2197 3370 2281 3424 chi
2308 3372 2395 3437 qui
2419 3388 2472 3426 se
2511 3373 2648 3441 ipsos
2678 3383 3020 3428 castrauerunt
3050 3387 3254 3445 prapter
3282 3393 3492 3447 regnum
3520 3379 3787 3432 caelorum.

2203 3462 2304 3529 Qui
2332 3471 2491 3532 potest
2534 3479 2729 3535 capere,
2760 3467 2927 3534 capiat
2964 3465 3179 3537 (Matth.
3223 3484 3340 3532 xu,
3376 3468 3593 3539 10-12).
3641 3469 3787 3540 Ergo

2198 3556 2285 3624 qui
2315 3563 2488 3622 potest
2512 3557 2703 3625 capiat,
2752 3557 2893 3625 quod
2937 3573 3041 3613 non
3072 3574 3259 3615 omnes
3287 3562 3519 3628 capiunt.
3554 3562 3795 3617 Possunt

2196 3652 2373 3699 autem
2404 3660 2596 3714 capere
2631 3646 2685 3699 bi
2711 3648 2904 3717 quibus
2927 3648 3028 3704 hoc
3054 3658 3271 3718 praestat
3301 3650 3396 3704 Dei
3422 3652 3791 3706 misericordia

2197 3736 2426 3800 occulta,
2455 3737 2549 3790 sed
2578 3738 2719 3807 justa
2746 3740 2786 3792 ¹.
2812 3740 2919 3794 Sed
2956 3741 3010 3793 in
3033 3742 3114 3794 his
3135 3741 3379 3796 omnibus
3425 3743 3512 3811 qui
3552 3757 3611 3797 se
3644 3743 3793 3811 ipsos

2198 3836 2570 3881 eastraverunt
2609 3838 2826 3897 propter
2850 3846 3071 3901 regnum
3102 3833 3380 3897 caelorum,
3428 3834 3515 3887 alii
3540 3842 3664 3888 sunt
3694 3837 3791 3904 qui

2200 3920 2250 3973 in
2281 3927 2507 3989 utroque
2537 3934 2666 3974 sexu
2696 3924 3032 3979 concubitum
3061 3926 3323 3991 nesciunt,
3347 3926 3433 3979 alii
3458 3929 3546 3996 qui
3575 3927 3789 3997 experti

2198 4022 2253 4068 et
2280 4016 2452 4070 aversi
2477 4025 2620 4083 sunt,
2652 4017 2842 4086 partim
2864 4017 3077 4085 quidem
3108 4019 3307 4084 iilicite,
3335 4020 3526 4088 partim
3548 4034 3677 4074 vero
3718 4020 3789 4073 li-

2200 4106 2305 4160 cite
2329 4108 2554 4176 experti.
2581 4108 2746 4161 Porro
2777 4108 2827 4161 in
2860 4107 2943 4161 his
2969 4110 3055 4177 qui
3084 4109 3224 4164 licite
3250 4111 3453 4177 experti
3488 4118 3631 4171 sunt,
3665 4110 3792 4179 qui-

2197 4195 2319 4249 dam
2346 4206 2470 4250 sunt
2487 4198 2575 4265 qui
2603 4212 2707 4250 non
2734 4198 2834 4251 nisi
2858 4199 3021 4261 licite,
3040 4199 3252 4267 quidam
3268 4207 3323 4254 et
3344 4200 3521 4255 illicite
3539 4209 3592 4255 et
3616 4200 3789 4261 licite,

2197 4286 2333 4342 Sunt
2369 4287 2566 4357 quippe
2590 4288 2644 4341 in
2671 4288 2749 4342 eis
2777 4289 2868 4358 qui
2923 4289 3164 4359 conjugia
3200 4305 3294 4343 sua
3341 4300 3543 4345 tantum
3571 4290 3789 4356 sciunt;

2198 4386 2324 4431 sunt
2347 4388 2525 4431 autem
2558 4379 2646 4447 qui
2693 4389 2747 4433 et
2791 4380 2922 4434 alias
2950 4379 3175 4436 feminas
3216 4396 3280 4436 ac
3304 4391 3493 4450 stupra
3513 4369 3788 4451 quaslibet.

2199 4468 2304 4524 Sed
2328 4470 2415 4538 qui
2445 4478 2563 4537 post
2588 4470 2926 4524 concubitum
2955 4470 3238 4541 eonjugum
3280 4486 3341 4526 se
3369 4472 3512 4542 ipsos
3546 4482 3794 4528 castraut

2199 4570 2416 4631 propter
2436 4576 2658 4630 regnum
2682 4562 2962 4628 caelorum,
2991 4572 3082 4618 aut
3109 4573 3279 4619 morte
3306 4566 3556 4620 amittunt
3591 4565 3793 4635 conju-

2197 4669 2311 4725 ges,
2340 4662 2431 4707 aut
2458 4668 2523 4707 ex
2552 4668 2815 4709 consensu
2841 4670 2962 4709 cum
2996 4654 3072 4709 eis
3119 4656 3499 4711 continentiam
3526 4656 3793 4726 profiten-

2200 4754 2318 4809 tur;
2362 4753 2453 4799 aut
2491 4759 2555 4799 ex
2589 4745 2906 4801 necessitate
2933 4746 3302 4813 divortiorum,
3332 4763 3400 4802 ne
3440 4750 3573 4802 vivis
3599 4748 3793 4818 conju-

2196 4837 2350 4907 gibus
2377 4851 2434 4889 se
2461 4836 2580 4890 aliis
2603 4835 2899 4904 copulando
2921 4837 3178 4892 adulteria
3203 4847 3527 4907 perpetrent,
3551 4848 3793 4893 castraut

2199 4942 2259 4981 se
2287 4928 2429 4996 ipsos
2473 4935 2691 4996 propter
2719 4942 2939 4995 regnum
2983 4928 3262 4994 cmlurum,
3295 4944 3400 4983 non
3446 4929 3791 4984 ut’elariores

2199 5018 2268 5071 ibi
2309 5032 2428 5072 esse
2469 5018 2710 5085 possint.
2747 5017 2841 5071 sed
2894 5018 3036 5087 quod
3088 5020 3245 5073 aliter
3274 5019 3347 5073 ibi
3375 5035 3495 5074 esse
3524 5036 3630 5074 non
3657 5036 3791 5089 pos-

2197 5109 2301 5163 sint
2327 5125 2341 5162 :
2369 5123 2493 5161 nam
2513 5108 2603 5175 qui
2633 5124 2738 5162 non
2779 5108 2879 5163 ista
2905 5111 3222 5165 necessitate
3249 5126 3309 5165 se
3337 5112 3646 5176 continent,
3689 5113 3792 5170 sed

2198 5200 2323 5255 boni
2374 5200 2698 5268 appetitione
2747 5200 3006 5266 melioris,
3063 5210 3283 5272 possent
3323 5202 3393 5257 ibi
3454 5217 3575 5258 esse
3624 5204 3791 5258 etiam

2196 5304 2407 5349 servata
2450 5292 2702 5363 pudicitia
2769 5293 3071 5364 conjugali,
3136 5295 3380 5365 quamvis
3428 5295 3479 5348 iu
3550 5297 3794 5364 prmmiis

2198 5386 2530 5449 minoribus,
2593 5392 2768 5439 tamen
2833 5386 2991 5439 intus.
3058 5384 3157 5452 Qui
3206 5402 3335 5441 vero
3391 5397 3670 5456 propterea
3732 5402 3795 5442 se

2201 5478 2475 5532 continent
2507 5518 2521 5540 ,
2567 5477 2688 5547 quia
2736 5477 3000 5547 prioribus
3052 5477 3365 5548 conjugibus
3404 5479 3539 5533 vivis
3598 5481 3794 5534 timent

2197 5569 2318 5624 aliis
2345 5568 2641 5638 conjugari,
2688 5569 2944 5638 majorem
2993 5584 3173 5623 curam
3224 5568 3421 5624 debent
3460 5585 3650 5639 gerere
3690 5586 3795 5639 pro

2197 5660 2387 5723 salute,
2419 5674 2576 5728 quam
2601 5666 2881 5728 gesserunt
2923 5658 3000 5713 illi
3030 5674 3059 5711 a
3092 5658 3284 5728 quibus
3315 5659 3643 5714 continentia
3687 5675 3792 5731 pro

2271 5795 2284 5823 ¹
2322 5802 2429 5841 Lov.
2449 5796 2534 5841 sed
2550 5807 2641 5845 non
2663 5794 2858 5852 iniusta.
2883 5795 2998 5845 mliti
3020 5796 3098 5845 alii
3124 5803 3174 5847 et
3196 5804 3325 5858 Mss,
3346 5795 3599 5857 scdjusta.
