4070 6334
250 337 360 396 ‘85

250 465 477 509 munere
492 449 705 506 delecta
732 458 815 505 est
839 448 852 480 ί
885 449 1025 519 aatpl
1049 463 1163 504 ore.
1186 449 1333 504 Tune
1361 451 1551 519 quippe
1576 450 1645 504 ibi
1666 460 1842 515 erunt,

263 541 541 597 siadulteri
567 558 675 595 non
694 551 867 596 erunt.
897 540 951 597 Si
975 552 1277 596 autemnon
1298 542 1592 609 continent,
1622 544 1844 599 adulteri

265 644 441 697 erunt;
473 634 598 703 quia
628 634 929 687 viventibus
956 633 1270 703 conjugibus
1300 634 1555 701 pristinis,
1583 651 1685 688 non
1713 650 1844 689 con—

261 725 461 795 jugibus
500 724 716 788 alteris,
759 730 855 778 sed
902 723 1162 780 adulteris
1199 724 1564 779 adharrebunt.
1612 724 1679 778 Et
1722 726 1765 777 si
1814 741 1844 779 a

266 831 420 886 regno
446 816 711 872 caelorum
744 816 988 879 aberunt,
1022 816 1109 870 ubi
1134 826 1308 883 erunt,
1332 816 1435 870 nisi
1462 816 1549 871 ubi
1574 816 1707 871 Salvi
1736 832 1846 872 non

260 906 447 961 erunt?

322 997 549 1053 CAPUT
574 996 880 1051 XIX—20.
901 996 1148 1068 Conjngcs
1164 998 1376 1051 divortio
1394 1006 1652 1064 separatos
1669 1014 1700 1049 α
1720 1014 1843 1051 con-

251 1091 454 1162 jugibus
480 1092 716 1142 hortatur
728 1089 797 1141 ad
810 1090 1188 1143 continentiam.
1213 1088 1321 1142 Hos
1339 1088 1497 1158 igitur
1513 1088 1770 1158 alloquor,
1791 1095 1848 1142 ut

254 1182 392 1251 quod
438 1180 615 1236 facere
638 1180 932 1248 deberent,
963 1182 1007 1235 si
1040 1180 1297 1235 haberent
1324 1181 1574 1250 eonjnges
1595 1180 1844 1234 diuturno

262 1275 520 1342 languore
546 1281 958 1337 marcescentes,
991 1271 1076 1326 vel
1103 1272 1222 1326 loco
1245 1272 1346 1324 sibi
1370 1270 1717 1325 inaccessibili
1748 1270 1843 1323 ab-

250 1374 446 1428 sentes,
462 1363 548 1417 vel
566 1363 902 1417 animositate
926 1363 1102 1417 illicita
1122 1362 1456 1416 continentes
1476 1379 1489 1427 ;
1510 1362 1612 1415 hoc
1629 1360 1840 1426 faciant,

251 1454 287 1507 si
318 1453 602 1508 habuerint
629 1454 882 1524 conjuges
901 1453 1193 1507 adulterina
1232 1453 1594 1521 inquinatione
1622 1450 1843 1505 sorden-

252 1553 349 1611 tes,
372 1553 426 1599 et
445 1554 662 1613 prepter
684 1543 786 1598 hoc
808 1560 839 1598 a
866 1559 962 1597 suo
982 1543 1610 1597 consortiodivortiantes
1636 1543 1655 1573 ³
1693 1560 1706 1596 :
1737 1558 1840 1596 non

249 1637 349 1689 alia
385 1644 631 1705 qumrant
674 1634 936 1703 e0njngia,
958 1634 1076 1702 quia
1123 1648 1226 1686 non
1269 1642 1425 1687 erunt
1451 1634 1712 1703 conjugia,
1746 1634 1841 1688 sed

249 1727 526 1781 adulteria.
544 1727 675 1780 Cum
701 1727 844 1780 enim
872 1740 964 1794 par
984 1723 1155 1778 forma
1183 1725 1317 1778 sitin
1336 1724 1434 1778 hoc
1457 1725 1662 1779 vinculo
1676 1724 1772 1778 viri
1789 1733 1842 1778 ct

248 1818 452 1879 uxoris,
467 1818 605 1871 sicut
622 1832 755 1871 uxor
771 1817 959 1870 vivente
972 1816 1076 1869 viro
1094 1815 1349 1869 vocabitur
1365 1814 1613 1880 adultera,
1630 1815 1675 1868 si
1690 1816 1841 1885 fuerit

248 1928 358 1962 tum
379 1910 480 1962 alio
504 1910 608 1961 viro
634 1908 808 1979 (Rom.
826 1923 918 1971 vn,
945 1906 996 1979 5)
1022 1923 1035 1971 ;
1056 1906 1125 1959 ita
1147 1915 1200 1960 et
1218 1906 1297 1959 vir
1318 1908 1523 1959 vivente
1552 1920 1717 1960 uxore
1744 1921 1840 1959 vo-

246 2002 453 2054 mbitur
475 2001 705 2067 adulter,
754 1999 797 2052 si
830 1997 986 2052 fuerit
1011 2014 1131 2051 cum
1161 1998 1262 2051 alia
1285 1999 1525 2052 muliere.
1554 1997 1671 2051 Etsi
1697 1999 1838 2053 enim

247 2095 460 2163 gravius
486 2093 575 2161 qui
606 2100 804 2162 printer
827 2106 1038 2146 causam
1063 2089 1447 2153 fornicationis,
1474 2092 1634 2145 omnis
1660 2099 1837 2146 tamen

245 2185 333 2255 qui
358 2184 594 2237 dimiserit
623 2200 832 2236 uxorem
862 2198 1025 2250 suam,
1048 2191 1091 2235 ct
1113 2181 1268 2235 aliam
1289 2180 1511 2246 duxerit,
1537 2182 1834 2237 mwchatur.

246 2278 366 2330 Non
419 2292 509 2330 eos
556 2283 752 2331 terreat
792 2276 997 2329 sarcina
1047 2274 1424 2329 continentiae:
1457 2272 1589 2328 levis
1627 2274 1746 2339 erit,
1793 2273 1839 2328 si

245 2367 439 2421 Christi
466 2367 593 2451 erit;
620 2364 826 2420 Christi
851 2365 972 2431 erit,
1001 2366 1045 2417 si
1070 2364 1201 2418 fides
1225 2362 1415 2429 aderit,
1446 2378 1563 2433 qua:
1586 2364 1838 2431 impetrat

246 2476 269 2510 a
294 2459 518 2528 jubente
548 2458 688 2528 quod
714 2458 956 2527 jusserit.
986 2455 1103 2510 Non
1132 2470 1226 2511 eos
1256 2453 1486 2524 frangat,
1518 2453 1659 2525 quod
1686 2454 1837 2509 vide-

248 2561 330 2603 tur
358 2564 544 2603 eorum
573 2548 896 2602 continentia
923 2546 1257 2601 necessitatis
1283 2560 1421 2611 esse,
1452 2560 1559 2600 non
1589 2545 1837 2599 volunta-

248 2642 311 2693 tis
337 2658 351 2691 :
375 2640 500 2708 quia
526 2639 676 2693 etilli
702 2639 789 2707 qui
812 2654 927 2691 eam
954 2638 1223 2691 voluntate
1244 2635 1575 2707 delegerunt,
1600 2636 1838 2691 fecerunt

245 2745 361 2784 eam
385 2744 507 2783 esse
534 2728 905 2792 necessitatis;
933 2727 1184 2798 quoniam
1209 2726 1319 2796 jam
1348 2727 1464 2782 sine
1497 2727 1836 2784 damnatione

245 2823 308 2876 ab
337 2822 422 2876 illa
450 2821 672 2875 deviare
697 2836 799 2874 non
824 2829 1043 2891 possunt
1071 2837 1084 2873 :
1115 2827 1170 2874 et
1192 2820 1281 2891 qui
1302 2820 1356 2874 in
1381 2835 1499 2875 eam
1520 2821 1836 2877 necessitate

246 2913 477 2967 contrusi
506 2920 650 2977 sunt,
675 2910 872 2965 faciunt
898 2927 1013 2966 eam
1028 2925 1146 2965 esse
1167 2910 1470 2977 voluntatis,
1490 2911 1536 2965 si
1561 2927 1667 2966 non
1694 2910 1762 2967 de
1778 2927 1837 2968 se

247 3006 392 3076 ipsis,
421 3005 515 3059 sed
542 3005 610 3059 de
640 3005 733 3058 illo
760 3020 789 3057 a
815 3020 921 3074 quo
941 3013 1021 3059 est
1044 3004 1237 3058 bonum
1260 3019 1417 3059 omne
1441 3004 1733 3060 conﬁdunt.
1755 3003 1836 3061 Illi

245 3096 307 3151 ad
333 3112 451 3151 eam
482 3094 911 3150 conscenderunt
938 3110 1095 3149 causa
1125 3095 1341 3165 majoris
1381 3095 1597 3165 εἰσι-ἰεῦ,
1628 3103 1690 3150 ut
1733 3096 1833 3151 ali~

246 3189 369 3258 quid
392 3188 621 3257 amplius
642 3187 971 3251 invenirent;
1001 3186 1086 3241 isti
1107 3186 1173 3240 ad
1195 3202 1310 3241 eam
1331 3184 1686 3257 confugerunt
1705 3202 1835 3244 cura

247 3278 431 3333 salutis
458 3279 795 3343 novissimae,
826 3293 893 3331 ne
918 3276 1154 3349 perirent
1183 3295 1195 3330 :
1226 3277 1435 3345 utrique
1466 3288 1831 3347 permaneant,

246 3373 452 3442 utrique
482 3372 534 3425 in
566 3370 707 3441 quod
749 3378 1104 3440 pervenerunt
1142 3369 1415 3423 ambulent
1458 3385 1624 3439 usque
1669 3371 1720 3424 in
1765 3370 1831 3425 ﬁ-

248 3480 365 3519 nem
388 3507 403 3532 ,
433 3464 679 3519 ferveant
708 3462 896 3517 studiis
920 3502 934 3529 ,
982 3462 1280 3533 supplicent
1322 3462 1460 3516 votis
1496 3462 1617 3533 quia
1648 3471 1701 3517 et
1728 3462 1833 3519 illis

247 3558 386 3613 salus
411 3556 693 3627 cogitanda
718 3565 829 3620 est,
864 3563 923 3609 ut
966 3554 1033 3609 ab
1071 3570 1135 3608 eo
1171 3552 1314 3625 quod
1341 3553 1588 3609 voluntas
1612 3555 1834 3625 arripuit

247 3649 435 3704 cadere
468 3650 724 3712 timeant;
755 3656 809 3701 et
838 3646 955 3701 istis
979 3645 1147 3717 gloria
1170 3645 1499 3717 desperanda
1530 3661 1635 3701 non
1661 3655 1762 3713 est,
1786 3648 1830 3702 si

248 3739 297 3792 in
339 3755 402 3793 eo
429 3738 573 3810 quod
607 3738 900 3793 necessitas
949 3736 1158 3804 intulit,
1202 3738 1487 3807 persistere
1528 3737 1827 3809 deligant’.

251 3831 381 3885 Fieri
410 3831 553 3885 enim
596 3838 768 3900 potest
797 3838 858 3883 ut
898 3829 1011 3884 Deo
1040 3837 1273 3884 terrente
1312 3838 1365 3884 et
1392 3828 1639 3884 hortante
1659 3872 1675 3896 ,
1703 3844 1832 3885 con-

249 3931 482 3975 vertente
531 3931 589 3974 et
631 3920 906 3992 implente,
964 3919 1223 3974 humanus
1274 3920 1326 3974 in
1375 3920 1569 3975 melius
1597 3930 1829 3975 mutetur

250 4012 502 4079 affectus;
533 4022 693 4083 atque
724 4013 792 4066 ita
820 4021 1045 4067 voveant
1071 4013 1186 4067 sine
1216 4012 1475 4082 coniugiis
1505 4021 1559 4067 et
1580 4014 1696 4068 sine
1723 4014 1830 4069 ullo

246 4102 525 4156 concubitu
554 4112 712 4173 atque
742 4102 1013 4157 immttnda
1044 4102 1276 4157 libidinis
1315 4104 1682 4158 attrectationc
1708 4120 1830 4175 per-

246 4196 674 4249 severantissime
701 4194 878 4249 vivere
902 4236 917 4262 ,
964 4202 1023 4248 ut
1064 4195 1273 4251 etiamsi
1314 4204 1555 4267 separata
1586 4196 1827 4267 conjugia

248 4286 415 4339 locum
446 4286 677 4341 ducendi
705 4285 836 4340 alias
874 4285 1151 4341 moriendo
1181 4288 1521 4357 aperuerint,
1553 4288 1829 4342 claudatur

249 4392 306 4429 ex
338 4386 461 4431 voto
487 4376 628 4447 quod
661 4386 804 4447 patet
834 4392 897 4432 ex
924 4378 1089 4444 licito,
1123 4388 1175 4432 et
1203 4378 1342 4448 quod
1370 4389 1484 4434 erat
1513 4382 1827 4436 necessitate

248 4478 495 4536 (ceptum,
529 4467 622 4521 ﬁat
651 4468 911 4524 charitate
939 4468 1252 4539 perfectum.
1280 4470 1494 4525 Talibus
1515 4474 1748 4541 profecto
1775 4473 1827 4527 id

251 4560 583 4625 retribuetur,
613 4558 753 4628 quod
782 4559 883 4613 illis
901 4560 991 4630 qui
1014 4560 1097 4615 vel
1124 4562 1239 4631 pari
1265 4576 1530 4617 consensu
1551 4579 1670 4618 cum
1694 4580 1824 4619 con-

250 4648 445 4720 jugibus
495 4651 601 4707 hoc
654 4662 943 4721 voverunt,
990 4654 1071 4708 vel
1120 4654 1277 4708 nullis
1323 4654 1579 4726 eonjugiis
1626 4658 1825 4727 alligati

255 4753 454 4812 propter
476 4743 647 4813 majus
674 4743 869 4797 bonum
890 4746 1271 4799 continentiam
1293 4745 1619 4815 delegerunt.
1649 4748 1703 4802 Si
1734 4765 1827 4803 au-

253 4841 345 4886 tem
374 4834 443 4887 ita
474 4848 536 4889 se
569 4834 889 4900 continent,
934 4845 993 4889 ut
1037 4836 1081 4889 si
1124 4835 1418 4890 moriantur
1455 4852 1676 4906 quarum
1719 4839 1823 4894 vita

252 4926 508 4997 conjugari
540 4926 906 4996 impediuntur
928 4968 944 4996 ,
974 4929 1105 4983 alias
1132 4929 1328 4983 dueere
1356 4929 1618 4998 cogitent;
1654 4929 1827 4998 prole-

251 5028 325 5071 cto
362 5020 575 5073 etiamsi
609 5020 753 5089 prius
783 5019 882 5090 ipsi
922 5020 976 5076 in
1023 5022 1111 5076 tali
1152 5022 1475 5076 continentia
1508 5021 1573 5077 de
1599 5038 1823 5093 corpore

250 5109 548 5178 abscedant,
578 5128 684 5167 non
714 5114 792 5167 eis
818 5114 1103 5184 imputatur
1134 5114 1235 5169 nisi
1264 5114 1327 5169 ad
1354 5114 1657 5183 pudicitiam
1688 5130 1817 5169 cono

248 5198 462 5270 iugalem
491 5243 506 5265 ,
536 5210 754 5272 propter
782 5218 938 5272 quam
971 5219 1074 5258 non
1108 5203 1305 5258 faciunt
1333 5204 1474 5274 quod
1506 5203 1739 5259 facerent
1777 5206 1821 5259 si

248 5288 440 5347 liceret.
495 5292 608 5346 Hac
654 5293 850 5363 quippe
896 5293 1188 5349 intentione
1234 5295 1568 5351 continenter
1604 5296 1819 5361 vivere,

247 5393 418 5449 parum
448 5392 535 5436 est
574 5380 640 5436 ad
671 5383 974 5452 accipienda
1018 5384 1158 5439 illius
1188 5401 1305 5454 quae
1345 5385 1563 5439 liberius
1610 5385 1821 5456 eligitur

245 5472 576 5528 continentiae
609 5476 822 5543 praemia
849 5517 864 5541 ,
910 5475 1004 5531 sed
1046 5474 1244 5531 sufﬁcit
1281 5476 1346 5530 ad
1389 5477 1621 5532 cavenda
1665 5477 1818 5531 adul-

248 5565 385 5619 teria.

300 5678 315 5707 ⁸
349 5683 421 5725 Er.
448 5685 499 5727 et
521 5685 650 5737 Mss,
677 5676 855 5728 dilecta
875 5685 962 5730 est.

299 5739 319 5770 ’
349 5746 398 5786 In
421 5748 545 5798 Mss,
573 5739 893 5789 diwrtientes.

300 5798 320 5832 ³
350 5806 423 5850 tr.
447 5810 499 5851 et
520 5809 652 5862 £55.,
673 5800 891 5863 diligam.

1602 336 1802 392 LIBER
1840 336 2209 395 SECUNDUS.

3436 353 3545 413 488

2024 452 2247 508 CAPUT
2275 453 2554 512 XX.-—-2l.
2584 457 2688 513 Viri
2717 461 3003 516 mulieribus
3017 466 3256 532 prwirein
3281 471 3528 538 pudicitia

1954 542 2148 596 debent.
2173 544 2539 600 Conlinrntiam
2558 548 2849 604 clericorum
2859 554 3094 621 quielccti
3114 567 3227 609 sunt
3254 559 3391 613 inviti
3410 579 3530 632 pro-

1953 633 2091 702 ponit
2120 635 2235 687 viris
2265 635 2544 690 nolentibus
2569 639 2620 692 in
2647 640 2859 694 divortio
2892 660 2945 695 se
2970 644 3239 698 continere.
3280 649 3403 704 llatc
3429 667 3530 705 au-

1953 729 2058 777 tem
2081 738 2166 779 me
2184 724 2252 777 de
2276 736 2498 796 utroque
2513 744 2643 783 sexu
2657 732 2961 787 memineris
2978 733 3275 799 dicere,sed
3298 741 3527 796 maxime

1952 823 2170 881 propter
2184 816 2347 880 viros,
2366 821 2453 886 qui
2473 831 2751 887 propterea
2773 837 2830 876 se
2854 822 3061 878 feminis
3082 828 3385 895 superiores
3406 846 3524 885 esse

1949 905 2289 973 arbitrantur,
2317 924 2383 962 ne
2410 910 2656 977 pudicitia
2676 928 2828 981 pares
2855 930 2973 969 esse
2997 917 3280 986 dignentur
3306 937 3317 971 :
3351 920 3403 973 in
3425 938 3526 988 qua

1950 1002 2106 1055 etiam
2126 1004 2315 1072 przeire
2330 1002 2708 1068 debuerunt,ut
2728 1020 2821 1061 eos
2848 1006 2951 1059 illa:
2977 1015 3224 1077 tanquam
3244 1024 3335 1063 sua
3353 1013 3529 1081 capita

1950 1103 2315 1162 sequerentur.
2340 1095 2563 1162 Quando
2592 1106 2765 1151 autem
2795 1099 2877 1153 lex
2898 1100 3139 1168 prohibet
3173 1103 3452 1170 adulteria,
3476 1109 3519 1158 si

1950 1186 2171 1239 obtentu
2201 1186 2595 1243 ὶιιοοιιιὶιιθιιιίω
2620 1189 2848 1244 carnalis
2872 1192 3189 1246 inﬁrmitatis
3215 1195 3531 1250 admittatur

1948 1275 2253 1337 excusatio,
2283 1278 2463 1331 multis
2495 1278 2593 1331 sub
2635 1280 2847 1334 nomine
2874 1281 3018 1334 falsa:
3046 1282 3370 1351 impunitatis
3398 1301 3520 1353 per—

1952 1367 2112 1419 eundi
2145 1368 2382 1436 aperitur
2419 1369 2648 1423 occasio.
2676 1370 2859 1440 Neque
2884 1373 3023 1425 enim
3050 1389 3264 1427 carnem
3294 1390 3396 1428 non
3429 1376 3525 1429 had

1948 1456 2075 1512 bent
2114 1458 2357 1526 feminae,
2391 1461 2583 1532 quibus
2610 1463 2705 1516 viri
2736 1465 2935 1533 aliquid
2974 1466 3076 1519 tale
3112 1468 3296 1520 nolunt
3327 1468 3486 1522 licere
3507 1509 3521 1531 ,

1946 1552 2096 1621 quasi
2132 1551 2229 1618 eis,
2259 1554 2381 1622 quia
2410 1554 2507 1609 viri
2536 1565 2678 1621 sunt,
2710 1555 2882 1610 liceat.
2914 1557 3016 1611 Sed
3046 1559 3183 1611 absit
3211 1569 3266 1612 ut
3293 1556 3525 1613 melioris

1946 1656 2104 1697 sexus
2133 1644 2148 1674 ¹
2182 1652 2430 1713 tanquam
2453 1644 2644 1699 honori
2675 1646 2953 1714 debeatur,
2974 1649 3113 1717 quod
3138 1649 3322 1717 pudori
3350 1651 3527 1704 detra-

1947 1731 2124 1799 hitur;
2156 1749 2275 1787 cum
2308 1734 2477 1789 honor
2513 1736 2687 1805 justus
2724 1738 2924 1802 virtuti,
2964 1755 3067 1791 non
3092 1740 3219 1792 vitio
3248 1741 3525 1795 debeatur.

1944 1821 2195 1888 Quinimo
2236 1839 2356 1878 cum
2401 1841 2430 1879 a
2461 1826 2672 1881 feminis
2702 1828 2881 1897 utique
2929 1828 3243 1883 habentibus
3273 1847 3523 1894 carnem,

1947 1921 2144 1967 tantam
2180 1914 2414 1985 flagitant
2446 1921 2777 1985 castitatem,
2830 1929 2886 1973 ut
2924 1920 3135 1987 quando
3170 1920 3237 1973 ab
3274 1923 3525 1975 uxorilus

1944 2002 2240 2060 diutissime
2290 2009 2730 2077 peregrinantur,
2779 2010 2940 2063 velint
2982 2025 3074 2065 eas
3120 2011 3187 2065 ab
3230 2012 3526 2069 adulterino

1943 2098 2227 2151 concubitu
2256 2098 2701 2156 incontaminatas
2728 2100 2990 2157 fervorem
3014 2105 3303 2175 transigere
3326 2105 3524 2176 juvenc

1946 2188 2071 2241 tutis
2105 2187 2189 2259 (et
2218 2190 2457 2259 plurima:
2500 2191 2839 2261 pudicissime
2872 2196 3185 2265 transigunt,
3217 2206 3271 2251 et
3295 2198 3525 2253 maxime

1943 2278 2117 2350 Syrac,
2149 2296 2373 2351 quarum
2392 2283 2569 2336 mariti
2595 2284 2899 2353 negotiandi
2926 2287 3217 2353 quaastibus
3259 2291 3531 2359 occupati,

1937 2372 2164 2440 juvenes
2190 2371 2615 2428 adolescentulos
2635 2374 2909 2442 deserunt,
2940 2385 2993 2431 et
3017 2378 3100 2430 vix
3127 2378 3412 2447 aliquando
3437 2394 3529 2434 se-

1941 2476 2041 2516 nes
2066 2461 2134 2517 ad
2154 2463 2390 2518 aniculas
2412 2467 2782 2537 revertuntur)
2810 2482 2825 2530 ;
2849 2482 2913 2521 eo
2943 2469 3055 2537 ipso
3080 2470 3375 2523 evidentius
3400 2486 3530 2526 con-

1940 2545 2224 2601 vincuntur
2263 2562 2369 2601 non
2411 2564 2530 2603 esse
2575 2548 2904 2619 impossibile
2943 2552 3082 2621 quod
3122 2568 3180 2607 se
3224 2570 3328 2608 non
3368 2570 3530 2622 posse

1942 2650 2254 2695 causantur.
2298 2639 2354 2695 Si
2381 2640 2520 2695 enim
2564 2640 2667 2696 hoc
2697 2658 2801 2698 non
2844 2656 3019 2713 posset
3048 2645 3324 2700 infirmitas
3358 2646 3530 2701 homi-

1943 2745 2071 2785 num
2093 2772 2108 2798 ,
2140 2732 2308 2787 multo
2346 2732 2522 2788 minus
2550 2732 2601 2787 id
2631 2743 2809 2803 posset
2837 2750 2997 2790 sexus
3027 2737 3284 2792 inﬁrmior
3306 2736 3525 2794 femina-

1939 2836 2080 2877 rum.

2008 2912 2096 2966 22.
2131 2912 2284 2970 Unde
2307 2914 2437 2970 istos
2467 2916 2553 2985 qui
2577 2916 2781 2972 virilem
2811 2918 3180 2973 excellentiam
3205 2936 3308 2974 non
3339 2930 3528 2991 putant

1940 3003 2041 3058 nisi
2070 3006 2324 3075 peccandi
2358 3006 2625 3061 licentiam
2647 3050 2661 3072 ,
2691 3008 2903 3078 quando
2931 3018 3191 3064 terremus
3222 3027 3288 3066 ne
3316 3012 3525 3067 adulte-

1938 3094 2070 3151 riuis
2115 3097 2377 3167 eonjugiis
2418 3097 2673 3153 hzercndo
2718 3108 2938 3170 pereant
2977 3100 3030 3153 in
3061 3110 3354 3168 aeternum,
3385 3105 3526 3158 sole-

1938 3202 2058 3240 mus
2085 3186 2165 3241 eis
2207 3203 2507 3258 proponere
2551 3189 2712 3241 etiam
2743 3189 3123 3243 continentiam
3166 3192 3481 3247 clericorum
3504 3232 3523 3259 ,

1937 3276 2028 3347 qui
2052 3277 2364 3346 plerumque
2392 3277 2459 3332 ad
2501 3278 2745 3333 eamdem
2782 3280 3042 3333 sarcinam
3073 3280 3400 3336 subeundam
3430 3298 3523 3338 ca-

1937 3367 2154 3436 piuntur
2183 3367 2331 3421 inviti
2353 3408 2366 3432 ,
2406 3383 2631 3438 eamque
2668 3376 2967 3437 susceptam
2995 3384 3162 3440 usque
3190 3370 3255 3425 ad
3286 3372 3523 3427 debitum

1936 3457 2095 3514 ﬁnem
2118 3499 2135 3526 ,
2177 3459 2403 3513 Domino
2430 3459 2717 3528 adjuvante
2739 3501 2753 3526 ,
2779 3460 3093 3528 perducunt.
3135 3463 3366 3517 Dicimus
3395 3480 3525 3535 ergo

1935 3552 2013 3607 eis
2039 3570 2052 3606 :
2075 3551 2211 3617 Quid
2239 3551 2283 3605 si
2311 3561 2365 3605 et
2385 3566 2478 3605 vos
2502 3552 2568 3606 ad
2594 3553 2693 3606 hoc
2715 3553 3046 3607 subeundum
3068 3556 3382 3625 populorum
3410 3558 3523 3612 vio-

1936 3644 2099 3701 lentia
2123 3645 2484 3714 caperemini?
2511 3660 2686 3699 nonne
2715 3657 3020 3717 susceptum
3054 3658 3198 3703 caste
3220 3649 3521 3704 custodire-

1936 3737 2004 3792 tis
2046 3737 2280 3792 ofﬁcium
2302 3777 2316 3803 ,
2365 3745 2582 3807 repente
2607 3739 2849 3793 conversi
2880 3737 2943 3793 ad
2978 3739 3335 3807 impetrandas
3379 3742 3522 3797 vires

1934 3845 1965 3885 a
2008 3830 2281 3896 Domino,
2328 3829 2397 3884 de
2446 3830 2635 3899 quibus
2681 3845 2950 3900 nunquam
3006 3840 3161 3886 antea
3214 3832 3522 3902 cogitastis?

1932 3922 2038 3979 Sed
2060 3923 2200 3988 illos,
2230 3922 2493 3991 inquiunt,
2527 3921 2698 3975 honor
2722 3922 3004 3990 plurimum
3032 3924 3355 3976 consolatur.
3390 3922 3523 3979 Res-

1935 4014 2230 4084 pondemus
2267 4031 2279 4066 :
2318 4014 2385 4068 Et
2429 4013 2579 4068 vobis
2615 4014 2774 4068 timor
2820 4015 2987 4068 multo
3016 4016 3241 4085 amplius
3270 4015 3519 4071 modere-

1932 4116 2019 4162 tur
2048 4109 2090 4161 ³.
2122 4106 2179 4162 Si
2220 4109 2361 4161 enim
2402 4106 2503 4161 hoc
2530 4107 2681 4161 multi
2726 4107 2818 4161 Dei
2855 4107 3082 4161 ministri
3116 4118 3335 4177 repente
3361 4115 3527 4178 atque

1939 4200 2209 4269 inopinate
2248 4200 2557 4269 impositum
2597 4207 2965 4268 susceperunt,
3005 4211 3282 4269 sperantes
3312 4214 3369 4255 se
3396 4200 3525 4255 illu-.

1932 4290 2094 4344 strius
2122 4290 2173 4343 in
2200 4287 2396 4344 Christi
2422 4287 2730 4343 hrcreditate
2758 4288 2993 4359 fulgere;
3018 4299 3215 4359 quanto
3236 4290 3402 4360 magis
3426 4304 3529 4346 vos

1931 4383 2190 4437 adulteria
2226 4382 2497 4447 cavendo,
2539 4382 2719 4436 vivere
2757 4382 3091 4435 continenter
3133 4380 3373 4447 debetis,
3406 4397 3519 4436 me-

1932 4484 2143 4531 tuentes
2165 4492 2267 4529 non
2293 4478 2342 4530 in
2368 4491 2531 4545 regno
2554 4476 2643 4529 Dei
2672 4476 2848 4529 minus
2870 4476 3066 4535 lucere,
3092 4475 3183 4529 sed
3208 4475 3257 4528 in
3276 4475 3524 4545 gebenna

1932 4568 2069 4638 ignis
2106 4566 2334 4622 ardere?
2364 4567 2487 4620 lltcc
2512 4575 2670 4636 atque
2707 4565 3011 4635 hujusmodi
3049 4567 3127 4620 eis
3154 4574 3211 4620 ut
3239 4580 3525 4635 possumus

1930 4660 2176 4723 dicimus,
2204 4660 2291 4728 qui
2313 4673 2528 4729 quoquo
2555 4657 2713 4712 modo
2735 4673 2763 4710 a
2790 4673 2848 4712 se
2869 4657 3265 4712 discedentibus
3288 4658 3371 4712 vel
3398 4672 3523 4727 pro~

1932 4763 2049 4823 pter
2069 4752 2388 4806 adulterium
2411 4751 2646 4805 dimissis
2674 4752 2987 4821 conjugibus
3014 4753 3145 4817 suis,
3175 4752 3305 4805 alias
3335 4752 3521 4809 volunt

1931 4846 2147 4910 ducere,
2177 4854 2232 4900 et
2258 4859 2378 4898 cum
2408 4843 2786 4913 prohibentur,
2818 4844 3179 4897 inﬁrmitatem
3208 4842 3360 4895 nobis
3397 4856 3518 4896 cara

1932 4939 2013 4991 nis
2053 4944 2345 5007 opponunt.
2380 4934 2482 4990 Sed
2520 4935 2629 5005 jam
2674 4935 2809 4989 liber
2849 4934 3007 4988 etiam
3051 4934 3151 4989 iste
3189 4932 3519 4987 claudendus

1929 5035 2031 5091 est,
2062 5040 2116 5082 et
2146 5027 2409 5096 rogandus
2436 5027 2575 5083 Deus
2602 5035 2766 5080 utaut
2792 5040 2885 5081 eos
2912 5026 3100 5079 tentari
3130 5038 3235 5077 non
3267 5023 3405 5074 sinat
3432 5036 3518 5076 se-

1931 5119 2289 5187 parationibus
2321 5119 2604 5185 conjugum
2631 5137 2643 5180 ;
2678 5125 2768 5170 aut
2798 5118 2865 5169 ita
2901 5116 3080 5180 sinat,
3111 5122 3167 5166 ut
3193 5112 3352 5165 timur
3377 5112 3521 5179 peris

1928 5209 2158 5262 clitantis
2184 5209 2366 5261 salutis
2390 5208 2479 5261 fiat
2510 5208 2609 5261 illis
2637 5207 2912 5276 amplioris
2940 5205 3052 5258 sive
3080 5202 3397 5273 probatioris
3423 5216 3516 5259 oc~

1929 5301 2072 5355 casio
2092 5300 2370 5353 castitatis.

1976 5448 2005 5509 ’ί
2042 5475 2148 5527 Sola
2178 5477 2328 5528 editio
2343 5482 2451 5524 Lov.
2481 5474 2603 5524 :Sed
2622 5471 2745 5523 absit
2780 5469 2867 5518 hoc
2891 5483 2923 5519 a
2944 5468 3133 5519 meliori
3172 5481 3309 5529 sexu,
3338 5477 3388 5520 ut
3409 5476 3497 5523 tan

1924 5554 2085 5605 quam,
2098 5548 2240 5605 fma
2273 5601 2281 5605 _
2338 5604 2341 5605 ν
2556 5602 2564 5605 Α
2695 5593 2725 5605 Α.
2961 5593 2991 5605 ..

1989 5606 2008 5635 ¹
2040 5592 2144 5652 Sola
2168 5601 2316 5649 editio
2334 5604 2446 5646 Lov.
2471 5612 2483 5646 :
2513 5602 2565 5647 Et
2591 5608 2668 5645 vos
2689 5593 2828 5645 timor
2842 5593 3043 5657 amplior
3067 5592 3349 5651 moderetur.
