4070 6334
0 1074 3 1097 1

0 1126 3 1141 1

0 1170 1 1187 1

0 1220 1 1235 1

0 1254 3 1281 1

0 1292 1 1309 1

0 1352 1 1375 1

2673 348 3392 387 —‘—_.—________—““
3125 352 3295 357 “
3407 382 3524 388 ——

909 380 938 383 -.
1193 374 1852 382 ___._____._____.
1869 374 2008 378 -_.
2025 374 2048 378 _
2063 374 2078 377 -
2095 374 2389 380 ..___.
2411 374 2696 384 -W“

587 450 669 512 In
715 446 944 510 librum
992 444 1071 505 de
1116 441 1475 514 Mendacio,
1528 444 1669 501 uide
1708 439 1819 501 lib.
1856 440 1917 512 1,
1981 456 2117 517 cap.
2161 438 2473 509 ultimum,
2530 441 3105 518 Betractationum,
3148 453 3294 505 tam.
3367 444 3429 519 1,
3460 446 3591 523 col.
3631 446 3791 515 630.

502 547 728 622 verbis,
758 547 915 608 Item
944 545 1022 606 de
1049 540 1616 620 Mendaciomsque
1640 538 1721 599 ad
1746 536 1952 603 verba,
1972 537 2252 610 Quaestio
2279 542 2374 598 est
2400 538 2476 598 de
2502 538 2859 601 Mendacio.
2942 541 3029 602 M.

1084 752 1227 865 ε.
1323 748 2074 864 AUBELII

2177 750 3177 868 Δπαυετιιπι

1689 915 2205 978 HIPPONENSIS
2245 917 2601 982 EPISCOPI

1027 1085 1428 1303 DE
1637 1083 3265 1313 MENDACIO

1599 1441 2071 1549 LIBER
2157 1442 2563 1553 UNU'S
2591 1448 2691 1556 (α).

1958 1652 2328 1708 Μωειο

553 1787 605 1830 ιιι
621 1777 846 1855 Nam
867 1779 931 1855 sit
943 1769 1828 1855 ωειὶβθεὶψῖξβὲἑ.υὲῐὲἷὲἒὲῖῧῗῗὲἕῖ
1851 1768 2951 1855 ‘E'A'Eifffnﬂi‘flii9.323911"?“nummus
2969 1786 3204 1855 rationum!
3228 1788 3277 1837 in
3296 1795 3553 1855 utramque
3576 1800 3773 1854 partem

491 1833 677 1916 libratis
691 1833 989 1916 disquiritur.
1035 1833 1386 1897 tiendaciOrum
1417 1834 1686 1884 atteruntur
1716 1838 1828 1881 octo
1859 1842 2065 1894 genera,
2088 1833 2247 1893 iisque
2284 1833 2512 1888 discussis
2535 1846 2586 1889 ct
2621 1843 2815 1893 omnino
2858 1833 3774 1916 sejeeii's'éigimumﬁ'qiﬁﬁ‘éga

501 664 728 682 —-—

491 1904 841 1955 mentiendum.

562 2028 787 2086 CAPUT
825 2026 1111 2084 PRIMUM.
1133 2024 1279 2079 -1.
1311 2022 1544 2079 Materia
1580 2019 1952 2093 pertractanda:
1980 2017 2084 2088 dif-

496 2119 719 2191 ﬁcultas.
747 2119 934 2190 Magna
962 2116 1186 2188 quaestio
1212 2122 1296 2171 est
1322 2113 1391 2170 de
1428 2111 1726 2178 mendacio,
1759 2126 1878 2181 quae
1907 2124 2004 2165 nos
2029 2110 2083 2164 in

491 2211 625 2283 ipsis
662 2209 983 2281 quotidianis
1012 2207 1219 2263 actibus
1256 2205 1456 2261 nostris
1481 2219 1626 2273 saepe
1653 2202 1943 2257 conturbat
1969 2219 1982 2255 :
2015 2216 2083 2257 ne

493 2309 588 2358 aut
607 2310 809 2357 temere
828 2314 1140 2355 accusemus
1160 2296 1515 2362 mendacium,
1540 2294 1681 2365 quod
1701 2309 1810 2349 non
1831 2299 1915 2349 est
1933 2307 2083 2348 men-

492 2394 707 2449 dacium
732 2410 747 2460 ;
774 2401 866 2448 aut
884 2392 1207 2447 arbitremur
1233 2388 1520 2460 aliquando
1547 2402 1667 2443 esse
1692 2385 2077 2454 mentiendum,

490 2486 716 2543 honesto
752 2484 982 2557 quodam
1021 2491 1075 2538 et
1102 2482 1340 2537 officioso
1370 2495 1433 2535 ac
1475 2479 1806 2535 misericordi
1850 2478 2079 2534 menda-

492 2576 578 2631 cio
601 2576 641 2630 ⁸.
665 2574 835 2642 Quam
857 2572 1205 2644 quaastionem
1230 2579 1338 2626 tam
1362 2568 1589 2626 sollicite
1608 2567 2076 2638 pertractabimus,

494 2677 553 2723 ut
595 2681 895 2738 quaeramus
940 2680 1064 2720 eum
1110 2662 1471 2735 quterentibus
1500 2679 1514 2715 :
1546 2670 1722 2716 utrum
1760 2669 1938 2716 autem
1976 2661 2077 2715 ali-

491 2770 747 2829 quantum
773 2758 1137 2822 inveniamus,
1173 2755 1303 2810 nihil
1337 2754 1492 2810 nobis
1532 2762 1733 2809 temere
1761 2751 2080 2807 afﬁrmanti-

492 2850 628 2916 bus,
658 2849 843 2904 lectori
882 2849 1020 2904 bene
1048 2845 1341 2903 attendenti
1371 2845 1502 2900 satis
1541 2843 1794 2899 indicabit
1819 2843 1931 2913 ipsa
1972 2852 2083 2898 ιη,

495 2939 660 2995 ctatio
688 2957 703 2993 :
736 2939 1000 2994 latebrosa
1032 2945 1115 2993 est
1140 2937 1282 2992 enim
1323 2936 1480 2991 nimis
1502 2945 1555 2991 et
1584 2934 1899 3007 quibusdam
1926 2934 2076 3004 quasi

492 3032 803 3088 cavernosis
843 3030 1170 3085 anfractibus
1215 3044 1358 3099 smpe
1397 3027 1747 3083 intentionem
1791 3025 2079 3097 quazrentis

488 3122 657 3178 eludit
680 3138 695 3188 ;
725 3131 781 3176 ut
801 3120 962 3176 modo
982 3120 1125 3175 velut
1146 3119 1386 3174 elabatur
1405 3133 1435 3174 e
1460 3118 1705 3172 manibus
1723 3116 1866 3188 quod
1894 3116 2080 3171 inven-

491 3224 602 3269 tum
633 3222 769 3279 erat,
796 3212 956 3269 modo
980 3227 1167 3267 rursus
1195 3220 1469 3282 appareat,
1499 3218 1555 3266 et
1576 3224 1763 3265 rursus
1790 3208 2078 3264 absorbea-

488 3316 597 3361 tur.
625 3304 705 3359 Ad
743 3313 1040 3359 extremum
1086 3313 1261 3359 tamen
1305 3302 1620 3357 sententiam
1663 3309 1900 3355 nostram
1929 3299 2077 3355 velut

490 3396 689 3450 certior
704 3394 895 3465 indago
915 3393 1351 3464 comprehendet.
1378 3391 1433 3446 In
1456 3406 1557 3463 qua
1572 3392 1619 3448 si
1640 3392 1777 3447 ullus
1800 3406 1949 3448 error
1968 3399 2072 3458 est,

489 3502 611 3543 cum
654 3487 722 3541 ab
760 3488 905 3542 omni
935 3502 1121 3541 errore
1149 3487 1345 3541 veritas
1392 3485 1613 3550 liberet,
1657 3493 1816 3555 atque
1846 3486 1897 3539 in
1928 3484 2074 3540 omni

488 3593 673 3633 errore
695 3576 901 3633 falsitas
925 3577 1195 3646 implicet;
1219 3590 1486 3645 nunquam
1515 3575 1679 3629 errari
1707 3576 1871 3630 tutius
1892 3575 2077 3629 existi-

486 3686 614 3734 mo,
644 3685 802 3739 quam
830 3684 950 3723 cum
978 3669 1028 3722 in
1052 3682 1235 3722 amore
1259 3667 1425 3721 nimio
1445 3664 1684 3719 veritatis
1708 3674 1759 3718 et
1784 3664 2073 3734 rejectione

486 3762 650 3815 nimia
682 3760 925 3814 falsitatis
964 3768 1191 3814 erratur.
1232 3758 1333 3826 Qui
1371 3757 1512 3812 enim
1550 3772 1736 3812 severe
1778 3757 2072 3827 reprehen-

486 3851 655 3915 dunt,
699 3850 800 3905 hoc
839 3851 1060 3905 nimium
1090 3849 1273 3904 dicunt
1307 3863 1428 3904 esse
1455 3865 1470 3900 :
1502 3848 1614 3917 ipsa
1659 3856 1836 3903 autem
1877 3841 2072 3905 veritas

484 3939 715 3996 fortasse
740 3940 913 3996 adhuc
932 3940 1093 4006 dicat,
1115 3937 1360 3994 Nondum
1381 3945 1466 3993 est
1489 3942 1641 3993 satis.
1665 3938 1805 3994 Sane
1832 3939 2070 4010 quisquis

482 4033 641 4103 legis,
674 4033 802 4087 nihil
832 4030 1215 4103 reprehendas,
1244 4030 1346 4084 nisi
1375 4043 1499 4084 cum
1528 4038 1695 4084 totum
1726 4029 1921 4099 legeris
1945 4047 1960 4095 ;
1992 4039 2073 4085 at-

485 4139 591 4194 que
619 4126 688 4178 ita
716 4124 893 4179 minus
922 4121 1304 4193 reprehendes.
1336 4121 1619 4191 Eloquium
1646 4121 1753 4175 noli
1780 4137 2021 4192 qumrere
2053 4143 2066 4179 :

483 4216 708 4269 multum
735 4213 876 4269 enim
912 4213 981 4269 de
1007 4212 1167 4268 rebus
1200 4211 1556 4266 laboravimus
1578 4252 1595 4279 ,
1621 4210 1771 4267 etde
1799 4213 2071 4270 celeritate

484 4303 795 4361 absolvendi
835 4311 940 4359 tam
994 4301 1281 4358 necessarii
1320 4301 1641 4371 quotidiana:
1682 4302 1806 4357 vitae
1852 4305 2066 4373 operis;

382 4392 385 4393 ⁷
484 4395 629 4453 unde
655 4406 744 4453 aut
765 4398 961 4462 tenuis,
988 4405 1078 4450 aut
1104 4409 1271 4466 prope
1290 4396 1311 4425 ’
1337 4393 1480 4449 nulla
1508 4392 1606 4448 luit
1624 4393 1778 4449 nobis
1798 4409 1924 4449 cura
1950 4412 2071 4451 ver-

479 4489 778 4639 bogjani’b'l'
816 4580 881 4637 ll.
905 4611 974 4621 —
995 4581 1051 4635 2.
1088 4579 1205 4635 Joci
1230 4596 1330 4634 non
1356 4588 1474 4633 sunt
1509 4579 1791 4635 mendacia.
1822 4580 2069 4652 Exceptis

484 4674 645 4744 igitur
669 4674 825 4744 joeis,
858 4688 976 4743 qua:
1000 4687 1267 4741 nunquam
1290 4680 1413 4726 sunt
1439 4682 1618 4739 putata
1637 4673 1908 4728 mendacia
1934 4693 1945 4727 :
1976 4674 2070 4729 ha-

2189 2021 2318 2115 bent
2359 2026 2501 2080 enim
2542 2029 2991 2089 evidentissimam
3031 2050 3097 2091 ex
3142 2039 3571 2107 pronuntiatione
3610 2052 3778 2115 atque

2190 2113 2307 2206 ipso
2328 2115 2558 2184 joeantis
2578 2119 2766 2177 affectu
2787 2123 3228 2195 signiﬁcationem
3249 2132 3409 2186 animi
3436 2113 3773 2206 nequaquam

2186 2202 2436 2295 fallentis,
2460 2211 2560 2266 etsi
2583 2227 2687 2267 non
2708 2229 2831 2270 vera
2856 2218 3180 2276 enuntiantis
3204 2238 3218 2275 :
3246 2238 3353 2293 quo
3372 2202 3567 2295 genere
3591 2202 3775 2285 utrum

2185 2294 2256 2349 sit
2282 2298 2534 2389 utendum
2565 2304 2813 2371 perfectis
2844 2307 3057 2389 animis,
3093 2310 3197 2367 alia
3222 2294 3448 2383 quaestio
3474 2326 3578 2383 est,
3608 2334 3773 2389 quam

2184 2386 2345 2480 modo
2373 2389 2709 2447 enodandam
2737 2410 2843 2450 non
2866 2386 3233 2470 suscepimus:
3264 2406 3502 2477 exceptis
3528 2386 3654 2479 ergo
3676 2409 3773 2480 jo-

2181 2476 2292 2543 cis,
2335 2480 2482 2574 prius
2513 2484 2777 2553 agendum
2806 2499 2889 2544 est
2914 2530 2930 2556 ,
2960 2506 3029 2547 ne
3070 2493 3286 2550 mentiri
3316 2476 3651 2556 existimetur
3676 2476 3775 2574 qui

2182 2582 2290 2624 non
2314 2573 2588 2629 mentitur.

2251 2662 2478 2722 CAPUT
2517 2667 2605 2723 ιη.
2624 2699 2699 2711 -
2720 2672 2775 2727 5.
2807 2672 2946 2740 Quid
2970 2675 3036 2731 sit
3059 2678 3398 2737 mendacium.
3436 2680 3519 2737 Ad
3553 2685 3773 2740 utenda-

2179 2755 2315 2848 c-ium
2336 2774 2402 2811 an
2427 2759 2481 2813 in
2500 2759 2731 2831 loquente
2759 2764 2992 2821 voluntas
3020 2769 3234 2839 fallendi
3262 2773 3546 2841 requiratur
3570 2775 3649 2829 vel
3665 2782 3776 2848 suf-

2180 2845 2341 2914 ﬁciat.
2375 2848 2712 2921 Quapropter
2736 2855 3025 2912 videndum
3051 2868 3133 2914 est
3158 2861 3283 2931 quid
3312 2863 3382 2918 sit
3408 2845 3767 2922 mendacium.

2179 2936 2293 2991 Non
2321 2941 2461 2995 enim
2491 2944 2667 2999 omnis
2692 2945 2782 3015 qui
2820 2946 3014 3004 falsum
3054 2950 3182 3006 dicit
3206 2954 3489 3023 mentitur,
3518 2957 3563 3011 si
3593 2959 3775 3015 credit

2178 3039 2269 3085 aut
2309 3033 2556 3102 opinatur
2596 3053 2782 3094 verum
2823 3057 2944 3098 esse
2983 3044 3123 3113 quod
3168 3044 3314 3101 dicit.
3360 3047 3499 3104 lnter
3536 3051 3771 3108 credere

2179 3132 2355 3178 autem
2382 3136 2542 3196 atque
2570 3130 2776 3199 opinari
2820 3132 2923 3188 hoc
2950 3134 3111 3190 distat
3131 3178 3145 3203 ,
3185 3138 3321 3207 quod
3351 3140 3631 3209 aliquando
3673 3143 3771 3199 ille

2177 3214 2267 3284 qui
2296 3217 2484 3282 credit,
2513 3222 2673 3275 sentit
2698 3237 2757 3304 se
2779 3223 3024 3293 ignorare
3043 3228 3184 3296 quod
3213 3228 3396 3294 credit,
3425 3232 3666 3301 quamvis
3694 3232 3772 3289 de

2177 3320 2237 3361 re
2265 3322 2421 3376 quam
2444 3323 2502 3365 se
2521 3310 2766 3382 ignorare
2792 3316 2938 3370 novit
2958 3316 3175 3372 omnino
3197 3334 3304 3374 non
3326 3319 3549 3389 dubitet,
3575 3324 3619 3377 si
3643 3339 3767 3379 eam

2178 3397 2480 3455 firmissime
2498 3402 2671 3458 credit
2691 3404 2743 3471 ¹;
2767 3406 2856 3475 qui
2878 3416 3055 3462 autem
3075 3408 3340 3478 Opinatur,
3368 3420 3517 3481 putat
3541 3428 3600 3468 se
3625 3415 3770 3471 seire

2176 3489 2316 3559 quod
2354 3493 2544 3547 nescit.
2578 3493 2829 3566 Quisquis
2863 3507 3040 3554 autem
3080 3498 3185 3555 hoc
3225 3503 3468 3558 enuntiat
3494 3504 3636 3574 quod
3675 3507 3768 3561 vel

2175 3580 2436 3637 creditum
2461 3584 2662 3653 animo,
2685 3588 2772 3643 vel
2797 3589 3068 3659 apinatum
3099 3594 3305 3657 tenet‘,
3332 3594 3540 3648 etiamsi
3569 3594 3765 3650 falsum

2175 3672 2263 3737 sit,
2294 3688 2399 3728 non
2422 3677 2698 3731 mentitur.
2732 3678 2844 3734 Hoc
2883 3680 3026 3735 enim
3051 3680 3212 3736 debet
3240 3684 3623 3740 enuntiationis
3647 3698 3769 3741 sute

2176 3762 2368 3832 fidei},
2404 3774 2461 3820 ut
2503 3767 2632 3822 illud
2663 3784 2760 3838 per
2784 3785 2902 3825 eam
2933 3771 3186 3842 proferat,
3219 3774 3358 3843 quod
3389 3775 3567 3830 animo
3593 3785 3763 3842 tenet,

2175 3861 2229 3909 et
2254 3853 2333 3908 sic
2357 3853 2515 3910 habet
2538 3865 2598 3911 ut
2624 3858 2845 3929 profert.
2878 3860 2986 3916 Nec
3012 3862 3132 3918 ideo
3162 3872 3339 3919 tamen
3365 3865 3481 3921 sine
3501 3866 3628 3922 vitio
3654 3877 3763 3937 est,

2173 3949 2415 4017 quamvis
2449 3964 2557 4005 non
2589 3953 2905 4017 mentiatur,
2934 3954 2993 4011 ‘si
3020 3965 3111 4011 aut
3135 3972 3241 4012 non
3265 3957 3529 4015 credenda
3554 3959 3760 4027 credit,

2173 4049 2264 4095 aut
2300 4040 2440 4111 quod
2472 4042 2678 4113 ignorat
2708 4059 2868 4102 nosse
2895 4060 2955 4101 se
2985 4055 3166 4118 putat,
3196 4050 3402 4105 etiamsi
3430 4066 3616 4106 verum
3645 4052 3718 4107 sit
3746 4070 3763 4108 :

2173 4133 2499 4203 incognitum
2540 4137 2684 4192 enim
2722 4137 2883 4195 habet
2909 4155 3008 4211 pro
3044 4141 3277 4211 cognito.
3306 4143 3641 4214 QuaprOpter
3668 4144 3766 4201 ille

2174 4224 2461 4293 mentitur,
2492 4228 2584 4298 qui
2609 4228 2752 4284 aliud
2782 4230 2944 4287 habet
2982 4232 3036 4287 in
3074 4234 3254 4289 animo
3273 4275 3289 4302 ,
3329 4243 3382 4290 et
3411 4235 3553 4291 aliud
3583 4236 3766 4292 verbis

2173 4312 2259 4367 vel
2282 4314 2608 4384 quibuslibet
2626 4318 3101 4389 significationibus
3127 4324 3386 4379 enuntiat.
3417 4324 3569 4381 Unde
3592 4326 3762 4381 etiam

2171 4401 2367 4473 duplex
2392 4420 2486 4460 eor
2512 4407 2707 4463 dicitur
2726 4424 2847 4465 esse
2869 4411 3200 4479 mentientis,
3229 4414 3279 4469 id
3309 4424 3411 4482 est,
3438 4415 3635 4485 duplex
3665 4432 3767 4472 co-

2171 4494 2356 4563 gitatio
2385 4514 2398 4550 :
2432 4512 2533 4551 una
2555 4499 2631 4553 rei
2654 4500 2769 4568 ejus
2793 4517 2955 4571 quam
2978 4517 3155 4557 veram
3182 4519 3301 4559 esse
3320 4505 3404 4559 vel
3430 4506 3529 4561 scit
3549 4507 3629 4560 vel
3662 4522 3767 4577 pu-

2175 4593 2270 4652 tat,
2302 4597 2356 4641 et
2383 4603 2487 4643 non
2516 4590 2746 4659 profert;
2773 4592 2939 4648 altera
2966 4592 3081 4664 ejus
3102 4596 3177 4649 rei
3204 4611 3360 4666 quam
3386 4613 3479 4666 pro
3507 4598 3604 4651 ista
3633 4613 3766 4668 pro-

2173 4676 2276 4732 fert
2296 4680 2472 4734 sciens
2498 4681 2683 4738 falsam
2706 4699 2823 4740 esse
2846 4687 2929 4741 vel
2958 4694 3168 4758 putans.
3194 4688 3272 4742 Ex
3293 4703 3399 4759 quo
3426 4688 3483 4742 [it
3510 4698 3568 4744 ut
3585 4693 3765 4759 possit

1650 4778 1936 4820 ADMONITIO
1974 4780 2055 4821 PP.
2097 4783 2579 4826 BENEDICTINORUM.

504 4868 505 4871 ‘
536 4858 673 4925 Liber
688 4855 753 4906 de
775 4855 1016 4925 mendacio
1035 4858 1326 4925 repurgatus
1349 4852 1927 4925 est_ope_Ms..poibertini
1943 4867 2178 4925 annorum
2199 4858 2391 4925 circiter
2417 4864 2822 4925 octingentorum,
2854 4869 3193 4916 Germauensis
3216 4874 3267 4917 et
3286 4869 3591 4918 corbeiensis
3608 4876 3765 4919 astate

476 4919 732 4993 mustine
751 4914 2247 4993 Celaenae9Eremediesﬁssii:,$9r1399.i951Xistoriei.
2269 4922 2520 4993 ρίεοιίειιίν
2543 4914 2827 4993 ῖιίειεξεξίιιίέ
2851 4914 3767 4993 Ρτειειιειξὲίέ,ῗέιᾶτὺὶἐ›ῐιὲὲιέίέ,“ἰιὲὲῖὸῐ

474 4975 761 5052 Ψδηὲθηδίδν
784 4979 1010 5052 Vaticani.
1031 4975 1407 5052 ’θεβςξιείίξοεᾳξιη
1426 4975 1798 5052 ςιξιίμηςιξιέηείγβ
1816 4975 2076 5052 lectionum
2103 4975 2386 5032 variantqu
2421 4975 2542 5047 quas
2564 4999 2627 5037 ex
2650 4988 2710 5036 iis
2730 4975 2998 5038 hauserunt
3027 4975 3761 5052 miimeﬁsés‘fdéaﬁn'iﬁ’ii-

473 5040 539 5091 lio
565 5049 616 5090 et
636 5043 990 5103 comparatione
1014 5039 1279 5088 editionum
1302 5038 1475 5086 Erasmi
1499 5050 1555 5085 ac
1576 5038 1953 5086 Levaniensium.

553 5122 1068 5203 Comparavimus
1084 5129 1389 5200 praeterea
1417 5137 1515 5178 eas
1546 5137 1748 5178 omnes
1777 5118 2081 5181 editiones
2122 5122 2311 5187 initio
2343 5126 2517 5187 Retr.
2543 5137 2600 5188 et
2623 5127 2908 5190 Confess.
2943 5138 2989 5191 t.
3021 5133 3079 5207 1,
3106 5144 3494 5197 memoratas.
3579 5138 3668 5198 M.

504 5230 519 5299 ‘.
534 5224 613 5299 te.)
626 5220 1015 5299 Pessume:
1026 5219 1117 5299 513
1129 5218 1386 5299 Hsetiae?
1423 5217 2553 5299 εξίὲ,.-ἒέξξξξ¹πξι,οίῑξῑίὲέι;.Ξεέδξ,ρᾳξιειηίέοίιυίαρηι
2588 5227 2807 5278 ultimum
2860 5229 3016 5281 locum
3036 5236 3252 5299 ,οὶηίιιθι
3283 5237 3333 5285 in
3377 5239 3531 5299 primo
3587 5246 3764 5289 neua.

477 5277 763 5363 caenum.
785 5283 1050 5363 “haec
1067 5277 2071 5363 rissesﬁmumrm,Ramesse
2090 5277 2221 5332 έαίίθ
2243 5277 2762 5363 ευμεῖερίεςοηειιιιητ
2793 5277 3529 5354 ειυέιίτ“’έίιι›ἐίιῑειιῖι“
3540 5277 3764 5363 adstas

591 5339 2156 5423 @395}?_?EEE‘§EP:°EE{’191'13.953.91":‘ii‘ﬁi‘1vn‘if‘m9misﬁ9ii'1’9
2181 5359 2193 5393 =
2220 5362 2242 5388 η
2271 5354 2321 5423 et
2434 5339 2626 5423 ξει-ίιιίερ
2660 5339 3413 5423 οςκὶίοῗιέιῐέιξῦὖεῖι“ῧηὲἓῖιὶίί
3426 5339 3763 5423 miram;

475 5413 583 5484 post
618 5405 763 5484 annis
780 5405 1091 5484 Augustinum
1114 5401 1468 5484 sugg-eadem
1481 5413 1537 5484 re
1554 5400 2110 5484 goutranpnri‘seillianistas
2130 5406 2387 5470 consuluit,
2412 5424 2509 5459 non
2534 5400 2910 5475 prioristeIsed
2938 5400 3061 5466 diiJs’
3070 5400 3547 5484 νιξυῶὦί

471 5461 636 5528 quitur
658 5472 823 5514 contra
846 5461 1137 5513 mendacium
1156 5461 1284 5511 liber
1299 5496 1314 5520 ,
1333 5461 1471 5510 titulo
1490 5461 1691 5509 inditum
1717 5463 1867 5524 gerit.

540 5552 559 5581 ι
574 5550 657 5621 ,δὶα
676 5555 782 5599 uss.
804 5549 921 5598 aditi
944 5553 1126 5606 autem,
1147 5553 1193 5596 et
1214 5543 1418 5610 ofﬁcioso
1437 5544 1502 5595 ad
1526 5543 1910 5596 misericordiam
1929 5559 2063 5596 men-

474 5611 779 5743 daf’g'abent
798 5670 882 5743 sic.
903 5668 1120 5743 nonnulli
1140 5676 1246 5718 Mss.
1273 5667 1357 5717 Alii
1372 5682 1493 5720 vero
1509 5704 1524 5731 ,
1548 5668 1677 5721 unde
1699 5668 1927 5721 hactenus
1949 5682 2062 5734 pro-

471 5744 596 5799 prie.
622 5732 758 5792 Εόιιί,
781 5732 910 5782 unde
932 5730 1159 5781 hactenus
1180 5743 1239 5780 ac
1257 5743 1423 5795 prope.

2232 5558 2248 5623 ξ
2283 5562 2410 5616 Mss,
2433 5557 2504 5609 sic
2526 5557 2654 5623 enim
2669 5557 2808 5623 ﬁrme
2828 5561 3001 5612 credit.

2230 5620 2250 5649 ³
2284 5625 2333 5667 ln
2356 5626 2482 5680 Mss,
2506 5619 2579 5671 vel
2598 5619 2813 5682 putatum
2830 5629 2972 5672 tenet.

2231 5682 2250 5712 ε
2285 5688 2349 5731 Ita
2368 5689 2471 5733 Mss.
2500 5690 2554 5734 Αι
2570 5684 2706 5747 editi,
2726 5682 3036 5736 enuntiationi
3051 5697 3155 5736 cute
3173 5684 3311 5751 ﬁdei.
