4070 6334
208 399 214 403 “
297 391 390 448 ιω
1135 390 1220 445 DE
1248 387 1610 454 MENDACIO,
1659 387 1717 443 S.
1770 384 2131 444 AUGUSTINI
2171 386 2371 443 LIBER
2412 388 2610 445 UNUS.

292 504 473 560 falsum
498 504 683 561 dicere
708 520 815 560 non
838 505 1120 569 mentiens,
1154 508 1197 559 si
1224 514 1371 575 putat
1397 506 1465 559 ita
1494 520 1612 560 esse
1642 513 1701 558 ιιι
1726 503 1871 567 dicit,

291 595 528 664 quamvis
557 598 667 651 non
699 596 769 653 ita
808 597 912 661 sit;
942 605 996 651 et
1026 606 1080 649 ut
1110 597 1276 665 possit
1299 612 1484 651 verum
1525 595 1703 650 dicere
1729 610 1878 650 men-

290 688 440 752 tiens,
465 687 510 741 si
534 696 687 757 putat
708 688 897 743 falsum
921 704 1039 744 esse
1065 701 1119 743 et
1142 683 1385 759 pro"vero
1401 688 1660 754 enuntiat,
1684 704 1872 759 qnam-

286 780 360 835 vis
384 795 575 836 revera
602 782 674 835 ita
701 782 772 837 sit
791 791 849 837 ut
877 784 1138 838 enuntiat.
1170 782 1250 838 Ex
1271 783 1435 838 animi
1463 782 1605 837 enim
1636 783 1717 835 sui
1746 797 1873 835 sen-

287 873 444 927 tentia
471 914 488 941 ,
534 889 641 929 non
672 890 736 929 ex
778 889 956 930 rerum
984 875 1216 944 ipsarum
1248 876 1472 929 veritate
1516 873 1600 928 vel
1642 872 1875 927 falsitate

286 964 548 1020 mentiens
572 974 666 1020 aut
689 982 796 1020 non
822 968 1086 1023 mentiens
1107 966 1423 1036 judicandus
1444 973 1544 1020 est.
1576 964 1757 1019 Potest
1780 964 1878 1019 ita-

286 1069 385 1123 que
406 1054 497 1109 ille
524 1056 615 1126 qui
636 1054 826 1111 falsum
856 1072 952 1127 pro
979 1072 1104 1112 vero
1124 1057 1387 1122 enuntiat,
1414 1056 1556 1127 quod
1582 1065 1757 1111 tamen
1784 1069 1877 1110 ve-

284 1160 398 1200 rum
425 1159 552 1202 esse
581 1148 851 1217 opinatur,
894 1164 1079 1204 errans
1108 1148 1211 1205 dici
1241 1156 1295 1205 et
1328 1150 1641 1205 temerarius
1673 1166 1686 1202 :
1718 1163 1876 1205 men-

285 1242 421 1295 tiens
451 1249 632 1297 autem
676 1258 783 1297 non
815 1251 962 1298 recte
996 1242 1226 1309 dicitur;
1256 1243 1381 1313 quia
1409 1258 1502 1298 cor
1529 1242 1722 1313 duplex
1753 1256 1875 1297 cum

281 1334 524 1388 enuntiat
566 1348 675 1390 non
724 1334 912 1402 habet,
958 1351 1055 1390 nec
1098 1334 1284 1391 fallere
1322 1335 1484 1405 cupit,
1519 1333 1613 1389 sed
1655 1333 1874 1388 fallitur.

279 1424 444 1494 Culpa
469 1440 603 1481 vero
633 1427 944 1485 mentientis
968 1437 1075 1493 est,
1106 1428 1160 1481 in
1194 1427 1520 1484 enituitiando
1563 1427 1742 1482 animo
1779 1440 1877 1481 suo

279 1514 490 1570 fallendi
522 1515 820 1585 cupiditas;
850 1518 964 1574 sive
989 1517 1140 1572 fallat
1166 1533 1287 1573 cum
1313 1519 1362 1573 ei
1402 1517 1635 1573 creditur
1686 1518 1875 1573 falsum

278 1609 613 1673 enuntianti;
644 1610 759 1665 sive
784 1625 892 1664 non
919 1609 1089 1676 fallat,
1112 1610 1193 1665 vel
1225 1624 1346 1664 cum
1372 1610 1419 1665 ei
1453 1625 1558 1665 non
1579 1608 1810 1665 creditur
1832 1610 1873 1673 ί,

281 1699 356 1753 vel
390 1716 518 1755 eum
552 1716 739 1758 verum
766 1702 1008 1757 enuntiat
1030 1702 1307 1757 voluntate
1337 1701 1570 1765 fallendi,
1602 1701 1746 1771 quod
1767 1716 1874 1756 non

277 1802 423 1862 putat
454 1810 666 1850 verum.
695 1794 850 1862 Quod
875 1810 999 1850 cum
1026 1795 1076 1851 ei
1095 1795 1355 1863 creditur,
1379 1809 1487 1850 non
1511 1795 1693 1864 utique
1718 1793 1871 1861 fallit,

277 1888 520 1955 quamvis
563 1886 752 1944 fallere
792 1888 1023 1943 voluerit
1056 1904 1069 1941 :
1102 1887 1204 1943 nisi
1245 1888 1503 1943 hactenus
1542 1886 1704 1952 fallit,
1747 1901 1877 1957 qua-

277 1988 430 2035 tenus
474 1988 696 2051 putatur
737 1980 810 2035 ita
852 1980 1014 2036 etiam
1061 1994 1220 2036 nosse
1249 1980 1331 2035 vel
1372 1988 1559 2050 putare
1606 1988 1662 2036 ut
1702 1995 1872 2035 enun-

277 2070 393 2125 tiat.

348 2165 407 2219 4.
436 2163 745 2234 Quanquam
773 2162 1121 2219 subtilissime
1145 2172 1414 2233 quaeratur
1443 2172 1619 2218 utrum
1640 2176 1761 2217 cum
1782 2161 1877 2218 ab-

273 2265 355 2311 est
386 2256 629 2311 voluntas
656 2256 895 2323 fallendi,
927 2256 1068 2312 absit
1096 2256 1315 2311 omnino
1346 2256 1704 2311 mendacium.

335 2346 574 2403 CAPUT
613 2346 704 2402 IV.
727 2378 798 2387 ——
824 2348 1032 2403 Μεγιιίνὶ
1058 2365 1180 2403 num
1204 2349 1481 2421 aliquando
1509 2349 1667 2419 prosit
1689 2359 1777 2403 aut
1806 2349 1874 2403 li-

277 2448 403 2492 ceat.
434 2438 577 2506 Quid
611 2440 756 2494 enim
795 2440 841 2494 si
870 2440 1099 2511 quisque
1124 2440 1314 2496 falsum
1338 2441 1581 2510 loquens,
1609 2440 1750 2511 quod
1773 2439 1875 2495 fal-

273 2545 392 2584 sum
425 2545 552 2585 esse
589 2530 880 2597 existimat,
909 2531 1032 2587 ideo
1063 2543 1238 2588 tamen
1271 2531 1415 2597 facit,
1448 2533 1569 2602 quia
1602 2541 1751 2602 putat
1774 2532 1877 2587 sibi

272 2637 383 2678 non
406 2622 579 2691 credi,
611 2632 668 2678 ut
708 2638 773 2678 eo
803 2622 963 2677 modo
1008 2622 1138 2678 falsa
1167 2622 1270 2678 ﬁde
1299 2622 1597 2678 absterreat
1638 2637 1761 2677 eum
1789 2622 1876 2677 cui

274 2714 549 2784 loquitur,
582 2730 744 2785 quem
786 2715 949 2769 sentit
995 2714 1097 2769 sibi
1129 2714 1269 2769 nolle
1314 2713 1578 2769 credere?
1605 2713 1705 2770 Hic
1731 2713 1877 2770 enim

272 2806 448 2862 studio
478 2822 588 2861 non
612 2806 832 2862 fallendi
858 2806 1137 2874 mentitur,
1166 2806 1212 2861 si
1233 2807 1567 2864 mendacium
1595 2816 1678 2863 est
1705 2823 1876 2863 enun-

271 2898 406 2954 tiare
428 2898 634 2970 aliquid
658 2899 817 2956 aliter
839 2915 996 2971 quam
1023 2901 1130 2956 scis
1156 2896 1382 2956 esse‘vel
1410 2909 1563 2971 putas
1589 2919 1601 2955 :
1630 2901 1876 2957 siautem

273 2992 619 3047 mendacium
670 3006 779 3048 non
822 3002 905 3047 est
933 2992 1036 3048 nisi
1080 3007 1201 3048 cum
1229 2992 1426 3062 aliquid
1452 2993 1757 3048 enuntiatur
1785 3008 1879 3049 vo-

273 3080 477 3139 luntate
505 3083 750 3150 fallendi,
783 3099 888 3139 non
913 3085 1168 3140 mentitur
1192 3084 1315 3151 iste,
1343 3086 1433 3156 qui
1469 3095 1753 3156 propterea
1779 3084 1879 3141 fal-

273 3189 394 3230 sum
424 3176 682 3246 loquitur,
723 3176 967 3246 quamvis
996 3177 1206 3232 noverit
1233 3176 1317 3232 vel
1346 3184 1498 3247 putet
1535 3176 1727 3232 falsum
1757 3192 1878 3233 esse

273 3268 415 3339 quod
456 3269 718 3339 loquitur,
758 3277 819 3325 ut
860 3269 952 3325 ille
993 3270 1077 3325 cui
1124 3270 1359 3341 loquitur
1388 3284 1493 3326 non
1532 3269 1582 3327 ei
1610 3268 1877 3326 credendo

274 3375 379 3417 non
407 3361 649 3427 fallatur,
700 3362 823 3433 quia
852 3376 973 3417 eum
1003 3362 1105 3418 sibi
1151 3377 1259 3418 non
1297 3362 1621 3419 crediturum
1665 3364 1749 3419 vel
1777 3363 1879 3420 scit

276 3454 353 3510 vel
384 3464 557 3525 putat.
584 3454 740 3509 Unde
767 3455 813 3509 si
848 3463 1100 3525 appareat
1124 3453 1242 3509 ﬁeri
1269 3469 1427 3525 posse
1452 3464 1509 3510 ut
1528 3455 1719 3526 aliquis
1748 3470 1877 3526 pro-

276 3555 460 3615 pterea
501 3544 697 3600 falsum
737 3544 909 3613 dicat,
948 3561 1014 3602 ne
1044 3545 1257 3613 fallatur
1283 3547 1371 3602 ille
1396 3548 1481 3602 cui
1511 3547 1735 3614 dicitur;
1766 3548 1878 3603 exi-

272 3639 365 3694 ttit
395 3637 543 3694 aliud
570 3654 603 3693 e
624 3640 895 3694 contrario
914 3654 1103 3709 genus,
1134 3648 1416 3710 propterea
1444 3655 1631 3696 verum
1651 3640 1877 3697 dicentis

277 3738 335 3785 ut
358 3730 537 3787 fallat.
566 3730 670 3799 Qui
699 3732 842 3788 enim
882 3747 1069 3789 verum
1110 3732 1230 3788 ideo
1260 3733 1527 3804 loquitur,
1558 3733 1681 3803 quia
1715 3733 1879 3790 sentit

277 3823 383 3879 sibi
416 3838 526 3879 non
558 3822 730 3889 credi,
760 3822 883 3879 ideo
910 3824 1091 3894 utique
1111 3838 1302 3903 verum
1332 3823 1459 3878 dicit
1484 3832 1541 3878 ut
1568 3823 1713 3879 fallat
1739 3842 1752 3876 :
1779 3824 1879 3879 scit

274 3913 423 3967 enim
463 3914 551 3969 vel
594 3914 870 3970 existimat
916 3923 1200 3984 propterea
1248 3913 1441 3969 falsum
1492 3915 1664 3985 putari
1721 3930 1877 3985 posse

276 4002 430 4074 quod
458 4003 669 4069 dicitur,
720 4007 974 4077 quoniam
1002 4007 1070 4061 ab
1116 4007 1232 4076 ipso
1275 4006 1489 4062 dicitur.
1518 4008 1874 4075 Quamobrem

273 4108 404 4149 cum
438 4094 561 4151 ideo
583 4113 771 4153 verum
797 4097 928 4153 dicit
962 4106 1021 4153 ut
1045 4097 1238 4180 falsum
1278 4106 1509 4169 putetur,
1542 4099 1663 4156 ideo
1692 4117 1875 4157 verum

274 4183 409 4241 dicit
428 4197 488 4242 ut
517 4188 683 4244 fallat.
710 4189 1070 4258 Quaerendum
1098 4206 1226 4262 ergo
1247 4200 1346 4257 est,
1373 4193 1490 4263 quis
1522 4195 1697 4263 potius
1725 4210 1876 4251 men—

273 4276 442 4334 tiatur
465 4298 480 4334 :
505 4288 684 4336 utrum
707 4280 799 4336 ille
822 4282 911 4351 qui
939 4280 1136 4337 falsum
1158 4282 1285 4337 dicit
1304 4298 1372 4337 ne
1392 4281 1556 4349 fallat,
1582 4299 1650 4338 an
1678 4284 1767 4339 ille
1786 4285 1875 4355 qui

274 4382 464 4424 verum
494 4369 628 4426 dicit
665 4378 725 4426 ut
751 4370 935 4438 fallat;
964 4386 1084 4426 cum
1112 4381 1166 4427 et
1190 4373 1277 4428 ille
1304 4373 1438 4429 sciat
1475 4374 1558 4430 vel
1586 4383 1734 4445 putet
1771 4374 1874 4431 fal-

272 4475 392 4517 sum
420 4478 479 4518 se
498 4463 703 4533 dicere,
735 4473 790 4520 et
815 4466 915 4521 iste
940 4466 1075 4521 sciat
1094 4467 1177 4522 vel
1204 4475 1355 4536 putet
1383 4483 1563 4524 verum
1594 4485 1654 4526 se
1672 4471 1873 4528 dicere.

274 4550 391 4609 lam
423 4555 568 4610 enim
596 4555 837 4612 diximus
867 4572 990 4613 eum
1038 4558 1125 4628 qui
1153 4560 1323 4614 nescit
1351 4560 1540 4615 falsum
1578 4576 1696 4617 esse
1734 4564 1874 4633 quod

272 4648 558 4713 enuntiat,
590 4662 698 4702 non
728 4647 983 4715 mentiri,
1014 4648 1059 4704 si
1095 4649 1196 4705 hoc
1220 4658 1369 4719 putat
1394 4666 1616 4719 verum;
1648 4668 1876 4723 eumque

272 4737 454 4803 potius
477 4736 717 4804 mentiri,
740 4738 836 4807 qui
864 4738 1023 4793 etiam
1044 4755 1228 4794 verum
1254 4742 1512 4806 enuntiat,
1538 4757 1657 4797 cum
1685 4744 1875 4801 falsum

269 4837 426 4895 putat
456 4848 469 4881 :
498 4830 626 4900 quia
654 4844 721 4884 ex
747 4828 914 4885 animi
936 4829 1017 4886 sui
1038 4832 1303 4888 sententia
1329 4831 1602 4901 judicandi
1628 4844 1772 4890 sunt.
1802 4837 1875 4894 De

272 4916 379 4972 illis
402 4919 585 4990 itaque
605 4935 713 4975 non
741 4935 901 4990 parva
928 4922 1152 4991 quaestio
1172 4929 1276 4989 est,
1301 4937 1435 4993 quos
1462 4924 1872 4994 proposuimus:

270 5022 443 5064 unum
483 5012 574 5081 qui
606 5011 711 5067 scit
753 5020 844 5066 aut
892 5021 1039 5082 putat
1079 5028 1139 5068 se
1180 5013 1373 5069 falsum
1404 5013 1616 5081 dicere,
1660 5024 1713 5070 et
1756 5016 1876 5072 ideo

273 5098 407 5155 dicit
439 5118 507 5157 ne
531 5102 719 5169 fallat;
748 5104 895 5158 velut
920 5104 965 5159 si
992 5104 1221 5174 aliquam
1249 5105 1389 5160 viam
1413 5105 1622 5161 noverit
1643 5107 1875 5163 obsideri

268 5205 301 5246 ε
324 5193 651 5260 latronibus,
680 5203 737 5250 et
761 5194 957 5250 timens
994 5209 1060 5250 ne
1087 5210 1183 5265 per
1208 5195 1356 5250 illam
1388 5205 1572 5267 pergat
1597 5196 1756 5250 homo
1780 5211 1876 5250 cu-

266 5281 357 5351 jus
379 5285 541 5340 saluti
577 5286 858 5356 prospicit,
882 5294 933 5341 et
950 5301 1072 5342 eum
1102 5286 1203 5342 scit
1228 5288 1327 5343 sibi
1352 5303 1459 5342 non
1476 5287 1713 5351 credere,
1732 5288 1876 5343 dicat

267 5387 397 5427 eam
428 5377 567 5429 viam
602 5391 708 5430 non
756 5362 954 5431 habere
982 5376 1241 5445 latrones,
1271 5376 1338 5432 ad
1382 5376 1484 5433 hoc
1523 5388 1581 5432 ut
1609 5378 1730 5433 illac
1769 5392 1872 5433 non

268 5476 384 5532 eat,
420 5467 546 5521 dum
574 5467 699 5523 ideo
736 5468 906 5523 credit
930 5469 1170 5525 latrones
1200 5470 1272 5525 ibi
1302 5484 1440 5538 esse,
1473 5471 1595 5541 quia
1623 5471 1715 5526 ille
1741 5470 1876 5525 dixit

268 5573 383 5613 non
420 5560 490 5615 ibi
515 5576 668 5625 esse,
701 5562 784 5615 cui
814 5577 921 5615 non
961 5562 1182 5618 credere
1206 5564 1405 5629 statuit,
1438 5562 1749 5617 mendacem
1781 5578 1877 5632 pu-

267 5658 404 5706 tans
434 5668 445 5702 :
475 5653 701 5707 alterum
720 5661 899 5709 autem
922 5653 1010 5724 qui
1031 5654 1205 5709 sciens
1225 5665 1315 5709 aut
1336 5664 1524 5725 putans
1549 5670 1733 5710 verum
1749 5668 1875 5713 esse

340 5763 360 5793 ι
401 5768 528 5825 uss,
552 5762 652 5814 sive
672 5761 829 5828 fallat,
854 5763 951 5828 sive
972 5777 1084 5821 non,
1108 5764 1183 5815 vel
1199 5779 1308 5815 eum
1335 5766 1383 5816 ei
1403 5766 1619 5817 creditur
1635 5802 1652 5827 ,
1674 5765 1747 5816 vel
1763 5778 1877 5816 cum

263 5835 463 5941 m
488 5834 607 5890 etc,
626 5827 819 5877 etnissis
840 5827 1031 5889 verbis,
1057 5840 1167 5879 cum
1198 5828 1245 5879 ei
1275 5828 1490 5880 creditur
1524 5828 1701 5894 falsum
1724 5842 1873 5880 enun-

687 5974 914 6040 Snicr.
961 5976 1241 6043 Auensr.
1287 5976 1391 6042 Vl.

3467 401 3573 456 490

1988 503 2127 572 quod
2157 503 2299 570 dicit,
2343 506 2405 558 ad
2450 506 2550 561 hoc
2588 516 2765 564 tamen
2795 508 2922 565 dicit
2948 518 3003 565 ut
3043 511 3216 580 fallat;
3242 522 3495 586 tanquam
3520 520 3568 575 si

1988 592 2187 648 homini
2210 611 2313 647 non
2341 596 2441 650 sibi
2469 597 2707 653 credenti
2734 599 2874 654 dicat
2897 602 3129 659 latrones
3150 605 3203 659 in
3228 606 3315 660 illa
3343 609 3425 662 via
3448 626 3569 665 esse

1986 683 2072 737 ubi
2104 699 2292 740 revera
2321 701 2413 741 eos
2454 700 2571 742 esse
2598 691 2876 758 cognovit,
2909 702 2965 747 ut
2994 693 3083 747 ille
3116 695 3201 749 cui
3226 695 3354 751 dicit
3384 713 3478 765 per
3508 699 3575 754 il-

1985 772 2088 826 lam
2120 774 2254 830 viam
2277 777 2444 846 magis
2477 789 2677 849 pergat,
2717 789 2873 849 atque
2902 783 2970 838 ita
3002 783 3053 838 in
3084 784 3320 843 latrones
3348 787 3559 855 incidat,

1985 863 2109 918 dum
2156 873 2303 936 putat
2348 868 2535 923 falsum
2579 884 2697 925 esse
2736 872 2876 942 quod
2922 874 3011 929 ille
3040 874 3251 931 dixerit.
3284 876 3415 945 Quis
3442 894 3572 950 ergo

1985 956 2205 1011 istorum
2228 960 2511 1026 mentitur;
2546 962 2634 1018 ille
2655 965 2742 1034 qui
2764 966 2920 1036 elegit
2947 966 3139 1024 falsum
3168 969 3348 1026 dicere
3375 987 3443 1028 ne
3465 973 3555 1028 lal-

1985 1047 2079 1115 lat,
2111 1064 2177 1104 an
2222 1051 2309 1105 ille
2335 1053 2424 1122 qui
2452 1054 2614 1124 elegit
2640 1071 2823 1111 verum
2853 1056 3034 1116 dicere
3061 1071 3117 1115 ut
3144 1062 3332 1119 fallat?
3358 1064 3445 1120 ille
3473 1064 3558 1135 qui

1988 1140 2179 1197 falsum
2227 1142 2456 1200 dicendo
2496 1146 2603 1218 egit
2647 1158 2704 1203 ut
2734 1165 2915 1204 verum
2946 1163 3259 1223 sequeretur
3282 1157 3367 1211 cui
3397 1155 3554 1221 dixit,

1983 1248 2052 1286 an
2089 1233 2190 1288 iste
2218 1235 2306 1305 qui
2334 1251 2519 1291 verum
2549 1237 2776 1295 dicendo
2810 1241 2917 1310 egit
2950 1251 3006 1297 ut
3036 1242 3226 1300 falsum
3254 1255 3563 1317 sequeretur

1984 1324 2067 1379 cui
2091 1324 2256 1380 dixit?
2277 1328 2360 1382 An
2380 1327 2517 1385 forte
2541 1332 2699 1387 ambo
2724 1334 2932 1389 mentiti
2958 1347 3114 1402 sunt;
3145 1338 3235 1394 ille
3256 1339 3379 1410 quia
3403 1340 3572 1396 voluit

1982 1414 2173 1471 falsum
2203 1417 2402 1486 dicere,
2432 1420 2533 1477 iste
2557 1424 2678 1493 quia
2704 1425 2868 1480 voluit
2891 1426 3111 1483 fallere?
3131 1431 3212 1485 An
3237 1432 3410 1502 potius
3441 1448 3571 1489 neu-

1983 1515 2065 1563 ter
2090 1523 2274 1565 eorum
2313 1514 2567 1569 mentitus
2593 1524 2703 1581 est;
2738 1516 2826 1573 ille
2855 1520 2977 1589 quia
3010 1520 3333 1579 voluntatem
3384 1525 3567 1581 habuit

1983 1614 2090 1654 non
2122 1600 2370 1671 fallendi,
2417 1614 2471 1661 et
2512 1606 2600 1661 iHe
2643 1609 2763 1677 quia
2807 1610 3131 1667 voluntatem
3172 1614 3353 1671 habuit
3384 1632 3566 1672 verum

1982 1691 2228 1748 dicendi?
2253 1692 2368 1750 Non
2396 1697 2540 1752 enim
2570 1714 2713 1755 nunc
2748 1702 2921 1772 agitur
2946 1705 3065 1775 quis
3095 1720 3280 1762 eorum
3309 1724 3567 1777 peccave-

1982 1784 2071 1851 rit,
2106 1786 2199 1841 sed
2229 1788 2351 1858 quis
2381 1791 2637 1847 mentitus
2663 1794 2750 1848 sit.
2778 1794 2897 1850 Cito
2923 1797 3062 1852 enim
3091 1800 3302 1855 videtur
3330 1802 3417 1857 ille
3446 1819 3567 1871 pec-

1982 1889 2155 1941 casse,
2202 1878 2294 1948 qui
2338 1894 2524 1935 verum
2553 1881 2779 1939 dicendo
2803 1887 2911 1956 egit
2951 1898 3007 1942 ut
3037 1889 3196 1945 homo
3226 1891 3483 1948 incideret
3514 1895 3565 1949 in

1981 1966 2252 2024 latrones:
2282 1971 2375 2026 ille
2400 1981 2577 2028 autem
2608 1990 2711 2029 non
2745 1991 3009 2045 peccasse,
3041 1980 3125 2035 vel
3152 1982 3312 2036 etiam
3337 1984 3474 2039 bene
3495 1983 3570 2039 fe-

1981 2060 2140 2127 cisse,
2158 2062 2259 2132 ‘qui
2291 2061 2482 2119 falsum
2509 2064 2738 2123 dicendo
2765 2068 2871 2137 egit
2898 2078 2954 2124 ut
2979 2070 3138 2127 homo
3163 2074 3453 2143 perniciem
3476 2076 3559 2131 de-

1981 2150 2191 2208 vitaret.
2232 2152 2336 2208 Sed
2379 2167 2602 2224 possunt
2628 2160 2869 2229 exempla
2892 2161 2991 2215 ista
3016 2165 3275 2230 converti,
3308 2173 3366 2221 ut
3390 2176 3442 2223 et
3481 2167 3568 2224 ille

1980 2240 2178 2312 aliquid
2207 2245 2420 2314 gravius
2464 2262 2587 2301 eum
2619 2250 2723 2318 pati
2768 2251 2897 2306 velit
2940 2268 3095 2322 quem
3136 2255 3246 2311 falli
3288 2274 3392 2314 non
3423 2261 3567 2328 vult;

1984 2333 2136 2388 multi
2163 2336 2307 2390 enim
2329 2351 2456 2392 vera
2481 2338 2727 2408 quaedam
2753 2346 3121 2412 cognoscendo
3150 2348 3249 2404 sibi
3277 2350 3573 2409 intulerunt

1982 2426 2310 2495 perniciem,
2340 2430 2384 2483 si
2412 2428 2537 2484 talia
2568 2430 2781 2487 luerunt
2824 2443 2881 2488 ut
2905 2449 3000 2491 eos
3029 2435 3195 2493 latere
3240 2440 3519 2498 debuerint
3555 2464 3568 2500 :

1982 2525 2038 2572 et
2067 2519 2166 2574 iste
2189 2520 2389 2591 aliquid
2414 2524 2683 2579 commodi
2712 2526 2841 2581 velit
2867 2527 3087 2598 adipisci
3117 2548 3237 2587 eum
3270 2550 3427 2605 quem
3460 2539 3573 2593 vult

1981 2608 2123 2675 falli;
2157 2613 2400 2669 nonnulli
2446 2616 2591 2670 enim
2620 2616 2711 2686 qui
2754 2617 2855 2673 sibi
2886 2630 3113 2676 mortem
3156 2623 3478 2694 intulissent,
3524 2630 3570 2684 si

1982 2702 2181 2773 aliquid
2223 2706 2346 2760 mali
2370 2707 2512 2777 quod
2556 2724 2682 2765 vere
2710 2711 3003 2783 contigerat
3027 2714 3095 2771 de
3122 2716 3299 2774 charis
3341 2721 3450 2776 suis
3476 2736 3571 2777 co-

1982 2795 2293 2864 gnovissent
2316 2838 2332 2864 ,
2363 2797 2555 2854 falsum
2594 2803 2829 2871 putando
2872 2804 2972 2859 sibi
3004 2819 3384 2879 pepercerunt;
3415 2823 3574 2885 atque

1984 2883 2057 2938 ita
2084 2883 2193 2940 falli
2221 2887 2302 2942 eis
2327 2887 2544 2957 profuit,
2576 2890 2714 2945 sicut
2738 2892 2855 2947 aliis
2884 2894 3053 2950 obfuit
3083 2914 3205 2953 vera
3227 2883 3570 2972 cognoscere.

1985 2974 2101 3030 Non
2129 2993 2257 3049 ergo
2287 2979 2339 3033 id
2367 2981 2557 3050 agitur,
2585 2998 2690 3052 quo
2713 2985 2892 3041 animo
2913 2988 3224 3046 consulendi
3253 3005 3343 3047 aut
3370 3011 3570 3052 nocen-

1985 3067 2080 3134 di,
2129 3069 2211 3123 vel
2258 3070 2346 3126 ille
2374 3071 2563 3127 falsum
2593 3073 2725 3128 dixit
2753 3091 2821 3130 ne
2850 3077 3095 3146 falleret,
3126 3083 3208 3137 vel
3248 3084 3349 3140 iste
3387 3102 3570 3143 verum

1988 3157 2125 3213 dixit
2171 3168 2229 3213 ut
2255 3160 2463 3217 falleret
2490 3179 2505 3216 :
2532 3163 2627 3219 sed
2667 3168 2905 3238 exceptis
2931 3171 3224 3227 commodis
3250 3185 3340 3231 aut
3368 3178 3571 3233 incom-

1989 3250 2165 3304 modis
2205 3264 2392 3306 eorum
2432 3252 2625 3323 quibus
2662 3254 2823 3312 locuti
2849 3269 2995 3328 sunt,
3027 3272 3281 3331 quantum
3311 3266 3376 3321 ad
3404 3267 3571 3338 ipsam

1987 3342 2268 3397 veritatem
2292 3342 2682 3416 falsitatemque
2703 3348 2913 3417 attinet,
2940 3353 3195 3422 quaeritur
3215 3356 3335 3426 quis
3362 3373 3569 3427 eorum,

1986 3446 2052 3486 an
2082 3441 2339 3504 uterque,
2372 3446 2626 3494 neuterve
2668 3440 2921 3496 mentitus
2950 3442 3037 3497 sit.
3071 3444 3126 3499 Si
3169 3449 3311 3503 enim
3354 3452 3575 3508 menda-

1986 3523 2129 3577 cium
2158 3534 2239 3579 est
2267 3526 2560 3584 enuntiatio
2584 3544 2707 3585 cum
2728 3532 2997 3589 voluntate
3022 3534 3209 3591 falsum
3236 3542 3569 3611 enuntiandi,

1987 3616 2076 3671 ille
2124 3620 2300 3687 potius
2342 3623 2598 3678 mentitus
2627 3625 2825 3696 estqui
2853 3625 3042 3682 falsum
3088 3629 3265 3688 dicere
3304 3634 3489 3703 voluit,
3519 3648 3576 3694 et

1986 3708 2121 3765 dixit
2142 3711 2283 3782 quod
2326 3712 2511 3780 voluit,
2544 3717 2787 3786 quamvis
2812 3733 2880 3773 ne
2908 3718 3115 3776 falleret
3143 3722 3372 3781 dixerit:
3402 3728 3448 3782 si
3474 3744 3572 3785 au-

1986 3810 2093 3857 tem
2119 3804 2455 3861 mendacium
2478 3817 2560 3862 est
2579 3809 2830 3879 qumlibet
2849 3812 3141 3869 enuntiatio
3162 3830 3282 3871 eum
3304 3819 3576 3878 voluntate

1984 3893 2224 3961 fallendi,
2253 3912 2361 3951 non
2389 3898 2498 3962 ille,
2526 3899 2621 3953 sed
2652 3901 2752 3954 iste
2780 3903 3034 3959 mentitus
3060 3914 3161 3971 est,
3189 3908 3279 3977 qui
3304 3910 3463 3965 etiam
3491 3928 3576 3969 ve-

1986 4002 2104 4041 rum
2148 3988 2377 4046 dicendo
2408 3991 2592 4046 fallere
2623 3993 2792 4047 voluit
2822 4012 2835 4049 :
2864 3997 3006 4065 quod
3035 3998 3077 4051 si
3109 4002 3444 4059 mendacium
3491 4017 3574 4062 est

1984 4081 2279 4137 enuntiatio
2322 4096 2442 4137 cum
2490 4083 2763 4140 voluntate
2808 4086 3032 4159 alicujus
3086 4090 3367 4161 falsitatis,
3415 4098 3573 4154 ambo

1983 4174 2192 4230 mentiti
2218 4184 2371 4241 sunt;
2414 4176 2537 4246 quia
2562 4184 2616 4231 et
2643 4176 2732 4232 ille
2756 4192 2908 4235 suam
2935 4184 3353 4243 enuntiationem
3383 4189 3570 4246 falsam

1982 4280 2102 4321 esse
2123 4266 2308 4333 voluit,
2334 4274 2388 4321 et
2407 4267 2509 4323 iste
2528 4266 2594 4322 de
2641 4285 2765 4324 vera
2788 4287 2881 4325 sua
2932 4273 3117 4329 falsum
3163 4279 3310 4333 credi
3360 4282 3565 4338 voluit;

1984 4372 2145 4427 porro
2159 4358 2204 4412 si
2220 4357 2553 4413 mendacium
2571 4368 2653 4415 est
2667 4364 2958 4419 enuntiatio
2970 4364 3163 4423 falsum
3178 4372 3456 4428 enuntiare
3478 4390 3570 4429 vo-

1983 4447 2141 4502 lentis
2172 4446 2411 4512 utl‘allat,
2436 4457 2626 4503 neuter
2640 4453 2893 4508 mentitus
2922 4463 3025 4521 est;
3045 4458 3165 4526 quia
3192 4469 3246 4514 et
3271 4460 3361 4517 ille
3388 4462 3567 4522 habuit

1982 4544 2308 4599 voluntatem
2331 4543 2517 4599 falsum
2549 4544 2777 4602 dicendo
2798 4563 2981 4605 verum
3003 4554 3413 4624 persuadere,et
3444 4560 3563 4627 iste,

1982 4646 2041 4691 ut
2084 4635 2271 4690 falsum
2314 4640 2687 4705 persuaderet,
2722 4654 2904 4695 verum
2942 4641 3141 4699 dicere.
3196 4647 3380 4703 Aberit
3412 4651 3569 4720 igitur

1982 4726 2156 4782 omnis
2187 4727 2457 4783 temeritas
2499 4736 2657 4798 atque
2700 4745 2859 4787 omne
2887 4734 3239 4803 mendacium,
3273 4740 3317 4792 si
3350 4741 3400 4794 id
3427 4743 3567 4808 quod

1982 4837 2167 4876 verum
2189 4820 2581 4878 credendumve
2604 4825 2969 4894 cognovimus,
2997 4842 3118 4882 cum
3142 4844 3275 4899 opus
3299 4839 3381 4883 est
3398 4846 3568 4886 enun-

1983 4913 2195 4978 tiamus,
2226 4922 2280 4969 et
2308 4913 2360 4967 id
2392 4914 2636 4969 volumus
2679 4916 3002 4985 persuadere
3031 4919 3171 4988 quod
3202 4921 3565 4978 enuntiamus.

1942 5004 2039 5059 ’Si
2066 5013 2246 5059 autem
2291 5005 2377 5059 vel
2402 5005 2542 5075 quod
2594 5004 2784 5063 falsum
2817 5018 2899 5063 est
2943 5024 3125 5063 verum
3176 5020 3440 5079 putantes,
3486 5016 3569 5072 vel

1982 5096 2123 5166 quod
2168 5096 2493 5166 incognitum
2540 5106 2622 5152 est
2662 5099 2816 5154 nobis
2851 5115 2949 5168 pro
2976 5100 3189 5169 cognito
3224 5101 3484 5159 habentes
3526 5110 3568 5173 ¹,

1982 5190 2066 5245 vel
2095 5189 2236 5259 quod
2264 5189 2588 5245 credendum
2637 5207 2740 5245 non
2768 5199 2849 5245 est
2892 5191 3191 5257 credentes,
3225 5194 3307 5248 vel
3354 5209 3474 5251 cum
3517 5198 3567 5253 id

1984 5299 2091 5337 non
2119 5297 2254 5351 opus
2281 5292 2364 5337 est
2394 5283 2730 5337 enuntiantcs
2757 5323 2770 5345 ,
2802 5292 2975 5336 tamen
3023 5297 3129 5336 non
3156 5286 3295 5340 aliud
3324 5304 3483 5359 quam
3518 5293 3567 5347 id

1981 5374 2123 5445 quod
2176 5374 2513 5430 enuntiamus
2560 5372 2880 5442 persuadere
2927 5387 3212 5442 conamur;
3265 5393 3370 5433 non
3418 5384 3571 5438 abest

1981 5465 2196 5537 quidem
2240 5464 2551 5520 temeritatis
2600 5478 2749 5517 error
2779 5464 2820 5528 ’,
2853 5463 2947 5519 sed
2976 5465 3121 5521 abest
3153 5483 3311 5525 omne
3343 5476 3565 5528 menda-

1982 5560 2145 5614 cium.
2178 5557 2328 5613 Nulla
2365 5558 2505 5611 enim
2541 5555 2909 5611 deﬁnitionum
2946 5559 3152 5615 illarum
3185 5564 3414 5619 timenda
3447 5578 3562 5634 est,

1982 5667 2101 5706 cum
2131 5651 2266 5706 bene
2295 5649 2395 5704 sibi
2422 5649 2668 5703 conscius
2693 5658 2774 5703 est
2803 5650 3030 5717 animus,
3063 5652 3165 5709 hoc
3189 5672 3250 5712 se
3287 5659 3565 5713 enuntiare

2048 5767 2063 5796 ι
2084 5762 2266 5834 Plures
2287 5771 2413 5824 Mss,
2435 5760 2509 5812 uel
2530 5763 2656 5827 quod
2678 5761 2969 5828 incognitam
2987 5772 3056 5816 est
3069 5767 3203 5818 nobis
3224 5768 3461 5834 cognitum
3476 5767 3565 5819 ha-

1984 5826 2173 5941 “1'3;
2194 5895 2299 5940 Mss.
2328 5895 2382 5940 At
2400 5887 2534 5952 editi,
2553 5886 2795 5942 temeritas
2816 5895 2861 5941 et
2892 5903 3048 5941 error.

3049 5972 3322 6057 (Sciam)
