4070 6334
494 325 597 384 ιω

492 435 635 510 quod
668 449 854 494 verum
884 448 1006 492 esse
1025 439 1120 490 aut
1145 431 1308 498 novit,
1331 437 1422 486 aut
1438 429 1700 501 opinatur,
1739 435 1832 484 aut
1856 428 2028 486 credit
2045 468 2064 494 ,

493 545 666 602 neque
691 528 825 584 velle
850 526 1049 602 aliquid
1069 565 1088 594 ,
1119 526 1221 580 nisi
1249 523 1388 596 quod
1419 522 1678 587 enuntiat,
1719 517 2064 596 persuadere.

565 624 617 678 5.
649 621 754 679 Sed
778 629 952 675 utrum
978 619 1048 673 sit
1069 618 1196 672 utile
1212 615 1497 686 aliquando
1519 613 1870 678 mendacium,
1897 609 2068 668 multo

491 713 664 786 mitior
696 714 974 786 magisque
1013 708 1313 765 necessaria
1339 707 1560 778 quaestio
1589 715 1690 759 est.
1721 703 1908 760 Utrum
1937 717 2068 772 ergo

492 805 782 861 mentiatur
805 802 1042 874 quisquis
1069 798 1278 854 fallendi
1305 813 1411 851 non
1439 797 1594 852 habet
1615 795 1962 860 voluntatem,
1981 791 2066 847 vel

490 897 652 950 etiam
679 894 733 948 id
778 892 882 962 agit
921 906 990 946 ne
1019 889 1227 944 fallatur
1252 887 1337 943 cui
1364 885 1560 958 aliquid
1585 885 1846 948 enuntiat,
1875 899 2066 954 quam-

491 988 573 1042 vis
597 984 1012 1042 enuntiationem
1041 983 1206 1053 ipsam
1231 979 1420 1034 falsam
1451 979 1649 1034 habere
1675 978 1920 1040 voluerit,
1945 976 2066 1048 quia

487 1077 615 1133 ideo
640 1076 804 1132 voluit
842 1085 898 1128 ut
925 1088 1108 1131 verum
1153 1070 1532 1142 persuaderet;
1563 1080 1615 1134 et
1644 1078 1820 1124 utrum
1847 1067 2070 1122 mentia-

491 1178 582 1226 tur
613 1167 855 1240 quisquis
898 1167 1057 1222 etiam
1087 1181 1272 1220 verum
1303 1165 1488 1219 volens
1513 1163 1754 1226 enuntiat
1782 1175 1940 1214 causa
1965 1159 2064 1214 fal-

491 1261 658 1325 lendi,
689 1259 912 1314 dubitari
962 1266 1153 1327 potest.
1182 1255 1348 1310 Nemo
1391 1264 1564 1308 autem
1605 1253 1810 1308 dubitat
1853 1249 2066 1309 mentiri

491 1366 613 1406 eum
640 1350 728 1418 qui
759 1349 941 1404 volens
967 1348 1152 1402 falsum
1181 1346 1419 1400 enuntiat
1453 1359 1610 1398 causa
1646 1341 1864 1403 fallendi
1893 1360 1905 1396 :
1937 1355 2068 1414 qua-

493 1449 716 1513 propter
739 1441 1150 1497 enuntiationem
1175 1439 1360 1493 falsam
1388 1453 1507 1492 cum
1521 1435 1862 1492 voluntatead
1875 1433 2068 1490 fallen-

492 1533 618 1587 dum
643 1534 928 1610 prolatam,
962 1529 1298 1585 manifestum
1326 1538 1408 1582 est
1433 1542 1551 1582 esse
1580 1526 1932 1581 mendacium.
1959 1523 2069 1580 Sed

487 1635 676 1681 rutrum
709 1633 809 1680 hoc
833 1626 1001 1679 solum
1031 1625 1100 1679 sit
1126 1620 1479 1688 mendacium,
1509 1621 1610 1673 alia
1641 1618 1865 1688 quiestio
1892 1625 1995 1671 est.

563 1717 791 1773 CAPUT
827 1716 892 1772 V.
943 1747 1013 1757 —
1055 1713 1241 1784 Opinio
1283 1714 1538 1784 afﬁrmans
1579 1710 1918 1772 mentiendum
1962 1724 2070 1766 esse

487 1823 874 1878 nonnunquam.
900 1804 1087 1877 Opinio
1115 1819 1304 1876 negans
1330 1819 1438 1858 esse
1462 1816 1682 1870 unquam
1705 1796 2064 1852 mentiendum.

491 1897 744 1967 Exempla
787 1914 879 1968 pro
901 1895 1158 1950 mendacio
1185 1911 1248 1949 ea:
1285 1891 1449 1948 Veteri
1466 1892 1783 1947 Testamento
1807 1888 1966 1944 allata
1991 1887 2069 1942 di-

487 1990 791 2043 scutiuntur.
823 1986 1098 2042 Mentiendi
1141 1983 1423 2054 exemplum
1462 1998 1525 2038 ea:
1561 1978 1880 2036 Testamento
1919 1977 2069 2033 Novo

487 2078 691 2132 nullum
731 2086 1010 2147 suppetere.
1041 2075 1295 2130 Timothei
1329 2073 1645 2128 circumcisio
1669 2088 1770 2127 non
1796 2087 1883 2141 per
1910 2070 2068 2124 sintu-

487 2171 728 2226 lationem
760 2172 913 2241 facta.
949 2167 1127 2222 Petrus
1166 2166 1374 2221 libenter
1391 2175 1639 2221 correctus
1677 2181 1709 2217 a
1750 2161 1933 2217 Paulo.
1962 2162 2069 2216 Au-

491 2265 773 2319 ctoritatem
797 2246 1069 2318 mentiendi
1108 2277 1211 2315 non
1252 2261 1413 2332 magis
1446 2259 1722 2314 communis
1765 2259 1880 2313 vita
1916 2273 2068 2330 quam

494 2359 878 2429 Scripturarum
923 2355 1165 2426 exmptis
1199 2354 1362 2407 astrui
1405 2368 1568 2423 posse.
1596 2351 1815 2406 'lnterim
1858 2350 1926 2412 de
1966 2349 2068 2404 hoc

490 2465 722 2522 genere,
771 2451 826 2504 in
871 2448 1013 2520 quad
1061 2462 1246 2503 omnes
1293 2445 1650 2511 consentiunt,
1699 2444 2066 2513 inquiramus:

493 2551 674 2597 utrum
719 2541 1007 2612 aliquando
1050 2540 1121 2596 sit
1162 2538 1288 2594 utile
1332 2538 1521 2592 falsum
1564 2536 1760 2606 aliquid
1789 2536 2068 2590 enuntiare

491 2646 614 2688 cum
642 2633 914 2688 voluntate
943 2628 1178 2688 fallendi.
1205 2628 1338 2685 Nam
1367 2629 1457 2698 qui
1493 2627 1596 2683 hoc
1620 2628 1878 2692 sentiunt,
1909 2625 2067 2686 adhi-

491 2725 622 2782 bent
659 2725 961 2782 testimonia
993 2722 1272 2780 sententiae
1301 2737 1433 2788 suae,
1463 2728 1941 2776 commemorantes
1971 2717 2069 2774 Sa-

492 2830 611 2871 ram
645 2831 766 2872 cum
809 2817 1035 2880 risisset,
1060 2814 1264 2886 angelis
1292 2828 1517 2884 negasse
1542 2812 1681 2882 quod
1709 2812 1887 2870 riserit
1911 2809 2066 2883 (Gen.

493 2921 645 2973 xviii,
673 2906 794 2976 15);
830 2905 994 2963 Jacob
1030 2920 1060 2959 a
1107 2913 1255 2975 patre
1300 2905 1702 2974 interrogatum,
1728 2903 2069 2980 respondisse

491 2996 637 3067 quod
664 2997 778 3067 ipse
800 3005 945 3053 esset
971 2996 1112 3052 Esau
1133 2996 1305 3068 major
1324 2995 1466 3050 illius
1486 2993 1604 3064 ejus
1625 2992 1739 3066 (Id.
1761 3010 1927 3062 xxvu,
1953 2993 2066 3069 l9);

493 3087 772 3160 Egyptian
795 3102 1005 3158 quoque
1028 3086 1362 3152 obstetrices,
1391 3101 1460 3141 ne
1486 3085 1714 3141 infantes
1739 3085 1950 3140 Hebraei
1969 3101 2068 3146 na-

492 3189 704 3235 scentes
733 3180 1186 3246 interﬁcerentur,
1216 3179 1377 3235 etiam
1401 3177 1521 3232 'Deo
1547 3177 1878 3248 approbante
1902 3185 1957 3233 et
1980 3192 2069 3234 re-

487 3281 806 3327 munerante
830 3272 1078 3328 mentitas
1103 3269 1294 3342 (Exod.
1323 3286 1360 3336 ι,
1391 3269 1477 3336 i9,
1505 3269 1596 3344 20)
1625 3279 1716 3338 ;et
1740 3271 1904 3326 multa
1927 3271 2070 3344 ejus-

493 3363 642 3420 modi
685 3365 925 3433 exempla
969 3364 1246 3434 eligentes,
1278 3377 1462 3418 eorum
1485 3363 1768 3424 hominum
1794 3365 2070 3420 mendacia

491 3462 936 3522 oornmemorant,
983 3469 1117 3525 quos
1151 3453 1370 3524 culpare
1413 3469 1519 3509 non
1567 3455 1786 3520 audeas,
1815 3463 1972 3526 atque
1997 3455 2072 3510 ita

485 3544 711 3602 lunaris
751 3546 1037 3620 aliquando
1079 3561 1201 3600 esse
1240 3560 1398 3615 posse
1442 3560 1550 3599 non
1594 3548 1763 3600 solum
1791 3545 2072 3616 reprehen-

487 3639 650 3695 sioe
691 3655 797 3695 non
846 3639 1084 3708 dignum,
1114 3637 1208 3692 sed
1239 3638 1399 3692 etiam
1427 3629 1643 3707 dignum
1669 3637 1824 3691 laude
1851 3636 2072 3692 menda-

495 3730 662 3784 cium.
695 3729 912 3784 Addunt
955 3729 1138 3794 etiam,
1168 3743 1274 3797 quo
1305 3742 1409 3780 non
1439 3728 1583 3781 solos
1613 3734 1854 3798 premant
1879 3725 2072 3782 divinis

494 3819 675 3874 Libris
701 3818 930 3883 deditos,
958 3817 1050 3872 sed
1077 3818 1237 3872 etiam
1265 3831 1454 3871 omnes
1483 3815 1724 3870 homines
1751 3831 2071 3887 sensumque

493 3905 1242 3975 octitmunem,dieentes:Si
1291 3905 1409 3975 quis
1450 3904 1516 3958 ad
1567 3914 1618 3961 te
1661 3907 1946 3976 confugiat,
1982 3907 2071 3974 qui

489 4000 777 4056 mendacio
805 4008 894 4056 tuo
920 4000 1088 4069 possit
1117 4015 1147 4052 a
1172 4008 1344 4054 morte
1370 3997 1608 4063 liberari,
1639 4015 1743 4052 non
1794 3983 1852 4052 es
1880 3999 2075 4052 menti-

497 4089 683 4164 turus?
703 4088 760 4143 Si
784 4089 982 4158 aliquid
1011 4099 1242 4158 mgrotus
1268 4089 1557 4158 interroget
1573 4088 1712 4157 quod
1737 4087 1786 4140 ei
1809 4088 1946 4143 scire
1965 4103 2070 4143 non

487 4182 732 4251 expedit,
761 4180 852 4251 qui
876 4180 1035 4236 etiam
1069 4189 1120 4235 te
1147 4195 1252 4234 non
1279 4180 1636 4249 respondente
1661 4180 1827 4249 possit
1859 4181 2070 4250 gravius

491 4272 692 4345 afﬂigi;
725 4273 1014 4329 audebisne
1037 4283 1129 4327 aut
1150 4288 1330 4327 verum
1359 4272 1537 4326 dicere
1564 4271 1616 4325 in
1649 4271 1936 4341 perniciem
1961 4272 2070 4326 'ho-

495 4365 676 4431 minis,
705 4374 797 4419 aut
830 4365 992 4419 silere
1012 4365 1194 4433 potius
1218 4379 1374 4434 quam
1405 4363 1631 4418 honesto
1658 4371 1712 4418 et
1739 4363 2071 4418 misericordi

491 4455 777 4512 mendacio
797 4455 1094 4512 valetudini
1119 4456 1234 4524 ejus
1257 4453 1549 4524 opitulari9
1577 4453 1670 4509 Bis
1689 4462 1846 4528 atque
1873 4454 2070 4509 talibus

483 4547 866 4615 copiosissime
894 4547 1304 4602 searbitrantur
1333 4560 1544 4615 urgere,
1581 4553 1637 4599 ut
1679 4545 1725 4599 si
1759 4545 2067 4601 consulendi

498 4651 659 4696 causa
685 4638 869 4705 exigit,
897 4637 1181 4707 aliquando
1197 4635 1540 4691 mentiamur.

565 4729 620 4786 6.
648 4729 868 4792 Contra,
891 4729 964 4783 illi
984 4728 1174 4799 quibus
1197 4727 1372 4796 placet
1396 4741 1660 4795 nunquam
1683 4726 2066 4792 mentiendum,

496 4819 668 4880 mttlto
707 4817 903 4878 fortius
925 4826 1110 4889 agunt,
1141 4826 1353 4872 utentes
1388 4817 1558 4886 primo
1587 4817 1902 4871 auctoritate
1929 4816 2068 4870 divi-

497 4926 590 4980 us,
619 4911 870 4983 quoniam
906 4910 960 4965 in
1001 4910 1118 4979 ipso
1159 4908 1418 4978 Decalogo
1447 4908 1700 4978 scriptum
1727 4919 1829 4975 est,
1860 4907 2071 4962 Falsum

498 5005 837 5062 Manium
875 5017 942 5056 ne
982 5001 1122 5056 dicas
1154 4998 1263 5070 (id.
1284 5014 1385 5066 xx,
1415 4997 1539 5072 16);
1573 5015 1678 5069 quo
1704 5013 1899 5069 genere
1925 5013 2071 5053 com-

494 5093 748 5166 plectitur
787 5107 952 5152 omne
993 5089 1369 5146 mendacium:
1396 5090 1632 5160 quisquis
1679 5090 1820 5143 enim
1871 5090 2069 5160 aliquid

498 5186 758 5248 enuntiat,
786 5183 1146 5240 testimonium
1187 5181 1432 5250 perhibet
1471 5181 1650 5234 animo
1695 5193 1812 5234 suo.
1855 5179 1959 5234 Sed
2003 5195 2072 5236 ne

497 5277 620 5346 quis
642 5273 927 5330 contendat
949 5290 1054 5328 non
1080 5286 1239 5327 omne
1262 5270 1591 5325 mendacium
1617 5269 1802 5324 falsum
1825 5271 2070 5325 testimo-

497 5365 646 5422 nium
673 5379 792 5419 esse
821 5363 1225 5434 appellandum;
1253 5361 1379 5437 quid
1401 5361 1637 5414 dicturus
1661 5360 1828 5415 estad
1854 5361 1904 5415 id
1927 5361 2070 5431 quod

498 5457 756 5524 scriptum
783 5463 886 5520 est,
917 5454 988 5509 Us
1013 5454 1148 5525 quod
1183 5453 1420 5506 mentitur
1457 5451 1638 5505 occidit
1665 5452 1884 5504 animum
1912 5451 2069 5523 (Sep.

493 5548 705 5620 1,“)?
751 5547 893 5618 quod
943 5563 1010 5602 ne
1038 5548 1156 5617 quis
1199 5547 1486 5600 arbitretur
1523 5545 1757 5614 exceptis
1809 5543 2070 5613 aliquibus

500 5639 884 5698 metitientibus
931 5652 1088 5706 posse
1127 5637 1369 5708 intelligi,
1401 5636 1508 5691 alio
1546 5635 1664 5690 loco
1689 5636 1844 5707 legat,
1878 5634 2072 5691 Perdes

499 5746 671 5794 omnes
719 5730 807 5802 qui
849 5731 1121 5803 loquuntur
1165 5729 1484 5787 mendacium
1507 5726 1676 5800 (Paul.
1718 5744 1772 5797 v,
1801 5727 1877 5800 τη.
1919 5728 2074 5786 Unde

1617 315 1704 372 on
1741 267 2128 382 ιῖἐῑδῖῖῖὶῑοῖ
2147 310 2206 369 s.
2247 311 2612 372 mansum

3636 321 3753 382 l9!

2175 441 2271 482 ore
2296 441 2392 482 suo
2421 428 2536 500 ipse
2557 426 2848 488 Dominus:
2869 427 2970 494 Sit,
2998 428 3186 500 inquit,
3214 429 3268 485 in
3292 445 3380 486 ore
3402 437 3585 497 castra.
3625 430 3746 501 list.

2176 527 2285 583 est;
2310 518 2452 588 Non,
2481 537 2581 574 non
2609 537 2627 575 :
2662 521 2795 590 quod
2837 531 3004 576 autem
3049 523 3266 593 amplius
3309 533 3399 586 est.
3431 542 3464 582 α
3493 523 3630 586 mala
3667 533 3745 582 es!

2178 607 2387 683 (Matth.
2416 627 2469 678 v,
2498 611 2608 682 57).
2642 611 2774 665 llinc
2794 621 2846 666 et
2874 613 3156 682 ApoStolus
3181 628 3301 667 cum
3328 614 3630 676 eruendum
3651 630 3742 674 ve-

2177 710 2346 756 terem
2377 701 2650 758 hominem
2679 703 3010 776 praeciperet,
3037 719 3142 776 quo
3171 691 3384 762 nomine
3409 709 3585 764 omnia
3611 722 3756 784 pec-

2175 801 2291 846 cata
2313 791 2694 866 intelliguntur,
2719 804 3104 866 consequenter
3121 795 3213 860 ait,
3237 795 3288 850 in
3314 797 3497 866 primis
3519 813 3744 868 ponens,

2181 883 2498 956 Quapmpter
2517 883 2817 954 deponcntes
2842 885 3176 956 mendacium,
3209 886 3468 956 loquimini
3489 890 3751 950 veritatem

2178 971 2388 1048 (Ep/tes.
2413 991 2484 1038 tv,
2511 975 2627 1046 25).

2245 1066 2298 1119 7.
2323 1065 2432 1121 Nec
2459 1067 2560 1122 illis
2599 1082 2714 1137 qure
2757 1067 2824 1121 de
2856 1067 3125 1124 veteribus
3146 1067 3320 1124 Libris
3341 1069 3748 1132 mendaciorum

2175 1158 2414 1228 exempla
2447 1159 2648 1228 prolata
2672 1167 2813 1225 sunt,
2839 1160 3023 1218 terreri
3048 1175 3107 1214 se
3132 1160 3350 1228 dicunt;
3383 1163 3468 1222 ubi
3491 1165 3753 1236 quidquid

2175 1260 2382 1330 gestum
2431 1259 2532 1314 est,
2564 1253 2780 1320 ﬁgurate
2825 1252 2991 1322 accipi
3033 1261 3225 1324 potest,
3272 1255 3514 1326 quamvis
3565 1273 3756 1314 revera

2175 1343 2762 1420 contigeritzquidquid
2806 1351 2982 1403 autem
3027 1343 3249 1414 ﬁgurate
3295 1343 3352 1398 ﬁt
3397 1355 3488 1404 aut
3528 1347 3749 1414 dicitur,

2175 1447 2282 1486 non
2326 1443 2407 1487 est
2453 1433 2805 1488 mendacium.
2837 1432 3021 1488 Omnis
3059 1436 3200 1490 enim
3241 1437 3554 1504 enuntiatio,
3590 1439 3658 1492 ad
3696 1438 3754 1502 id

2175 1523 2316 1594 quod
2357 1525 2614 1588 enuntiat,
2643 1524 2921 1579 referenda
2961 1533 3060 1582 est.
3089 1524 3258 1581 Omne
3298 1536 3476 1582 autem
3527 1527 3756 1598 ﬁgurate

2175 1622 2266 1669 aut
2303 1615 2497 1670 factum
2539 1624 2630 1669 aut
2665 1615 2864 1676 dictum
2895 1615 2997 1671 hoc
3032 1618 3272 1671 enuntiat
3308 1617 3447 1688 quod
3488 1619 3756 1694 signiﬁcat

2175 1709 2252 1764 eis
2277 1709 2467 1779 quibus
2495 1709 2892 1780 intelligendum
2925 1711 3185 1780 prolatum
3212 1718 3314 1765 est.
3343 1709 3497 1766 Unde
3523 1713 3756 1770 creden-

2143 1819 2146 1822 '
2175 1799 2302 1855 dum
2323 1811 2404 1856 est
2429 1801 2548 1856 illos
2580 1803 2821 1862 homines
2859 1802 2950 1880 qui
2977 1803 3298 1876 prOpheticis
3324 1805 3649 1876 temporibus
3669 1806 3758 1862 di-

2175 1894 2263 1963 gni
2304 1895 2615 1948 auctoritate
2663 1895 2824 1955 fuisse
2873 1903 3378 1962 commemorantur,
3410 1896 3586 1950 omnia
3631 1913 3758 1968 qua:

2175 1975 2372 2055 Scripta
2401 1995 2524 2040 sntit
2560 1985 2626 2039 de
2666 1985 2787 2051 illis,
2817 1986 3125 2062 prOphctice
3151 1987 3380 2058 gessisse
3403 1997 3561 2057 atque
3581 1987 3756 2044 dixis-

2175 2089 2234 2130 se
2259 2093 2272 2128 :
2298 2089 2394 2130 nec
2429 2076 2601 2129 minus
2643 2076 2948 2144 prephetice
2991 2077 3068 2130 cis
3097 2076 3374 2143 accidisse,
3403 2092 3758 2148 quaecumque

2175 2167 2253 2234 sic
2277 2167 2600 2234 acciderunt,
2630 2177 2687 2221 ut
2711 2167 2897 2222 eodem
2926 2168 3236 2246 pmphetico
3259 2167 3456 2242 Spiritu
3479 2171 3759 2228 memoria

2176 2258 2469 2329 litterisque
2503 2259 2797 2314 mandanda
2837 2260 3218 2330 judicarentur.
3253 2261 3325 2314 De
3373 2261 3753 2319 obstetricibus

2175 2359 2373 2416 autem,
2401 2349 2520 2420 quia
2552 2365 2658 2404 non
2697 2365 2787 2406 eas
2827 2361 3045 2421 possunt
3089 2349 3268 2406 dicere
3296 2352 3604 2422 prophetico
3629 2353 3762 2424 Spi-

2173 2443 2278 2498 ritu
2308 2443 2638 2514 signiﬁcandi
2678 2445 2837 2500 futuri
2878 2447 2988 2500 veri
3030 2447 3218 2520 gratia,
3251 2448 3394 2503 aliud
3417 2464 3511 2518 pro
3535 2450 3638 2505 alio
3664 2431 3757 2508 re?

2175 2537 2449 2592 nuntiasse
2473 2537 2756 2601 Pharaoni,
2781 2540 2987 2594 etiamsi
3012 2541 3207 2611 aliquid
3237 2541 3366 2614 ipsis
3388 2543 3756 2608 nescientibus

2175 2627 2318 2698 quod
2366 2643 2460 2698 per
2497 2641 2588 2682 eas
2634 2636 2809 2686 actum
2846 2639 2928 2685 est
2967 2632 3301 2702 signiﬁcavit,
3336 2650 3433 2703 pro
3460 2636 3624 2706 gradu
3653 2651 3762 2702 suo

2176 2717 2358 2772 dicunt
2397 2719 2711 2790 approbatas
2759 2730 2813 2778 et
2859 2732 3228 2779 rcmuneratas
3255 2741 3284 2778 a
3311 2727 3441 2782 Deo.
3469 2728 3568 2796 Qui
3607 2731 3758 2792 enim

2175 2809 2400 2865 nocendi
2425 2825 2582 2865 causa
2603 2813 2815 2866 mentiri
2841 2814 2997 2886 solet,
3025 2817 3068 2868 si
3085 2815 3195 2886 jam
3211 2819 3564 2874 consulendi‘
3589 2836 3756 2886 causa

2176 2901 2482 2968 mentiatur,
2515 2901 2738 2957 multum
2779 2903 3019 2974 profecit.
3047 2903 3154 2962 Sed
3184 2907 3326 2963 aliud
3359 2918 3443 2965 est
3479 2911 3619 2984 quod
3649 2926 3762 2986 per

2169 3007 2236 3048 se
2265 2993 2435 3062 ipsum
2465 2991 2729 3049 laudabile
2749 2996 3084 3065 proponitur,
3106 2998 3248 3053 aliud
3275 3000 3412 3072 quod
3439 2999 3494 3064 in
3519 3001 3759 3062 deterio-

2175 3083 2250 3138 rls
2274 3084 2669 3153 comparatione
2695 3086 3038 3158 praeponitur.
3068 3089 3237 3144 Aliter
3256 3091 3393 3144 enim
3419 3093 3760 3164 gratulamur

2175 3189 2296 3228 cum
2327 3187 2486 3228 sanus
2513 3183 2595 3229 est
2613 3175 2799 3239 'bomo,
2839 3177 2992 3232 aliter
3021 3193 3141 3233 cum
3169 3179 3356 3234 melius
3385 3179 3542 3236 habet
3569 3197 3754 3252 aegro-

2167 3271 2282 3318 ‘tus.
2311 3264 2440 3318 Nam
2467 3265 2521 3318 in
2535 3265 2835 3335 'Scripturis
2864 3269 2993 3338 ipsis
3013 3269 3297 3339 justiﬁcata
3333 3271 3492 3326 etiam
3517 3253 3757 3334 Sodoma

2175 3353 2372 3409 dicitur
2395 3354 2448 3409 in
2469 3359 2863 3440 comparatione
2881 3361 3141 3415 scelerum
3163 3363 3340 3436 populi
3361 3363 3518 3418 lsrael
3538 3365 3752 3437 (Ezech.

2175 3463 2287 3515 ινι,
2317 3447 2428 3518 52).
2455 3449 2524 3504 Et
2555 3449 2622 3504 ad
2641 3453 2785 3507 hanc
2813 3454 3048 3526 regulam
3079 3454 3311 3525 dirigunt
3336 3458 3512 3518 omnia
3541 3459 3756 3525 menda-

2176 3541 2254 3596 cia
2276 3557 2396 3612 quze
2425 3543 2766 3614 proferuntur
2803 3545 2869 3600 de
2912 3548 3178 3602 veteribus
3213 3547 3414 3624 Libris,
3440 3534 3539 3607 nec
3570 3566 3759 3621 repre-

2167 3633 2342 3690 ‘hensa
2383 3635 2740 3700 inveniuntur,
2772 3639 2853 3692 vel
2895 3639 3213 3709 reprehendi
3263 3657 3368 3696 non
3414 3654 3656 3712 possunt,
3694 3651 3756 3706 ut

2177 3734 2270 3779 aut
2313 3725 2486 3779 indole
2531 3728 2916 3794 proﬁcientium
2948 3740 3001 3784 et
3027 3746 3123 3801 spe
3149 3732 3534 3802 approbentur,
3566 3746 3655 3790 aut
3685 3735 3757 3790 si-

2175 3808 2529 3877 gniﬁcatimtis
2549 3810 2767 3879 alicujus
2787 3827 2940 3866 causa
2961 3829 3063 3867 non
3083 3817 3186 3868 sint
3214 3817 3430 3882 omnino
3452 3819 3750 3874 mendacia.

2247 3899 2300 3954 8.
2329 3899 2395 3952 'Et
2419 3899 2536 3952 ideo
2565 3901 2632 3954 de
2663 3901 2810 3955 lihris
2835 3903 2967 3958 Navi
2995 3904 3343 3972 Testamenti,
3367 3910 3603 3977 exceptis
3627 3910 3758 3979 figu-

2173 3992 2306 4044 ratis
2347 3991 2818 4060 signiﬁcationibus
2865 3995 3096 4063 Domini,
3155 3997 3198 4051 si
3252 3998 3413 4052 vitam
3467 4017 3760 4069 moresque

2177 4091 2481 4136 sanctorum
2507 4095 2560 4136 et
2587 4082 2723 4138 facta
2741 4100 2804 4139 ac
2821 4085 2959 4140 dicta
2983 4089 3312 4157 consideres,
3344 4090 3472 4144 nihil
3501 4093 3603 4146 tale
3628 4109 3746 4162 ιη·οσ

2167 4169 2302 4226 σῦκ-τί
2332 4181 2526 4240 potest,
2543 4174 2682 4243 quod
2703 4175 2769 4228 ad
2793 4176 3137 4236 imiHitionem
3160 4190 3413 4250 provocet
3432 4182 3754 4238 mentiendi.

2171 4261 2454 4318 Simulatio
2478 4280 2709 4334 namque
2737 4267 2878 4322 Petri
2903 4276 2957 4322 et
2984 4269 3240 4325 Barnabas
3266 4287 3370 4326 non
3399 4273 3569 4326 solum
3595 4289 3755 4329 eom-
3839 4328 3842 4330 γ

2167 4366 2485 4423 ιωθιιιοηιει,
2515 4365 2699 4414 verum
2729 4362 2886 4416 etiam
2938 4365 3259 4433 reprehensa
3307 4375 3467 4436 atque
3508 4377 3758 4424 correcta

2171 4459 2258 4505 est
2282 4449 2475 4523 (Galat.
2505 4467 2563 4517 tt,
2592 4451 2678 4518 12,
2709 4453 2826 4522 i3).
2857 4453 2972 4509 Non
3000 4457 3162 4520 enim,
3187 4466 3242 4512 ut
3268 4461 3506 4514 nonnulli
3537 4471 3752 4530 putant,

2167 4556 2240 4596 ex
2266 4543 2452 4596 eadem
2473 4543 2809 4600 simulatione
2836 4547 2996 4601 etiam
3025 4548 3220 4605 Paulus
3244 4552 3517 4620 apostolus
3544 4565 3634 4606 aut
3655 4552 3754 4608 Ti-

2171 4635 2445 4690 motheum
2485 4637 2845 4704 circumcidit,
2871 4647 2961 4692 aut
2991 4640 3101 4708 ipse
3128 4627 3368 4711 quasdam
3398 4645 3499 4697 ritu
3526 4644 3755 4702 Iudaico

2173 4736 2504 4781 sacramenta
2545 4728 2833 4782 celebravit
2856 4730 2971 4797 (a);
3001 4731 3093 4785 sed
3129 4748 3193 4787 ex
3239 4733 3324 4786 illa
3354 4734 3599 4789 libertate
3629 4751 3760 4792 sen-

2171 4819 2358 4872 tentiae
2403 4834 2534 4886 suat,
2572 4836 2672 4889 qua
2719 4820 3026 4889 praedicavit
3068 4839 3164 4877 nec
3192 4822 3449 4878 Gentibus
3493 4825 3760 4896 prodesse

2175 4911 2654 4976 circumcisionem,
2679 4928 2780 4966 nec
2822 4913 3021 4968 Judaeis
3063 4918 3272 4971 obesse.
3306 4916 3458 4972 Unde
3489 4934 3586 4973 nec
3633 4919 3759 4974 illos

2176 5004 2545 5074 astringendos
2571 5003 2636 5055 ad
2667 5005 3106 5060 consuetudinem
3133 5007 3460 5076 Judicorum,
3491 5025 3589 5064 nec
3635 5011 3759 5066 illos

2175 5108 2208 5148 a
2239 5103 2454 5163 paterna
2497 5094 2844 5149 deterrendos
2887 5101 3112 5152 censuit.
3141 5098 3294 5154 Unde
3320 5099 3409 5154 illa
3433 5102 3594 5156 verba
3638 5101 3757 5170 ejus

2175 5195 2300 5241 Sunt
2323 5203 2336 5239 :
2357 5184 2693 5241 Circumcisus
2721 5189 2831 5255 quis
2863 5201 3064 5244 vocatus
3101 5193 3217 5246 est?
3244 5211 3343 5246 non
3368 5193 3588 5247 adducat
3617 5211 3752 5266 prm-

2177 5277 2393 5347 putiunt.
2417 5275 2484 5328 In
2513 5279 2760 5346 praeputio
2785 5281 2892 5341 quis
2911 5291 3115 5334 uocatus
3141 5282 3258 5336 est?
3286 5300 3384 5336 non
3413 5285 3758 5340 circumcida-

2175 5377 2278 5423 tur.
2303 5367 2626 5422 Circumcisio
2669 5370 2797 5423 nihil
2838 5382 2930 5436 est,
2961 5381 3006 5425 et
3033 5373 3336 5442 praeputium
3366 5376 3493 5428 nihil
3534 5387 3646 5440 est;
3668 5379 3756 5430 sed

2177 5462 2451 5516 observatio
2480 5463 2836 5517 mandatorum
2863 5463 2975 5517 Dei.
3020 5464 3374 5536 Unusquisque
3397 5469 3450 5521 in
3474 5486 3575 5539 qua
3602 5486 3756 5524 uoca-

2241 5618 2259 5654 ί
2301 5618 2386 5672 ilic
2421 5617 2472 5672 in
2495 5617 2639 5672 editis
2671 5616 2894 5679 additur,
2917 5616 2998 5669 set
3037 5615 3325 5683 proﬁciendi
3343 5633 3362 5683 ;
3396 5621 3524 5685 quod
3571 5633 3600 5672 ι
3641 5623 3761 5674 Mss.

2176 5679 2332 5804 ψεῖ).
2347 5745 2674 5806 Hieronymus,
2701 5740 2902 5806 epistola
2925 5743 2986 5794 75
3001 5744 3129 5795 inter
3145 5745 3528 5809 Augustinianas,
3552 5760 3604 5797 ιι.
3620 5745 3736 5798 9-11

3771 987 3779 1032 l
