4070 6334
250 342 357 415 ω
566 303 654 326 ι.

254 463 383 518 tione
408 462 742 527 vocatae“,
767 455 821 512 in
862 472 924 510 ea
960 460 1249 527 permaneat
1276 454 1322 528 _(l
1349 454 1469 511 Cor.
1498 451 1592 519 vit,
1618 451 1837 520 lS-QO).

255 553 531 632 Quomodo
558 552 702 605 enim
720 559 893 623 potest
915 550 1104 603 adduci
1136 550 1451 619 praeputium
1482 547 1620 618 quod
1652 545 1843 617 praeci~

253 643 519 702 sumcst?
544 643 648 697 Sed
688 660 790 695 non
820 641 1042 705 adducat
1073 640 1223 707 dixit,
1258 656 1360 694 nou
1404 640 1473 694 ita
1503 640 1659 702 vivat,
1695 636 1844 707 quasi

252 738 571 810 praaputium
600 733 913 797 adduxerit;
952 732 1003 788 id
1048 742 1148 797 est,
1180 731 1329 807 quasi
1373 730 1423 783 in
1470 745 1585 783 eam
1630 737 1841 801 partem

250 842 405 907 quam
448 826 690 891 nudavit,
734 840 917 878 rursus
967 832 1174 893 tegmen
1226 822 1403 881 carnis
1451 820 1745 883 attraxerit,
1794 825 1848 872 et

249 921 395 993 quasi
428 918 650 977 Iudaeus
697 934 816 973 esse
864 916 1127 972 destiterit
1160 932 1174 967 :
1213 916 1346 968 sicut
1385 913 1507 967 alibi
1548 913 1697 978 dicit,
1729 910 1844 965 Cir-

249 1013 490 1071 cumcisio
514 1022 604 1065 tua
631 1011 941 1086 prwputium
960 1015 1098 1079 facta
1122 1016 1192 1061 est
1216 1004 1395 1085 (Rom.
1426 1022 1482 1067 ll,
1511 1004 1623 1076 25).
1652 1003 1717 1063 Et
1747 1003 1845 1057 hoc

247 1121 352 1161 non
384 1117 641 1181 tanquam
672 1115 869 1173 cogens
898 1099 1034 1153 dixlt
1065 1098 1369 1171 Apostolus,
1399 1106 1488 1150 aut
1520 1095 1638 1149 illos
1666 1109 1847 1148 mane-

249 1213 305 1252 re
334 1198 387 1249 in
414 1197 706 1271 pra-putio,
738 1202 827 1246 aut
866 1192 1079 1247 JUdiBOS
1122 1191 1176 1244 in
1220 1187 1607 1247 consuetudine.
1634 1195 1844 1261 patrum

246 1304 466 1353 suorum
502 1304 515 1341 :
550 1286 644 1341 sed
678 1294 733 1338 ut
762 1285 934 1339 neutri
964 1283 1014 1337 in
1036 1282 1266 1337 .alteram
1293 1280 1660 1355 Cogerentnr‘;
1697 1287 1847 1350 pote-

247 1392 440 1441 Statem
482 1391 663 1433 autem
693 1378 916 1440 haberet
950 1376 1176 1453 qniSqne
1207 1373 1456 1429 manendi
1505 1374 1555 1427 in
1596 1388 1687 1426 sua
1720 1387 1845 1426 con-

248 1473 557 1539 suetudine,
592 1486 702 1533 ,non
753 1470 1141 1531 necessitatem.
1173 1466 1351 1539 Neque
1400 1465 1542 1520 enim
1605 1465 1646 1519 si
1688 1464 1848 1518 vellet

248 1564 486 1635 Judzeus,
522 1562 611 1615 ubi
647 1561 847 1617 nullum
877 1560 1239 1629 perturbaret,
1270 1555 1521 1613 recedere
1547 1570 1579 1611 a
1608 1554 1847 1610 .ludaicis

249 1655 741 1723 otrservationibus,
776 1653 1147 1724 prohiberetur
1178 1652 1244 1709 ab
1266 1651 1564 1721 .Apostolo;
1602 1650 1845 1721 quando-

248 1750 464 1831 quidem
497 1746 781 1804 consilium
812 1746 863 1799 in
887 1747 964 1800 eis
989 1743 1339 1817 permanendi
1366 1743 1429 1797 ad
1453 1741 1554 1796 hoc
1585 1741 1750 1807 dedit,
1778 1756 1846 1796 ne

236 1834 537 1915 superfluis
558 1838 859 1921 perturbati
889 1835 1078 1903 ludati,
1106 1835 1174 1891 ad
1214 1851 1277 1891 ea
1324 1850 1441 1909 qua:
1481 1834 1634 1887 saluti
1666 1840 1846 1891 essent

232 1936 554 2010 necessaria
580 1950 687 1995 non
715 1932 977 1997 venirent.
1006 1929 1188 2001 Neque
1230 1928 1297 1984 ab
1336 1927 1427 1981 illo
1464 1927 1847 1998 prohiberetur
1934 1986 1937 1989 Α

240 2030 291 2095 si
317 2028 482 2091 vellet
506 2026 789 2099 quisquam
824 2022 1110 2081 Gentilium
1142 2020 1261 2076 ideo
1288 2018 1619 2081 circumcidi,
1651 2026 1707 2075 ut
1743 2015 1846 2071 hoc

238 2120 424 2197 ipsum
457 2115 770 2183 ostenderet
798 2129 899 2171 non
930 2127 988 2169 se
1014 2112 1265 2167 detestari
1296 2110 1445 2183 quasi
1478 2109 1716 2175 noxium,
1750 2106 1844 2165 sed

248 2212 618 2281 indifferenter
647 2208 843 2264 habere
873 2200 1123 2279 tanquam
1152 2203 1504 2275 signaculum,
1534 2202 1683 2273 cujus
1706 2201 1847 2255 utili-

248 2314 337 2369 tas
374 2306 486 2375 jam
531 2312 770 2374 tempore
811 2300 1173 2370 praeterisset:
1199 2312 1305 2355 non
1330 2296 1505 2364 enim,
1538 2294 1583 2348 si
1609 2293 1752 2348 salus
1780 2310 1845 2348 ex

248 2411 317 2463 eo
347 2394 461 2467 jam
492 2395 632 2457 nulla
662 2401 826 2459 esset,
866 2391 1024 2447 etiam
1073 2388 1293 2449 exitium
1338 2388 1461 2443 inde
1499 2385 1845 2443 metuendum

248 2470 366 2551 fuit.
400 2485 635 2557 Ideoque
671 2496 725 2549 et
756 2482 1068 2539 Timotheus
1094 2496 1217 2539 cum
1246 2481 1305 2535 in
1339 2483 1599 2552 prrcputio
1624 2488 1847 2534 vocatus

248 2586 412 2645 esset,
464 2587 643 2631 tamen
683 2576 805 2653 quia
850 2573 917 2629 de
964 2573 1148 2628 Judzea
1195 2583 1366 2627 matre
1409 2580 1556 2625 ortus
1608 2577 1743 2636 erat,
1792 2577 1848 2625 et

250 2668 542 2724 ostendere
561 2666 799 2747 cognatis
817 2666 927 2721 suis
953 2664 1179 2723 debebat
1206 2662 1272 2718 ad
1294 2677 1388 2718 eos
1408 2661 1843 2726 lucrifaciendos,

251 2776 356 2814 non
385 2758 492 2815 hoc
518 2774 579 2814 se
604 2758 855 2814 didicisse
905 2757 957 2815 in
1002 2755 1283 2826 disciplina
1323 2755 1633 2821 christiana,
1668 2761 1726 2808 ut
1757 2753 1847 2809 illa

251 2860 585 2909 sacramenta
626 2868 746 2924 quae
789 2851 946 2927 Legis
977 2849 1171 2905 veteris
1201 2857 1382 2904 essent
1423 2848 1844 2915 abominaretur,

248 2948 598 3007 circumcisus
641 2952 725 3001 est
748 2944 816 3001 ab
839 2945 1096 3017 Apostolo
1127 2942 1261 3015 (Act.
1286 2959 1398 3012 ενι,
1425 2944 1449 2996 1
1478 2953 1521 2997 et
1543 2943 1598 3013 3)
1623 2959 1637 2995 :
1661 2952 1719 2999 ut
1746 2941 1847 2997 hoc

252 3039 409 3094 modo
446 3038 885 3093 demonstrarent
906 3038 928 3068 ¹
972 3035 1192 3101 Ιυάωίδ,
1224 3050 1328 3089 non
1365 3033 1487 3090 ideo
1515 3032 1714 3089 Gentes
1741 3048 1848 3088 non

244 3148 310 3189 .ea
340 3132 638 3202 suscipere,
666 3130 788 3209 quia
816 3130 954 3189 mala
987 3136 1109 3191 sunt
1140 3139 1193 3184 et
1226 3127 1523 3198 perniciose
1547 3143 1575 3181 a
1606 3126 1848 3199 patribus

252 3224 568 3295 observata;
598 3223 691 3276 sed
724 3222 845 3297 quia
880 3221 994 3293 jam
1034 3221 1189 3275 saluti
1237 3235 1343 3275 non
1387 3220 1687 3274 necessaria
1728 3228 1849 3290 post

252 3317 536 3377 adventum
567 3316 698 3370 tanti
729 3314 1070 3381 sacramenti,
1104 3313 1246 3384 quod
1278 3328 1372 3383 per
1404 3321 1510 3367 tam
1538 3312 1691 3385 longa
1712 3322 1849 3366 tem-

250 3427 376 3485 pora
409 3420 520 3464 tota
554 3419 707 3464 vetus
738 3410 825 3463 illa
855 3408 1126 3478 Scriptura
1160 3406 1487 3479 prOpheticis
1517 3402 1849 3479 ﬁgurationi-

254 3500 351 3559 bus
390 3499 701 3571 parturivit.
749 3498 882 3553 Nam
932 3508 984 3552 et
1028 3497 1204 3553 Titum
1246 3498 1673 3560 circumcideret,
1723 3512 1845 3550 cum

254 3593 352 3657 hoc
376 3602 637 3667 urgerent
660 3592 863 3655 Judaei,
907 3592 1009 3646 nisi
1052 3590 1443 3647 subintroducti
1487 3588 1606 3647 falsi
1652 3590 1845 3645 fratres

255 3686 370 3742 ideo
417 3687 535 3741 ﬁeri
567 3687 786 3753 vellent,
828 3693 886 3739 ut
922 3683 1181 3741 baberent
1226 3683 1367 3755 quod
1409 3683 1479 3741 de
1526 3684 1641 3755 ipso
1678 3681 1846 3739 Paulo

254 3778 686 3847 disseminarent,
719 3787 967 3847 tanquam
1006 3792 1195 3832 eorum
1224 3777 1437 3833 veritati
1480 3776 1723 3845 cesserit,
1755 3776 1847 3848 qui

253 3886 398 3949 spem
426 3872 615 3925 salutis
637 3872 954 3941 evangelica:
976 3870 1028 3923 in
1049 3870 1457 3927 circumcisione
1481 3869 1659 3923 carnis
1688 3878 1849 3939 atque

254 3961 517 4033 ejusmodi
551 3962 1021 4016 observationibus
1061 3976 1181 4016 esse
1231 3960 1607 4037 praedicarent,
1639 3970 1694 4013 et
1732 3959 1849 4014 sine

255 4051 343 4107 bis
382 4054 579 4111 nemini
620 4051 890 4108 Christum
934 4052 1189 4127 prodesse
1231 4051 1615 4105 contenderent
1644 4048 1844 4122 (Galat.

255 4163 313 4212 ιι,
342 4147 397 4213 5,
429 4147 484 4217 4)
510 4164 662 4201 :cum
694 4157 879 4201 contra
910 4146 1040 4200 nihil
1066 4144 1352 4217 prodesset
1382 4141 1630 4198 Christus
1653 4143 1732 4197 eis
1756 4142 1847 4213 qui

257 4256 321 4299 eo
348 4240 527 4295 animo
548 4240 1083 4305 circumcidereutur,
1110 4248 1165 4290 ut
1192 4237 1263 4290 ibi
1291 4251 1410 4291 esse
1437 4236 1663 4289 salutem
1694 4243 1847 4304 puta-

258 4342 399 4399 rent;
425 4332 569 4388 unde
594 4341 680 4387 est
708 4331 857 4396 illud,
892 4328 1022 4385 Ecce
1062 4346 1151 4402 ego
1181 4327 1380 4382 Paulus
1402 4326 1515 4379 dico
1544 4328 1699 4390 vobis,
1729 4327 1849 4399 quia

260 4425 300 4477 si
320 4422 780 4487 circumcidumini,
808 4420 1035 4476 Christus
1079 4420 1206 4472 nihil
1240 4420 1377 4473 vobis
1405 4419 1626 4489 proderit
1658 4416 1768 4491 (Id.
1794 4435 1847 4487 v,

260 4512 333 4585 ἲ).
358 4516 431 4569 Ex
462 4515 563 4569 hac
606 4514 766 4584 igitur
808 4513 1053 4571 libertate
1096 4510 1291 4567 Paulus
1332 4518 1579 4589 paternas
1607 4511 1854 4564 observa-

261 4604 427 4681 tiones
451 4605 780 4670 observavit,
809 4603 911 4659 hoc
941 4619 1101 4658 unum
1129 4618 1327 4658 cavens
1352 4610 1408 4657 et
1439 4603 1749 4671 przedicans,
1784 4618 1850 4658 ne

265 4696 372 4752 sine
393 4697 479 4751 bis
516 4696 665 4751 salus
698 4694 1023 4751 christiana'
1042 4695 1181 4749 nulla
1212 4703 1506 4763 putaretur.
1539 4694 1728 4748 Petrus
1753 4709 1851 4755 au-

266 4795 363 4843 tem
389 4790 737 4851 simulatione
768 4803 885 4856 sua,
932 4790 1185 4855 tanquam
1210 4788 1261 4841 in
1291 4785 1568 4841 Judaismo
1595 4789 1738 4841 salus
1767 4803 1856 4843 es-

268 4893 374 4947 set,
421 4882 653 4952 cogebat
697 4880 897 4938 Gentes
937 4879 1214 4950 judaizare
1256 4896 1271 4934 :
1315 4879 1456 4951 quod
1495 4881 1655 4935 verba
1702 4880 1855 4936 Pauli

268 4976 549 5031 ostendunt
593 4974 850 5041 dicentis,
884 4972 1148 5040 Quomodo
1191 4984 1361 5045 gentes
1404 4974 1542 5044 cogis
1580 4972 1853 5045 judaizare

269 5066 373 5137 (id.
402 5085 459 5134 ιι,
492 5067 621 5136 lt)?
640 5066 761 5121 'Non
788 5066 933 5121 enim
960 5074 1300 5136 cogerentur,
1330 5067 1431 5120 nisi
1461 5065 1703 5121 viderent
1729 5083 1852 5123 eum

269 5161 339 5223 sic
366 5177 458 5228 eas
486 5163 797 5225 observare,
827 5160 977 5230 quasi
1021 5168 1220 5230 prmter
1267 5161 1384 5214 illas
1422 5160 1566 5215 salus
1594 5176 1715 5215 esse
1745 5176 1855 5219 non
1916 5230 1917 5233 η

266 5263 462 5329 posset.
491 5253 639 5307 Petri
664 5268 793 5320 ergo
832 5250 1105 5305 simulatio
1144 5252 1377 5306 libertati
1422 5251 1572 5307 Pauli
1619 5268 1725 5306 non
1773 5259 1857 5307 est.

271 5326 644 5413 comparanda.
668 5342 734 5397 Et
766 5343 884 5396 ideo
918 5342 1134 5397 Petrum
1165 5358 1345 5397 amare
1387 5344 1645 5399 debemus
1687 5345 1857 5399 liben-

272 5443 348 5499 ter
364 5446 692 5501 correctum,
722 5450 828 5491 non
875 5445 1055 5490 autem
1101 5445 1346 5491 astruere
1386 5437 1548 5491 etiam
1594 5438 1661 5493 de
1700 5437 1851 5494 Pauli

275 5531 584 5585 auctoritate
618 5530 992 5585 mendacium:
1016 5529 1106 5599 qui
1133 5537 1187 5583 et
1215 5530 1433 5585 Petrum
1461 5546 1642 5587 coram
1677 5532 1856 5587 omni-

336 5747 358 5780 ¹
386 5748 460 5807 Sic
480 5755 588 5809 illi"
612 5753 672 5809 At
686 5745 822 5809 editi,
846 5752 898 5797 ω
928 5746 1181 5809 “modo
1203 5745 1571 5807 demnstrai'ot.

328 5808 563 5863 ‘hcoll
594 5808 963 5870 editionum”
986 5808 1266 5863 obtulim-

1680 330 1886 405 LIBEB
1916 329 2123 397 HNUS.

3430 346 3542 411 ιω

1956 447 2055 502 bus
2079 447 2129 503 in
2157 454 2357 507 rectam
2374 449 2515 506 viam
2540 453 2829 522 revocavit,
2854 470 2925 513 ne
2948 455 3147 519 Gentes
3170 475 3274 533 per
3299 475 3427 521 eum
3455 464 3537 539 itt-

1954 540 2164 596 daizare
2190 553 2536 614 cogerentur;
2568 556 2619 599 et
2645 546 2758 617 ipse
2784 562 2895 605 suae
2922 550 3280 621 prmdicationi
3305 565 3531 617 attestav

1954 641 2038 688 tus
2066 644 2164 699 est,
2190 636 2279 706 qui
2310 652 2429 691 cum
2468 647 2742 708 putaretur
2782 640 2948 696 hostis
2995 654 3333 712 paternarum
3361 650 3533 707 tradi.-

1955 727 2179 794 tionum,
2203 744 2269 782 eo
2289 728 2430 801 quod
2460 731 2670 786 uolebat
2694 746 2785 787 eas
2817 734 3090 803 imponere
3116 734 3395 809 Gentibus,
3423 757 3531 809 non

1954 828 2267 889 aspernatus
2322 835 2414 877 eas
2468 820 2580 892 ipse
2626 839 2774 879 more
2822 826 2995 897 patrio
3039 827 3354 898 celebrare,
3407 834 3540 897 satis

1954 910 2186 967 OSIeudit
2213 910 2315 967 hoc
2344 913 2393 966 in
2420 912 2498 967 eis
2518 912 2733 971 Christo
2762 916 3076 973 adveniente
3106 921 3447 989 remansisse,
3478 933 3538 987 ut

1955 1014 2051 1054 nec
2078 1000 2273 1057 ,Ιιιιίιυίε
2303 1013 2482 1058 essent
2504 1005 2842 1073 perniciosae,
2871 1022 2969 1062 nec
2998 1006 3259 1065 Gentibus
3288 1002 3537 1075 necesse?
3564 1006 3569 1019 ’

1938 1090 2069 1160 τίω,
2102 1110 2200 1148 nec
2222 1094 2333 1165 jam
2362 1096 2607 1166 cuiquam
2641 1096 2915 1153 hominum
2945 1099 3228 1156 salutares.

2025 1185 2079 1240 9.
2120 1186 2273 1257 Quod
2303 1188 2346 1242 si
2388 1191 2673 1245 auctoritas
2718 1193 3009 1271 mentiendi
3050 1210 3153 1255 nec
3198 1195 3267 1259 de
3309 1198 3543 1271 antiquis

1953 1276 2125 1332 Libris
2156 1279 2381 1348 proferri
2400 1292 2605 1354 potest.
2628 1283 2712 1338 vel
2758 1286 2874 1354 quia
2919 1301 3026 1349 non
3074 1298 3159 1351 est
3206 1291 3543 1355 mendacium

1954 1370 2095 1443 quod
2140 1366 2361 1441 ﬁgurate
2402 1383 2616 1451 gestum
2662 1376 2926 1437 dictumve
2971 1378 3249 1452 recipitur,
3298 1382 3381 1441 vel
3420 1381 3542 1454 quia

1954 1460 2110 1521 b0nis
2138 1461 2202 1516 ad
2235 1464 2545 1521 imitandum
2588 1483 2694 1531 non
2736 1472 3049 1539 praponitur
3087 1473 3227 1547 quod
3264 1473 3320 1535 in
3360 1476 3538 1541 malis.
3628 1478 3637 1485 ’

1954 1568 2074 1608 cum
2100 1555 2366 1629 prolicere
2394 1558 2675 1633 cmperinl,
2706 1560 2756 1614 in
2782 1562 2983 1639 pejoris
3005 1558 3402 1634 comparatione
3430 1567 3544 1631 lau-

1953 1642 2139 1711 datur;
2174 1661 2271 1700 nec
2302 1646 2368 1701 de
2397 1647 2528 1705 Novi
2567 1646 2895 1709 Testamenti
2926 1651 3095 1721 libris,
3126 1655 3251 1725 quia
3279 1657 3545 1717 correctio
3608 1716 3619 1723 ,

1950 1737 2129 1819 potius
2179 1754 2336 1808 quam
2366 1739 2671 1809 simulatio,
2718 1743 2856 1798 sicut
2896 1744 3147 1818 lacryma:
3177 1747 3354 1816 potius
3382 1763 3544 1821 quam

1952 1827 2162 1898 negatio
2192 1830 2331 1884 Petri
2360 1840 2439 1884 est
2466 1830 2739 1895 imitanda.

2022 1918 2250 1979 CAPUT
2292 1920 2376 1976 Vl.
2401 1952 2473 1963 -—
2498 1922 2821 1978 Mendacium
2852 1942 2957 1984 esse
2982 1926 3317 1999 iniquitatem,
3344 1938 3393 1985 et
3415 1948 3544 1987 mor-

1953 2020 2051 2069 tem
2084 2014 2267 2067 anima:
2307 2012 2511 2085 diferre,
2544 2034 2634 2070 nec
2674 2019 2892 2091 proinde
2920 2020 3287 2083 admittendum
3316 2039 3410 2093 pro
3448 2041 3543 2081 cu-

1930 2106 2186 2185 jusquam
2210 2109 2372 2167 salute
2397 2111 2684 2180 temporali.
2717 2109 2833 2165 Jam
2862 2112 2969 2167 illis
2998 2113 3285 2183 exemplis,
3316 2132 3434 2186 qua:
3475 2110 3546 2181 de

1930 2198 2221 2255 communi
2253 2203 2357 2255 vita
2384 2202 2752 2277 proferuntur,
2799 2204 2969 2261 multo
3010 2207 3364 2271 conﬁdentius
3399 2226 3547 2275 asse-

1951 2304 2076 2351 runt
2105 2312 2209 2357 non
2236 2310 2356 2361 esse
2380 2297 2729 2357 credendum.
2770 2299 2924 2359 Prius
2949 2301 3093 2361 enim
3127 2301 3322 2365 docent
3348 2304 3546 2377 iniqui-

1953 2392 2115 2441 tatem
2148 2401 2267 2443 esse
2294 2388 2631 2449 mendacium
2654 2432 2672 2457 ,
2719 2391 2902 2449 multis
2938 2391 3275 2457 documentis
3308 2394 3548 2457 Littera-

1953 2492 2070 2531 rum
2102 2488 2424 2545 sanctarum,
2458 2488 2512 2537 et
2553 2496 2618 2535 eo
2658 2484 2889 2543 maxime
2930 2486 3072 2556 quod
3118 2487 3376 2559 scriptum
3417 2498 3545 2547 est:

1956 2566 2141 2636 Odisti,
2171 2568 2406 2637 Domine,
2443 2588 2615 2627 omnes
2639 2575 2727 2644 qui
2754 2587 3029 2648 operantur
3052 2578 3399 2651 iniquitatem;
3430 2598 3548 2654 per-

1953 2659 2041 2717 des
2071 2677 2244 2717 omnes
2270 2663 2357 2733 qui
2387 2663 2663 2733 loquuntur
2685 2667 3001 2727 mendacium
3043 2668 3213 2739 (Psal.
3252 2686 3309 2739 Ἰ,
3338 2669 3413 2747 7).
3438 2674 3549 2731 Aut

1956 2755 2120 2820 enim,
2152 2762 2215 2811 ut
2240 2755 2377 2815 solet
2404 2755 2702 2829 Scriptura,
2731 2760 2973 2830 sequenti
3001 2775 3157 2819 versu
3184 2766 3432 2834 exposuit
3457 2780 3550 2823 su-

1952 2846 2259 2916 periorem;
2291 2857 2350 2911 ut
2383 2849 2636 2921 quoniam
2681 2849 2842 2907 latius
2882 2851 3020 2911 solet
3061 2864 3245 2923 patere
3272 2838 3546 2929 iniquitas,

1957 2935 2320 3010 intelligamus
2358 2941 2632 3001 nominato
2665 2943 2943 3005 mendacio
2979 2954 3229 3017 tanquam
3267 2950 3503 3020 speciem
3526 2952 3546 2983 ί

1954 3024 2251 3098 iniquitatis
2283 3029 2590 3101 signiﬁcare
2618 3032 2888 3089 voluerit:
2917 3045 3010 3093 aut
3050 3036 3096 3091 si
3134 3039 3331 3110 aliquid
3374 3040 3546 3099 inter-

1953 3131 2075 3173 esse
2118 3119 2464 3188 arbitrantur,
2498 3131 2644 3177 tanto
2676 3124 2827 3194 pejus
2852 3133 2935 3181 est
2966 3126 3323 3196 mendacium,
3348 3141 3548 3202 quanto

1922 3211 2168 3289 gravius
2200 3213 2430 3290 positum
2458 3224 2539 3267 est
2564 3215 2765 3286 perdes,
2798 3231 2958 3282 quam
2986 3217 3156 3273 odisti.
3198 3218 3359 3276 Forte
3403 3223 3545 3281 enim

1954 3302 2068 3357 odit
2093 3302 2324 3372 aliquem
2359 3304 2496 3358 Deus
2526 3306 2797 3375 aliquanto
2827 3306 3029 3375 mitius,
3060 3317 3118 3363 ut
3145 3323 3269 3373 eum
3288 3326 3400 3367 non
3427 3328 3548 3385 per-

1954 3391 2096 3446 dat:
2144 3408 2299 3463 quem
2349 3409 2476 3448 vero
2526 3396 2741 3468 perdit,
2794 3404 2941 3451 tanto
2982 3396 3352 3459 vehementius
3393 3403 3542 3471 odit,

1953 3491 2152 3558 quanto
2182 3484 2420 3539 severius
2463 3486 2637 3554 punit.
2676 3485 2799 3541 Odit
2827 3497 3005 3543 autem
3049 3504 3236 3546 omnes
3281 3494 3369 3569 qui
3412 3509 3545 3564 ope-

1953 3586 2139 3629 rantur
2162 3576 2541 3655 iniquitatem:
2574 3588 2629 3631 at
2658 3592 2847 3633 omnes
2880 3582 2970 3653 qui
3009 3582 3299 3655 loquuntur
3328 3586 3547 3649 menda-

1954 3666 2095 3721 cium
2127 3669 2285 3721 etiam
2318 3667 2507 3737 perdit.
2541 3670 2657 3743 Quo
2700 3672 2990 3727 cuttslitulo
3018 3714 3031 3737 ,
3078 3675 3199 3746 quis
3239 3692 3423 3737 eorum
3452 3678 3546 3749 qui

1953 3757 2074 3813 lucc
2100 3769 2347 3817 asserunt
2373 3760 2793 3815 commovebitur
2823 3763 2928 3817 illis
2955 3766 3234 3840 elcmplis,
3266 3782 3387 3835 cum
3417 3768 3551 3825 dici-

1918 3854 1923 3857 ’
1958 3858 2045 3905 tur
2071 3870 2084 3905 :
2114 3850 2251 3925 Quid
2282 3852 2325 3905 si
2353 3850 2419 3905 ad
2449 3859 2499 3906 te
2530 3852 2690 3905 homo
2716 3851 3006 3925 confugiat,
3035 3857 3123 3926 qui
3151 3859 3429 3921 mendacio
3457 3870 3552 3919 tuo

1954 3944 2123 4017 possit
2148 3960 2174 3994 a
2202 3953 2373 3997 morte
2401 3944 2647 3998 liberari?
2670 3943 2759 3998 llla
2784 3946 2927 4001 enim
2954 3963 3100 4002 mors
3123 3964 3280 4020 quam
3304 3952 3462 4007 stulte
3489 3952 3551 4017 ti-

1954 4037 2143 4090 ment’|
2169 4036 2434 4104 homines,
2476 4038 2563 4107 qui
2597 4052 2817 4107 peccare
2848 4055 2954 4093 non
3000 4042 3225 4108 timent,
3274 4058 3379 4098 non
3423 4043 3545 4099 ani-

1957 4147 2122 4199 mam,
2155 4131 2248 4185 sed
2276 4146 2470 4200 corpus
2499 4132 2713 4201 occidit,
2740 4136 2877 4193 sicut
2912 4133 3172 4193 Dominus
3212 4136 3267 4192 in
3306 4138 3551 4209 Evange-

1957 4222 2031 4277 lio
2056 4224 2241 4289 docet;
2274 4222 2413 4278 unde
2436 4223 2680 4299 praecipit
2704 4240 2773 4279 ne
2802 4224 2914 4296 ipsa
2940 4226 3187 4283 linteatur
3221 4224 3457 4299 (Matth.
3489 4245 3547 4297 ι,

1956 4316 2068 4389 28)
2098 4334 2111 4370 :
2142 4332 2203 4369 os
2229 4326 2405 4373 autem
2432 4316 2571 4388 quod
2603 4317 2877 4384 mentitur,
2910 4333 3014 4371 non
3045 4332 3261 4389 corpus,
3292 4320 3386 4375 sed
3426 4320 3547 4376 ani-

1922 4412 1927 4417 ’
1957 4422 2102 4462 mam
2133 4406 2346 4461 occidit.
2381 4408 2471 4461 llis
2506 4408 2648 4461 enim
2690 4407 2868 4463 verbis
2908 4409 3243 4481 apertissime
3288 4410 3548 4482 scriptum

1957 4509 2039 4554 est
2078 4516 2093 4553 :
2148 4498 2219 4553 0s
2259 4499 2393 4570 quod
2443 4499 2699 4567 mentitur,
2753 4501 2935 4557 occidit
2977 4503 3200 4558 animam
3247 4502 3430 4577 (Sap.
3485 4521 3545 4573 ι,

1960 4589 2021 4643 il
2050 4587 2089 4661 ).
2117 4588 2399 4656 Quomodo
2426 4604 2553 4661 ergo
2580 4605 2684 4647 non
2716 4591 3117 4661 perversissime
3140 4593 3355 4663 dicitur,
3383 4605 3441 4651 ut
3470 4597 3549 4659 al-

1960 4691 2043 4738 ter
2081 4682 2434 4752 corporalitcr
2464 4685 2640 4750 vivat,
2691 4684 2888 4741 debere
2930 4688 3156 4744 alterum
3201 4690 3552 4762 spiritualiter

1958 4773 2130 4830 mori?
2153 4772 2288 4828 Nam
2316 4783 2369 4829 et
2395 4776 2507 4845 ipsa
2534 4775 2748 4833 dilectio
2772 4779 2999 4849 proximi
3033 4796 3102 4834 ex
3133 4796 3228 4835 sua
3254 4780 3550 4853 cujusque'

1962 4867 2249 4922 terminum
2290 4867 2513 4935 accepit.
2557 4866 2789 4945 Diliges,
2830 4870 3032 4939 inquit,
3073 4873 3357 4943 proximum
3405 4881 3549 4929 tuum

1961 4968 2199 5030 tanquam
2228 4968 2276 5019 te
2299 4960 2464 5029 ipsum
2494 4958 2679 5031 (Leuit.
2709 4978 2820 5028 xu,
2852 4962 2940 5028 18,
2967 4972 3013 5016 et
3045 4961 3232 5016 Matth.
3264 4979 3399 5030 χιιι,
3426 4964 3544 5038 59).

1961 5056 2243 5123 Quomodo
2272 5071 2398 5127 ergo
2424 5056 2646 5126 quisque
2677 5055 2848 5131 diligit
2874 5064 3121 5129 tauquam
3153 5071 3211 5111 se
3242 5057 3435 5133 ipsum,
3463 5058 3550 5114 cui

1961 5158 2021 5201 ut
2052 5156 2265 5216 przestet
2294 5150 2456 5201 vitam
2488 5149 2855 5218 temporalem,
2889 5146 3000 5215 ipse
3029 5145 3224 5200 amittit
3252 5149 3550 5202 :eternam?

1964 5237 2391 5309 quandoquidem
2435 5237 2481 5290 si
2522 5253 2620 5311 pro
2650 5237 2792 5292 illius
2836 5236 3110 5303 temporali
3144 5236 3246 5289 vita
3276 5252 3424 5305 suam
3468 5240 3551 5312 ip-

1964 5344 2076 5383 sam
2101 5330 2446 5398 temporalem
2473 5328 2679 5398 perdat,
2713 5343 2817 5380 non
2854 5335 2936 5380 est
2954 5327 3064 5397 jam
3091 5327 3311 5403 diligere
3332 5328 3469 5384 sicut
3488 5343 3550 5387 se

1965 5420 2164 5491 ipsum,
2194 5421 2288 5475 sed
2312 5422 2429 5490 plus
2457 5436 2612 5490 quam
2641 5435 2697 5472 se
2725 5419 2895 5488 ipsum
2918 5436 2931 5471 :
2960 5418 3101 5488 quod
3129 5435 3272 5474 sanie
3292 5420 3551 5489 doctrinm

1965 5516 2204 5585 regulam
2221 5513 2448 5569 excedit.
2472 5513 2631 5566 Multo
2650 5512 2822 5564 minus
2846 5511 3265 5581 igiturazternam
3286 5530 3437 5583 suam
3452 5531 3551 5595 pro

2030 5629 2046 5679 ἕ
2085 5637 2153 5679 tta
2175 5636 2281 5676 MSS.
2310 5634 2361 5674 At
2386 5626 2517 5682 editi,
2544 5624 2933 5688 quamspeciem,

2030 5691 2055 5751 ξ
2083 5699 2186 5745 Duo
2204 5696 2331 5749 mss,
2356 5700 2500 5751 quam
2517 5686 2647 5751 stulti
2664 5686 2845 5751 titttgttt.

1962 5750 2226 5868 ἀθλία,
2246 5747 2422 5803 exmia
2445 5747 2678 5813 cujusque
2718 5748 2989 5808 dilectitme.
3024 5755 3199 5821 Αὺοδῐ.
