4070 6334
480 494 700 552 alterius
719 489 998 565 temporali
1018 488 1327 546 mentiendo
1355 486 1651 543 amissurus
1667 494 1769 542 est.
1788 486 2073 556 Tempora-

480 587 588 642 lem
612 586 766 656 plane
780 583 943 639 vitam
961 596 1110 637 suam
1126 595 1225 653 pro
1248 588 1449 635 aeterna
1464 578 1573 634 vita
1594 577 1822 649 proximi
1844 592 1950 632 non
1972 576 2076 632 du-

481 677 673 737 bitabit
691 676 1012 733 christianos
1028 676 1273 730 amittere
1293 691 1305 727 :
1326 673 1429 729 hoc
1444 673 1586 729 enim
1610 671 1889 743 praecessit
1904 686 2079 726 exem-

481 769 653 839 plum,
684 776 746 823 ut
769 783 867 839 pro
892 767 1048 823 nobis
1087 764 1348 821 Dominus
1380 765 1495 834 ipse
1524 771 1842 820 moreretur.
1862 761 1945 817 Ad
1978 760 2080 816 boc

484 861 627 918 enim
642 870 694 915 et
709 858 924 916 aitzï¬‚oc
944 868 1015 913 est
1036 856 1331 911 mandatum
1352 872 1539 924 meum,
1554 864 1611 909 ut
1628 854 1853 927 diligatis
1871 853 2081 908 invicem

483 952 613 1008 sicut
640 962 687 1007 et
707 968 798 1024 ego
821 951 978 1005 dilexi
996 966 1101 1005 vos.
1131 948 1384 1020 Majorem
1406 946 1725 1001 dilectionem
1746 961 1893 1000 nemo
1911 944 2077 1011 habet,

482 1061 637 1116 quam
664 1052 719 1098 ut
738 1045 958 1098 anitnam
985 1058 1131 1098 suam
1155 1049 1310 1113 ponat
1332 1055 1423 1109 pro
1445 1039 1621 1093 amicis
1642 1037 1747 1092 suis
1773 1037 1953 1107 (Joan.
1987 1051 2078 1101 xv,

486 1134 586 1201 12,
610 1133 727 1205 15).
744 1132 863 1189 Non
883 1131 1026 1189 enim
1050 1131 1331 1202 quisquam
1355 1138 1437 1185 est
1466 1128 1537 1184 ita
1556 1128 1848 1199 desipiens,
1869 1136 1922 1181 ut
1942 1125 2085 1181 dicat

484 1226 633 1285 aliud
671 1241 830 1298 quam
873 1224 1031 1281 saluti
1071 1224 1411 1296 sempiternae
1437 1220 1714 1277 hominum
1753 1218 2084 1275 consuluisse

486 1317 777 1374 Dominum
817 1315 903 1373 vel
948 1313 1190 1371 faciendo
1233 1313 1375 1387 quod
1422 1313 1716 1385 praecepit,
1760 1311 1847 1367 vel
1893 1309 2082 1381 prrcci-

490 1398 860 1483 piendoquod
888 1408 1032 1465 fecit.
1060 1408 1193 1464 Cum
1224 1407 1385 1479 igitur
1418 1404 1726 1461 mentiendo
1756 1404 1860 1459 vita
1886 1411 2082 1457 aeterna

488 1506 787 1575 amittatur,
850 1518 1119 1575 nunquam
1163 1516 1261 1575 pro
1304 1500 1617 1572 cujusquam
1665 1494 1943 1567 temporali
1977 1494 2083 1549 vita

489 1596 858 1654 mentiendum
910 1605 1011 1651 est.
1043 1595 1332 1651 Enimvero
1362 1592 1450 1648 isti
1478 1591 1569 1663 qui
1604 1587 2005 1646 stomachantur
2032 1594 2087 1643 et

491 1690 858 1762 indignantur,
887 1686 933 1742 si
958 1686 1092 1742 nolit
1115 1685 1309 1756 aliquis
1352 1681 1631 1739 mendacio
1673 1678 1938 1752 perimere
1966 1679 2085 1733 ani-

490 1798 636 1839 mam
666 1796 841 1849 suam,
868 1789 926 1836 ut
952 1780 1089 1835 alius
1113 1784 1359 1835 senescat
1387 1777 1441 1832 in
1466 1790 1662 1842 carne;
1689 1772 1837 1844 quid,
1859 1772 1905 1829 si
1925 1773 2086 1829 etiam

490 1875 637 1931 furto
680 1882 888 1941 nostro,
920 1870 1069 1944 quid,
1098 1871 1143 1926 si
1168 1867 1433 1925 adulterio
1460 1865 1674 1923 liberari
1704 1865 1874 1937 possit
1897 1862 2087 1935 aliquis

491 1968 561 2024 de
588 1965 802 2022 morte?
837 1964 1029 2021 ideone
1066 1961 1353 2019 furandum
1393 1970 1476 2017 est
1497 2000 1513 2029 ,
1544 1967 1635 2015 aut
1672 1955 2089 2014 mmehanduml

489 2058 749 2116 Nesciunt
775 2057 919 2113 enim
944 2056 1011 2111 ad
1039 2054 1142 2111 hoc
1166 2069 1227 2111 se
1251 2069 1474 2125 cogere,
1509 2062 1567 2108 ut
1592 2053 1636 2107 si
1667 2051 1914 2122 laqueum
1953 2049 2091 2105 ferat

492 2152 657 2208 homo
684 2160 740 2207 et
766 2159 1010 2221 stuprum
1040 2156 1210 2219 petat,
1238 2145 1564 2203 confirmans
1593 2142 1736 2215 quod
1762 2142 1865 2199 sibi
1893 2142 2089 2197 collum

492 2242 698 2315 ligabit,
738 2241 842 2296 nisi
870 2241 921 2297 ei
948 2238 1275 2295 concedatur
1313 2236 1455 2308 quod
1511 2236 1681 2306 petit,
1728 2233 2091 2289 consentiatur

491 2339 714 2405 propter
738 2330 993 2397 animam,
1023 2328 1160 2385 sicut
1189 2327 1290 2397 ipsi
1316 2325 1520 2393 dicunt,
1560 2324 1910 2379 liberandam.
1939 2321 2093 2390 Quod

492 2426 542 2482 si
584 2408 878 2480 absurdum
923 2430 979 2477 et
1040 2419 1302 2476 nefarium
1350 2426 1472 2487 est,
1519 2432 1615 2473 cur
1660 2417 1895 2473 animam
1940 2429 2091 2470 suam

494 2517 725 2587 quisque
769 2512 1049 2570 mendacio
1092 2518 1434 2581 corrumpat,
1463 2517 1521 2564 ut
1548 2508 1685 2563 alter
1710 2507 1852 2562 vivat
1885 2506 1939 2561 in
1968 2520 2092 2561 cor-

497 2624 659 2679 pore;
692 2621 816 2663 cum
842 2607 886 2661 si
912 2620 1066 2661 suum
1093 2619 1289 2674 corpus
1331 2610 1613 2675 pr0pterea
1642 2598 2093 2671 corrumpendum

496 2699 670 2767 daret,
698 2698 936 2753 omnium
966 2695 1169 2767 judicio
1204 2692 1421 2748 nefaria:
1443 2690 1786 2763 turpitudinis
1813 2689 2097 2745 damnare-

498 2792 624 2847 tur?
649 2788 880 2846 Proinde
908 2804 1012 2844 non
1044 2794 1127 2843 est
1155 2786 1208 2841 in
1237 2786 1339 2841 ista
1364 2785 1661 2856 quzcstione
1690 2780 2090 2848 attendendum,

502 2882 608 2936 nisi
636 2891 814 2937 utrum
847 2879 1097 2950 iniquitas
1126 2877 1195 2932 sit
1221 2875 1581 2931 mendacium.
1613 2873 1766 2941 Quod
1790 2887 1911 2927 cum
1936 2886 2097 2943 supra

501 2972 938 3030 commemoratis
974 2970 1310 3027 documentis
1349 2977 1641 3035 asseratur,
1685 2965 1970 3022 videndum
2014 2976 2100 3021 est

503 3067 577 3121 ita
606 3068 774 3137 quaeri
816 3075 991 3120 utrum
1035 3079 1134 3135 pro
1172 3062 1393 3119 alterius
1437 3061 1610 3117 salute
1653 3060 1865 3115 mentiri
1906 3059 2099 3130 aliquis

502 3157 717 3225 debeat,
743 3171 807 3212 ac
827 3157 870 3212 si
893 3164 1223 3226 quaereretur
1243 3165 1419 3210 utrum
1441 3169 1537 3224 pro
1558 3151 1779 3208 alterius
1805 3152 1974 3207 salute
1993 3151 2097 3206 ini-

504 3265 643 3319 quus
670 3263 791 3303 esse
818 3247 1009 3316 aliquis
1046 3247 1257 3303 debeat.
1298 3244 1451 3314 Quod
1478 3245 1522 3300 si
1553 3245 1758 3315 respuit
1784 3245 1978 3299 anima:
2015 3258 2100 3299 sa-

505 3342 608 3408 lus,
652 3355 772 3411 qua:
810 3355 920 3395 non
958 3348 1135 3412 potest
1172 3339 1275 3395 nisi
1312 3339 1562 3409 aequitate
1599 3337 1823 3404 servari,
1856 3344 1911 3392 et
1946 3352 2007 3391 se
2044 3345 2101 3391 ut

507 3447 882 3505 praeponamus
926 3447 1034 3487 non
1069 3431 1243 3487 solum
1282 3430 1528 3498 alterius,
1570 3429 1668 3485 sed
1695 3429 1857 3485 etiam
1903 3438 2101 3483 nosme

507 3524 668 3581 saluti
695 3523 974 3594 temporali
995 3522 1183 3594 jubet;
1212 3521 1339 3593 quid
1366 3531 1555 3589 restat,
1582 3520 1846 3592 inquiunt,
1874 3536 1980 3591 quo
2003 3519 2102 3575 du-

506 3617 681 3673 bitare
702 3618 995 3673 debeamus
1022 3631 1291 3686 nunquam
1312 3617 1532 3670 omnino
1551 3631 1672 3671 esse
1698 3613 2103 3670 mentiendum?

509 3713 626 3768 Non
669 3710 813 3764 enim
852 3709 957 3764 dici
1004 3717 1182 3779 potest
1224 3723 1344 3763 esse
1381 3707 1580 3778 aliquid
1623 3708 1678 3761 iu
1724 3707 2103 3777 temporalibus

514 3799 829 3864 commodis,
852 3799 1023 3854 salute
1048 3813 1111 3853 ac
1132 3799 1237 3852 vita
1266 3799 1530 3867 corporali
1556 3796 1729 3868 majus
1753 3806 1846 3853 aut
1868 3797 2103 3854 cliarius.

510 3891 666 3947 Unde
696 3891 741 3946 si
772 3906 871 3946 nec
901 3891 1013 3961 ipsa
1042 3889 1401 3961 praeponenda
1431 3898 1514 3945 est
1537 3890 1769 3958 veritati,
1795 3890 1920 3960 quid
1945 3890 2101 3961 objici

510 3992 691 4054 potest
731 3992 951 4055 propter
990 3982 1132 4054 quod
1174 3981 1541 4039 mentiendum
1588 3997 1709 4038 esse
1742 3981 2099 4051 contendant,

512 4080 602 4152 qui
627 4078 912 4149 aliquando
940 4085 1126 4148 putant
1150 4086 1401 4149 oportere
1424 4075 1675 4131 mentiri?

582 4172 810 4228 CAPUT
864 4171 974 4226 Vll.
997 4201 1069 4212 â€”
1099 4170 1186 4225 10.
1234 4169 1342 4224 Nec
1369 4170 1625 4241 pudicitia:
1644 4169 1923 4240 corporalis
1946 4184 2106 4225 causa

514 4264 873 4320 mentiendum.
890 4263 1069 4318 Libido
1081 4263 1205 4334 quid
1218 4264 1302 4317 sit.
1316 4261 1613 4317 Pudicitia?
1626 4261 1823 4333 quippe
1837 4263 2102 4332 corporis,

514 4357 636 4429 quia
665 4356 890 4412 multum
937 4355 1264 4412 honorabilis
1300 4369 1526 4427 persona
1551 4354 1762 4410 videtur
1795 4369 2102 4421 occurrere,

515 4456 571 4503 et
598 4462 693 4517 pro
722 4462 782 4503 se
812 4448 1049 4519 ï¬‚agitare
1076 4445 1435 4512 mendacium,
1465 4454 1521 4501 ut
1552 4447 1598 4501 si
1627 4455 1898 4517 stuprator
1937 4446 2107 4501 irruat

516 4542 605 4612 qui
639 4540 807 4612 possit
832 4539 1113 4596 mendacio
1142 4538 1395 4607 devitari,
1427 4541 1543 4596 sine
1584 4540 1915 4596 dubitatione
1954 4556 2107 4595 men-

516 4632 757 4689 tiendum
789 4634 858 4688 sit
900 4650 914 4687 :
958 4631 1116 4688 facile
1154 4631 1465 4703 responderi
1494 4641 1702 4704 potest,
1746 4632 1944 4687 nullam
1988 4646 2107 4689 esse

518 4723 828 4796 pudicitiam
868 4722 1130 4793 corporis,
1172 4723 1274 4778 nisi
1317 4723 1385 4779 ab
1427 4723 1730 4794 integritate
1768 4723 1933 4778 animi
1974 4739 2106 4794 pen-

518 4816 678 4883 deat;
706 4831 813 4887 qua
835 4814 1076 4884 disrupta
1106 4814 1263 4870 cadat
1291 4829 1510 4870 necesse
1535 4824 1639 4882 est,
1672 4815 1879 4870 etiamsi
1910 4818 2107 4872 intacta

518 4911 781 4976 videatur;
813 4918 867 4966 et
893 4908 1014 4965 ideo
1043 4923 1151 4964 non
1179 4909 1233 4962 in
1262 4908 1424 4963 rebus
1456 4908 1838 4980 temporalibus
1865 4924 1984 4964 esse
2010 4926 2110 4965 nu-

516 5002 849 5069 merandam,
895 5003 1045 5073 quasi
1087 5017 1207 5072 qua:
1251 5001 1428 5057 invitis
1475 5001 1646 5070 possit
1686 4984 1903 5057 auferri.
1954 5001 2111 5057 Nullo

520 5095 681 5149 modo
707 5094 865 5167 igitur
893 5094 1102 5150 animus
1126 5108 1185 5149 se
1214 5092 1493 5148 mendacio
1519 5094 1814 5164 corrumpit
1851 5108 1949 5164 pro
1991 5108 2114 5150 cor-

521 5204 652 5258 pore
676 5202 794 5254 suo,
825 5186 968 5258 quod
996 5188 1097 5242 scit
1129 5201 1347 5241 manere
1377 5186 1743 5256 incorruptum
1764 5228 1779 5254 ,
1810 5187 1854 5241 si
1884 5188 1952 5242 ab
1995 5186 2113 5256 ipso

520 5280 703 5333 animo
732 5279 1062 5349 incorruptio
1093 5293 1197 5333 non
1225 5278 1459 5334 recedat.
1492 5277 1644 5345 Quod
1672 5278 1813 5333 enim
1850 5278 2114 5335 violenter

524 5385 629 5423 non
661 5370 994 5439 praecedente
1022 5369 1238 5425 libidine
1270 5370 1467 5440 patitur
1490 5385 1683 5438 corpus
1704 5412 1719 5436 ,
1760 5372 1973 5426 vexatio
2016 5387 2114 5442 po-

524 5463 631 5517 tius
676 5477 835 5532 quam
878 5462 1148 5531 corruptio
1188 5462 1512 5516 nominanda
1554 5471 1655 5517 est.
1704 5465 1810 5517 Aut
1852 5463 1897 5518 si
1941 5464 2116 5519 omnis

524 5552 737 5608 vexatio
762 5554 1032 5621 corruptio
1056 5562 1156 5619 est,
1185 5569 1290 5609 non
1317 5554 1493 5609 omnis
1516 5556 1785 5625 corruptio
1810 5556 1977 5626 turpis
2000 5564 2112 5622 est;

589 5664 609 5694 Î¹
636 5671 748 5733 Î¼Î¹á¾³.
1057 5670 1111 5714 Et
1144 5663 1268 5716 intra
1287 5664 1517 5733 plerique
1540 5678 1650 5715 eum
1676 5666 1997 5733 editionem.
2036 5667 2121 5717 ha-

590 5676 609 5694 Â³
645 5676 748 5712 Î¹Î¹Î¹..
776 5676 1034 5713 Punicum.
1058 5676 1111 5714 Et.
1144 5676 1268 5716 intra
1326 5676 1517 5728 lerique
1540 5678 1650 5715 cum
1676 5676 1890 5716 editione
1922 5676 1997 5715 Er.
2036 5676 2121 5717 na-

527 5724 675 5798 Î¨Î·Î½
702 5721 968 5798 W011iâ€œ
997 5738 1216 5798 ÏÎµÎ¾Î´ÏÎ·Î±-
1254 5676 1337 5798 Î‘á¿§á½²
1353 5741 1482 5798 rem
1501 5736 1646 5798 uss.
1672 5726 1940 5798 á¼°Î¿Î½Î¹ÏÏ„Î¹Îµá½ºÎ¼á½·
1962 5740 2121 5798 re!Â»

525 5796 686 5835 Ï€Ï‰.-
705 5784 867 5858 ploret,
894 5784 1052 5858 clem;
1066 5790 1176 5838 Crit.
1206 5805 1251 5854 p.
1278 5790 1386 5853 504â€˜
1408 5791 1477 5855 sic
1501 5784 1660 5853 legit}
1688 5789 1923 5855 ÏÎ±á½±Îµá½±Î¹ÎµÎ±
1946 5784 2121 5857 W

525 5847 759 5913 corporis,
776 5848 915 5915 quasi
935 5847 1153 5903 multum.

1624 371 1713 428 DE
1752 368 2123 441 MENDACIO,
2151 369 2209 428 S.
2252 368 2618 428 AUGUSTINI

3660 378 3769 437 â€˜98

2187 485 2279 542 sed
2305 500 2461 556 quam
2490 485 2652 541 libido
2684 486 3066 556 procuraverit,
3097 493 3191 544 aut
3225 487 3311 545 cui
3339 488 3504 547 libido
3533 506 3773 551 conson-

2186 580 2335 634 serit.
2361 580 2572 646 Quanto
2600 590 2775 636 autem
2805 581 3140 652 przestantior
3164 590 3247 637 est
3274 582 3484 639 animus
3512 598 3770 656 corpore,

2187 679 2335 726 tanto
2362 672 2670 728 sceleratius
2712 672 3089 744 corrumpitur.
3136 672 3211 730 lbi
3255 690 3383 746 ergo
3419 676 3623 733 servari
3672 694 3776 749 po-

2187 771 2291 818 test
2332 762 2586 834 pudicitia
2613 805 2630 832 ,
2658 764 2746 819 ubi
2789 764 2933 819 nulla
2977 764 3080 821 nisi
3117 765 3414 822 voluntaria
3458 776 3637 838 potest
3686 786 3781 826 es-

2187 868 2249 910 se
2293 855 2581 925 corruptio.
2617 854 2789 945 Certe.
2815 856 2957 910 enim
2997 855 3042 911 si
3090 866 3361 928 stuprator
3395 873 3591 930 corpus
3630 862 3783 916 inva-

2188 948 2338 1015 serit,
2365 948 2455 1018 qui
2479 963 2579 1004 nee
2602 947 2654 1003 vi
2680 948 2947 1005 contraria
2974 950 3162 1021 possit,
3183 965 3284 1007 nec
3310 951 3420 1007 ullo
3445 953 3673 1009 consilio
3695 955 3782 1009 vel

2188 1038 2467 1094 mendacio
2495 1038 2740 1106 devitari,
2780 1054 3004 1097 necesse
3040 1049 3124 1098 est
3148 1041 3432 1111 fateamur,
3463 1044 3639 1100 aliena
3666 1046 3785 1102 libi-

2188 1128 2315 1185 dine
2348 1128 2651 1201 pudicitiam
2682 1143 2790 1187 non
2828 1146 2989 1201 posse
3023 1132 3230 1188 violari.
3276 1134 3613 1207 Quapropter
3639 1151 3784 1208 quo-

2190 1219 2334 1274 niam
2361 1235 2520 1275 nemo
2554 1219 2761 1277 dubitat
2788 1222 3066 1279 meliorem
3096 1238 3217 1280 esse
3260 1225 3499 1280 animum
3528 1240 3782 1297 corpore,

2190 1310 2482 1383 integritati
2512 1313 2753 1383 corporis
2788 1313 3066 1387 integritas
3093 1315 3256 1371 animi
3287 1317 3643 1388 praeponenda
3672 1326 3782 1385 est,

2189 1419 2310 1474 qua:
2340 1404 2392 1460 in
2421 1414 2680 1460 aeternum
2716 1407 2919 1462 servari
2958 1416 3155 1478 potest.
3193 1407 3325 1476 Quis
3363 1418 3543 1465 autem
3584 1409 3788 1467 dixerit

2190 1496 2455 1567 integrum
2503 1498 2739 1553 animum
2793 1513 2917 1556 esse
2961 1499 3302 1555 mentientis?
3360 1499 3571 1557 Etenim
3616 1501 3788 1560 libido

2191 1604 2405 1661 quoque
2452 1590 2566 1660 ipsa
2610 1599 2757 1646 recte
2801 1590 3087 1659 definitur,
3133 1592 3416 1663 Appetitus
3463 1593 3627 1648 animi
3673 1610 3788 1664 quo

2192 1683 2409 1738 aeternis
2436 1681 2591 1739 bonis
2616 1683 2868 1754 quaelibet
2899 1682 3211 1754 temporalia
3241 1693 3642 1754 prmponuntur.
3676 1684 3789 1742 Ne-

2192 1790 2282 1831 mo
2310 1777 2487 1847 itaque
2509 1782 2689 1846 potest
2713 1775 3035 1831 convincere
3060 1775 3346 1847 aliquando
3371 1790 3492 1832 esse
3520 1776 3789 1833 mentien-

2192 1866 2343 1934 dum,
2375 1866 2477 1922 nisi
2521 1866 2612 1937 qui
2660 1866 2891 1937 potuerit
2936 1865 3225 1922 ostendere
3268 1876 3526 1922 aeternum
3567 1867 3789 1937 aliquod

2194 1959 2395 2015 bonum
2416 1957 2643 2013 obtineri
2668 1972 2828 2029 posse
2852 1956 3153 2013 mendacio.
3180 1955 3288 2013 Sed
3311 1972 3435 2013 cum
3466 1966 3611 2014 tanto
3631 1958 3786 2029 quis-

2194 2067 2300 2122 que
2316 2050 2383 2106 ab
2400 2051 2699 2105 aeternitate
2715 2049 2971 2118 discedat,
2990 2060 3190 2121 quanto
3210 2066 3243 2105 a
3266 2051 3488 2107 veritate
3503 2050 3729 2107 discedit
3743 2052 3785 2121 Â¹Í¾

2196 2143 2635 2200 absurdissimum
2666 2152 2749 2198 est
2782 2143 2995 2210 dicere,
3033 2142 3360 2200 discedendo
3386 2144 3510 2200 inde
3530 2158 3687 2215 posse
3717 2144 3788 2201 ad

2197 2236 2324 2291 boui
2345 2236 2542 2309 aliquid
2566 2237 2797 2307 aliquem
2823 2236 3123 2305 pervenire.
3153 2237 3257 2291 Aut
3284 2235 3329 2291 si
3350 2246 3430 2292 est
3455 2236 3669 2308 aliquod
3689 2237 3791 2293 bo-

2199 2342 2328 2382 num
2360 2336 2619 2381 aeternum
2636 2327 2780 2397 quod
2798 2342 2906 2382 non
2923 2328 3306 2399 complectatur
3318 2328 3535 2396 veritas,
3553 2343 3656 2383 non
3681 2328 3795 2384 erit

2197 2435 2412 2474 verum:
2431 2430 2484 2474 et
2500 2418 2620 2474 ideo
2638 2435 2736 2475 nec
2753 2418 2952 2475 bonum
2970 2420 3093 2487 erit,
3112 2421 3233 2491 quia
3256 2419 3445 2475 falsum
3465 2422 3585 2475 erit.
3600 2419 3672 2477 Ut
3690 2435 3796 2476 au-

2199 2522 2308 2569 tem
2334 2514 2543 2569 animus
2564 2513 2798 2583 corpori,
2823 2512 2895 2567 ita
2920 2513 3079 2568 etiam
3104 2512 3303 2568 veritas
3327 2513 3425 2583 ipsi
3449 2512 3628 2567 animo
3654 2528 3797 2583 prce-

2199 2607 2444 2680 ponenda
2473 2617 2674 2677 est;ut
2710 2623 2827 2664 eam
2872 2624 2978 2664 non
3024 2610 3198 2665 solum
3243 2610 3412 2681 magis
3463 2624 3623 2679 quam
3665 2622 3794 2662 cor-

2201 2716 2340 2772 pus,
2391 2701 2485 2756 sed
2560 2702 2719 2756 etiam
2788 2702 2958 2773 magis
3027 2717 3184 2773 quam
3256 2717 3315 2757 se
3384 2703 3558 2774 ipsum
3630 2717 3800 2773 appe-

2203 2800 2280 2848 tat
2322 2793 2551 2847 animus.
2589 2792 2666 2847 Ita
2703 2793 2901 2863 quippe
2940 2793 3044 2848 erit
3066 2793 3319 2863 integrior
3354 2802 3403 2849 et
3438 2793 3653 2858 castior,
3668 2808 3797 2848 cum

2202 2886 2320 2955 ejus
2364 2886 2539 2954 potius
2580 2883 3047 2951 immutabilitate,
3094 2899 3253 2955 quam
3301 2899 3394 2939 sua
3443 2883 3800 2940 mutabilitate

2204 2973 2509 3047 perfruetur
2528 2978 2571 3027 '.
2602 2975 2658 3031 Si
2684 2987 2862 3030 autem
2889 2975 3025 3029 Loth
3052 2990 3172 3029 eum
3204 2976 3275 3029 ita
3300 2975 3475 3046 justus
3512 2984 3689 3040 esset,
3741 2985 3802 3029 ut

2203 3068 2423 3139 angelos
2450 3068 2610 3123 etiam
2640 3066 2881 3138 h05pites
2906 3066 3180 3137 suscipere
3206 3074 3519 3132 mereretur,
3545 3076 3803 3135 stupran-

2206 3158 2303 3215 das
2334 3159 2471 3213 filias
2496 3158 2786 3214 Sodomitis
2812 3158 3025 3226 obtulit,
3071 3167 3129 3213 ut
3167 3156 3480 3213 feminarum
3521 3157 3700 3226 potius
3726 3157 3805 3212 ab

2205 3253 2285 3308 eis
2308 3266 2533 3323 corpora
2564 3267 2724 3322 quam
2753 3253 2989 3306 virorum
3018 3259 3486 3322 corrumperentur
3504 3250 3655 3321 (Gen.
3680 3267 3799 3317 xu,

2204 3345 2316 3417 8);
2349 3354 2546 3417 quanto
2566 3345 2871 3416 diligentius
2906 3355 3068 3417 atque
3091 3346 3422 3401 constantius
3445 3344 3609 3399 animi
3634 3344 3803 3399 casti-

2207 3447 2288 3493 tas
2308 3437 2362 3493 in
2382 3439 2607 3494 veritate
2633 3437 2893 3492 servanda
2925 3447 3041 3505 est,
3079 3452 3202 3492 cum
3236 3437 3415 3494 verius
3444 3438 3559 3508 ipse
3584 3438 3803 3507 corpori

2206 3546 2327 3599 suo,
2349 3546 2508 3600 quam
2535 3544 2729 3600 corpus
2755 3529 2905 3584 virile
2932 3529 3163 3585 femineo
3188 3529 3399 3599 corpori
3428 3528 3779 3599 praeferatur?

2279 3622 2505 3679 CAPUT
2547 3621 2678 3701 VIII.
2704 3654 2776 3664 â€”
2807 3623 2893 3677 11.
2923 3621 3101 3692 Neque
3125 3621 3469 3675 mentiendum
3494 3620 3660 3675 studio
3688 3638 3801 3674 ser-

2208 3718 2361 3775 vandi
2382 3719 2511 3773 alios
2535 3717 2603 3772 ad
2625 3718 2779 3771 vitam
2798 3725 3061 3770 internum.
3084 3713 3239 3782 Quod
3261 3714 3307 3769 si
3326 3713 3603 3784 quisquam
3627 3721 3801 3783 putat,

2209 3811 2333 3867 ideo
2365 3811 2612 3882 cuiquam
2643 3826 2741 3881 pro
2769 3810 2874 3866 alio
2902 3824 3021 3865 esse
3062 3807 3457 3872 mentiendum,
3499 3815 3559 3861 ut
3585 3805 3806 3860 interim

2210 3904 2385 3969 vivat,
2434 3910 2527 3957 aut
2554 3902 2607 3957 in
2639 3901 2723 3957 his
2754 3901 2919 3957 rebus
2942 3915 3074 3971 quas
3102 3900 3326 3954 multum
3367 3899 3537 3969 diligit
3577 3913 3682 3952 non
3715 3896 3807 3952 of-

2210 3995 2477 4060 fendatur,
2516 4010 2623 4065 quo
2648 3994 2816 4065 possit
2842 3993 2910 4049 ad
2936 4000 3191 4048 aeternam
3218 3989 3495 4047 veritatem
3521 3990 3810 4060 pervenire

2207 4088 2468 4144 discendo
2492 4105 2504 4141 :
2538 4104 2647 4143 non
2676 4087 2925 4158 intelligit
2954 4086 3126 4156 primo
3148 4086 3349 4140 nullum
3372 4099 3494 4140 esse
3521 4083 3805 4153 flagitium,

2210 4180 2353 4250 quod
2383 4194 2488 4233 non
2532 4179 2718 4234 eadem
2760 4177 3065 4233 conditione
3091 4178 3364 4248 suscipere
3391 4186 3630 4246 cogatur,
3666 4176 3809 4230 sicut

2206 4273 2320 4344 jam
2358 4274 2604 4342 superius
2644 4271 3068 4326 demonstratum
3097 4278 3217 4335 est;
3264 4268 3457 4323 deinde
3500 4270 3669 4339 ipsius
3706 4252 3811 4323 do-

2211 4367 2398 4421 ctrina:
2431 4365 2800 4443 auctoritatem
2828 4362 3071 4433 intercipi
3102 4371 3156 4418 et
3190 4362 3400 4431 penitus
3428 4362 3651 4418 interire
3676 4361 3720 4430 Â³,
3758 4363 3812 4419 si

2212 4457 2291 4512 eis
2317 4472 2452 4528 quos
2484 4456 2550 4512 ad
2583 4456 2727 4511 illam
2759 4455 3050 4526 perducere
3078 4469 3354 4520 conamur,
3392 4455 3670 4510 mendacio
3700 4470 3806 4510 no-

2213 4558 2327 4604 stro
2351 4548 2733 4621 persuademus
2760 4547 3046 4619 aliquando
3088 4562 3209 4603 esse
3252 4547 3640 4603 mentiendum.
3665 4544 3809 4603 Cum

2215 4645 2355 4702 enim
2402 4643 2645 4702 doctrina
2696 4643 2979 4708 salutaris,
3031 4642 3224 4712 partim
3268 4640 3579 4707 credendis,
3610 4640 3808 4710 partim

2215 4736 2571 4808 intelligendis
2590 4738 2750 4794 rebus
2770 4745 3008 4803 constet;
3030 4749 3133 4792 nec
3152 4734 3217 4790 ad
3240 4750 3302 4789 ea
3324 4749 3444 4805 qua:
3464 4732 3810 4803 intelligenda

2216 4839 2342 4885 sunt
2370 4828 2635 4900 perveniri
2670 4829 2861 4901 possit,
2890 4828 2993 4884 nisi
3017 4827 3165 4899 prius
3186 4825 3451 4882 credenda
3478 4825 3770 4881 credantur
3801 4851 3817 4885 :

2216 4928 2487 4999 quomodo
2510 4927 2835 4983 credendum
2864 4932 2948 4982 est
2980 4925 3028 4980 ei
3074 4925 3163 4995 qui
3192 4930 3343 4994 putat
3377 4918 3662 4993 aliquando
3684 4936 3820 4979 esse

2217 5020 2607 5087 mentiendum,
2636 5035 2703 5076 ne
2734 5019 2869 5074 forte
2890 5025 2944 5074 et
2965 5025 3093 5073 tunc
3112 5017 3401 5072 mentiatur
3423 5029 3545 5070 cum
3565 5014 3827 5086 principis

2220 5122 2279 5168 ut
2306 5111 2625 5168 credamus?
2665 5110 2812 5166 Unde
2839 5110 2984 5166 enim
3014 5109 3140 5166 sciri
3172 5116 3349 5180 potest
3370 5115 3548 5162 utrum
3588 5115 3645 5161 et
3680 5114 3823 5162 tunc

2220 5204 2415 5259 habeat
2450 5204 2682 5275 aliquam
2712 5218 2958 5272 causam,
3008 5203 3147 5259 sicut
3188 5201 3303 5270 ipse
3349 5207 3533 5271 putat,
3582 5197 3823 5257 ofï¬ciosi

2221 5293 2520 5361 mendacii,
2550 5294 2861 5349 existimans
2891 5294 3023 5349 falsa
3060 5291 3364 5347 narratione
3394 5290 3666 5346 hominem
3697 5299 3825 5345 ter-

2222 5387 2382 5442 ritum
2411 5400 2567 5456 posse
2587 5401 2616 5439 a
2638 5386 2855 5442 libidine
2880 5384 3135 5452 cohiberi,
3166 5394 3325 5456 atque
3346 5382 3448 5439 hoc
3468 5381 3629 5438 modo
3648 5381 3819 5437 etiam

2225 5482 2291 5537 ad
2317 5483 2609 5553 Spiritualia
2638 5497 2696 5538 se
2720 5483 3002 5537 consulere
3024 5480 3331 5537 mentiendo
3354 5476 3675 5535 arbitretur?
3696 5476 3827 5546 Quo

2289 5603 2307 5634 Î¹
2338 5601 2414 5673 sic
2437 5607 2540 5650 Mss.
2567 5608 2621 5650 At
2638 5599 2769 5673 editi,
2792 5604 3027 5673 á¿ƒÎ¹Î¹Î¹Î¹Î·Ï‚ÏÎ±
3259 5597 3541 5673 discordat:
3559 5594 3828 5673 qtdautau

2224 5661 2466 5722 matutinaâ€œ,
2502 5676 2533 5712 a
2556 5662 2747 5714 veritate
2770 5660 2975 5713 discedit
3002 5676 3018 5711 .'
3041 5660 3438 5714 Î¹Î¹á½ºÎµÎ¹Î¹Ï„Î±á½²Î´Îµá½·Î·Î¹Ï‰Ï€
3452 5666 3539 5721 est,
3563 5665 3660 5711 etc.

2290 5730 2309 5759 Â²
2333 5729 2404 5777 sic
2428 5735 2531 5775 Mss.
2570 5732 2623 5773 At
2640 5724 2776 5783 editi,
2801 5739 2888 5775 sua
2910 5722 3167 5787 mobilitate
3182 5725 3473 5787 perfruetur.

2272 5792 2313 5862 f
2347 5791 2495 5862 editio
2511 5781 2893 5862 .Er.,intercipiet
2913 5781 3353 5862 patitusinteriiâ€™c.;
3372 5781 3713 5848 lov.,iucipiÂ¢t
3733 5793 3829 5845 po-

2231 5854 2358 5907 nitus
2380 5854 2670 5906 interimere.
2687 5854 2987 5919 Castigantur
3010 5863 3072 5899 ex
3099 5857 3203 5901 uss.
