4070 6334
248 409 348 468 497

245 534 438 594 genere
463 518 706 576 admisso
738 526 895 589 atque
919 516 1231 588 approbato,
1258 517 1433 572 omnis
1463 518 1682 574 omnino
1713 518 1836 574 Ildei

245 614 526 685 disciplina
569 612 928 679 subvertitur;
965 627 1066 683 qua
1095 611 1382 677 subversa,
1415 625 1514 665 nec
1551 610 1615 665 ad
1647 610 1843 665 intelli-

244 707 474 780 gentiam
512 704 842 775 pervenitur,
887 703 972 758 cui
1014 701 1285 773 capienda:
1324 702 1424 757 ista
1468 702 1714 771 parvulos
1745 718 1842 756 nu-

245 804 372 859 trit:
401 808 567 870 atque
607 798 681 852 ita
718 796 893 851 omnis
921 795 1162 851 doctrina
1193 795 1431 850 veritatis
1460 792 1718 859 aufertur,
1746 809 1839 850 ce-

241 894 375 949 dens
416 889 869 948 licentiosissimze
914 887 1166 954 falsitati,
1218 886 1264 943 si
1308 885 1586 941 mendacio
1629 885 1714 941 vel
1755 884 1839 941 of-

244 986 429 1040 ﬁcioso
456 986 474 1017 ί
507 981 755 1039 alicunde
781 977 1091 1051 penetrandi
1120 978 1358 1049 aperitur
1381 978 1551 1032 locus.
1573 977 1679 1031 Aut
1697 975 1841 1033 enim

240 1076 557 1149 temporalia
584 1073 902 1141 commoda,
932 1073 1018 1129 vel
1043 1071 1256 1143 propria
1287 1070 1373 1125 vel
1401 1070 1598 1137 aliena,
1627 1068 1842 1124 veritati

242 1168 508 1240 prceponit
526 1210 542 1236 ,
566 1168 890 1238 quicumque
908 1164 1195 1227 mentitur;
1222 1177 1329 1231 quo
1364 1161 1491 1232 quid
1517 1159 1631 1215 fieri
1665 1166 1843 1230 potest

243 1260 591 1333 perversius?
635 1267 731 1314 aut
773 1272 893 1313 cum
922 1255 1131 1312 veritati
1161 1252 1518 1325 adipiscenda:
1547 1252 1842 1324 Opitulante

245 1353 525 1411 mendacio
553 1352 669 1407 vult
693 1350 871 1406 facere
896 1348 1168 1412 idoneum,
1191 1345 1500 1402 intercludit
1528 1345 1730 1401 aditum
1757 1359 1841 1400 ve

244 1445 418 1511 ritati;
463 1445 655 1500 volens
698 1441 841 1497 enim
883 1456 1004 1496 cum
1052 1438 1306 1493 mentitur
1348 1451 1470 1493 esse
1510 1445 1666 1506 aptus
1692 1438 1737 1502 ',
1782 1434 1843 1489 fit

244 1556 361 1595 cum
393 1553 586 1595 verum
629 1536 759 1592 dicit
801 1535 1059 1590 incertus.
1090 1530 1449 1600 Quamobrem
1489 1538 1580 1583 aut
1623 1543 1729 1583 non
1760 1536 1843 1582 est

244 1630 572 1689 credendum
595 1628 772 1693 bonis,
801 1634 893 1680 aut
918 1622 1245 1679 credendum
1276 1629 1359 1676 est
1387 1620 1465 1675 eis
1493 1634 1628 1689 quos
1662 1617 1842 1674 credi-

246 1740 358 1779 mus
377 1723 585 1779 debere
606 1718 889 1791 aliquando
911 1714 1146 1781 mentiri,
1169 1722 1258 1768 aut
1279 1727 1385 1767 non
1410 1721 1491 1766 est
1515 1709 1840 1766 credendum

245 1814 410 1869 bonos
442 1812 735 1883 aliquando
761 1808 976 1864 mentiri
1002 1824 1014 1860 :
1045 1806 1235 1859 horum
1266 1803 1423 1858 trium
1457 1802 1683 1873 primum
1712 1816 1840 1872 per-

246 1905 503 1960 niciosam
532 1911 640 1969 est,
673 1899 965 1957 secundum
989 1898 1243 1961 stultum;
1275 1903 1442 1950 restat
1463 1908 1592 1964 ergo
1622 1901 1681 1949 ut
1703 1908 1841 1949 nun-

245 2012 397 2067 quam
421 1995 752 2053 mentiantur
780 1990 927 2049 boni.

311 2108 538 2165 CAPUT
580 2107 671 2161 IX.
702 2135 775 2147 —
796 2105 885 2162 l2.
922 2104 1245 2161 Mendacium
1282 2108 1480 2156 censent
1508 2099 1717 2172 quidam
1740 2098 1839 2152 ad-

244 2201 517 2255 hibendum
542 2218 639 2272 quo
659 2208 911 2255 removeat
933 2199 1083 2253 homo
1108 2206 1344 2269 stuprum
1367 2194 1501 2264 quod
1526 2194 1634 2265 ipse
1653 2193 1716 2248 ab
1736 2193 1840 2248 alio

245 2302 521 2365 pateretur.
551 2292 819 2362 Refellitur
838 2300 1191 2363 argumentum
1211 2289 1437 2357 illorum,
1460 2296 1508 2341 et
1528 2284 1836 2358 exemplum.

245 2386 423 2439 Aliena
452 2395 658 2455 peccata
688 2401 789 2438 non
817 2384 863 2437 ei
891 2381 1191 2452 imputanda
1227 2381 1314 2452 qui
1341 2378 1435 2434 illa
1463 2386 1628 2449 posset
1656 2376 1840 2431 leviore

244 2495 333 2532 suo
358 2487 568 2548 peccato
606 2476 871 2547 impedire.
915 2472 1249 2529 Peccantibus
1290 2488 1394 2526 non
1436 2470 1714 2525 consentire
1751 2468 1840 2538 qui

246 2588 323 2626 eos
351 2589 455 2626 non
484 2571 593 2625 vult
619 2569 875 2641 peccando
899 2569 1149 2623 cohibere.
1199 2564 1371 2620 Vitare
1407 2571 1667 2635 peccatum
1693 2562 1836 2632 quis-

245 2682 333 2735 que
359 2665 505 2720 debet
539 2664 695 2719 levius
726 2664 892 2735 potius
921 2660 1057 2729 quod
1080 2676 1231 2716 suum
1249 2701 1266 2728 ,
1296 2676 1449 2730 quam
1475 2657 1611 2729 quod
1635 2656 1839 2727 gravius

246 2757 481 2810 alienunt.
514 2754 704 2810 Annon
733 2753 1073 2808 mentiendum
1097 2761 1153 2806 ut
1175 2752 1353 2806 vitetur
1377 2749 1701 2805 immunditia
1724 2765 1840 2804 cor-

247 2847 451 2917 poralis.
479 2844 758 2901 Hendacia
786 2860 899 2915 qua:
920 2844 1048 2898 alios
1074 2841 1286 2908 tradunt,
1315 2858 1418 2896 non
1443 2838 1755 2895 admittenda
1782 2847 1840 2894 ut

246 2938 564 2994 inmunditia
608 2937 890 3010 corporalis
916 2936 1116 2991 vitetur.
1144 2935 1249 3007 Sic
1294 2934 1392 2990 ista
1439 2933 1733 3005 quaestione
1770 2946 1838 2988 ex

247 3043 468 3105 utraque
492 3040 645 3105 parte
681 3031 1017 3088 considerata
1043 3040 1203 3102 atque
1238 3038 1489 3097 tractata,
1522 3043 1629 3084 non
1660 3038 1837 3085 tamen

247 3127 394 3182 facile
417 3124 642 3182 ferenda
673 3124 939 3180 sententia
967 3130 1050 3179 est
1073 3140 1086 3178 :
1116 3121 1215 3178 sed
1245 3119 1422 3176 adhuc
1441 3120 1725 3191 diligenter
1743 3134 1839 3174 au-

245 3217 422 3273 diendi
449 3218 540 3288 qui
575 3216 792 3283 dicunt,
835 3214 1040 3270 nullum
1071 3227 1192 3269 esse
1235 3222 1343 3269 tam
1380 3212 1580 3267 malum
1611 3211 1837 3279 factum,

244 3309 381 3381 quod
400 3324 508 3365 non
524 3309 579 3364 in
597 3309 793 3381 pejoris
807 3307 1131 3364 devitatione
1148 3304 1447 3362 faciendum
1468 3304 1556 3370 sit;
1569 3305 1841 3376 pertinere

246 3414 417 3459 autem
440 3402 509 3458 ad
537 3402 673 3457 facta
700 3401 999 3466 hominum,
1017 3414 1125 3456 non
1150 3398 1322 3455 solum
1347 3396 1600 3469 quidquid
1618 3396 1837 3466 faciunt,

245 3496 335 3552 sed
372 3493 635 3567 quidquid
656 3496 820 3552 etiam
847 3510 967 3550 cum
984 3492 1338 3551 consensione
1372 3491 1668 3562 patiuntur.
1686 3487 1840 3547 Unde

246 3589 287 3643 si
311 3588 520 3643 exstitit
528 3601 693 3643 causa
705 3586 993 3657 uteligeret
1014 3584 1333 3640 cbristianus
1346 3582 1649 3638 thurilicare
1660 3581 1839 3650 idolis,

247 3696 309 3737 ne
326 3680 663 3736 consentiret
685 3687 872 3749 stupro
894 3675 1036 3749 quod
1058 3682 1369 3747 persecutor
1387 3673 1463 3742 ei,
1493 3673 1597 3729 nisi
1619 3673 1839 3740 faceret,

246 3772 582 3835 minabatur;
623 3778 772 3827 recte
817 3767 1063 3824 videntur
1108 3781 1352 3839 quaerere
1395 3782 1492 3822 cur
1533 3780 1640 3821 non
1678 3767 1839 3822 etiam

250 3864 586 3925 mentiretur,
620 3867 679 3916 ut
722 3867 927 3915 tantam
956 3858 1103 3914 illam
1136 3857 1516 3927 turpitudinem
1555 3857 1837 3913 devitaret.

247 3954 417 4025 ipsam
442 3955 585 4009 enim
612 3952 1052 4018 consensionem,
1080 3964 1182 4019 qua
1204 3963 1263 4004 se
1289 3959 1532 4019 stuprum
1558 3948 1669 4020 pati
1694 3948 1837 4003 mal-

247 4045 358 4112 let,
398 4059 559 4115 quam
600 4043 905 4099 thurilicare
951 4041 1138 4106 idolis,
1193 4055 1298 4095 non
1330 4040 1632 4110 passionem
1658 4040 1844 4096 dicunt

246 4148 388 4202 esse,
421 4134 515 4189 sed
539 4133 776 4189 factum:
809 4132 951 4203 quod
978 4146 1047 4186 ne
1080 4130 1299 4197 faceret,
1325 4130 1484 4201 elegit
1510 4131 1838 4187 thurificare.

248 4228 455 4296 Quanto
480 4228 640 4299 igitur
663 4224 998 4282 mendacium
1024 4224 1310 4294 proclivius
1331 4214 1599 4294 elegisset,
1623 4223 1668 4279 si
1690 4240 1843 4280 men-

250 4319 396 4375 dacio
435 4327 622 4389 posset
654 4332 685 4372 a
712 4324 901 4373 sancto
929 4331 1155 4388 corpore
1185 4324 1292 4371 tam
1323 4315 1556 4372 immane
1584 4315 1842 4387 flagitium

252 4425 522 4467 removere
537 4409 562 4464 ’Ξ

318 4527 401 4582 l3.
434 4525 494 4581 In
522 4540 629 4597 qua
648 4522 1017 4596 propositione
1046 4522 1143 4576 ista
1171 4528 1296 4577 sunt
1317 4536 1435 4591 qua:
1463 4521 1652 4576 merito
1675 4520 1843 4592 quaeri

256 4628 506 4691 possunt:
538 4628 719 4675 utrum
742 4616 861 4673 talis
886 4614 1168 4670 consensio
1190 4628 1286 4683 pro
1308 4613 1448 4668 facto
1470 4612 1714 4668 habenda
1735 4613 1839 4679 sit;

252 4724 337 4768 aut
360 4722 543 4769 utrum
574 4708 860 4767 consensio
901 4705 1126 4763 dicenda
1164 4708 1232 4760 sit
1258 4721 1378 4775 qua:
1419 4720 1525 4759 non
1555 4704 1716 4759 habet
1744 4719 1841 4774 ap-

254 4805 651 4874 probationem;
679 4810 772 4857 aut
800 4807 979 4855 utrum
1004 4796 1321 4869 approbatio
1352 4796 1438 4860 sit,
1472 4811 1593 4850 cum
1622 4794 1838 4863 dicitur,

257 4894 477 4967 Expedit
503 4894 608 4950 hoc
639 4893 749 4963 pati
778 4890 951 4962 potius
978 4904 1137 4960 quam
1179 4887 1308 4943 illud
1337 4886 1545 4953 facere;
1577 4896 1631 4942 et
1660 4896 1841 4943 utrum

256 4996 389 5042 recte
419 4986 515 5041 ille
542 4984 732 5040 fecerit
775 4982 1083 5038 thurilieare
1124 4995 1283 5051 quam
1320 4989 1560 5049 stuprum
1606 4978 1747 5049 pati;
1789 4987 1845 5035 et

255 5089 425 5151 utrum,
462 5077 829 5135 mentiendum
864 5085 1009 5132 esset
1038 5074 1233 5144 potius,
1260 5073 1304 5128 si
1332 5088 1393 5127 ea
1419 5073 1654 5129 conditio
1684 5072 1843 5127 dare-

195 5202 203 5213 ι
256 5183 352 5241 tur,
380 5154 542 5243 quam
572 5168 1003 5225 thuriﬁcandum.
1050 5166 1157 5222 Sed
1195 5165 1238 5221 si
1282 5166 1402 5219 talis
1435 5165 1718 5237 consensio
1746 5180 1845 5234 pro

256 5262 385 5320 facto
412 5262 661 5321 habenda
700 5272 815 5327 est,
861 5258 1139 5315 homicida:
1177 5266 1302 5313 sunt
1336 5258 1495 5312 etiam
1541 5258 1630 5327 qui
1675 5257 1844 5313 occidi

257 5358 551 5413 maluerunt
577 5370 737 5425 quam
770 5353 960 5407 falsum
992 5350 1352 5407 testimonium
1374 5348 1586 5415 dicere;
1618 5358 1673 5406 et
1701 5349 1844 5420 quod

258 5460 333 5504 cst
369 5449 719 5505 homicidium
763 5444 1012 5517 gravius,
1057 5445 1109 5498 in
1149 5458 1207 5498 se
1235 5443 1400 5513 ipsos.
1426 5440 1533 5497 Cur
1558 5442 1700 5497 enim
1742 5442 1846 5496 hoc

261 5553 404 5611 pacto
432 5559 539 5598 non
571 5541 798 5604 dicatur,
825 5536 969 5609 quod
997 5536 1096 5607 ipsi
1126 5550 1185 5591 se
1220 5535 1544 5599 occiderint;
1577 5535 1701 5605 quia
1730 5535 1845 5590 cleo

261 5644 443 5703 gerunt
473 5635 576 5690 hoc
603 5635 655 5688 in
681 5647 742 5687 se
765 5631 878 5686 fieri
897 5673 912 5697 ,
941 5644 1009 5685 ne
1050 5627 1287 5685 facerent
1310 5627 1451 5699 quod
1479 5626 1846 5695 cogebantur?

321 5832 340 5865 ⁸
373 5837 424 5882 ιιι
446 5839 575 5893 353.,
598 5829 725 5881 velut
745 5826 971 5893 oﬂidoao.

315 5916 344 5953 ι
369 5914 590 5974 mum
612 5922 739 5982 κει,
759 5916 972 5989 apertus.
988 5915 1130 5969 Vorte
1154 5906 1436 5987 legendum,
1454 5919 1662 5999 opertus.

1670 404 1873 462 LIBER
1911 406 2115 467 UNUS.

1950 523 2121 620 Autsi
2136 526 2358 620 gravius
2382 537 2596 599 putatur
2618 532 2784 591 alium
2802 536 3048 597 occidere
3066 556 3227 613 quam
3253 560 3312 603 se
3336 547 3535 620 ipsum,

1948 616 2075 706 quid
2103 617 2148 672 si
2179 619 2293 675 haec
2317 623 2552 681 conditio
2579 630 2800 701 martyri
2830 646 3241 706 proponeretur,
3269 650 3327 697 ut
3350 616 3397 698 si
3426 616 3533 701 nol;

1950 704 2024 801 let
2046 706 2113 763 de
2133 708 2345 768 Christo
2364 712 2556 772 falsum
2577 719 2939 779 testimonium
2968 725 3149 783 dicere
3167 704 3541 801 att1ueimmo-

1949 798 2061 897 lare
2086 802 2439 897 daemonibus,
2468 818 2593 868 ante
2616 814 2801 871 oculos
2827 815 2995 888 ipsius
3021 820 3157 876 alius
3184 798 3292 879 non
3316 826 3542 897 quilibet

1948 890 2133 960 homo,
2160 896 2255 952 sed
2276 908 2427 968 pater
2450 901 2569 973 ejus
2591 906 2947 973 occideretur,
2972 925 3166 984 rogans
3190 890 3352 971 etiam
3372 917 3539 973 filium

1949 1000 2018 1042 ne
2041 986 2096 1043 id
2125 996 2524 1060 perseverantia
2550 1012 2644 1053 sua
2671 998 2787 1056 fieri
2817 1004 3188 1073 permitteret?
3211 1007 3401 1067 Nonne
3426 1027 3544 1067 ma-

1949 1079 2198 1139 nifestum
2240 1094 2353 1154 est,
2385 1088 2477 1145 illo
2504 1090 2558 1146 ia
2599 1093 2889 1151 testimonii
2925 1095 3222 1155 fidelissimi
3274 1105 3542 1161 sententia

1948 1186 2293 1243 permanente
2312 1220 2326 1245 ,
2356 1180 2502 1237 solos
2529 1182 2825 1243 homicidas
2851 1186 3060 1245 futuros
3099 1190 3293 1261 fuisse,
3326 1197 3417 1266 qui
3443 1212 3543 1268 pa.-

1950 1274 2084 1323 trem
2112 1271 2229 1339 ejus
2255 1273 2591 1343 occiderent,
2637 1295 2744 1335 non
2790 1279 2942 1338 illum
2984 1284 3146 1340 etiam
3180 1287 3541 1356 parricidam?

1948 1358 2098 1415 Sicut
2130 1378 2258 1435 ergo
2287 1364 2443 1435 hujus
2470 1369 2599 1425 tanti
2637 1372 2857 1429 sceleris
2881 1376 3148 1448 particeps
3177 1379 3279 1437 iste
3320 1396 3424 1436 non
3455 1398 3543 1438 es-

1947 1460 2049 1519 set,
2080 1468 2200 1509 cum
2226 1457 2476 1528 elegisset
2503 1469 2710 1531 patrem
2734 1478 2889 1518 suum
2923 1480 3106 1537 potius
3130 1476 3198 1527 ab
3223 1474 3343 1530 aliis
3371 1490 3539 1531 Inter-

1948 1543 2056 1612 fici,
2084 1546 2245 1602 etiam
2269 1551 2612 1623 sacrilemnn,
2659 1549 2811 1626 cujus
2832 1560 3009 1615 anima
3036 1574 3317 1634 raperetur
3338 1566 3405 1622 ad
3428 1583 3541 1637 pm-

1950 1650 2077 1703 uas,
2108 1653 2267 1708 quam
2310 1640 2469 1697 ﬁdem
2505 1658 2657 1700 suam
2687 1645 2825 1704 falso
2857 1652 3168 1710 testimonio
3192 1656 3435 1714 violare:
3463 1660 3543 1718 sic

1949 1728 2068 1826 talis
2093 1727 2183 1785 ille
2215 1746 2511 1826 consensus
2541 1750 2646 1792 non
2672 1754 2794 1794 eum
2819 1740 3021 1798 faceret
3044 1747 3175 1802 tanti
3206 1749 3391 1820 ﬂagitii
3420 1768 3544 1822 par.

1949 1819 2197 1913 ticipem,
2225 1821 2272 1876 si
2296 1824 2436 1879 male
2462 1823 2642 1884 facere
2666 1828 2781 1901 ipse
2811 1833 2995 1902 nollet,
3019 1819 3389 1909 quidquidalii

1947 1917 2131 1980 pterea
2169 1911 2453 1984 fecissent,
2485 1919 2609 1989 quia
2656 1920 2771 1991 ipse
2814 1938 2922 1980 non
2963 1924 3181 1984 faceret.
3224 1929 3362 1997 Quid
3392 1911 3537 1989 enim

1945 2000 2078 2057 tales
2107 2015 2478 2073 persecutores
2504 2009 2716 2080 dicunt,
2745 2014 2879 2082 nisi,
2910 2015 3017 2073 Fac
3048 2021 3207 2088 male,
3239 2037 3305 2078 ne
3331 2037 3431 2079 nos
3460 2025 3539 2081 fa-

1944 2094 2183 2150 ciamus?
2208 2096 2309 2166 Qui
2335 2100 2380 2155 si
2430 2116 2593 2171 vere,
2646 2106 2802 2161 nobis
2837 2106 3186 2179 facientibus,
3229 2129 3337 2169 non
3379 2113 3538 2171 fecis-

1943 2195 2086 2255 sent,
2120 2205 2219 2245 nec
2246 2192 2323 2246 sic
2349 2194 2429 2249 eis
2455 2205 2639 2253 nostro
2661 2198 2866 2256 scelere
2891 2202 3169 2274 sulfragari
3194 2205 3533 2264 deberemus.

1943 2278 2093 2335 Nunc
2118 2297 2247 2337 vero
2269 2285 2482 2354 quando
2503 2286 2615 2357 jam
2639 2288 2857 2358 faciunt,
2880 2306 3001 2348 cum
3033 2294 3134 2349 ista
3160 2310 3265 2351 non
3288 2296 3536 2368 dicunt‘,

1943 2384 2042 2425 cur
2070 2371 2346 2429 nobiscum
2370 2376 2566 2446 potius,
2588 2394 2747 2450 quam
2768 2382 2867 2437 soli
2896 2392 3079 2456 turpes
3100 2394 3263 2458 atque
3281 2364 3536 2446 nocentes

1942 2461 2091 2518 sint?
2135 2463 2253 2520 Non
2296 2466 2440 2523 enim
2482 2484 2779 2529 consensus
2820 2473 2914 2531 ille
2970 2476 3229 2534 dicendus
3254 2488 3370 2546 est;
3413 2482 3537 2552 quia

1943 2568 2051 2637 non
2087 2556 2447 2626 approbamus
2485 2561 2631 2633 quod
2669 2563 2903 2636 faciunt,
2934 2583 3150 2640 semper
3173 2582 3452 2643 optantes,
3483 2583 3539 2632 et

1941 2657 2198 2718 quantum
2228 2652 2282 2707 in
2307 2652 2463 2709 nobis
2488 2662 2573 2711 est
2594 2657 2942 2727 prohibentes
2967 2677 3041 2719 ne
3066 2661 3285 2732 faciant,
3313 2665 3539 2723 factum-

1942 2755 2047 2812 que
2094 2741 2331 2812 ipsorum
2386 2762 2494 2802 non
2548 2748 2721 2805 solum
2791 2769 2898 2809 non
2952 2756 3350 2814 committentes
3410 2773 3537 2816 cum

1943 2831 2051 2898 eis,
2095 2832 2191 2889 sed
2243 2836 2404 2891 etiam
2444 2847 2640 2909 quanta
2687 2856 2972 2913 possumus
3025 2845 3381 2907 detestatione
3439 2848 3538 2906 da-

1941 2936 2207 2985 mnantes.

2017 3022 2105 3078 ιι.
2137 3023 2437 3095 Quomodo,
2471 3028 2679 3101 inquis,
2712 3047 2819 3088 non
2845 3048 2968 3090 cum
2992 3034 3073 3092 eis
3117 3035 3278 3104 facit,
3322 3036 3540 3109 quando

1943 3112 2022 3168 illi
2046 3114 2148 3170 hoc
2179 3131 2286 3172 non
2310 3117 2568 3189 facerent,
2599 3122 2645 3177 si
2672 3122 2788 3193 ipse
2811 3123 2940 3181 illud
2965 3125 3206 3182 faceret?
3236 3128 3349 3184 Hoc
3374 3130 3539 3185 modo

1942 3204 2236 3276 frangimus
2256 3209 2476 3278 januam
2495 3226 2617 3268 cum
2648 3214 3039 3286 cllractoribus,
3067 3218 3190 3289 quia
3210 3220 3257 3273 si
3285 3234 3392 3275 non
3416 3234 3537 3277 eam

1943 3297 2336 3368 clauderemus,
2365 3301 2443 3357 illi
2465 3318 2574 3360 non
2594 3303 2902 3376 frangerent
2927 3325 2941 3362 :
2972 3317 3027 3365 et
3047 3310 3343 3367 occidimus
3362 3312 3540 3369 homi-

1944 3403 2042 3445 nes
2070 3405 2191 3446 cum
2232 3391 2557 3461 latronibus,
2590 3397 2637 3454 si
2678 3399 2818 3455 scire
2853 3402 3126 3473 contingat
3151 3403 3254 3461 hoc
3280 3419 3377 3462 eos
3414 3419 3536 3463 esse

1944 3480 2211 3550 facturos;
2240 3486 2362 3555 quia
2392 3485 2439 3541 si
2464 3502 2564 3543 nos
2588 3490 2979 3560 praevenientes
3003 3510 3099 3551 eos
3126 3497 3500 3556 occideremus
3519 3542 3535 3570 ,

1944 3572 2021 3628 illi
2049 3588 2154 3628 non
2180 3576 2490 3633 occiderent
2513 3580 2669 3636 alios.
2699 3582 2805 3639 Aut
2831 3583 2879 3639 si
2905 3584 3134 3643 fateatur
3160 3589 3317 3645 nobis
3345 3590 3540 3663 aliquis

1943 3666 2290 3738 parricidium
2319 3684 2380 3725 se
2403 3669 2686 3741 facturum,
2716 3688 2815 3730 nos
2835 3689 2958 3731 cum
2985 3692 3052 3732 eo
3072 3677 3317 3748 facimus,
3344 3681 3390 3736 si
3413 3694 3538 3737 cum

1943 3773 2228 3830 possumus
2267 3775 2389 3816 eum
2420 3763 2729 3835 priusquam
2769 3766 2959 3836 faciat,
3000 3785 3106 3826 non
3148 3771 3537 3840 interficimtts,

1943 3852 2155 3922 quando
2174 3852 2333 3909 aliter
2351 3870 2474 3911 eum
2502 3857 2588 3913 vel
2608 3857 2861 3916 cohibere
2898 3862 2981 3917 vel
3006 3861 3264 3933 impedire
3287 3879 3394 3921 non
3416 3881 3541 3937 pos-

1943 3958 2147 4000 sumus.
2177 3945 2423 4003 Totidem
2448 3949 2591 4005 enim
2617 3950 2793 4007 verbis
2820 3952 2926 4009 dici
2953 3962 3159 4025 potest:
3190 3956 3387 4013 Fecisti
3412 3973 3538 4015 cum

1944 4050 2031 4101 eo,
2060 4035 2182 4106 quia
2210 4036 2313 4094 hoc
2342 4038 2431 4095 ille
2456 4055 2563 4095 non
2591 4042 2824 4111 fecisset,
2851 4043 2897 4100 si
2920 4054 2975 4100 tu
2995 4045 3129 4102 illud
3158 4048 3398 4105 fecisses.
3426 4052 3541 4121 Ego

1945 4136 2230 4205 utrumque
2264 4130 2462 4185 malum
2489 4131 2607 4187 fieri
2634 4134 2834 4191 nollem
2859 4153 2873 4190 :
2905 4136 3001 4193 sed
3030 4137 3082 4194 id
3110 4148 3313 4197 tantum
3345 4156 3540 4200 cavere

1946 4221 2092 4292 potui
2116 4237 2183 4277 ne
2209 4221 2391 4290 fieret,
2422 4224 2565 4295 quod
2598 4235 2714 4281 erat
2751 4226 2804 4282 in
2831 4244 2950 4284 mea
2980 4238 3274 4300 potestate;
3305 4233 3538 4291 alterum

1945 4321 2123 4367 autem
2155 4313 2421 4379 alienum,
2450 4316 2593 4386 quod
2622 4334 2743 4374 meo
2771 4329 3040 4391 praecepto
3068 4324 3405 4395 exstinguere
3430 4341 3539 4385 non

1947 4406 2129 4477 potui,
2162 4422 2283 4463 meo
2314 4408 2592 4463 malefacto
2638 4412 2897 4481 impedire
2922 4428 3030 4469 non
3054 4413 3234 4471 debui.
3265 4417 3383 4473 Non
3408 4434 3541 4490 ergo

1947 4506 2255 4568 peccantem
2281 4501 2560 4569 approbat,
2585 4502 2675 4572 qui
2702 4518 2798 4573 pro
2822 4504 2928 4560 alio
2952 4522 3060 4562 non
3084 4518 3297 4578 peccat;
3330 4518 3385 4567 et
3404 4526 3542 4569 neu-

1948 4600 2087 4647 trum
2119 4595 2292 4664 placet
2323 4596 2372 4651 ei
2417 4598 2507 4667 qui
2543 4608 2825 4671 utrumque
2855 4602 3025 4659 nollet
3063 4605 3270 4661 admitti
3297 4624 3311 4661 :
3344 4607 3437 4664 sed
3468 4608 3539 4662 δι.

1947 4686 2037 4742 Iud
2063 4688 2203 4758 quod
2238 4689 2304 4744 ad
2333 4704 2393 4746 se
2424 4692 2681 4761 pertinet,
2719 4696 2878 4750 etiam
2910 4706 3173 4767 potestate
3208 4715 3315 4754 non
3345 4714 3536 4770 perpe-

1948 4788 2079 4845 trat;
2112 4779 2253 4848 quod
2279 4790 2457 4837 autem
2488 4783 2552 4837 ad
2579 4785 2829 4853 alterum,
2859 4764 2973 4842 sola
3022 4789 3291 4845 voluntate
3341 4764 3540 4847 conde-
3563 4764 3592 4785 Ἡ

1949 4879 2112 4926 mnat.
2149 4870 2216 4926 Et
2237 4871 2357 4928 ideo
2377 4877 2797 4945 proponentibus
2828 4878 2969 4933 illam
2998 4879 3357 4936 conditionem
3379 4889 3541 4949 atque

1947 4964 2265 5033 dicentibus,
2299 4967 2355 5023 Si
2389 4983 2491 5023 non
2525 4970 2933 5039 thurilicaveris,
2965 4972 3067 5029 hoc
3095 4974 3341 5044 patieris;
3370 4973 3414 5027 si
3445 4988 3538 5028 re-

1948 5056 2265 5127 spondisset,
2295 5059 2406 5129 Ego
2433 5072 2676 5116 neutrum
2701 5063 2861 5133 eligo,
2886 5074 3169 5134 utrumque
3189 5065 3446 5123 detestor.
3469 5066 3536 5121 ad

1950 5149 2080 5203 nihil
2113 5150 2302 5206 horum
2334 5149 2483 5208 vobis
2521 5157 2802 5211 consentio
2828 5174 2840 5209 :
2870 5158 3010 5212 inter
3044 5158 3158 5212 lucc
3186 5157 3346 5211 vei-ha
3377 5167 3539 5229 atque

1951 5241 2092 5307 talia,
2123 5259 2242 5313 quae
2266 5253 2412 5299 certe
2437 5247 2688 5315 quoniam
2717 5263 2840 5304 vera
2871 5259 3070 5313 essent,
3098 5249 3238 5304 nulla
3267 5250 3383 5320 ejus
3406 5268 3538 5308 con-

1950 5334 2149 5400 sensio,
2202 5335 2344 5390 nulla
2383 5338 2698 5408 approbatio
2729 5348 3031 5403 teneretur;
3075 5356 3427 5414 quaecumque
3470 5344 3540 5401 ab

1948 5427 2026 5481 eis
2053 5441 2244 5497 passus
2272 5437 2433 5495 esset,
2466 5429 2543 5484 illi
2570 5429 2914 5497 deputaretur
2937 5431 3246 5501 injuriarum
3273 5438 3537 5508 acceptio,

1950 5518 2054 5573 illis
2079 5519 2390 5576 commissio
2415 5532 2776 5592 peccatorum.
2809 5524 3071 5583 Debuitne
3093 5529 3271 5599 igitur,
3298 5532 3371 5586 ait
3394 5534 3540 5603 quis-

1951 5613 2128 5682 piam,
2170 5622 2411 5684 stuprum
2456 5618 2659 5686 perpeti
2706 5618 2880 5687 potius
2922 5637 3077 5692 quam
3112 5622 3452 5682 tltnrilicare?
3481 5628 3539 5683 Si

1951 5709 2147 5779 qumris
2197 5708 2341 5779 quod
2396 5708 2674 5782 debuerit,
2730 5723 2976 5772 neutrum
3029 5717 3232 5775 debuit.
3290 5721 3344 5777 Si
3394 5722 3536 5778 enim

1954 5848 2032 5969 ⁵0³
2159 5844 2375 5903 melioris
2397 5854 2523 5902 uotae
2547 5856 2653 5901 MSS.
2679 5859 2734 5902 Al
2760 5852 2892 5918 editi,
2914 5868 3024 5909 cum
3057 5854 3149 5909 ista
3174 5860 3372 5921 (acum;
3393 5857 3544 5911 omina

2013 5945 2029 5969 1
2149 5944 2162 5963 ⁸
2670 5946 2693 5969 I‘
2846 5967 2850 5969 Α

2013 5945 2029 5970 ι
2052 5944 2162 5963 "wn
2668 5946 2693 5976 ﬁ
