4070 6334
261 412 351 474 εκ
1663 401 1865 461 LIBER
1901 398 2103 460 UNUS.

259 526 513 583 creature
538 524 597 580 in
622 532 864 597 tempore
890 520 1149 596 quidquid
1168 518 1543 578 occultandam
1570 518 1784 574 videtur
1815 535 1829 571 :

259 617 462 675 mentiri
507 627 692 675 autem
737 628 1009 690 nunquam
1054 614 1212 682 licet;
1261 628 1388 687 ergo
1426 627 1524 671 nec
1570 614 1838 670 occultare

259 709 576 769 mentiendo.

319 800 547 858 CAPUT
586 799 682 857 X‘l.
709 822 785 843 ιι·-
811 799 899 857 18.
932 798 1203 855 laudarit:
1232 798 1381 852 etiam
1404 793 1711 851 removenda
1728 806 1843 865 quis

259 906 339 952 aut
372 896 521 950 alteri
548 895 757 961 obsunt,
789 904 879 949 ant
900 894 1001 963 ipsi
1028 891 1305 947 mentienti:
1338 888 1586 943 ﬂentiens
1624 898 1673 941 et
1703 902 1842 941 men-

261 992 353 1045 dax
379 988 645 1055 άὶπετιιηι.
688 988 802 1041 Hoc
832 987 1075 1055 primitus
1101 994 1155 1039 et
1184 982 1487 1038 firmiSsime
1514 980 1803 1034 constituto
1822 1020 1835 1042 ,

256 1083 314 1136 de
343 1080 559 1134 caneris
599 1079 893 1133 mendaciis
925 1077 1167 1132 securius
1206 1075 1480 1144 quatitur.
1515 1071 1619 1125 Sed
1649 1084 1837 1125 conse-

257 1185 475 1245 quenter
503 1175 664 1227 eriam
693 1172 977 1226 videndum
1021 1178 1133 1233 est,
1176 1166 1494 1223 removenda
1535 1179 1652 1219 esse
1682 1164 1840 1217 etiam

258 1267 428 1321 omnia
457 1265 737 1319 mendacia
783 1278 900 1334 qua:
944 1264 1173 1331 aliquem
1208 1260 1411 1315 laadunt
1452 1259 1646 1328 injuste
1675 1274 1687 1311 :
1719 1256 1840 1328 quia

258 1358 379 1413 nulli
410 1366 495 1412 est
534 1356 725 1426 injuria
752 1356 837 1409 vel
876 1356 1043 1408 levior
1070 1352 1344 1408 inferenda
1366 1394 1379 1413 .
1411 1359 1469 1405 ut
1495 1351 1563 1405 ab
1591 1349 1697 1403 alio
1719 1360 1842 1417 gra-

258 1451 363 1504 vior
390 1449 707 1519 repellatur.
740 1448 847 1503 Nec
895 1448 987 1501 illa
1014 1456 1137 1501 sunt
1175 1445 1498 1500 admittenda
1543 1442 1837 1505 mendacia,

260 1557 367 1612 qum
392 1541 642 1611 quamvis
672 1550 777 1595 non
822 1540 1001 1595 obsint
1026 1539 1199 1604 alteri,
1234 1538 1363 1591 nttlli
1391 1545 1567 1590 tamen
1595 1540 1837 1605 prcsnnt,

259 1643 306 1688 et
333 1632 534 1687 obsunt
572 1632 653 1686 eis
692 1632 821 1700 ipsis
849 1631 937 1701 qui
977 1630 1143 1700 gratis
1184 1630 1533 1683 mentiuntur.
1569 1626 1670 1695 Ipsi
1701 1625 1845 1680 enim

260 1725 471 1795 proprie
502 1723 790 1779 mendaces
829 1722 1038 1777 dicendi
1079 1728 1220 1775 sunt.
1264 1720 1489 1774 interest
1526 1719 1667 1772 enim
1706 1717 1846 1772 inter

262 1818 609 1872 mentientem
624 1826 786 1886 atque
812 1816 1142 1869 mendacem.
1162 1810 1297 1867 Nam
1312 1812 1573 1866 mentiens
1588 1820 1671 1865 est
1685 1809 1844 1864 etiam

263 1911 344 1981 qui
370 1912 631 1966 mentitur
659 1912 853 1967 invitus
884 1928 898 1966 :
932 1911 1159 1966 mendax
1189 1924 1315 1964 vero
1335 1916 1477 1962 amat
1505 1906 1740 1971 mentiri,
1770 1914 1848 1959 at-

264 2018 359 2072 que
388 2002 593 2057 habitat
628 2004 809 2058 animo
838 2003 889 2057 in
922 2003 1274 2058 delectatione
1314 1999 1659 2055 meutiendi‘.
1689 1997 1844 2053 Juxta

266 2094 488 2164 ponendi
519 2102 647 2149 sunt
672 2105 729 2149 et
768 2097 856 2165 qui
888 2094 954 2149 de
981 2093 1258 2148 mendacio
1296 2093 1477 2147 volunt
1509 2092 1719 2161 placere
1747 2088 1853 2143 lto-~

266 2190 520 2251 minibus,
550 2204 653 2244 non
685 2199 744 2244 ut
785 2190 939 2244 alicui
986 2188 1181 2243 faciant
1215 2187 1461 2257 injuriam
1503 2185 1585 2240 vel
1616 2183 1849 2239 inferant

264 2281 634 2335 contumeliam
657 2298 672 2345 ;
692 2281 801 2351 jam
824 2281 964 2336 enim
993 2294 1152 2352 supra
1180 2278 1281 2333 hoc
1307 2292 1473 2349 genus
1501 2275 1845 2339 removimus;

264 2374 353 2429 sed
378 2384 434 2428 ut
463 2388 652 2430 suaves
684 2374 793 2429 sint
824 2376 874 2429 in
901 2374 1238 2429 sermonibus
1260 2372 1392 2426 suis.
1420 2370 1509 2425 isti
1541 2369 1607 2423 ab
1631 2367 1724 2421 illo
1752 2378 1847 2435 ge-

266 2483 386 2523 nere
414 2469 465 2521 in
495 2483 601 2537 quo
640 2467 927 2523 mendaces
958 2467 1254 2537 posuimus,
1287 2464 1387 2519 hoc
1410 2461 1679 2525 diiYertmt,
1708 2459 1853 2530 quod

267 2560 376 2614 illos
407 2561 623 2614 mentiri
648 2559 897 2624 delectat,
924 2559 1219 2630 gaudentes
1246 2556 1312 2611 de
1332 2556 1443 2625 ipsa
1472 2554 1673 2609 fallacia
1702 2571 1711 2604 :
1738 2552 1859 2606 istis

265 2662 435 2706 autem
468 2653 678 2720 placere
711 2640 845 2707 libet
866 2651 931 2706 de
971 2651 1345 2720 suaviloquio,
1374 2648 1467 2718 qui
1501 2657 1675 2702 tamen
1709 2644 1852 2700 veris

267 2744 479 2797 mallent
514 2744 758 2813 placere;
789 2744 883 2799 sed
912 2744 1123 2813 quando
1150 2756 1253 2797 non
1286 2742 1436 2795 facile
1466 2742 1739 2794 inveniunt
1764 2750 1855 2792 ve-

264 2852 317 2892 ra
345 2855 466 2908 qua:
496 2849 647 2907 grata
672 2839 781 2893 sint
805 2837 1164 2905 audientibus,
1196 2836 1408 2891 mentiri
1448 2835 1649 2903 el’gunt
1679 2833 1852 2901 potius

267 2945 417 2997 quam
449 2940 651 2983 tacere.
698 2928 923 2984 Difﬁcile
948 2939 1029 2983 est
1056 2937 1231 2982 tamen
1263 2935 1321 2980 ut’
1354 2927 1439 2981 isti
1478 2934 1641 2979 totam
1672 2936 1855 2977 narra-

268 3022 462 3077 tionem
496 3022 684 3075 falsam
716 3021 1003 3091 aliquando
1046 3019 1368 3089 suscipiant;
1399 3017 1493 3074 sed
1540 3017 1859 3087 plerumque

264 3117 402 3169 veris
430 3116 559 3169 falsa
604 3122 912 3177 contexunt,
947 3113 1034 3168 ubi
1079 3114 1314 3167 suavitas
1341 3126 1433 3166 eos
1462 3110 1680 3165 deserit.
1729 3109 1855 3164 Hac

266 3218 437 3262 autem
465 3207 576 3261 duo
596 3222 792 3277 genera
818 3204 1211 3261 mendaciorum
1242 3221 1346 3258 non
1375 3204 1569 3257 obsunt
1588 3201 1855 3256 credenti-

270 3299 386 3363 bus,
409 3299 533 3365 quia
564 3298 695 3352 nihil
725 3298 791 3352 de
821 3298 1061 3353 doctrina
1091 3295 1361 3364 religionis
1387 3294 1728 3361 veritatisque
1759 3292 1856 3346 iul»

267 3389 465 3455 luntur,
495 3400 585 3445 aut
614 3391 685 3445 de
704 3390 811 3445 ullo
831 3389 1113 3445 commodo
1144 3389 1225 3443 vel
1256 3387 1478 3441 utilitate
1498 3400 1614 3440 sua.
1646 3382 1856 3440 Sufficit

268 3485 407 3541 enim
438 3485 518 3539 eis
548 3493 610 3538 ut
630 3483 868 3553 judicent
896 3482 1007 3538 ﬁeri
1042 3482 1277 3552 potuisse
1305 3479 1444 3550 quod
1467 3478 1677 3543 dicitur,
1710 3486 1763 3532 et
1790 3477 1853 3531 lli-

268 3575 383 3631 dem
415 3575 652 3630 habeant
677 3575 875 3629 homini
902 3590 1057 3644 quem
1083 3589 1187 3627 non
1219 3572 1417 3627 debent
1440 3578 1642 3625 temere
1667 3568 1863 3623 existi--

270 3684 412 3724 mare
444 3670 818 3724 mentientem.
841 3668 981 3737 Quid
1004 3669 1144 3723 enim
1173 3666 1345 3733 obest,
1368 3667 1413 3720 si
1433 3665 1617 3720 credat
1646 3674 1861 3735 putrem

272 3770 357 3814 aut
386 3776 546 3815 avum
579 3761 805 3830 alicujus
848 3760 1017 3815 virum
1046 3759 1249 3814 bonum
1274 3759 1467 3822 fuisse,
1510 3759 1718 3813 etiamsi
1752 3770 1863 3812 nou-

271 3852 365 3907 fuit
383 3872 398 3918 ;
421 3865 511 3907 aut
529 3870 698 3924 usque
719 3853 783 3907 ad
808 3853 1003 3908 Persas
1024 3851 1303 3907 militando
1322 3851 1645 3920 pervenisse,
1670 3849 1859 3904 ctiam-

270 3945 313 3999 si
342 3961 373 3999 a
405 3946 574 3999 Roma
603 3960 875 4014 nunquam
912 3943 1171 3999 recessit?
1200 3941 1333 4012 ipsis
1372 3950 1547 3996 autem
1589 3940 1856 3995 mentien-

271 4037 418 4091 tibus
451 4038 599 4092 valde
637 4039 875 4094 obsunt:
909 4037 1013 4091 illis
1048 4035 1289 4105 quidem,
1332 4034 1459 4104 quia
1500 4033 1577 4087 sic
1606 4033 1863 4087 deserunt

272 4127 578 4191 veritatem,
605 4138 663 4183 ut
691 4128 894 4183 fallacia
921 4128 1193 4193 laetentur;
1228 4125 1377 4192 istis,
1419 4124 1541 4195 quia
1564 4138 1624 4179 se
1654 4123 1863 4179 malunt

273 4219 505 4289 placere,
537 4235 697 4290 quam
728 4235 912 4275 verum
928 4221 971 4272 '.

340 4311 573 4369 CAPUT
610 4311 726 4368 XII.
762 4338 835 4354 —-
867 4313 954 4369 i9.
996 4310 1316 4366 Mendacium
1344 4310 1479 4380 quod
1500 4318 1548 4363 et
1572 4309 1703 4365 nulli
1725 4310 1865 4366 obest

274 4415 317 4459 et
336 4408 493 4461 alicui
522 4405 725 4477 prodest
743 4423 809 4460 an
837 4404 1197 4461 adhibendum.
1236 4405 1313 4459 An
1340 4403 1598 4458 mendacia
1628 4403 1863 4474 quedam

274 4498 508 4563 honesta,
540 4514 655 4569 qua:
682 4498 931 4553 nonnulli
955 4506 1162 4569 prosunt
1186 4505 1232 4550 et
1265 4497 1395 4550 milli
1420 4498 1617 4551 obsunt.
1654 4496 1861 4553 Μεγιιὶνὶ

273 4605 435 4643 annon
449 4606 648 4659 semper
662 4590 729 4643 sit
739 4589 921 4659 falsum
939 4588 1272 4642 testimonium
1300 4586 1482 4642 dicere.
1508 4587 1625 4642 istis
1653 4589 1861 4658 generi-

273 4682 367 4737 bus
395 4683 515 4737 sine
562 4682 669 4735 ulla
706 4676 1038 4735 dubitatione
1077 4678 1369 4740 damnatis,
1414 4682 1653 4749 sequitur
1694 4692 1862 4748 genus

274 4774 534 4830 mendacii
561 4782 813 4844 tanquam
841 4772 1097 4843 gradatim
1126 4770 1191 4826 ad
1227 4770 1449 4825 meliora
1488 4770 1859 4839 surgentibus,

272 4867 407 4935 quod
438 4866 719 4920 benevolis
747 4874 798 4918 et
830 4865 982 4918 bonis
1024 4864 1182 4934 vulgo
1225 4861 1384 4917 tribui
1423 4861 1587 4927 solet,
1621 4876 1741 4916 cum
1772 4861 1863 4919 ille

272 4959 357 5028 qui
385 4959 670 5025 mentitur,
704 4971 809 5011 non
838 4956 1010 5012 solum
1051 4956 1208 5011 alteri
1238 4970 1343 5009 non
1371 4954 1557 5021 obest,
1581 4953 1674 5008 sed
1702 4955 1861 5010 etiam

272 5052 491 5120 prodest
541 5050 722 5105 alicui.
776 5049 853 5105 De
900 5048 1003 5103 isto
1044 5062 1240 5119 genere
1282 5057 1362 5102 est
1405 5055 1511 5101 tota
1560 5048 1859 5115 contentio,

276 5153 524 5199 utrumne
558 5144 659 5198 sibi
686 5142 859 5209 obsit,
890 5142 979 5213 qui
1025 5141 1103 5196 sic
1134 5140 1345 5210 prodest
1376 5138 1565 5205 alteri,
1608 5146 1666 5193 ut
1709 5137 1864 5194 faciat

272 5245 453 5288 contra
482 5234 788 5288 veritatem.
827 5236 935 5287 Aut
960 5233 1003 5287 si
1030 5232 1228 5287 veritas
1256 5231 1342 5285 illa
1370 5231 1480 5284 sola
1509 5230 1729 5285 dicenda
1758 5236 1859 5298 est,

272 5340 388 5395 tntae
414 5328 559 5397 ipsas
584 5335 791 5381 mentes
816 5325 1004 5379 intimo
1026 5333 1183 5395 atque
1213 5323 1631 5378 incommutabili
1663 5323 1863 5378 lumine

272 5417 532 5485 illustrat;
567 5417 696 5473 facit
718 5426 864 5474 certe
906 5426 1093 5473 contra
1119 5416 1332 5487 aliquod
1365 5430 1573 5481 verum,
1607 5416 1728 5486 quia
1760 5417 1863 5471 etsi

273 5507 526 5565 falluntur
551 5510 793 5580 corporis
821 5523 1031 5576 sensus,
1058 5517 1238 5564 contra
1272 5524 1458 5564 verum
1488 5516 1665 5563 tamen
1697 5507 1860 5577 facit,

274 5603 363 5673 qui
390 5602 519 5661 dicit
548 5602 751 5675 aliquid
783 5603 851 5658 ita
882 5616 1030 5670 esse,
1073 5602 1155 5657 vel
1186 5614 1292 5657 non
1339 5602 1442 5670 ita,
1484 5600 1625 5673 quod
1669 5600 1718 5656 ei
1762 5615 1866 5657 nec

332 5758 357 5831 ξ
388 5758 735 5831 muti”?
753 5756 804 5807 ίη
824 5754 1079 5831 ἀίειίετίοπε

275 5816 494 5936 “:‘Solé
527 5821 683 5872 editio
715 5816 847 5882 non,
873 5816 1067 5883 placere
1102 5816 1394 5880 mea,
1420 5828 1565 5882 quam
1596 5827 1763 5867 verum
1784 5816 1863 5867 di-

1945 527 2100 570 mens
2137 524 2236 569 nec
2265 522 2452 570 senstts
2480 524 2580 570 nec
2617 512 2865 586 opinatio
2881 526 2985 571 sua
3006 516 3208 574 titiesve
3234 521 3525 575 renuntiat.

1948 608 2145 667 Utrum
2162 622 2290 680 ergo
2312 620 2416 664 non
2443 606 2547 664 sibi
2573 608 2736 677 obsit,
2765 608 2854 680 qui
2883 608 2993 665 lioc‘
3022 611 3184 667 modo
3212 612 3366 668 alteri
3405 629 3530 681 pro»

1946 701 2067 758 dest
2093 719 2109 768 ;
2137 710 2202 756 an
2232 698 2318 756 ilia
2348 702 2783 771 compensatione
2822 710 2925 757 non
2958 702 3099 757 obsit
3122 700 3247 767 sibi,
3274 718 3381 774 qua
3406 718 3535 773 pro-

1947 792 2067 848 dest
2094 793 2266 855 alteri,
2297 804 2482 865 magna
2513 794 2738 864 qurestio
2759 800 2862 850 est.
2891 793 2948 850 Si
2969 793 3040 849 ita
3066 800 3168 860 est,
3194 808 3499 866 consequen

1949 896 2031 943 ter
2056 889 2213 942 etiam
2261 888 2362 943 sibi
2409 887 2662 959 prodesse
2688 887 2847 945 debet
2887 900 2988 961 per
3014 887 3357 945 mendacium
3393 890 3531 958 quod

1948 981 2076 1035 nulli
2104 983 2272 1035 obest.
2297 978 2401 1036 Sed
2424 994 2485 1035 ea
2508 994 2745 1036 connexa
2771 990 2915 1048 sunt,
2938 987 2995 1036 et
3012 980 3129 1036 istis
3148 982 3417 1036 concessis
3438 996 3536 1035 ne-

1948 1074 2180 1129 cessario
2211 1073 2492 1129 trahuntur
2519 1089 2638 1145 quae
2682 1075 2905 1130 multum
2930 1075 3269 1132 conturbant.
3302 1072 3359 1130 Si
3392 1075 3532 1128 enim

1949 1174 2218 1237 qua‘ralur
2258 1165 2384 1236 quid
2410 1167 2549 1222 obsit
2577 1167 2775 1221 homini
2816 1167 2985 1239 cepiis
3025 1167 3306 1239 snperfiuis
3334 1165 3536 1222 redun-

1948 1259 2114 1321 dauti.
2145 1261 2188 1314 si
2214 1259 2281 1315 de
2317 1260 2609 1317 innumeris
2640 1261 2871 1317 millibus
2901 1260 3286 1318 frumentorum
3328 1262 3538 1316 amittat

1951 1366 2112 1406 unum
2141 1352 2397 1415 modium,
2424 1354 2512 1422 qui
2547 1363 2724 1409 tamen
2749 1355 2956 1410 modius
2994 1355 3167 1428 possit
3190 1354 3263 1410 ad'
3284 1370 3537 1411 necessa-

1950 1444 2086 1498 rium
2117 1444 2311 1498 victum
2350 1445 2607 1516 prodesse
2637 1444 2866 1512 furauti;
2897 1461 3230 1517 consequens
3261 1451 3367 1502 erit
3392 1456 3449 1502 ut
3484 1456 3539 1503 et

1951 1537 2147 1591 furtum
2178 1538 2292 1592 sine
2322 1538 2737 1608 reprehensione
2764 1539 2877 1595 ﬁeri
2911 1542 3099 1611 possit,
3132 1552 3185 1597 et
3212 1542 3405 1598 falsum
3459 1552 3539 1600 te-

1951 1629 2258 1684 stimonium
2285 1629 2400 1684 sine
2414 1640 2640 1699 peccato
2657 1631 2778 1687 dici.
2799 1632 2915 1701 Quo
2935 1634 3058 1704 quid
3082 1634 3185 1689 dici
3214 1642 3388 1705 potest
3412 1649 3537 1706 per-

1951 1721 2195 1777 versius?
2221 1724 2301 1776 An
2326 1736 2452 1777 vero
2479 1725 2520 1777 si
2544 1724 2677 1779 alius
2705 1723 2909 1779 furatus
2930 1736 3073 1781 esset
3104 1726 3250 1780 illum
3276 1726 3537 1793 modium,

1952 1823 2008 1871 et
2035 1822 2090 1869 tu
2114 1813 2325 1871 videres
2342 1857 2356 1880 ,
2400 1815 2859 1887 interrogatusque
2884 1832 3032 1872 esses
3054 1858 3070 1883 ,
3109 1819 3410 1873 mentireris
3439 1819 3539 1874 ho-

1952 1916 2104 1963 neste
2130 1924 2224 1978 pro
2255 1924 2506 1978 paupere,
2537 1918 2592 1963 et
2629 1911 2679 1963 si
2701 1909 2751 1963 id
2782 1925 2879 1980 pro
2907 1919 2993 1964 tua
3020 1920 3328 1980 paupertate
3355 1911 3537 1977 facias,

1954 1998 2292 2067 Culpaberis?
2316 2000 2467 2069 quasi
2498 2001 2722 2070 amplius
2749 2003 2908 2055 alium
2938 2017 3093 2072 quam
3127 2010 3179 2057 te
3209 2003 3428 2075 diligere
3456 2004 3542 2061 d'e-

1953 2092 2101 2147 beas.
2122 2091 2417 2162 Utrumque
2439 2109 2565 2163 ergo
2595 2104 2746 2163 turpe
2767 2104 2925 2164 atque
2952 2095 3223 2149 vitandum
3256 2105 3357 2151 est.

2025 2184 2115 2239 20.
2157 2183 2263 2241 Sed
2295 2183 2534 2239 fortassis
2558 2187 2926 2255 exceptionem
2964 2185 3260 2241 addendam
3301 2186 3419 2257 quis
3445 2202 3548 2258 pu-

1957 2284 2051 2342 tet,
2081 2284 2137 2330 ut
2161 2277 2266 2330 sint
2292 2276 2535 2347 quaedam
2565 2278 2790 2332 honesta
2823 2278 3120 2341 mendacia,
3164 2294 3282 2347 qum
3318 2296 3423 2334 non
3458 2295 3546 2336 so-

1956 2370 2075 2424 lum
2103 2368 2235 2424 nulli
2265 2369 2482 2437 obsunt,
2514 2369 2607 2424 sed
2634 2371 2791 2424 etiam
2824 2370 3064 2424 nonnulli
3106 2378 3348 2439 prosunt,
3383 2387 3546 2427 cxce-

1957 2464 2061 2533 ptis
2091 2461 2175 2518 his
2219 2462 2409 2532 quibus
2437 2462 2658 2517 crimina
2694 2462 3031 2518 occultantur
3059 2473 3113 2518 et
3140 2462 3499 2519 defenduntur
3529 2483 3544 2521 :

1958 2565 2011 2609 ut
2036 2555 2156 2610 idco
2182 2556 2249 2609 sit
2274 2554 2407 2610 illud
2430 2565 2582 2626 turpe
2608 2556 2965 2623 mendacium,
2988 2556 3126 2627 quod
3150 2556 3391 2626 quamvis
3415 2557 3549 2611 nulli

1957 2647 2116 2712 obsit,
2137 2654 2189 2701 et
2214 2647 2381 2715 prosit
2404 2646 2643 2717 pauperi,
2672 2646 2870 2702 furtum
2893 2657 3069 2703 tamen
3092 2650 3353 2714 occultat;
3384 2650 3425 2703 si
3451 2664 3545 2704 au-

1960 2748 2064 2796 tem
2092 2739 2169 2794 ita
2193 2739 2323 2794 nulli
2343 2740 2558 2796 obesset
2581 2749 2633 2795 ct
2656 2740 2933 2812 prodesset
2956 2742 3134 2803 alicui,
3163 2751 3219 2797 ut
3244 2743 3401 2798 etiam
3426 2743 3547 2797 uul-

1958 2832 2067 2887 lum
2117 2842 2392 2903 peccatum
2443 2833 2735 2905 occultaret
2782 2843 2940 2904 atque
2989 2832 3333 2898 defenderet,
3392 2841 3548 2904 turpe

1958 2940 2066 2981 non
2095 2936 2259 2982 esset.
2294 2925 2448 2982 Velut
2494 2927 2536 2982 si
2578 2926 2840 2999 quispiam
2882 2929 3163 2999 pecuniam
3205 2943 3353 2983 suam
3392 2937 3443 2983 te
3472 2928 3551 2983 vi-

1957 3018 2119 3074 dente
2145 3018 2526 3087 abseonderet,
2557 3036 2624 3075 ne
2650 3036 2747 3092 per
2774 3021 2970 3076 furtum
3003 3030 3097 3077 aut
3121 3021 3227 3076 vim
3256 3022 3543 3089 amitteret,

1960 3118 2119 3179 atque
2158 3109 2284 3167 inde
2331 3111 2685 3182 interrogatus
2727 3113 3059 3179 mentircris;
3111 3128 3282 3182 neque
3327 3114 3550 3169 obesses

1959 3202 2204 3272 cuiquam
2230 3245 2246 3271 ,
2278 3211 2332 3258 et
2359 3202 2408 3259 ei
2448 3203 2732 3274 prodesscs
2760 3205 2843 3259 cui
2888 3220 3021 3274 opus
3061 3214 3175 3260 erat
3206 3205 3333 3260 illud
3369 3205 3550 3262 occul-

1960 3301 2071 3347 tum
2093 3294 2108 3324 '
2131 3336 2146 3360 ,
2176 3303 2229 3348 ct
2259 3294 2457 3349 nullum
2494 3305 2768 3366 peccatum
2796 3297 3105 3353 mentiendo
3138 3298 3380 3352 texisses.
3429 3295 3548 3354 Non

1960 3386 2100 3441 enim
2129 3388 2411 3458 quisquam
2439 3398 2625 3457 peccat
2655 3390 3034 3445 abscondendo
3057 3408 3167 3446 rem
3198 3408 3370 3457 suam,
3388 3408 3548 3463 quam

1962 3478 2113 3533 timet
2138 3480 2408 3534 amittere.
2432 3477 2536 3534 Sed
2565 3481 2609 3536 si
2639 3490 2914 3551 prepterea
2954 3497 3057 3536 non
3088 3498 3371 3552 peccamus
3402 3499 3553 3538 men-

1961 3569 2163 3635 tiendo,
2191 3570 2309 3640 quia
2338 3570 2537 3626 nullius
2562 3581 2834 3641 peccatum
2868 3582 3128 3645 tegentes,
3151 3583 3204 3629 et
3235 3576 3362 3630 nulli
3391 3574 3554 3631 obsu-

1960 3672 2097 3725 mus,
2135 3669 2187 3714 et
2211 3660 2364 3715 alicui
2388 3670 2690 3732 prosumus,
2712 3664 2847 3733 quid
2867 3666 3072 3736 agimus
3098 3666 3165 3721 de
3191 3666 3305 3737 ipso
3335 3677 3553 3743 peccatu

1962 3753 2267 3809 mendacii?
2297 3752 2395 3811 Ubi
2424 3757 2564 3811 enim
2607 3758 2835 3827 positum
2865 3766 2966 3824 est,
3004 3758 3085 3813 Ne
3114 3764 3303 3832 furtum
3335 3762 3555 3832 feceris;

1963 3846 2033 3901 ibi
2061 3847 2423 3916 positumest,
2458 3846 2553 3902 Ne
2575 3851 2760 3921 [atatim
2792 3852 3109 3905 testimonum
3135 3852 3320 3906 dixeris
3346 3851 3553 3923 (Exod.
3614 3910 3619 3913 _

1962 3953 2057 4005 xx,
2093 3939 2182 4001 i5,
2215 3937 2328 4008 νϐ).
2354 3937 2492 3994 Cum
2518 3955 2647 4010 ergo
2676 3940 2878 4007 singula
2908 3941 3312 4011 prohibeantur,
3334 3959 3429 3999 cur
3456 3945 3559 4001 fal-

1963 4044 2080 4085 sum
2106 4030 2466 4085 testimonium
2495 4040 2618 4087 tunc
2651 4044 2734 4088 cst
2762 4035 3046 4105 culpabile,
3079 4037 3122 4091 si
3154 4036 3350 4093 furtum
3375 4048 3553 4110 tegat,

1964 4123 2047 4177 vel
2069 4122 2289 4193 aliquod
2302 4123 2446 4180 aliud
2475 4137 2779 4194 peccatum;
2811 4128 2853 4181 si
2880 4137 3057 4183 autem
3081 4130 3219 4184 nulla
3244 4132 3558 4190 defensione

1964 4215 2170 4285 peccati
2220 4228 2316 4286 per
2358 4231 2417 4271 se
2463 4217 2635 4287 ipsum
2688 4220 2806 4285 iiat,
2841 4235 2947 4275 non
2978 4231 3061 4276 est
3086 4223 3385 4292 eulpabiio,
3434 4241 3558 4280 cum

1964 4305 2138 4376 ipsum
2168 4305 2363 4361 furtum
2392 4321 2489 4378 per
2516 4324 2575 4365 sc
2604 4308 2864 4380 culpabile
2888 4312 2975 4376 sit,
3007 4321 3061 4367 et
3080 4324 3271 4369 caetera
3304 4318 3560 4385 peccata?

1966 4398 2048 4452 An
2075 4398 2344 4454 occultare
2369 4408 2643 4469 peccatum
2662 4401 2693 4432 "
2710 4416 2818 4456 non
2845 4402 2987 4467 licet,
3020 4403 3196 4460 facere
3222 4406 3381 4461 licet?

2034 4489 2126 4545 2i.
2155 4489 2306 4559 Quod
2330 4490 2375 4544 si
2401 4490 2690 4545 absurdum
2721 4501 2839 4559 est,
2876 4494 3000 4564 quid
3030 4494 3305 4551 dicemus?
3344 4500 3425 4553 An
3456 4498 3559 4555 fal-

1968 4588 2085 4637 sum
2116 4582 2480 4637 testimonium
2506 4598 2610 4637 non
2637 4592 2753 4652 est,
2782 4585 2884 4640 nisi
2912 4600 3033 4641 cum
3059 4590 3283 4659 quisque
3314 4592 3382 4646 ita
3410 4608 3561 4647 men—

1971 4674 2129 4739 titur,
2178 4684 2235 4728 ut
2278 4683 2369 4728 aut
2407 4675 2612 4730 crimen
2654 4676 2926 4749 conlingat
2961 4678 3013 4733 iu
3048 4679 3311 4752 aliquem,
3351 4692 3441 4738 aut
3465 4685 3561 4739 ali-

1969 4767 2120 4839 cujus
2160 4767 2363 4824 crimcn
2396 4770 2628 4825 occultet
2647 4812 2662 4836 ,
2693 4780 2785 4825 aut
2813 4784 3028 4845 quoquo
3056 4775 3216 4829 modo
3241 4792 3560 4847 quemquam

1970 4858 2253 4930 injudicio
2278 4862 2526 4933 premat?
2573 4862 2797 4921 Videtur
2824 4867 2967 4921 enim
2997 4868 3151 4922 testis
3176 4869 3339 4939 judici
3368 4885 3560 4924 neces-

1971 4954 2146 5007 sarius
2172 4953 2238 5008 ad
2260 4966 2436 5011 causae
2462 4955 2845 5025 cegnitionem.
2873 4957 2977 5013 Sed
3012 4959 3055 5013 si
3084 4957 3341 5014 hactenus
3368 4968 3561 5015 testem

1971 5046 2244 5119 Scriptura
2271 5050 2609 5117 nominaret,
2642 5064 2749 5106 non
2776 5051 2981 5107 diceret
3005 5052 3292 5121 Apostolus
3314 5093 3331 5119 ,
3354 5051 3561 5107 Inmi-

1971 5156 2086 5194 mur
2106 5150 2151 5195 et
2184 5141 2303 5213 falsi
2341 5150 2483 5197 testes
2508 5141 2623 5209 Dei,
2648 5143 2694 5197 si
2721 5144 3057 5198 testimonium
3082 5142 3301 5198 diximus
3320 5142 3562 5202 adversus

1971 5233 2169 5300 Deum,
2215 5234 2335 5302 quia
2370 5236 2655 5289 excitaverit
2690 5233 2975 5302 Christum,
3017 5250 3162 5304 quem
3200 5252 3300 5290 non
3329 5237 3562 5294 excitauit

1974 5327 2017 5397 (l
2039 5325 2156 5382 Cor.
2190 5344 2279 5394 xv,
2316 5328 2427 5398 15).
2457 5327 2531 5383 lla
2550 5329 2692 5384 enim
2720 5329 2952 5384 ostendit
2980 5326 3169 5383 falsum
3197 5328 3560 5391 testimonium

1971 5433 2092 5475 esse
2127 5419 2467 5476 mendacium
2489 5463 2503 5487 ,
2547 5420 2756 5477 etiamsi
2799 5421 2849 5474 in
2881 5420 3191 5493 cujusquam
3237 5423 3368 5481 falsa
3404 5426 3564 5484 laude

1972 5512 2197 5568 dicatur.

2044 5604 2270 5663 CAPUT
2308 5606 2447 5662 Xlll.
2492 5638 2562 5647 —
2612 5606 2690 5661 Αη
2727 5608 3066 5664 mentiendum
3106 5628 3167 5665 ne
3204 5612 3449 5684 prodatur
3486 5614 3564 5668 vel

1973 5700 2263 5767 homicida,
2307 5701 2382 5753 rel
2420 5700 2657 5753 innocens
2696 5702 2937 5771 quaesitus
2976 5701 3044 5757 ad
3079 5715 3306 5761 mortem.
3354 5705 3560 5763 Firmus

2038 5816 2055 5846 ι
2089 5816 2285 5873 Quidam
2310 5821 2436 5875 Mss,
2455 5815 2703 5867 ocatltari.

2042 5878 2073 5911 I
2092 5878 2176 5911 I-Iln
2196 5877 2310 5911 mihi
2338 5883 2383 5911 Μ
2405 5878 2598 5911 maidam
2617 5886 2702 5911 nec

2091 5878 2176 5928 Hic
2196 5877 2314 5928 editi
2338 5883 2389 5928 et
2405 5878 2600 5942 quidam
2616 5886 2723 5933 MSS.
2750 5880 2949 5948 addunt,
2972 5885 3260 5937 mundo.
