4070 6334
397 379 503 437 503

401 582 665 651 quantum
690 577 871 649 prodat
909 574 1168 629 tormentis
1198 570 1337 643 adigi
1366 578 1548 642 potest.
1596 568 1733 635 Quid
1770 583 1984 636 respon-

396 678 508 729 deat
547 676 885 742 interrogatus
923 676 969 723 et
1003 667 1164 723 sciens
1206 666 1290 720 ubi
1318 666 1381 719 sit
1417 664 1505 718 ille
1535 662 1620 732 qui
1662 661 1729 714 ad
1777 669 1990 714 mortem
2030 706 2033 707 ν

395 764 657 835 quam'tttr.
706 763 788 816 An
818 758 956 816 forte
980 769 1104 814 tunc
1132 756 1262 812 dicit
1293 754 1483 810 falsum
1511 750 1871 809 testimonium
1901 752 1989 819 qui

399 856 689 921 mentitur,
735 868 858 910 cum
888 861 979 908 aut
1018 858 1293 923 peccatum
1333 847 1559 917 alicujus
1599 845 1685 901 vel
1724 844 1876 915 ﬁngit
1905 843 1990 896 vel

400 950 561 1020 tegit,
610 954 705 1003 aut
743 946 900 1002 alicui
930 944 1084 1000 obest
1111 956 1323 1014 quoquo
1360 939 1559 995 modo?
1586 938 1642 994 Si
1668 939 1809 993 enim
1837 951 1987 991 men-

400 1040 610 1096 dacium
641 1039 784 1111 quod
822 1038 1077 1093 adversus
1101 1035 1261 1089 vitam
1304 1034 1617 1104 cujusquam
1645 1030 1989 1100 temporalem

397 1132 595 1187 dicitur
626 1130 944 1187 detestabile
978 1136 1099 1193 est;
1146 1133 1343 1196 quanto
1374 1124 1540 1194 magis
1561 1121 1703 1192 quod
1733 1120 1990 1175 adversus

400 1222 562 1278 vitam
604 1220 902 1277 aeternam?
950 1218 1105 1274 sicuti
1141 1226 1223 1271 est
1247 1230 1405 1270 omne
1451 1212 1819 1277 mendacium,
1862 1212 1906 1265 si
1938 1211 1990 1265 in

400 1315 641 1371 doctrina
672 1313 946 1385 religionis
984 1312 1094 1367 tiat.
1140 1312 1204 1366 Et
1241 1310 1362 1365 ideo
1388 1308 1577 1363 falsum
1628 1306 1989 1362 testimonium

400 1414 555 1461 vocat
592 1405 913 1475 Apostolus,
957 1403 1002 1457 si
1034 1403 1150 1472 quis
1174 1401 1241 1456 de
1270 1400 1483 1456 Christo
1506 1442 1520 1467 ,
1559 1400 1717 1454 etiam
1746 1397 1890 1467 quod
1923 1396 1990 1451 ad

403 1502 521 1568 ejus
543 1496 755 1553 laudem
787 1496 994 1551 videtur
1020 1495 1290 1567 pertinere
1318 1534 1331 1557 ,
1361 1493 1667 1548 mentiatur.
1712 1490 1767 1546 Si
1813 1499 1991 1544 autem

404 1589 741 1647 mendacium
797 1589 903 1653 sit,
953 1588 1092 1658 quod
1140 1601 1314 1657 neque
1357 1585 1666 1663 cujusquam
1714 1594 1990 1653 peccatum

404 1691 496 1735 aut
520 1682 786 1752 conlingat
805 1691 895 1735 aut
918 1689 1080 1749 tegat,
1111 1696 1207 1734 nec
1231 1686 1261 1733 ει
1288 1677 1458 1748 iudice
1474 1686 1766 1749 quaeratur,
1791 1686 1845 1732 et
1863 1677 1992 1732 nulli

405 1771 548 1827 obsit
573 1781 626 1828 et
652 1772 821 1843 prosit
850 1772 1007 1826 alicui
1034 1787 1048 1836 ;
1100 1786 1196 1827 nec
1223 1769 1415 1825 falsum
1460 1769 1823 1827 testimonium
1851 1784 1992 1837 esse,

408 1879 507 1920 nec
535 1866 956 1936 reprehensibile
984 1865 1365 1921 mendacium?

478 1959 568 2014 22.
599 1959 735 2028 Quid
778 1975 937 2031 ergo,
980 1960 1025 2014 si
1070 1959 1138 2013 ad
1184 1958 1532 2013 christianum
1572 1957 1840 2013 homicida
1867 1972 1996 2013 con-

406 2051 592 2122 fugiat,
624 2060 715 2105 aut
744 2051 924 2106 videat
965 2066 1071 2121 quo
1097 2049 1371 2120 confugit;
1423 2058 1478 2105 et
1502 2049 1570 2105 de
1596 2049 1698 2105 hac
1743 2064 1802 2105 re
1829 2050 1997 2104 inter-

406 2150 623 2212 rogetur
651 2142 718 2196 ab
738 2157 802 2197 eo
822 2142 911 2212 qui
937 2142 1004 2196 ad
1033 2141 1353 2211 supplicium
1378 2142 1567 2212 qumrit
1593 2140 1862 2196 hominem
1894 2142 1997 2198 ho-

409 2235 566 2287 minis
581 2233 1011 2290 intcrft-ctorem?
1035 2232 1396 2289 mentiendum
1416 2232 1536 2288 est?
1558 2233 1837 2301 Quomodo
1856 2234 1999 2289 enim

409 2341 514 2379 non
567 2325 695 2401 tegit
743 2335 1017 2395 peccatqu
1066 2326 1404 2391 mentiendo,
1454 2342 1577 2382 cum
1622 2326 1711 2382 ille
1752 2342 1849 2397 pro
1893 2340 1999 2396 quo

412 2420 667 2474 mentitur
692 2461 707 2486 ,
758 2428 1033 2490 peccatum
1061 2420 1384 2475 sceleratum
1410 2418 1725 2475 admiserit?
1764 2420 1847 2475 An
1874 2420 1999 2491 quia

412 2527 517 2566 non
537 2512 605 2567 de
633 2521 854 2583 peccato
882 2512 999 2584 ejus
1022 2513 1379 2583 interrogatur
1400 2554 1414 2579 ,
1443 2512 1537 2568 sed
1563 2512 1630 2568 de
1661 2512 1778 2568 loco
1798 2512 1889 2567 ubi
1921 2513 2000 2567 la-

412 2605 562 2661 teat?
604 2606 746 2677 Etgo
775 2607 990 2662 mentiri
1020 2606 1087 2662 ad
1132 2606 1413 2678 tegendum
1464 2606 1779 2677 cujusquam
1808 2620 2000 2677 pecca-

415 2706 524 2751 tum
550 2739 566 2765 ,
615 2698 812 2755 malum
841 2705 963 2764 est;
1007 2698 1220 2754 mentiri
1248 2707 1427 2753 autem
1454 2696 1521 2753 ad
1553 2696 1833 2767 tegendum
1871 2712 2001 2768 pec-

410 2799 646 2844 catorem
674 2830 690 2854 ,
740 2805 844 2845 non
873 2798 957 2847 est
987 2790 1227 2846 malum?
1269 2791 1343 2845 Ita
1381 2805 1512 2847 sane
1536 2832 1551 2857 ,
1590 2790 1668 2845 ait
1694 2791 1956 2862 quispiam
1983 2809 1998 2846 :

413 2896 521 2937 non
551 2882 692 2937 enim
730 2890 854 2937 tunc
883 2892 1070 2953 peccat
1097 2884 1377 2953 quisquam
1401 2924 1417 2950 ,
1461 2897 1581 2937 cum
1608 2883 1770 2938 evitat
1796 2883 2000 2953 suppli-
2028 2926 2031 2935 ,

412 2975 588 3039 cium;
627 2974 720 3029 sed
745 2991 867 3031 cum
897 2976 1024 3032 facit
1053 2976 1252 3046 aliquid
1293 2976 1512 3047 dignum
1541 2976 1823 3048 supplicio.
1868 2977 2002 3033 Per-

414 3068 549 3122 tinet
584 3076 768 3123 autem
798 3068 864 3123 ad
894 3068 1229 3138 disciplinam
1260 3069 1628 3135 christianum,
1657 3078 1715 3124 ut
1743 3085 1916 3141 neque
1936 3069 2005 3127 de

412 3158 723 3230 cujusquam
766 3160 1098 3216 correCtione
1144 3160 1457 3230 desperetur
1479 3202 1494 3227 ,
1542 3176 1719 3232 neque
1758 3161 2003 3232 cuiquam

414 3252 706 3321 pmnitendi
731 3251 904 3308 aditus
945 3251 1349 3307 intercludatur.
1396 3252 1568 3320 Quid,
1601 3254 1645 3308 si
1673 3253 1738 3308 ad
1769 3253 2003 3324 judicem

414 3344 605 3399 ductus
646 3344 714 3399 de
744 3345 858 3414 ipso
888 3346 1004 3401 loco
1033 3345 1120 3399 ubi
1145 3358 1203 3399 se
1240 3344 1328 3399 ille
1354 3344 1584 3400 occultet
1624 3344 2005 3417 interrogeris?

414 3436 653 3494 dicturus
684 3454 763 3504 es,
794 3447 907 3504 aut,
938 3437 1051 3494 Non
1082 3437 1154 3493 ibi
1183 3445 1286 3503 est,
1311 3438 1400 3492 ubi
1430 3452 1553 3493 eum
1581 3438 1685 3494 scis
1707 3452 1861 3503 esse;
1893 3447 2002 3505 aut,

421 3546 527 3584 non
557 3531 676 3584 novi
705 3540 758 3586 et
778 3546 884 3585 non
911 3530 1039 3596 vidi,
1072 3530 1214 3599 quod
1254 3530 1394 3584 nosti
1425 3539 1478 3584 et
1502 3529 1723 3584 vidisti?
1760 3531 2006 3586 Dicturus

414 3638 540 3692 ergo
581 3637 639 3678 es
679 3622 869 3676 falsum
912 3622 1313 3687 testimonium,
1364 3631 1419 3677 et
1459 3623 1735 3677 occisurus
1774 3623 2006 3678 animam

417 3724 558 3768 tuam
584 3754 598 3778 ,
629 3730 696 3768 ne
721 3713 991 3769 occidatur
1023 3713 1333 3768 homicida?
1379 3716 1460 3767 An
1484 3729 1651 3783 usque
1678 3713 1744 3767 ad
1776 3728 2004 3785 conspe-

416 3814 559 3859 ctum
588 3805 779 3874 judicis
808 3806 1081 3862 mentieris
1106 3849 1121 3873 ,
1162 3807 1341 3874 judice
1382 3815 1558 3862 autem
1597 3818 1872 3878 quaerente
1892 3810 2004 3879 jam

418 3912 600 3952 verum
633 3897 812 3965 dices,
856 3914 925 3954 ne
964 3899 1039 3954 sis
1070 3898 1232 3955 falsus
1263 3900 1450 3954 testis?
1496 3900 1613 3970 Ipse
1640 3900 1800 3972 igitur
1829 3902 2005 3957 homi-

417 4006 538 4046 nem
555 3991 860 4062 proditione
881 3993 1155 4048 occisurus
1176 4008 1254 4048 cs.
1282 3993 1452 4048 Etiam
1468 3993 1792 4064 proditorem
1810 3996 2006 4067 quippe

416 4081 592 4135 divina
638 4082 911 4151 Scriptura
957 4082 1268 4137 detestatur.
1300 4084 1385 4137 An
1426 4086 1562 4139 forte
1610 4086 1850 4154 proditor
1898 4101 2003 4142 non

416 4180 531 4237 est,
564 4172 651 4242 qui
687 4171 853 4242 judici
900 4174 1244 4243 interroganti
1270 4189 1456 4228 verum
1488 4174 1687 4230 indicat
1709 4191 1723 4241 ;
1747 4186 1890 4232 esset
1914 4192 2007 4232 au-

417 4272 523 4319 tem
554 4263 796 4333 proditor
818 4307 831 4329 ,
884 4264 927 4319 si
972 4280 1289 4336 quemquam
1316 4266 1383 4321 ad
1409 4265 1627 4321 exitium
1657 4267 1799 4322 ultro
1824 4268 2004 4323 defer-

418 4355 539 4409 ret?
585 4355 752 4431 Quid,
804 4356 850 4410 si
886 4356 954 4411 de
990 4356 1136 4427 justo
1177 4364 1337 4428 atque
1383 4358 1668 4414 innocente
1714 4359 1802 4414 ubi
1850 4360 2008 4414 lateat

418 4444 596 4500 sciens
626 4462 654 4499 a
679 4445 860 4515 judice
889 4446 1234 4517 interrogeris
1256 4487 1270 4514 ,
1300 4448 1388 4518 qui
1419 4455 1598 4504 tamen
1623 4448 1690 4503 ad
1717 4457 1944 4504 mortem
1973 4464 2005 4503 a

418 4538 619 4608 majore
666 4548 926 4608 potestate
964 4540 1144 4610 jussus
1172 4549 1255 4597 est
1285 4540 1436 4611 rapi,
1485 4549 1546 4595 ut
1590 4542 1679 4597 ille
1722 4543 1814 4613 qui
1845 4542 2007 4599 inter-

419 4638 570 4700 rogat
592 4640 874 4686 exsecutor
899 4631 969 4686 sit
998 4631 1157 4700 legis,
1205 4646 1314 4686 non
1342 4631 1629 4687 conditor?
1654 4648 1721 4688 an
1753 4633 1873 4690 ideo
1901 4649 2005 4690 non

416 4720 520 4775 erit
537 4721 721 4775 falsum
743 4722 1106 4777 testimonium
1127 4722 1266 4792 quod
1292 4738 1389 4793 pro
1411 4725 1694 4780 innocente
1710 4727 2004 4793 mentieris,

417 4813 539 4882 quia
569 4829 669 4869 nec
700 4813 790 4869 ille
811 4814 974 4884 judcx
1003 4856 1017 4882 ,
1047 4815 1141 4870 sed
1169 4826 1451 4872 exsecutor
1478 4818 1805 4889 interrogat?
1844 4819 2003 4887 Quid,

415 4906 458 4958 si
493 4906 605 4976 ipse
634 4906 877 4962 conditor
917 4907 1048 4977 legis
1097 4907 1423 4980 interroget,
1468 4919 1561 4965 aut
1596 4911 1818 4981 quilibet
1841 4912 2004 4982 judex

416 4996 629 5067 inijuus
677 4997 742 5050 ad
789 4997 1107 5068 supplicium
1150 5015 1397 5068 quierens
1441 5001 1822 5057 innocentem?
1879 5003 2031 5073 quid,

414 5084 621 5142 facies?
664 5087 830 5143 falsus
869 5089 1017 5144 testis
1044 5128 1058 5153 ,
1102 5105 1169 5143 an
1214 5090 1453 5159 proditor
1482 5093 1631 5145 eris?
1678 5094 1759 5146 An
1788 5092 1875 5147 ille
1904 5094 2007 5149 erit

415 5179 689 5248 proditor,
741 5181 829 5251 qui
855 5179 1003 5261 justo
1039 5179 1205 5250 judici
1233 5181 1483 5235 latentem
1515 5182 1835 5238 homicidam
1865 5184 2005 5239 ultro

413 5272 706 5337 detulerit;
756 5282 811 5328 et
841 5273 928 5327 illc
972 5288 1079 5328 non
1107 5273 1229 5337 crit,
1276 5274 1364 5343 qui
1392 5274 1557 5342 judici
1584 5275 1780 5345 injusto
1809 5276 1895 5330 ubi
1924 5278 2004 5331 la-

415 5372 524 5419 teat
571 5368 827 5422 innocens
873 5382 1028 5435 quem
1078 5367 1268 5437 quzerit
1322 5367 1604 5431 occidere,
1656 5368 2006 5440 interroganti

417 5457 734 5511 indicaverit
782 5473 903 5510 cum
952 5458 1040 5527 qui
1091 5474 1149 5513 se
1194 5457 1317 5513 fidei
1345 5458 1465 5529 ejus
1496 5459 1878 5515 commiserat?
1923 5461 2006 5516 An

419 5550 560 5603 inter
586 5549 786 5604 crimen
817 5548 933 5601 falsi
962 5550 1253 5605 testimonii
1280 5561 1331 5605 et
1360 5551 1677 5621 proditionis
1700 5550 1893 5607 dubius
1919 5553 2006 5607 in-

416 5647 699 5709 certusque
724 5640 1066 5695 remanebis?
1109 5645 1189 5696 An
1221 5644 1444 5699 tacendo
1467 5685 1482 5711 ,
1512 5645 1594 5699 vel
1631 5646 1933 5716 profitendo
1956 5658 2007 5703 te

417 5749 522 5787 mm
573 5748 691 5789 esse
731 5734 995 5788 dicturum
1022 5777 1036 5801 ,
1085 5745 1264 5791 certus
1306 5747 1587 5811 utrumque
1626 5740 1853 5797 vitabis?
1901 5743 2006 5797 Cur

416 5841 545 5901 ergo
569 5842 674 5883 non
702 5826 801 5909 hoc
846 5825 1036 5903 facias,
1083 5828 1388 5907 priusquam
1425 5832 1491 5901 ad
1530 5831 1766 5905 judicent
1798 5837 2001 5908 venias,

1555 359 1642 418 DE
1683 355 2054 426 MENDACIO,
2081 356 2138 411 S.
2181 357 2549 416 AUGUSTINI

396 490 660 557 episcopus
681 480 1052 556 Thagastemis,
1078 493 1169 534 nee
1193 477 1296 532 vult
1311 473 1530 542 mentiri,
1552 491 1641 528 nec
1666 482 1717 527 ut
1736 473 1986 526 hominem
2028 522 2031 527 .

3575 363 3689 423 εοι

2099 481 2158 527 ιιι
2180 487 2368 529 caveas
2387 475 2546 530 etiam
2564 472 2941 549 mendacium?
2966 473 3178 531 Evitato
3206 454 3351 549 enﬁit
3373 476 3683 549 mendacio,

2097 580 2255 619 omne
2283 566 2640 621 testimonium
2669 566 2857 622 falsum
2883 567 3136 639 effugies;
3181 569 3294 625 sive
3326 584 3487 627 omne
3528 587 3690 629 men-

2099 656 2305 713 dacium
2331 660 2398 714 sit
2423 659 2613 715 falsum
2641 661 3023 729 testimonium,
3056 663 3170 718 sive
3196 678 3302 718 non
3330 679 3490 720 omne
3522 683 3536 719 :
3567 669 3684 721 evi-

2102 762 2208 806 tato
2255 761 2433 807 autem
2478 752 2612 809 falso
2654 755 2959 810 testimonio
2993 756 3133 825 quod
3172 766 3227 812 tu
3250 770 3373 812 esse
3412 758 3685 828 intelligis,

2101 861 2207 903 non
2236 846 2457 917 ell'ugics
2486 863 2645 904 omne
2685 848 3042 905 mendacium.
3073 849 3286 918 Quanto
3317 866 3445 923 ergo
3470 852 3691 920 fortius,

2099 948 2296 1009 quanto
2324 942 2669 998 excellentius
2693 943 2838 998 dices
2867 961 2880 997 :
2908 943 3015 999 Nec
3032 944 3272 1014 prodam,
3296 960 3395 1000 nec
3419 948 3693 1001 mentiar?

2169 1031 2258 1087 25.
2314 1033 2462 1088 Fecit
2511 1034 2611 1090 hoc
2636 1036 2918 1106 episcopus
2944 1036 3211 1106 quondam
3264 1036 3643 1108 Thagastensis
3670 1039 3689 1070 ⁸

2102 1124 2386 1190 Ecclesiae,
2424 1125 2633 1181 Firmus
2686 1128 2927 1192 nomine,
2970 1129 3172 1183 firmior
3222 1128 3517 1184 voluntate.
3546 1128 3684 1184 Nam

2101 1230 2221 1270 cum
2249 1214 2315 1269 ab
2344 1230 2409 1270 eo
2449 1225 2780 1286 quinreretur
2828 1216 2988 1271 homo
3018 1217 3170 1288 jussu
3211 1218 3552 1287 Imperatoris
3592 1234 3693 1289 per

2101 1310 2436 1379 apparitores
2461 1309 2528 1364 ab
2566 1326 2630 1365 eo
2656 1311 2849 1366 missos
2869 1352 2884 1376 ,
2927 1326 3084 1381 quem
3109 1310 3174 1366 ad
3202 1326 3260 1367 se
3290 1310 3693 1382 confugientem

2102 1401 2375 1472 diligentia
2395 1410 2589 1472 quanta
2622 1411 2831 1472 poterat
2858 1403 3198 1469 occultabat;
3235 1404 3514 1473 respondit
3537 1420 3693 1473 qua:-

2103 1492 2341 1548 rentibus
2385 1507 2482 1547 ncc
2510 1494 2720 1548 mentiri
2766 1507 2826 1548 se
2864 1508 3021 1564 posse
3046 1534 3060 1556 ,
3101 1508 3199 1547 nec
3245 1493 3513 1548 hominem
3564 1509 3695 1564 pro-

2103 1584 2258 1651 dere,
2304 1601 2596 1655 passusque
2634 1597 2741 1639 tam
2778 1587 2943 1640 multa
2972 1594 3234 1640 tormenta
3258 1587 3500 1656 corporis
3529 1586 3692 1659 (non-

2103 1677 2227 1732 dum
2252 1678 2392 1732 enim
2430 1688 2582 1733 erant
2624 1677 2978 1748 Imperatores
3014 1676 3313 1749 christiani)
3336 1719 3352 1743 ,
3397 1680 3698 1748 permansit

2105 1773 2157 1828 in
2186 1775 2467 1831 sententia.
2520 1773 2718 1829 Deinde
2747 1773 2813 1828 ad
2855 1774 3236 1844 Imperatorem
3263 1772 3453 1828 ductus
3474 1815 3489 1840 ,
3520 1788 3695 1843 usque

2028 1912 2031 1913 ν
2104 1868 2238 1924 adeo
2265 1868 2524 1941 mirabilis
2562 1868 2826 1938 apparuit,
2856 1875 2915 1921 ut
2952 1868 3064 1937 ipse
3092 1866 3291 1921 homini
3320 1882 3477 1937 quem
3503 1881 3698 1922 serva-

2105 1960 2232 2026 bat,
2284 1960 2664 2029 indulgentiam
2704 1959 2820 2013 sine
2868 1958 2973 2012 ulla
3015 1956 3326 2013 difficultate
3354 1958 3691 2027 impetraret.

2105 2052 2242 2121 Quid
2273 2054 2373 2108 hoc
2398 2052 2511 2108 fieri
2546 2060 2724 2124 potest
2772 2051 2958 2107 fortius
2996 2060 3153 2121 atque
3183 2052 3553 2115 constantius?
3583 2052 3696 2107 Sed

2088 2138 2181 2200 ait
2209 2147 2486 2216 quisquam
2511 2146 2744 2200 timidior
2776 2164 2788 2199 :
2824 2146 3043 2199 Paratus
3064 2159 3184 2200 csse
3209 2160 3421 2214 possum
3450 2147 3517 2201 ad
3542 2162 3696 2217 qure-

2106 2237 2235 2292 Iibet
2264 2237 2479 2293 ferenda
2502 2246 2784 2301 tormenta,
2815 2236 2898 2291 vel
2919 2236 3076 2290 etiam
3105 2245 3332 2291 mortem
3357 2237 3688 2305 obeundam,

2109 2344 2175 2385 ne
2217 2344 2432 2400 peccem
2465 2348 2478 2383 :
2509 2345 2633 2385 cum
2676 2330 2855 2385 autem
2883 2337 3157 2399 peccatum
3189 2344 3297 2383 non
3331 2329 3400 2384 sit
3430 2330 3500 2383 ita
3536 2345 3696 2385 men-

2109 2423 2229 2488 tiri,
2266 2430 2323 2477 ut
2347 2437 2519 2492 neque
2547 2423 2794 2492 cuiquam
2820 2420 2965 2477 obsis
2990 2463 3005 2488 ,
3047 2435 3219 2491 neque
3240 2420 3427 2475 falsum
3451 2422 3699 2477 testimo-

2109 2514 2257 2569 nium
2284 2514 2449 2581 dicas,
2482 2522 2537 2570 et
2582 2514 2755 2583 prosis
2797 2513 2995 2577 alicui;
3046 2512 3266 2567 stultum
3314 2521 3399 2569 est
3436 2522 3489 2567 et
3530 2528 3702 2583 grave

2110 2615 2419 2678 peccatum,
2463 2606 2759 2661 voluntaria
2803 2604 2998 2660 frustra
3028 2605 3292 2661 sustinere
3316 2613 3601 2671 tormenta,
3641 2615 3703 2662 et

2110 2702 2349 2758 fortassis
2379 2702 2563 2757 utilem
2591 2702 2816 2758 salutem
2847 2717 2910 2756 ac
2939 2702 3098 2755 vitam
3137 2701 3403 2755 incassum
3432 2701 3707 2756 saavienti-

2110 2796 2208 2852 bus
2228 2794 2506 2866 projicere.
2539 2799 2581 2849 Α
2606 2810 2712 2865 quo
2736 2810 2919 2865 quzero
2934 2809 3030 2850 cur
3056 2794 3238 2850 timeat
3265 2794 3408 2865 quod
3436 2795 3696 2865 scriptum

2109 2897 2216 2954 est,
2235 2887 2452 2941 Falsum
2486 2887 2820 2941 testimonium
2867 2902 2968 2940 non
3006 2886 3141 2941 dices
3176 2883 3374 2955 (Exod.
3411 2901 3485 2939 xx
3509 2926 3523 2952 ,
3560 2884 3649 2958 IG)
3678 2903 3696 2951 ;

2110 2989 2293 3036 etnon
2318 2980 2501 3034 timeat
2524 2979 2665 3048 quod
2688 2978 2797 3033 Deo
2824 2977 3024 3032 dictum
3051 2985 3133 3032 est
3156 3018 3171 3041 ,
3205 2975 3397 3031 Perdet
3415 2992 3584 3031 omnes
3611 2978 3706 3047 qui

2111 3072 2387 3141 loquuntur
2409 3070 2726 3123 mendacium
2752 3068 2924 3139 (Ptol.
2954 3085 2986 3122 v
3007 3109 3023 3135 ,
3053 3066 3144 3141 7)?
3184 3066 3299 3122 Non
3317 3109 3332 3133 ,
3367 3067 3535 3136 inquit
3560 3068 3697 3123 scri—

2112 3173 2260 3234 ptum
2289 3170 2404 3227 est,
2438 3160 2609 3217 Omne
2637 3163 2970 3217 mendacium
2999 3179 3011 3215 :
3046 3160 3141 3217 scd
3170 3160 3240 3215 ita
3270 3159 3526 3229 intelligo,
3550 3175 3615 3215 ac
3644 3161 3700 3217 si

2111 3258 2181 3313 sit
2206 3256 2463 3326 scriptum
2493 3299 2510 3323 ,
2541 3254 2739 3311 Perdes
2764 3269 2951 3308 omnes
2972 3253 3063 3325 qui
3093 3254 3379 3324 loquuntur
3402 3252 3593 3307 falsum
3620 3261 3709 3308 te-

2112 3350 2441 3405 stimonium.
2467 3350 2540 3404 At
2566 3363 2665 3404 nec
2704 3346 2774 3402 ibi
2810 3346 3010 3401 dictum
3037 3354 3153 3411 est,
3199 3344 3369 3401 Omne
3393 3343 3583 3398 falsum
3614 3353 3706 3399 te—

2112 3442 2444 3497 stimonium.
2494 3440 2599 3495 Sed
2631 3439 2701 3493 ibi
2728 3438 2954 3508 positum
2982 3447 3102 3503 est,
3145 3436 3346 3507 inquit,
3389 3437 3478 3492 ubi
3506 3445 3706 3490 caetera

2110 3548 2231 3604 qua:
2258 3533 2405 3588 omni
2450 3532 2607 3587 modo
2636 3531 2774 3585 mala
2812 3539 2955 3585 sunt.
3006 3528 3272 3598 Numquid
3304 3537 3360 3583 et
3397 3528 3526 3585 illud
3554 3528 3704 3598 quod

2112 3628 2184 3683 ibi
2209 3637 2323 3693 est,
2354 3625 2476 3681 Non
2516 3624 2711 3679 occides
2741 3622 2933 3693 (Exod.
2964 3637 3063 3687 xx,
3097 3621 3229 3689 ιδῃ
3278 3620 3432 3688 Quod
3469 3622 3513 3676 si
3552 3621 3706 3676 omni

2112 3719 2273 3775 modo
2301 3718 2496 3773 malum
2525 3725 2607 3770 est
2629 3755 2645 3781 ,
2687 3714 2954 3785 quomodo
2997 3714 3062 3768 ab
3094 3713 3195 3768 hoc
3222 3713 3447 3769 crimine
3479 3727 3708 3767 excusa-

2112 3811 2310 3866 buntur
2348 3810 2511 3877 justi,
2563 3808 2650 3877 qui
2690 3815 2807 3875 post
2848 3807 3018 3877 legem
3053 3804 3230 3861 datam
3272 3806 3467 3860 multos
3493 3804 3710 3859 occide-

2112 3902 2280 3958 runt?
2323 3900 2428 3955 Sed
2476 3898 2827 3969 respondetur
2867 3897 3008 3967 quod
3052 3912 3156 3951 non
3197 3898 3311 3967 ipse
3345 3896 3579 3961 occidat,
3610 3897 3710 3967 qui

2108 3995 2236 4066 justi
2279 3992 2501 4062 alicujus
2534 3992 2784 4061 prcecepti
2826 3989 3071 4044 minister
3097 3997 3199 4043 est.
3255 3988 3455 4044 Horum
3485 4003 3612 4057 ergo
3637 3988 3709 4041 ti-

2112 4102 2319 4143 morem
2340 4087 2417 4140 sic
2442 4085 2665 4154 accipio,
2691 4092 2750 4137 ut
2778 4092 2955 4137 tamen
2978 4082 3123 4136 illum
3152 4080 3471 4136 laudabilem
3502 4080 3708 4149 virum,

2112 4180 2201 4250 qui
2248 4193 2347 4233 nec
2388 4176 2599 4232 mentiri
2642 4175 2844 4237 voluit,
2891 4189 2990 4229 nec
3031 4173 3299 4228 hominem
3328 4173 3593 4241 prodere,
3643 4181 3706 4227 et

2114 4265 2302 4329 meIlus
2336 4271 2567 4327 arbitrer
2600 4268 2927 4324 intellexisse
2949 4267 3091 4337 quod
3118 4266 3372 4335 scriptum
3399 4274 3510 4333 est,
3540 4273 3596 4321 ct
3623 4267 3711 4320 in-

2114 4364 2382 4419 telleetum
2411 4362 2617 4417 fortiter
2646 4359 2971 4429 implevisse.

2184 4455 2270 4509 24.
2302 4454 2405 4509 Sed
2432 4453 2639 4508 venitur
2660 4449 2946 4521 aliquando
2969 4449 3036 4505 ad
3069 4448 3367 4520 hujusmodi
3387 4447 3702 4517 articulum,

2113 4555 2172 4601 ut
2196 4561 2304 4601 non
2336 4546 2727 4614 interrogemur
2756 4542 2844 4597 ubi
2874 4542 2943 4596 sit
2972 4542 3060 4597 ille
3098 4542 3188 4612 qui
3213 4540 3499 4611 quaeritur,
3529 4555 3713 4609 neque

2082 4653 2365 4707 ‘cogamur
2393 4645 2453 4691 ut
2475 4651 2596 4690 cum
2633 4632 2920 4705 prodamus
2943 4674 2958 4699 ,
3005 4633 3047 4686 si
3079 4633 3156 4686 sic
3174 4632 3467 4687 occultatus
3494 4641 3573 4686 est
3598 4672 3614 4697 ,
3649 4641 3716 4686 ut

2113 4729 2345 4785 inveniri
2387 4729 2538 4782 facile
2582 4727 2684 4782 nisi
2736 4726 2976 4795 proditus
3016 4734 3248 4796 nequeat
3281 4743 3293 4780 :
3326 4725 3419 4781 sed
3448 4726 3715 4796 quaeritur

2112 4836 2142 4873 a
2169 4820 2322 4874 nobis
2352 4827 2528 4873 utrum
2574 4817 2664 4871 illo
2710 4817 2830 4871 loco
2863 4817 2959 4883 sit,
3008 4830 3074 4870 an
3114 4830 3219 4871 non
3244 4816 3337 4872 sit.
3379 4815 3480 4871 Ubi
3507 4815 3551 4870 si
3580 4831 3714 4871 eum

2114 4930 2234 4970 esse
2272 4914 2469 4968 scimus
2493 4953 2507 4976 ,
2555 4911 2781 4967 tacendo
2808 4926 2930 4965 eum
2975 4909 3286 4979 prodimus;
3327 4912 3411 4966 vel
3437 4910 3595 4966 etiam
3623 4908 3716 4964 di-

2112 5006 2285 5062 cendo
2337 5020 2667 5075 nequaquam
2706 5018 2803 5058 nos
2831 5017 2950 5058 esse
2978 5003 3217 5059 dicturos
3245 5045 3259 5069 ,
3304 5013 3478 5059 utrum
3514 5004 3586 5059 ibi
3614 5004 3711 5069 sit,

2114 5113 2179 5152 an
2208 5113 2313 5152 non
2341 5096 2409 5152 sit
2442 5114 2456 5150 :
2488 5110 2555 5150 ex
2584 5096 2685 5149 hoc
2708 5094 2852 5148 enim
2884 5094 3084 5165 colligit
3117 5095 3207 5150 ille
3237 5096 3327 5165 qui
3368 5097 3592 5166 quaerit,
3633 5095 3712 5151 ibi

2112 5204 2233 5244 cum
2275 5202 2393 5243 esse
2418 5228 2431 5252 ,
2478 5185 2567 5242 ubi
2606 5185 2651 5241 si
2698 5201 2804 5240 non
2848 5194 3028 5251 esset,
3079 5187 3209 5242 nihil
3248 5187 3389 5243 aliud
3428 5189 3496 5244 ab
3524 5203 3590 5243 co
3615 5190 3713 5258 qui

2114 5279 2325 5335 mentiri
2354 5279 2517 5334 nollet
2537 5320 2552 5345 ,
2587 5293 2687 5333 nec
2715 5278 2985 5335 hominem
3012 5280 3239 5348 prodere
3263 5322 3279 5348 ,
3318 5281 3421 5334 nisi
3451 5296 3571 5335 cum
3598 5295 3714 5334 non

2114 5373 2185 5428 ibi
2207 5386 2326 5427 esse
2352 5370 2786 5443 responderetur.
2838 5371 2908 5426 Ita
2936 5386 3033 5442 per
3056 5380 3294 5427 nostram
3321 5371 3403 5427 vel
3432 5372 3715 5426 taciturni-

2116 5472 2275 5519 tatem
2315 5464 2400 5518 vel
2450 5462 2570 5516 talia
2618 5462 2778 5517 verba
2828 5463 2985 5516 homo
3016 5462 3294 5533 proditur,
3326 5472 3385 5516 ut
3425 5464 3586 5517 intret
3615 5464 3714 5531 qui
3796 5478 3799 5479 '

2115 5557 2325 5627 quaerit,
2348 5555 2392 5610 si
2439 5563 2757 5625 potestatem
2806 5554 2997 5622 habet,
3046 5564 3099 5608 et
3140 5554 3375 5608 inveniat
3415 5568 3538 5607 cum
3571 5570 3586 5605 :
3615 5553 3718 5620 qui

2119 5658 2289 5702 tamen
2337 5647 2403 5700 ab
2450 5646 2566 5714 ejus
2616 5644 2920 5699 inventione
2967 5643 3248 5698 mendacio
3292 5655 3474 5698 nostro
3521 5651 3716 5711 posset

2181 5786 2195 5815 ι
2234 5791 2282 5831 ιιι
2306 5782 2462 5832 veteri
2483 5781 2794 5850 Germauensi
2816 5782 3015 5842 codice,
3045 5779 3369 5844 ’Ilmgascnsis.
3414 5792 3460 5833 In
3504 5781 3714 5832 Colber-

2119 5848 2235 5908 tino,
2261 5848 2545 5909 'Iegasensis.
