4070 6334
231 391 326 452 ωε
796 373 801 379 ‘
1642 380 1847 441 usus
1887 380 2083 444 unus.

232 506 404 564 averti.
452 502 797 576 Quapropter
821 504 867 560 si
893 504 1069 561 nescis
1106 504 1193 559 ubi
1223 500 1325 567 sit,
1358 500 1505 558 nulla
1531 510 1616 557 est
1644 514 1806 557 causa

230 598 549 657 occultanda:
596 599 837 653 veritatis
860 640 877 665 ,
915 598 1010 653 sed
1059 607 1112 652 te
1144 597 1351 652 nescire
1394 594 1664 651 fatendum
1704 602 1805 649 est.

231 697 279 750 Si
303 704 476 750 autem
509 693 617 748 scis
646 691 737 747 ubi
763 692 866 758 sit,
913 696 1025 747 sive
1064 691 1134 746 ibi
1167 690 1234 746 sit
1270 689 1356 745 ubi
1384 688 1668 759 quaeritur,
1696 687 1812 742 sive

230 786 381 851 alibi;
407 800 516 839 non
547 793 631 839 est
655 784 961 850 dicendum,
991 798 1111 839 cum
1139 782 1419 853 qumsitum
1447 779 1603 835 fuerit
1634 787 1811 833 utrum

227 879 290 933 ibi
331 877 434 939 sit,
479 892 549 930 an
576 890 683 931 non
714 876 819 943 sit,
847 874 965 931 Non
1003 875 1121 930 dico
1148 873 1289 943 quod
1333 873 1527 943 quieris
1560 890 1574 927 :
1606 870 1701 927 sed
1726 870 1810 926 di-

224 968 442 1024 cendum
463 1008 478 1032 ,
510 967 635 1024 Scio
661 966 751 1022 ubi
776 967 865 1034 sit,
892 966 988 1022 sed
1024 980 1293 1035 nunquam
1324 964 1650 1019 monstrabo.
1681 962 1813 1017 Nam

223 1060 261 1113 si
287 1058 350 1113 de
376 1074 482 1113 uno
528 1058 649 1114 loco
691 1072 795 1113 non
834 1057 1160 1128 respondeas
1185 1098 1198 1121 ,
1230 1065 1283 1111 et
1314 1065 1365 1110 te
1410 1070 1514 1109 non
1545 1070 1664 1109 esse
1693 1069 1814 1124 pro-

223 1150 449 1205 diturum
478 1150 727 1216 fatearis;
776 1150 878 1205 tale
907 1158 991 1206 est
1017 1164 1081 1204 ac
1105 1151 1147 1203 si
1176 1148 1422 1203 eumdem
1450 1147 1622 1202 locum
1649 1144 1814 1216 digito

223 1242 509 1298 ostendas:
542 1251 788 1297 movetur
830 1242 974 1297 enim
1026 1250 1170 1295 certa
1225 1239 1474 1309 suspicio.
1532 1237 1588 1293 Si
1634 1244 1811 1291 autem

226 1336 391 1406 primo
417 1336 641 1391 fatearis
670 1343 723 1390 te
749 1335 887 1390 scire
908 1334 996 1390 ubi
1026 1334 1114 1396 sit,
1139 1331 1233 1388 sed
1260 1347 1366 1386 non
1397 1331 1611 1397 dicere;
1643 1337 1816 1399 potest

225 1427 446 1485 fortasse
465 1428 536 1483 ab
565 1428 658 1482 illo
694 1428 811 1482 loco
841 1425 1122 1497 inquisitor
1147 1425 1316 1480 averti
1341 1465 1358 1492 ,
1390 1432 1444 1479 et
1475 1424 1564 1478 tibi
1589 1423 1698 1494 jam
1731 1423 1814 1477 in-

223 1520 491 1586 cumbere,
524 1528 580 1573 ut
600 1518 689 1573 ubi
714 1527 797 1573 est
824 1534 854 1572 a
884 1527 937 1573 te
964 1517 1241 1587 prodatur.
1271 1516 1375 1571 Pro
1397 1531 1499 1585 qua
1526 1515 1628 1570 fide
1656 1524 1813 1584 atque

226 1612 549 1667 humanitate
574 1608 832 1680 quidquid
860 1608 1071 1664 fortiter
1103 1607 1289 1662 tuleris
1314 1649 1328 1672 ,
1362 1621 1469 1661 non
1496 1606 1671 1660 solum
1704 1619 1811 1658 non

225 1702 476 1773 culpabile
502 1742 518 1767 ,
568 1700 665 1755 sed
714 1700 875 1756 etiam
917 1698 1182 1754 laudabile
1217 1697 1485 1768 judicatur
1525 1715 1538 1751 :
1574 1697 1813 1766 exceptis

225 1795 467 1849 duntaxat
520 1794 604 1849 bis
634 1809 750 1863 qua:
785 1794 829 1847 si
874 1806 1063 1862 passus
1088 1791 1243 1846 fuerit
1275 1790 1437 1844 homo
1461 1831 1475 1853 ,
1523 1805 1629 1845 non
1659 1788 1811 1844 forti-

228 1896 335 1953 ter,
377 1885 473 1941 sed
524 1884 791 1954 impudice
821 1898 884 1938 ac
920 1884 1145 1953 turpiter
1174 1882 1282 1953 pati
1326 1882 1536 1936 dicitur.
1591 1881 1702 1936 Hoc
1730 1889 1814 1936 est

228 1980 357 2034 enim
388 1979 638 2033 ultimum
679 1976 1053 2042 mendacium,
1106 1975 1173 2030 de
1211 1989 1317 2045 quo
1360 1973 1666 2045 diligentius
1706 1982 1815 2027 tra-

228 2070 470 2125 ctandum
497 2080 602 2125 est.

289 2162 514 2218 CAPUT
537 2162 675 2216 XIV.
698 2191 771 2203 —-—
789 2162 879 2218 25.
898 2160 1283 2217 Mendaciorwn
1310 2170 1422 2216 octo
1438 2177 1645 2233 genera.
1676 2159 1811 2216 Nam

228 2254 455 2335 primum
480 2262 559 2308 est
582 2253 650 2307 ad
679 2253 986 2309 evitandum
1017 2253 1244 2324 capitale
1272 2253 1607 2309 mendacium
1631 2253 1811 2323 longe-

231 2361 320 2415 que
365 2345 705 2416 fugiendum,
751 2346 895 2416 quod
932 2346 991 2401 fit
1031 2348 1086 2402 iu
1124 2346 1366 2402 doctrina
1406 2346 1677 2417 religionis
1707 2346 1811 2402 :ad

232 2438 355 2506 quod
400 2437 739 2492 mendacium
779 2437 923 2492 nulla
963 2437 1275 2493 conditione
1319 2439 1602 2509 quisquam
1654 2437 1812 2493 debet

230 2529 427 2584 adduci.
468 2529 776 2586 Secundum
813 2538 989 2586 autem
1010 2571 1026 2597 ,
1055 2540 1115 2585 ut
1135 2530 1367 2600 aliquem
1398 2529 1553 2585 ltcdat
1578 2530 1807 2600 injuste:

227 2623 353 2692 quod
385 2624 493 2679 tale
517 2632 622 2691 est,
654 2631 712 2679 ut
734 2632 790 2681 et
813 2623 943 2679 nulli
972 2624 1176 2693 prosit,
1217 2631 1275 2679 et
1299 2623 1440 2679 obsit
1461 2623 1639 2678 alicui.
1673 2622 1811 2678 Ter-

229 2718 373 2783 tium,
420 2717 567 2788 quod
594 2717 665 2771 ita
698 2718 916 2787 prodest
936 2717 1124 2783 alteri,
1156 2724 1214 2771 ut
1237 2716 1380 2771 obsit
1401 2716 1558 2771 alteri
1583 2756 1597 2780 ,
1625 2730 1813 2786 quam-

229 2811 297 2864 vis
319 2826 428 2865 non
450 2810 518 2866 ad
549 2810 939 2867 immunditiam
969 2810 1112 2867 obsit
1134 2809 1490 2879 corporalem.
1529 2808 1809 2876 Quartum,

225 2904 352 2972 quod
379 2904 441 2957 fit
481 2904 596 2959 sola
645 2903 939 2959 mentiendi
987 2902 1310 2973 fallendique
1354 2901 1573 2957 libidine
1602 2943 1617 2967 ,
1669 2900 1812 2971 quod

226 3011 418 3051 merum
450 2996 790 3052 mendacium
832 3005 934 3053 est.
980 2996 1235 3064 Quintum
1260 3038 1273 3060 ,
1306 2995 1446 3065 quod
1476 2994 1534 3048 fit
1567 2993 1811 3063 placendi

225 3088 506 3158 cupiditate
546 3088 612 3144 de
650 3088 1008 3158 suaviloqnio.
1054 3087 1149 3142 His
1177 3086 1427 3142 omnibus
1450 3087 1664 3157 penitus
1691 3085 1811 3140 evi-

227 3182 337 3237 tatis
359 3188 521 3250 atque
557 3180 773 3250 rejectis
796 3220 812 3244 ,
857 3178 1097 3249 sequitur
1123 3186 1331 3234 sextum
1356 3191 1525 3246 genus
1548 3219 1564 3244 ,
1591 3175 1733 3246 quod
1758 3185 1814 3231 et

224 3272 345 3327 nulli
371 3273 562 3336 obest,
603 3281 659 3326 et
683 3270 901 3340 prodest
935 3269 1096 3329 alicui
1125 3287 1139 3323 :
1173 3268 1321 3324 velut
1345 3268 1390 3322 si
1417 3266 1680 3337 quispiam
1712 3281 1810 3337 pe-

222 3366 421 3418 cuniam
470 3363 700 3432 alicujus
745 3361 939 3432 injuste
986 3362 1275 3417 tollendam
1301 3403 1317 3428 ,
1370 3361 1547 3415 sciens
1590 3358 1679 3414 ubi
1717 3358 1807 3427 sit,

224 3455 425 3510 nescire
450 3470 511 3510 se
541 3455 832 3510 mentiatur
855 3468 1193 3525 quocumque
1220 3454 1600 3523 interrogante.
1629 3452 1810 3522 Septi-

223 3564 379 3614 mum,
421 3546 570 3618 quod
590 3556 646 3602 et
673 3546 807 3601 nulli
826 3546 1009 3613 obest,
1033 3554 1089 3602 et
1112 3546 1331 3617 prodest
1353 3545 1509 3600 alicui
1541 3564 1555 3599 :
1583 3552 1810 3614 excepto

222 3640 259 3693 si
298 3638 471 3708 iudex
536 3638 829 3708 interrogat
862 3654 876 3692 :
909 3637 1055 3692 velut
1098 3637 1145 3692 si
1190 3637 1379 3692 nolens
1424 3636 1695 3692 hominem
1740 3634 1807 3690 ad

221 3738 440 3784 mortem
466 3728 749 3798 quaesitum
790 3726 1055 3798 prodere,
1103 3727 1434 3791 mentiatur;
1480 3742 1587 3780 non
1634 3727 1808 3781 solum

217 3817 407 3887 justum
454 3828 615 3889 atque
643 3819 981 3875 innocentem
1007 3860 1022 3887 ,
1054 3818 1148 3873 sed
1187 3828 1241 3874 et
1284 3834 1434 3874 reum
1462 3836 1477 3884 ;
1510 3819 1634 3889 quia
1662 3818 1802 3873 ebri-

223 3913 399 3967 stiante
429 3912 724 3981 disciplinae
752 3913 855 3979 sit,
904 3921 965 3967 ut
1010 3927 1184 3983 neque
1218 3912 1287 3967 de
1328 3914 1640 3984 cujusquam
1681 3928 1806 3968 cor-

222 4005 455 4058 rectione
479 4004 826 4074 desperetur,
872 4020 1046 4075 neque
1081 4006 1330 4074 cuiquam
1369 4004 1662 4073 paenitendi
1708 4004 1804 4060 ad-

221 4094 323 4147 itus
351 4094 774 4150 intercludatur‘.
806 4095 882 4150 De
903 4095 1096 4165 quibus
1124 4094 1331 4150 duobus
1352 4095 1661 4165 generibus,
1685 4112 1805 4166 qua:

222 4187 389 4240 solent
414 4186 611 4243 habere
636 4202 881 4258 magnam
925 4186 1381 4253 controversiam,
1431 4188 1561 4244 satis
1606 4197 1808 4245 tracta-

222 4278 415 4342 vimus,
458 4288 512 4333 et
537 4278 664 4348 quid
692 4277 847 4332 nobis
872 4278 1109 4348 placeret
1147 4278 1480 4335 ostendimus
1507 4298 1520 4334 :
1552 4289 1608 4335 ut
1638 4282 1806 4336 susci-

226 4368 423 4435 piendis
474 4368 1003 4424 incommoditatibus
1026 4412 1041 4436 ,
1081 4385 1200 4438 qure
1244 4369 1467 4425 honeste
1496 4386 1559 4426 ac
1595 4370 1806 4428 fortiter

230 4460 510 4515 tolerantur
531 4502 545 4525 ,
578 4459 692 4515 haec
714 4476 929 4530 quoque
956 4446 1156 4531 genera
1179 4461 1486 4517 devitentur
1514 4479 1543 4517 a
1578 4464 1803 4520 fortibus

225 4561 269 4604 et
309 4554 555 4608 fidelibus
601 4563 656 4609 et
695 4554 973 4609 veracibus
1003 4554 1133 4608 viris
1160 4568 1223 4609 ac
1264 4553 1493 4610 feminis.
1541 4554 1801 4610 Octavum

227 4654 294 4696 cst
314 4660 484 4715 genus
515 4645 814 4712 mendacii,
847 4644 988 4715 quod
1030 4655 1084 4700 et
1126 4646 1259 4701 nulli
1292 4646 1486 4712 obest,
1518 4656 1571 4703 et
1604 4647 1671 4702 ad
1703 4648 1804 4704 hoc

228 4736 447 4803 prodest,
479 4746 537 4791 ut
562 4738 631 4792 ab
660 4736 994 4792 immunditia
1018 4739 1283 4809 corporali
1308 4738 1536 4808 aliquem
1570 4747 1800 4808 tueatur,

224 4827 464 4883 duntaxat
492 4844 555 4884 ea
584 4844 743 4900 quam
788 4830 1033 4900 superius
1069 4832 1624 4885 commemoravimus.
1670 4832 1801 4888 Nam

223 4921 364 4975 etiam
404 4936 513 4976 non
561 4921 688 4976 lotis
718 4921 962 4976 manibus
1002 4921 1322 4978 manducare
1346 4965 1361 4989 ,
1413 4922 1799 4979 immunditiam

224 5015 463 5079 putabant
502 5013 675 5069 Judaei
716 5013 926 5083 (Matth.
957 5030 1026 5069 xv
1052 5056 1068 5081 ,
1098 5015 1166 5082 2,
1196 5013 1309 5084 20).
1355 5014 1462 5069 Aut
1499 5015 1543 5070 si
1574 5023 1629 5071 et
1666 5015 1802 5073 hanc

219 5105 482 5175 quisquam
511 5105 899 5160 immunditiam
929 5115 1110 5172 vocat;
1149 5120 1253 5160 non
1279 5114 1453 5161 tamen
1480 5106 1639 5163 talem
1660 5148 1673 5173 ,
1702 5124 1801 5178 pro

217 5214 306 5268 qua
330 5202 577 5257 evitanda
603 5200 972 5257 mentiendum
1013 5200 1102 5255 sit.
1152 5198 1209 5256 Si
1242 5210 1420 5257 autem
1462 5202 1797 5259 mendacium

218 5290 310 5346 tale
335 5304 449 5361 est,
494 5292 637 5365 quod
667 5293 825 5348 alicui
856 5292 1017 5362 faciat
1052 5293 1297 5363 injuriam
1322 5310 1338 5359 ;
1370 5295 1577 5350 etiamsi
1604 5294 1671 5351 ab
1701 5296 1799 5354 bac

216 5382 537 5441 immunditia
564 5430 578 5453 ,
625 5402 783 5457 quam
810 5400 999 5441 omnes
1024 5386 1267 5444 homines
1295 5388 1582 5445 abhorrent
1612 5405 1673 5445 ac
1700 5391 1799 5447 de-
1867 5403 1871 5407 '

215 5483 501 5544 testantur,
549 5478 753 5531 muniat
800 5477 1111 5541 hominem;
1156 5487 1331 5532 utrum
1364 5488 1420 5535 et
1463 5480 1566 5535 hoc
1597 5496 1799 5552 genere

214 5568 569 5625 mentiendum
601 5570 713 5635 sit,
756 5569 800 5623 si
834 5569 952 5623 talis
984 5569 1074 5624 fiat
1098 5569 1287 5639 injuria
1316 5586 1409 5641 per
1438 5573 1794 5637 mendacium.

267 5682 282 5711 ¹
498 5682 707 5737 omittit.
744 5688 954 5747 Excepto
983 5682 1027 5733 si
1051 5682 1214 5745 judea:
1256 5682 1549 5750 interrogat,
1579 5695 1630 5738 et
1659 5690 1798 5738 uncis

267 5743 366 5792 nclu
401 5747 435 5793 it
454 5746 608 5793 verba
642 5748 915 5793 sequentia.
943 5760 1053 5793 (tum
1083 5752 1302 5793 Erasmus
1324 5753 1540 5793 nrmterit
1561 5752 1757 5793 nmninn
1780 5766 1793 5793 :

212 5743 435 5811 mncludit
454 5746 608 5811 verba
627 5743 915 5811 sequentia,
943 5743 1063 5809 qua!
1083 5752 1302 5811 Erasmus
1322 5743 1546 5811 prtet'erit'
1561 5752 1757 5801 omnino
1780 5766 1793 5800 :

210 5806 340 5916 ἔξω
355 5806 586 5922 inaltus
619 5804 974 5859 honiinem.....'
1000 5807 1261 5873 ptenitendi
1305 5804 1465 5863 aditus
1494 5811 1795 5871 intercluda-

3402 402 3539 473 δυσ

1918 517 2038 573 quae
2076 518 2182 560 non
2211 505 2280 561 sit
2309 505 2361 562 in
2388 520 2454 563 eo
2481 500 2678 580 genere
2705 508 3053 571 immunditia
3074 556 3092 584 ,
3123 516 3193 575 de
3229 532 3337 592 quo
3362 532 3506 577 nunc

1918 595 2142 667 agimus,
2171 597 2270 652 alia
2300 601 2523 669 quaestio
2548 612 2632 659 est
2658 621 2672 657 :
2700 619 2805 661 non
2833 607 2977 662 enim
3001 608 3112 678 jam
3142 610 3210 666 de
3229 612 3508 669 mendacio

1919 689 2208 758 quaeritur;
2241 690 2333 746 sed
2362 695 2616 763 quaeritur
2643 703 2819 751 utrum
2861 698 3021 754 alicui
3055 698 3292 757 facienda
3318 704 3387 759 sit
3421 703 3510 760 in-

1916 778 2055 847 juria
2078 781 2240 837 etiam
2271 798 2376 838 non
2402 799 2496 855 per
2520 787 2854 844 mendacium
2876 831 2890 855 ,
2919 799 2978 845 ut
2999 791 3086 845 illa
3113 792 3181 848 ab
3201 793 3369 849 altero
3402 794 3511 851 im-

1921 873 2179 928 munditia
2218 875 2533 946 depellatur.
2589 880 2740 949 Quod
2786 883 2932 938 nullo
2972 884 3133 941 modo
3174 888 3507 957 putaverim:

1922 980 2220 1037 quanquam
2247 982 2610 1042 proponantur
2644 975 2927 1032 levissimae
2965 977 3172 1048 injuriae
3195 1021 3211 1045 ,
3242 980 3406 1036 veluti
3432 990 3515 1037 est

1921 1059 2009 1115 illa
2038 1076 2197 1132 quam
2223 1064 2290 1120 de
2317 1082 2423 1122 uno
2441 1068 2621 1123 modio
2644 1070 2842 1126 amisso
2870 1086 3029 1142 supra
3058 1073 3509 1142 commemoravi;

1922 1160 1978 1206 et
2017 1154 2239 1210 multum
2280 1158 2624 1227 perturbent,
2672 1171 2846 1217 utrum
2884 1178 2989 1218 non
3016 1164 3305 1222 debeamus
3339 1156 3548 1221 facere‘

1921 1245 2166 1316 cuiquam
2195 1250 2275 1304 vel
2318 1250 2477 1305 talem
2523 1252 2768 1323 injuriam
2798 1297 2812 1321 ,
2850 1256 2894 1312 si
2940 1271 3000 1312 ea
3030 1266 3205 1327 potest
3242 1258 3376 1314 alius
3398 1300 3413 1325 ,
3442 1272 3511 1315 ne

1922 1344 2162 1405 stuprum
2206 1339 2433 1409 patiatur
2452 1384 2465 1407 ,
2498 1342 2713 1400 defendi
2742 1347 3078 1405 autmuniri.
3119 1348 3228 1406 Sed
3250 1390 3266 1418 ,
3295 1359 3354 1405 ut
3377 1349 3507 1419 dixi,

1920 1427 2021 1481 alia
2053 1432 2273 1498 qumstio
2294 1442 2394 1488 est.

1991 1515 2217 1575 CAPUT
2243 1521 2358 1577 XV.
2390 1555 2459 1564 —
2483 1524 2817 1585 Auctaritates
2845 1530 3047 1600 divinae,
3089 1532 3268 1603 quibus
3303 1534 3514 1588 menda-

1921 1609 2053 1662 cium
2099 1614 2412 1681 prolu'betur,
2444 1618 2646 1687 aliaque
2672 1631 2925 1692 praecepta
2954 1640 3016 1677 ea:
3045 1626 3195 1696 factis
3221 1634 3512 1696 sanctorum

1923 1700 2271 1773 intelligenda.
2304 1704 2623 1778 Prwceptunt
2678 1711 2936 1781 prwbendi
2980 1694 3192 1769 alteram
3244 1694 3510 1771 maxillam

1922 1793 2237 1859 percutienti.
2264 1794 2584 1869 Praeceptum
2611 1819 2714 1857 non
2760 1805 2976 1874 jurandi
3023 1808 3248 1861 omnino.
3302 1806 3506 1862 Prwce—

1921 1893 2062 1955 ptum
2091 1905 2191 1944 non
2211 1891 2469 1961 cogitandi
2493 1893 2557 1949 de
2584 1897 2821 1950 crastino.
2848 1898 3165 1969 Prwceptum
3189 1915 3252 1953 ne
3271 1898 3501 1967 Apostoli

1918 1996 2086 2034 secum
2108 1984 2302 2050 aliquid
2330 1996 2527 2054 portent
2556 1989 2607 2041 in
2633 1989 2731 2042 uia.
2772 1989 2924 2045 Nunc
2946 1991 3075 2046 illud
3105 1991 3247 2063 quod
3274 1992 3512 2047 institui-

1920 2089 2063 2141 mus,
2093 2092 2453 2148 peragamus:
2483 2091 2659 2136 utrum
2710 2083 3071 2139 mentiendum
3113 2085 3202 2152 sit,
3256 2085 3301 2140 si
3348 2085 3508 2140 etiam

1920 2166 2243 2224 inevitabilis
2266 2171 2499 2228 conditio
2528 2186 2876 2245 proponatur,
2897 2186 2953 2231 ut
2979 2185 3072 2232 aut
3101 2178 3202 2233 hoc
3226 2177 3503 2247 faciamus,

1918 2267 2012 2313 aut
2040 2268 2283 2330 stuprum
2315 2263 2602 2333 patiamur,
2644 2266 2729 2321 vel
2756 2267 2985 2336 aliquam
3011 2268 3395 2323 exsecrabilem
3426 2268 3509 2324 in-

1917 2351 2316 2421 quinationem;
2349 2356 2559 2411 etiamsi
2601 2357 2913 2414 mentiendo
2944 2359 3080 2415 nulli
3123 2358 3381 2415 faciamus
3424 2361 3508 2415 in-

1912 2458 2129 2512 junam.

1988 2536 2079 2592 26.
2109 2538 2184 2593 De
2210 2553 2315 2609 qua
2335 2555 2394 2595 re
2421 2541 2624 2612 patebit
2661 2542 2855 2614 aliquis
2878 2543 3293 2601 considerationi
3336 2545 3508 2613 locus,

1918 2628 1965 2683 si
1995 2630 2142 2699 prius
2168 2630 2378 2687 divinas
2404 2636 2774 2703 auctoritates,
2807 2652 2926 2707 qua:
2958 2637 3295 2694 mendacium
3326 2637 3509 2708 probi-

1919 2723 2065 2792 bent,
2098 2725 2384 2796 diligenter
2430 2728 2779 2784 discutiamus
2809 2745 2823 2782 :
2848 2730 2893 2786 si
2935 2732 3077 2785 enim
3119 2732 3247 2801 ipsa:
3299 2730 3505 2785 nullum

1918 2816 2046 2872 dant
2073 2817 2272 2884 locum,
2306 2820 2499 2875 frustra
2517 2822 2808 2891 quaerimus
2833 2838 2937 2891 qua
2979 2838 3275 2889 exeamus;
3318 2833 3509 2879 tenen-

1917 2908 2045 2963 dum
2075 2918 2159 2964 est
2196 2911 2341 2966 enim
2372 2914 2516 2968 omni
2550 2914 2711 2969 modo
2737 2923 3065 2984 praeceptum
3091 2916 3206 2983 Dei,
3242 2924 3296 2971 et
3313 2916 3507 2971 volun-

1920 3008 2002 3055 tas
2050 3000 2146 3056 Dei
2190 3002 2241 3056 in
2299 3003 2365 3058 iis
2392 3020 2511 3073 qua:
2552 3006 2782 3060 tenendo
2825 3016 3149 3076 praeceptum
3199 3006 3319 3075 ejus
3364 3006 3509 3076 passi

1919 3092 2198 3159 fuerimus,
2241 3111 2396 3165 aequo
2423 3097 2603 3151 animo
2628 3096 2900 3167 sequenda
2945 3098 3033 3152 :si
3074 3105 3253 3151 autem
3299 3098 3508 3152 relaxa-

1921 3195 2006 3240 tur
2025 3186 2217 3256 aliquis
2243 3189 2444 3253 exitus,
2475 3203 2581 3243 non
2621 3198 2704 3243 est
2743 3190 2796 3243 in
2823 3188 2914 3244 tali
2940 3203 3101 3243 causa
3143 3189 3505 3244 recusandum

1918 3276 2277 3333 mendacium.
2308 3280 2598 3350 Pr0pterca
2635 3279 2829 3335 divina:
2857 3279 3151 3350 Scriptura:
3192 3294 3298 3335 non
3331 3280 3504 3336 solum

1918 3380 2185 3441 praecepta
2211 3372 2302 3427 Dei
2342 3374 2634 3438 continent,
2663 3372 2759 3429 sed
2804 3374 2965 3429 etiam
3004 3373 3171 3429 vitam
3217 3387 3506 3443 moresque

1910 3463 2214 3533 iustorum;
2244 3474 2302 3519 ut
2345 3464 2390 3520 si
2417 3464 2554 3521 forte
2602 3464 2870 3521 occultum
2894 3473 2999 3529 est.
3054 3464 3503 3536 quemadmodum

1915 3559 2282 3629 accipiendum
2306 3559 2543 3630 sitquod
2572 3560 2898 3631 prmcipitur,
2941 3561 2994 3615 in
3043 3558 3197 3615 factis
3236 3560 3501 3628 iustorum

1918 3650 2257 3721 intelligatur.
2303 3652 2557 3722 Exceptis
2610 3652 2787 3724 itaque
2827 3652 2910 3707 bis
2955 3649 3109 3706 factis
3163 3665 3282 3720 quae
3330 3655 3507 3720 potest

1914 3742 2140 3813 quisque
2156 3742 2223 3797 ad
2238 3742 2581 3815 allegorieam
2599 3743 3044 3814 significationem
3069 3741 3293 3809 referre,
3316 3756 3507 3812 quam-

1913 3835 1995 3890 vis
2022 3844 2171 3905 gesta
2191 3850 2312 3892 esse
2349 3852 2509 3892 nemo
2537 3836 2795 3909 ambigat,
2825 3836 2983 3891 sicuti
3008 3842 3135 3891 sunt
3174 3835 3286 3890 fere
3324 3835 3502 3889 omnia

1914 3928 1969 3983 in
1987 3928 2135 3984 libris
2164 3929 2373 3985 Veteris
2411 3929 2741 3986 Testamenti
2767 3930 2916 4000 :quis
2931 3929 3076 3985 enim
3098 3929 3169 3987 ibi
3190 3929 3389 3999 aliquid
3408 3944 3503 3981 auo
3528 3970 3531 3975 .

1912 4019 2040 4074 deat
2066 4020 2338 4075 affirmare
2361 4036 2467 4077 non
2508 4022 2779 4092 pertinere
2816 4022 2883 4076 ad
2912 4024 3188 4093 figuratam
3248 4036 3501 4095 praenun-

1914 4111 2233 4168 tiationem?
2260 4113 2466 4184 Quippe
2486 4129 2610 4169 cum
2638 4115 2925 4184 Apostolus
2954 4114 3118 4171 etiam
3147 4114 3285 4169 filios
3332 4114 3505 4170 Abra-

1914 4204 2019 4273 hm,
2049 4220 2185 4276 quos
2236 4206 2420 4277 utique
2452 4208 2678 4261 naturali
2705 4206 2898 4262 ordine
2951 4207 3276 4277 propagandi
3319 4208 3503 4278 populi

1912 4298 2089 4355 editos
2116 4314 2235 4355 esse
2262 4311 2425 4370 atque
2446 4301 2645 4356 vixisse
2670 4298 2924 4355 facillime
2950 4299 3146 4355 dicitur
3198 4300 3325 4374 (non
3356 4300 3497 4354 enim

1912 4399 2153 4447 monstra
2182 4401 2238 4448 et
2261 4391 2502 4463 prodigia
2529 4400 2651 4447 nata
2674 4401 2817 4457 sunt,
2859 4400 2916 4446 ut
2944 4391 3011 4446 ad
3051 4390 3495 4462 significationem

1912 4484 2145 4553 aliquam
2198 4485 2396 4539 ducant
2430 4484 2717 4555 animum),
2764 4484 2873 4539 duo
2927 4493 3103 4537 tamen
3148 4483 3495 4540 Testamenta

1911 4576 2214 4646 significare
2241 4586 2443 4632 asserat
2473 4575 2668 4648 (Galat.
2698 4592 2770 4643 tv,
2813 4574 3037 4648 22-2‘);
3090 4584 3144 4632 et
3182 4577 3498 4633 beneficium

1913 4669 2042 4724 illud
2068 4668 2344 4733 mirabile,
2385 4668 2529 4739 quod
2560 4670 2699 4724 Deus
2722 4671 2919 4740 populo
2942 4669 3102 4726 Israel
3142 4672 3391 4742 praestitit
3427 4671 3493 4726 ad

1912 4764 2179 4817 eruendos
2207 4778 2302 4818 eos
2328 4762 2396 4818 de
2423 4763 2696 4829 servitute,
2748 4779 2852 4834 qua
2894 4764 2946 4819 in
2994 4762 3232 4836 Egypto
3274 4780 3489 4835 preme‘

1912 4857 2125 4923 bantur,
2156 4870 2479 4927 pmnamque
2501 4856 2772 4922 vindicta,
2811 4871 2931 4911 eum
2965 4857 3017 4911 in
3057 4858 3250 4912 itinere
3273 4870 3495 4926 peccas-

1911 4956 2051 5014 sent,
2119 4948 2173 5001 in
2237 4945 2402 5017 figura
2454 4947 2740 5016 contigisse
2785 4947 2928 5002 dicat
2974 4946 3020 5018 (Ι
3038 4945 3155 5002 Cor.
3188 4964 3242 5008 x.
3282 4946 3493 5013 i-il):

1911 5055 2031 5108 qum
2069 5038 2203 5094 facta
2244 5038 2501 5105 invenies,
2528 5038 2719 5109 quibus
2756 5038 2912 5093 istam
2962 5038 3200 5106 regulam
3243 5036 3491 5103 derogcs,

1910 5144 1964 5189 et
1991 5135 2259 5192 affirmare
2282 5149 2575 5206 praesumus
2602 5133 2667 5186 ad
2697 5133 2918 5203 figuram
2941 5130 3173 5199 aliquam
3222 5144 3327 5181 non
3369 5143 3491 5184 esse

1910 5229 2237 5301 redigenda?
2265 5229 2360 5284 His
2376 5242 2502 5298 ergo
2523 5226 2782 5295 exceptis,
2809 5240 2869 5279 ca
2898 5238 3015 5292 quae
3036 5223 3088 5276 in
3122 5221 3268 5274 Novo
3308 5220 3496 5276 Testa-

1912 5331 2095 5376 mento
2130 5335 2159 5374 a
2200 5322 2396 5375 sanctis
2442 5318 2577 5373 facta
2617 5324 2772 5379 sunt,
2828 5314 2915 5369 ubi
2955 5327 3162 5367 morum
3212 5310 3496 5367 imitando-

1910 5415 2068 5469 rnm‘
2119 5413 2519 5469 evidentissima
2577 5407 2971 5465 commendatio
3017 5414 3122 5472 cst,
3155 5407 3366 5462 valeant
3422 5408 3490 5463 ad

1909 5507 2151 5576 exempla
2185 5506 2644 5577 intelligendarum
2672 5502 3089 5570 Scripturarum,
3124 5516 3242 5572 qua:
3270 5501 3319 5556 in
3351 5518 3490 5574 prte-

1909 5601 2078 5670 ceptis
2106 5600 2308 5667 digesta
2349 5607 2490 5655 sunt.

1978 5693 2066 5747 27.
2101 5693 2260 5748 Velut
2288 5708 2407 5745 cum
2430 5690 2654 5761 legimus
2677 5690 2729 5744 in
2770 5687 3083 5759 Evangelia,
3110 5688 3360 5759 Accepiin
3382 5690 3491 5743 afa-

1908 5804 2048 5858 pam,
2079 5804 2201 5856 para
2242 5786 2449 5839 alterum
2488 5784 2752 5838 maxillam
2793 5783 3003 5853 (Manli.
3035 5799 3087 5851 ν,
3115 5783 3229 5854 59).
3292 5782 3492 5841 Exem-

1977 5879 1994 5909 ³
2030 5873 2196 5926 Plures
2220 5882 2345 5937 Mss,
2367 5871 2747 5928 emendatoriam
