4070 6334
490 379 586 438 5H

492 490 702 562 ficiendi
732 491 1050 548 mentientes
1088 489 1395 562 approbata:
1436 495 1560 545 sunt
1590 504 1603 541 :
1636 489 1757 559 quia
1787 487 2077 543 nonnullus

489 560 686 654 gradus
723 592 804 639 est
832 585 901 640 ad
925 583 1243 655 diligendam
1270 598 1449 639 veram
1488 596 1551 637 ac
1578 580 1956 653 sempiternam
1985 596 2076 636 sa-

491 676 689 742 lutem,
738 690 860 730 cum
903 677 1127 747 quisque
1174 674 1586 731 misericorditer
1630 674 1790 731 etiam
1832 689 1929 746 pro
1975 674 2075 728 ali-

490 768 641 839 cujus
670 769 912 839 quamvis
948 770 1160 824 mortali
1203 769 1373 825 salute
1401 769 1656 824 mentitur
1686 767 1915 840 (Supra,
1956 785 2072 839 cap.

489 861 558 927 5,
589 878 643 915 ฮท.
677 861 814 931 5-7).

562 953 649 1010 35.
684 953 813 1008 Item
841 953 983 1024 quod
1020 954 1274 1024 scriptum
1305 962 1419 1022 est,
1454 953 1648 1010 Perdes
1674 969 1845 1009 omnes
1883 954 1971 1024 qui
1997 953 2078 1008 lo-

493 1051 709 1113 quuntur
733 1043 1049 1098 mendacium
1076 1062 1095 1099 :
1126 1045 1259 1100 alius
1284 1045 1412 1101 dicit
1439 1045 1644 1100 nullum
1689 1045 1773 1099 hic
1798 1051 2078 1114 exceptum

495 1150 610 1190 esse
640 1135 971 1193 mendacium
992 1179 1008 1205 ,
1040 1138 1133 1193 sed
1176 1153 1335 1194 omne
1360 1138 1689 1193 damnatum.
1718 1138 1869 1193 Alius
1910 1138 2075 1192 dicit:

495 1230 564 1285 Ita
594 1245 741 1296 vero,
774 1230 866 1286 sed
896 1231 986 1301 qui
1012 1231 1299 1302 loquuntur
1320 1247 1389 1288 ex
1420 1231 1582 1287 corde
1608 1231 1963 1299 mendacium,
1996 1245 2082 1287 se-

490 1321 718 1376 cundum
747 1324 1076 1394 superiorem
1105 1324 1537 1395 disputationem;
1557 1338 1679 1379 nam
1705 1325 1981 1380 veritatem
2001 1323 2081 1379 Io-

488 1414 669 1484 quitur
692 1414 745 1469 in
760 1415 943 1481 corde,
964 1417 1051 1485 qui
1077 1416 1187 1471 odit
1204 1416 1494 1472 mentiendi
1511 1417 1901 1482 necessitatem,
1920 1431 2077 1487 quam

491 1520 701 1576 poenam
725 1507 883 1578 hujus
903 1509 1024 1564 vitae
1046 1511 1281 1565 mortalis
1307 1510 1570 1581 intelligit.
1594 1510 1744 1565 Alius
1764 1509 1892 1566 dicit
1916 1528 1927 1563 :
1952 1510 2079 1566 Om-

492 1611 588 1651 nes
616 1597 829 1666 quidem
858 1599 1044 1669 perdet
1073 1601 1213 1655 Deus
1256 1602 1344 1671 qui
1376 1602 1663 1672 loquuntur
1700 1602 2034 1657 mendacium
2060 1644 2076 1669 ,

489 1687 584 1744 sed
611 1705 715 1744 non
746 1705 905 1747 omne
927 1692 1261 1749 mendacium
1286 1710 1300 1746 :
1331 1704 1414 1749 est
1443 1694 1585 1749 enim
1614 1694 1829 1765 aliquod
1858 1694 2080 1750 menda-

488 1780 629 1835 cium
649 1783 788 1851 quod
816 1792 939 1839 tunc
967 1784 1265 1841 insinuabat
1291 1785 1577 1856 Propheta,
1598 1787 1650 1841 in
1676 1801 1782 1857 quo
1805 1787 1934 1842 nulli
1957 1802 2079 1857 par-

487 1881 673 1939 catur;
704 1874 756 1930 id
786 1884 899 1942 est,
929 1878 973 1931 si
1010 1887 1227 1947 peccata
1255 1894 1348 1934 sua
1378 1880 1600 1949 quisque
1625 1879 1869 1935 confiteri
1895 1879 2078 1937 detre-

487 1971 657 2030 ctans,
680 1963 931 2020 defendat
957 1982 1019 2022 ea
1047 1968 1245 2037 potius,
1262 1977 1316 2023 et
1343 1968 1474 2025 nolit
1496 1983 1655 2040 agere
1684 1970 2075 2040 paenitentiam;

486 2061 543 2107 ut
569 2069 753 2123 parum
778 2056 848 2112 sit
866 2057 988 2128 quia
1010 2069 1261 2128 operatur
1288 2060 1643 2131 iniquitatem,
1661 2062 1763 2117 nisi
1807 2063 1967 2118 etiam
1985 2064 2075 2135 ju-

486 2154 603 2202 stus
617 2146 789 2204 videri
807 2150 993 2205 volens
1018 2152 1295 2208 medicinas
1320 2152 1675 2209 confessionis
1695 2170 1802 2210 non
1826 2171 2076 2211 succum-

486 2236 575 2290 bat
600 2256 611 2290 :
636 2246 693 2291 ut
713 2247 767 2294 et
796 2240 907 2308 ipsa
930 2241 1214 2297 verborum
1239 2243 1507 2299 distinctio
1532 2261 1636 2301 non
1664 2247 1807 2302 aliud
1830 2247 2077 2319 intimare

484 2328 746 2397 videatur,
778 2330 945 2388 Odisti
966 2350 1135 2390 omnes
1162 2337 1247 2407 qui
1268 2347 1541 2408 aperantur
1558 2339 1871 2411 iniquitatem
1900 2340 2073 2413 (Psal.

483 2434 551 2487 v,
586 2422 675 2491 7);
707 2423 802 2478 sed
840 2440 944 2480 non
992 2426 1216 2497 perdes,
1244 2429 1291 2483 si
1320 2430 1626 2500 paenitendo
1656 2435 1711 2487 in
1739 2433 2076 2490 confessione

484 2513 759 2569 veritatem
790 2516 1070 2587 loquantur
1089 2561 1102 2585 ,
1133 2529 1192 2575 ut
1220 2520 1463 2578 faciendo
1489 2522 1646 2579 istam
1671 2525 1946 2581 veritatem
1978 2542 2072 2582 vc-

484 2603 631 2658 niant
654 2606 718 2661 ad
744 2606 937 2673 lucem;
959 2610 1095 2664 sicut
1120 2611 1175 2666 in
1193 2613 1479 2683 Evangelio
1495 2614 1787 2671 secundum
1808 2615 2072 2673 Joannem

480 2694 692 2764 dicitur,
714 2698 815 2766 Qui
840 2710 1008 2756 autem
1027 2704 1150 2773 facit
1175 2706 1450 2771 veritatem,
1469 2709 1599 2762 venit
1620 2708 1689 2761 ad
1708 2709 1866 2764 lucem
1886 2709 2068 2781 (Joan.

482 2804 560 2854 III,
592 2789 706 2861 21).
738 2790 928 2848 Perdes
954 2803 1130 2850 autem
1158 2812 1330 2853 omnes
1356 2799 1462 2869 qui,
1495 2815 1603 2856 non
1638 2801 1811 2856 solum
1837 2817 2070 2872 operan-

482 2890 566 2936 tur
587 2883 603 2913 ยน
636 2884 776 2953 quod
802 2886 978 2954 odisti,
999 2889 1092 2943 sed
1122 2891 1280 2945 etiam
1312 2892 1586 2961 loquuntur
1609 2894 1949 2962 mendacium;
1967 2896 2070 2953 fal-

480 2987 593 3027 sam
620 2976 877 3042 justitiam
909 2982 1287 3049 praztendeudo
1306 3025 1321 3051 ,
1354 3000 1456 3041 nec
1481 2985 1533 3041 in
1561 2988 1872 3057 paenitentia
1898 2994 2069 3048 conli-

482 3065 641 3120 tendo
668 3078 901 3137 peccata.

550 3157 638 3213 36.
672 3159 801 3214 Nam
832 3161 898 3218 de
929 3162 1063 3220 falso
1091 3168 1395 3225 testimonio
1415 3212 1430 3238 ,
1462 3171 1605 3241 quod
1638 3172 1688 3227 in
1713 3172 1899 3230 decem
1925 3190 2067 3245 pra:-

477 3252 645 3320 ceplis
671 3252 826 3324 Legis
849 3258 1076 3325 positum
1104 3270 1207 3327 est,
1229 3263 1372 3317 nullo
1389 3264 1550 3321 modo
1575 3265 1788 3336 quidem
1815 3270 2068 3326 contendi

479 3351 654 3412 potest
690 3345 1027 3405 dilectionem
1071 3353 1308 3411 veritatis
1337 3357 1390 3410 in
1432 3356 1595 3413 corde
1622 3361 1936 3416 servandam
1957 3402 1972 3427 ,
2011 3372 2067 3418 et

479 3434 849 3502 proferendum
882 3439 1070 3496 falsum
1117 3442 1180 3496 ad
1211 3458 1332 3499 eum
1372 3446 1515 3517 apud
1543 3464 1704 3519 quem
1733 3451 1925 3507 dicitur
1982 3463 2064 3509 te-

478 3529 805 3587 stimonium.
836 3533 969 3589 Cum
998 3537 1138 3591 enim
1170 3538 1282 3594 Deo
1310 3548 1511 3597 tantum
1542 3542 1753 3613 dicitur,
1787 3555 1913 3602 tunc
1944 3557 2062 3603 tan-

475 3627 585 3674 tum
612 3622 662 3676 in
684 3624 846 3679 corde
872 3626 1068 3681 veritas
1091 3628 1459 3698 amplectenda
1485 3643 1567 3689 est
1589 3651 1604 3688 :
1625 3649 1747 3689 cum
1769 3648 1946 3693 autem
1968 3639 2066 3693 ho-

475 3713 602 3766 mini
642 3714 835 3768 dicitur
854 3758 869 3782 ,
899 3718 1057 3771 etiam
1085 3735 1179 3775 ore
1202 3724 1441 3792 corporis
1466 3739 1647 3780 verum
1685 3729 2063 3796 proferendum

473 3810 585 3866 est;
608 3803 729 3872 quia
761 3806 921 3861 homo
946 3823 1052 3862 non
1072 3817 1155 3863 est
1175 3812 1351 3868 cordis
1372 3814 1658 3885 inspector.
1683 3817 1786 3872 Sed
1819 3820 1974 3889 plane
1993 3821 2063 3877 de

477 3892 591 3961 ipso
612 3896 914 3952 testimonio
935 3914 1039 3954 non
1061 3900 1290 3960 absurde
1306 3906 1562 3975 quaeritur
1582 3909 1719 3977 apud
1739 3927 1898 3982 quem
1916 3915 2064 3983 quis-

473 3998 579 4054 que
605 3988 754 4043 testis
778 3990 867 4045 sit.
900 3990 1014 4048 Non
1042 3995 1183 4052 enim
1211 3997 1352 4067 apud
1378 4014 1744 4073 quoscumque
1769 4005 2059 4077 loquimur,

475 4082 637 4131 testes
663 4094 876 4162 sumus;
896 4084 989 4137 sed
1019 4088 1157 4155 apud
1186 4102 1280 4142 eos
1306 4090 1498 4160 quibus
1521 4093 1736 4162 espedit
1761 4104 1816 4150 et
1838 4096 2064 4155 debetur

474 4181 570 4234 per
599 4154 703 4223 nos
724 4185 1049 4240 cognoscere
1071 4185 1161 4231 aut
1189 4180 1411 4238 credere
1440 4184 1717 4241 veritatem
1751 4204 1765 4241 :
1798 4189 1954 4245 sicuti
1979 4200 2062 4247 est

471 4257 651 4327 iudex,
673 4276 739 4316 ne
768 4262 819 4318 in
841 4263 1130 4333 iudicando
1150 4279 1320 4337 erret;
1337 4282 1428 4329 aut
1454 4276 1544 4345 qui
1570 4278 1796 4335 docetur
1818 4281 2059 4341 doctrina

473 4350 765 4420 religionis,
797 4370 866 4411 ne
891 4368 1035 4413 erret
1059 4359 1111 4413 in
1145 4361 1268 4429 fide,
1296 4375 1386 4420 aut
1414 4365 1530 4437 ipsa
1563 4368 1797 4428 doctoris
1824 4377 2059 4431 auctori-

474 4532 583 4585 vult
607 4546 673 4587 ex
700 4542 751 4590 te
772 4536 971 4607 aliquid
992 4555 1167 4608 nosse,
1191 4546 1280 4614 qui
1310 4562 1427 4603 eam
1457 4566 1571 4607 rem
1593 4554 1781 4622 quasrit
1807 4532 1926 4627 quae
1951 4575 2058 4615 non

474 4624 536 4678 ad
561 4640 682 4682 eum
709 4630 988 4699 pertineat,
1008 4644 1100 4690 aut
1118 4654 1274 4707 quam
1292 4640 1340 4695 ei
1368 4657 1527 4699 nosse
1554 4661 1662 4701 non
1680 4624 1926 4719 expedit;
1948 4668 2055 4709 non

474 4721 680 4784 testem,
700 4718 795 4775 sed
814 4722 1135 4790 proditorem
1153 4730 1394 4799 requirit.
1415 4733 1595 4804 Itaque
1620 4737 1665 4791 si
1682 4738 1732 4793 ei
1754 4718 2052 4811 mentiaris,

472 4821 498 4861 a
520 4806 652 4864 falso
675 4809 899 4869 fortasse
921 4818 1224 4876 testimonio
1244 4823 1449 4881 alienus
1471 4828 1598 4896 eris,
1619 4829 1713 4885 sed
1730 4847 1760 4888 a
1776 4834 2057 4893 mendacio

469 4902 707 4969 profecto
735 4922 840 4962 non
870 4910 995 4965 eris.

538 4993 764 5054 CAPUT
796 5000 978 5057 XVIII.
1011 5035 1083 5047 โ-
1114 5009 1376 5075 Quomodo
1395 5017 1715 5090 accipiendas
1754 5025 1886 5080 alius
1908 5026 2054 5083 Scri-

467 5095 629 5155 ptura:
641 5089 801 5147 locus.
826 5094 1183 5169 Disquisitione
1198 5089 1564 5175 prwcedentiin
1580 5124 1844 5188 utramque
1859 5133 2054 5191 partem

464 5182 586 5248 quid
622 5183 861 5242 hactenus
893 5190 1165 5250 inventum.
1190 5198 1351 5255 Error
1370 5205 1507 5283 mala
1544 5182 1834 5266 metiens-ex
1852 5182 2052 5287 cupidi-

465 5279 567 5326 tate
586 5283 630 5327 et
654 5292 717 5331 ea:
740 5285 1116 5341 consuetudine.
1150 5288 1264 5345 Vita
1283 5279 1461 5350 nostra,
1477 5297 1686 5370 dupla.
1718 5279 1934 5362 Peccata
1954 5312 2052 5365 mi-

464 5378 591 5416 nora
614 5376 665 5420 et
688 5369 734 5422 si
758 5387 860 5426 non
885 5387 1090 5447 propter
1114 5381 1380 5440 utilitatem
1399 5369 1724 5461 temporalem
1742 5438 1757 5463 ,
1785 5415 1851 5452 an
1870 5402 2051 5458 saltem

465 5466 669 5525 propter
678 5464 994 5520 sanctitatem
1012 5474 1312 5530 servandam
1329 5479 1530 5535 admitti
1548 5485 1760 5553 possint.
1777 5487 1937 5547 Salvo
1953 5494 2052 5565 igi-

466 5554 549 5599 tur
575 5563 640 5602 eo
665 5553 805 5619 quod
849 5554 1039 5616 falsum
1086 5567 1444 5625 testimonium
1471 5573 1652 5631 dicere
1682 5595 1953 5653 nunquam
1972 5553 2052 5641 Ii-

463 5644 579 5736 eet,
612 5643 868 5709 quatitur
901 5659 1079 5708 utrum
1110 5656 1262 5713 liceat
1291 5661 1578 5733 aliquando
1607 5643 1843 5728 mentiri.
1876 5676 2048 5736 Autsi

459 5724 649 5787 falsum
681 5736 1041 5796 testimonium
1071 5755 1155 5801 est
1181 5764 1340 5807 omne
1369 5758 1726 5830 mendacium,
1760 5765 2047 5827 videndum

524 5864 541 5898 โธ
576 5867 657 5919 uie
681 5868 796 5924 editi
818 5870 1017 5941 addunt,
1037 5876 1371 5952 iniquitatem;
1389 5901 1500 5955 qua:
1524 5905 1616 5947 vox
1640 5895 1781 5953 abest
1799 5912 1829 5955 a
1848 5909 1953 5955 Mss.

1657 374 1744 430 DE
1774 372 2141 443 MENDACIO,
2181 374 2239 432 S.
2280 374 2645 434 AUGUSTINI

3674 388 3784 448 51!

2186 494 2270 542 est
2317 495 2492 543 utrum
2522 488 2767 546 admittat
2794 492 3286 563 compensationem
3306 536 3322 565 ,
3354 502 3414 552 ut
3458 497 3665 555 dicatur
3695 505 3781 558 vi-

2184 578 2330 634 tandi
2354 581 2570 651 majoris
2592 582 2794 651 peccati
2818 584 2985 654 gratia
3011 603 3023 639 :
3049 585 3188 642 sicut
3207 586 3337 643 illud
3358 589 3499 660 quod
3518 593 3781 664 scriptum

2184 679 2286 736 est,
2322 669 2532 726 Honora
2553 681 2747 742 patrem
2766 684 2815 729 et
2837 686 3047 731 matrem
3072 676 3267 747 (Exod.
3295 694 3387 749 xx,
3419 680 3507 746 l6,
3537 682 3653 754 l2),
3688 700 3781 739 ra-

2185 761 2364 831 piente
2389 761 2565 819 officio
2590 766 2823 834 potioreโ
2851 768 3207 824 contemnitur
3227 786 3243 836 ;
3262 772 3400 827 unde
3426 773 3668 829 ultimum
3687 791 3778 832 se-

2186 856 2413 925 pulturae
2440 855 2698 913 honorem
2742 859 2879 928 patri
2906 858 3221 930 prohibetur
3248 865 3526 921 exsolvere
3547 908 3561 930 ,
3589 866 3680 936 qui
3710 866 3783 923 ab

2186 946 2302 1015 ipso
2332 947 2557 1003 Domino
2599 949 2665 1004 ad
2709 965 2933 1020 regnum
2975 951 3071 1008 Dei
3100 956 3524 1012 annuntiandum
3553 968 3783 1016 vocatur

2190 1036 2400 1108 (Matth.
2426 1055 2519 1094 vm
2541 1081 2555 1107 ,
2578 1039 2695 1113 22).

2257 1130 2347 1184 57.
2380 1129 2508 1185 Item
2535 1131 2678 1202 quod
2706 1134 2964 1205 scriptum
2989 1145 3107 1207 est,
3150 1137 3366 1197 Verbum
3386 1142 3640 1215 excipiens
3660 1149 3680 1178 โ
3712 1148 3784 1217 [i-

2186 1223 2282 1277 lius
2310 1240 2342 1278 a
2371 1225 2651 1295 perditione
2684 1228 2833 1301 longe
2866 1230 3024 1286 aberit
3052 1248 3072 1286 :
3103 1233 3357 1305 excipiens
3383 1245 3551 1291 autem
3594 1240 3784 1309 excipit

2184 1316 2316 1371 illud
2333 1318 2446 1385 sibi,
2467 1329 2512 1374 et
2528 1320 2657 1375 nihil
2669 1323 2789 1392 falsi
2810 1323 2873 1377 de
2893 1341 2979 1379 ore
2998 1326 3158 1397 ipsius
3180 1328 3404 1398 procedit
3421 1327 3604 1398 (Prov.
3628 1348 3779 1399 XXIX,

2183 1408 2299 1480 27);
2319 1410 2446 1466 dicit
2471 1412 2684 1483 aliquis,
2701 1429 2807 1469 non
2823 1415 2964 1471 aliud
2988 1416 3073 1472 hic
3099 1419 3467 1488 accipiendum
3495 1436 3617 1477 esse
3633 1423 3780 1493 quod

2186 1503 2416 1571 positum
2446 1514 2550 1570 est,
2574 1506 2847 1577 Excipiam
2867 1510 3070 1563 verbum
3091 1511 3249 1578 filius,
3280 1513 3384 1568 nisi
3410 1514 3634 1569 verbum
3659 1515 3778 1584 Dei,

2183 1595 2321 1665 quod
2349 1605 2433 1651 est
2459 1598 2679 1654 veritas.
2703 1599 2861 1671 Ergo,
2880 1599 3155 1673 Excipiens
3178 1604 3436 1658 veritatem
3456 1606 3596 1674 [ilius
3611 1624 3642 1660 (ฮน
3660 1624 3782 1677 per-

2185 1688 2372 1743 ditione
2393 1688 2538 1762 longe
2562 1692 2740 1760 aberit,
2762 1693 2993 1749 refertur
3016 1694 3083 1749 ad
3113 1695 3244 1752 illud
3273 1697 3415 1767 quod
3444 1698 3644 1754 dictum
3670 1710 3778 1769 est,

2186 1778 2377 1835 Perdes
2397 1798 2568 1838 omnes
2586 1784 2672 1854 qui
2702 1784 2975 1855 loquuntur
2995 1788 3331 1843 mendacium.
3355 1789 3507 1858 Quod
3535 1806 3664 1847 vero
3686 1808 3781 1849 se-

2183 1872 2386 1944 quitur,
2408 1873 2684 1947 Excipieus
2700 1885 2870 1934 autem
2887 1880 3073 1954 excipit
3091 1881 3221 1937 illud
3244 1881 3361 1948 sibi,
3380 1883 3507 1953 quid
3537 1884 3680 1940 aliud
3698 1886 3782 1942 in-

2184 1963 2394 2032 sinuat,
2426 1966 2526 2022 nisi
2570 1967 2713 2038 quod
2738 1969 3026 2039 Apostolus
3052 1972 3213 2041 dicit,
3248 1971 3394 2045 Opus
3424 1966 3596 2032 autem
3627 1991 3782 2031 suum

2185 2056 2355 2124 probet
2377 2060 2735 2131 unusquisque,
2754 2070 2801 2115 et
2822 2070 2941 2116 tunc
2961 2062 3013 2117 in
3033 2064 3298 2135 semetipso
3320 2065 3517 2122 habebit
3535 2068 3777 2141 glorians,

2184 2156 2231 2199 et
2253 2163 2353 2201 non
2376 2149 2429 2202 in
2467 2150 2628 2204 altero
2658 2150 2853 2223 (Galat.
2887 2168 2970 2219 vi,
3003 2153 3104 2225 ฯ
3131 2154 3231 2222 Qui
3264 2157 3406 2212 enim
3435 2160 3635 2230 excipit
3657 2176 3781 2217 ver-

2183 2235 2307 2292 bum
2328 2277 2344 2303 ,
2376 2238 2429 2293 id
2466 2248 2549 2294 est
2578 2242 2856 2297 veritatem
2876 2284 2890 2308 ,
2935 2258 3042 2299 non
3088 2245 3188 2301 sibi
3210 2287 3225 2312 ,
3255 2248 3350 2304 sed
3382 2259 3438 2304 ut
3466 2249 3777 2311 hominibus

2182 2318 2408 2395 placeat,
2431 2344 2535 2384 non
2552 2344 2670 2385 eam
2700 2332 2951 2400 custodit,
2971 2349 3091 2390 cum
3118 2337 3195 2393 eis
3228 2338 3375 2395 videt
3399 2341 3592 2411 placari
3611 2359 3777 2414 posse

2181 2416 2480 2473 mendacio.
2515 2418 2615 2487 Qui
2643 2429 2820 2476 autem
2847 2423 3045 2493 excipit
3070 2426 3193 2494 sibi,
3219 2427 3351 2484 nihil
3378 2430 3564 2486 falsum
3587 2431 3656 2488 de
3677 2449 3778 2491 ore

2182 2508 2347 2579 ipsius
2397 2513 2669 2581 procedit;
2709 2517 2832 2587 quia
2879 2520 3039 2575 etiam
3086 2535 3208 2577 cum
3252 2524 3428 2593 placet
3470 2526 3779 2587 hominibus

2180 2601 2515 2658 mendacium
2533 2647 2551 2674 ,
2576 2620 2684 2661 non
2709 2608 2966 2665 mentitur
2989 2610 3078 2667 ille
3103 2614 3195 2683 qui
3222 2616 3501 2673 veritatem
3521 2658 3539 2686 ,
3566 2634 3673 2675 non
3702 2621 3776 2677 de

2179 2708 2283 2763 qua
2315 2694 2419 2751 illis
2438 2737 2454 2763 ,
2482 2696 2578 2752 sed
2608 2696 2674 2754 de
2700 2714 2804 2770 qua
2833 2700 2946 2756 Deo
2972 2702 3245 2774 placeret,
3278 2710 3488 2778 excepit
3514 2710 3638 2766 sibi.
3670 2710 3777 2766 Ita-

2178 2798 2283 2854 que
2309 2800 2415 2841 non
2443 2795 2527 2843 est
2567 2803 2664 2845 cur
2710 2791 2799 2847 hic
2823 2790 3032 2849 dicatur
3050 2837 3065 2862 ,
3097 2794 3297 2853 Omnes
3321 2800 3535 2870 quidem
3581 2804 3776 2874 perdet

2178 2878 2267 2947 qui
2309 2878 2595 2950 loquuntur
2635 2884 3007 2955 mendacium,
3054 2889 3150 2944 sed
3195 2906 3303 2946 non
3344 2907 3503 2950 omne
3542 2897 3774 2953 menda-

2178 2971 2318 3026 cium
2345 2990 2358 3026 :
2380 2973 2592 3043 quando
2617 2977 2992 3036 universaliter
3020 2984 3197 3038 omnia
3227 2987 3502 3044 mendacia
3528 2990 3770 3047 circum-

2177 3062 2283 3116 cisa
2312 3073 2436 3118 sunt
2472 3065 2525 3120 in
2554 3082 2621 3123 eo
2648 3069 2791 3139 quod
2816 3070 3014 3128 dictum
3040 3083 3124 3130 est
3142 3116 3157 3141 ,
3189 3075 3257 3131 Et
3279 3080 3408 3134 nihil
3424 3082 3550 3152 falsi
3575 3083 3641 3136 de
3677 3099 3776 3139 ore

2176 3153 2336 3223 ipsius
2374 3158 2618 3225 procedit.
2648 3158 2752 3215 Sed
2777 3160 2907 3217 dicit
2942 3163 3077 3219 alius
3102 3166 3173 3221 ita
3201 3182 3319 3224 esse
3346 3171 3720 3240 accipiendum
3748 3218 3768 3244 ,

2174 3245 2313 3300 sicut
2338 3247 2547 3318 accepit
2569 3251 2842 3320 apostolus
2863 3252 3061 3310 Paulus
3083 3257 3225 3328 quod
3251 3259 3324 3313 ait
3348 3244 3622 3327 Dominus,
3650 3263 3771 3336 Ego

2172 3346 2339 3392 autem
2377 3340 2491 3395 dico
2528 3343 2698 3409 vobis,
2727 3362 2829 3399 non
2842 3346 3027 3413 jurare
3062 3351 3268 3406 omnino
3292 3352 3507 3427 (Matth.
3552 3372 3621 3423 ฮฝ,
3647 3359 3767 3431 54).

2170 3427 2302 3484 Nam
2331 3438 2387 3486 et
2429 3431 2516 3488 hic
2538 3435 2712 3491 omnis
2731 3436 2932 3506 juratio
2957 3439 3272 3497 circumcisa
3317 3454 3432 3512 est;
3460 3446 3555 3503 sed
3579 3448 3648 3503 ab
3670 3427 3772 3505 ore

2170 3523 2380 3591 cordis,
2428 3535 2485 3580 ut
2525 3542 2794 3599 nunquam
2821 3532 3111 3589 voluntatis
3136 3537 3521 3606 approbatione
3569 3540 3767 3611 fieret,

2170 3614 2265 3670 sed
2294 3619 2612 3674 necessitate
2643 3621 2967 3680 infirmitatis
3011 3612 3281 3697 alterius,
3317 3629 3369 3684 id
3412 3640 3528 3698 est,
3559 3648 3590 3688 a
3620 3635 3770 3691 malo

2169 3708 2411 3775 alterius,
2436 3711 2522 3767 cui
2547 3727 2652 3767 non
2678 3715 2834 3772 aliter
2860 3717 3069 3774 videtur
3098 3722 3407 3791 persuaderi
3441 3741 3598 3796 posse
3617 3728 3768 3799 quod

2168 3800 2395 3869 dicitur,
2430 3804 2530 3859 nisi
2556 3805 2785 3874 jurando
2836 3809 2967 3866 fides
2992 3811 3114 3879 fiat;
3141 3823 3232 3870 aut
3277 3817 3345 3871 ab
3376 3818 3468 3874 illo
3493 3822 3633 3875 malo
3659 3836 3764 3877 no-

2169 3899 2304 3958 stro,
2322 3895 2468 3964 quod
2493 3895 2649 3968 hujus
2680 3903 3018 3960 mortalitatis
3040 3905 3213 3963 adhuc
3243 3911 3469 3979 pellibus
3494 3914 3716 3970 involuti
3740 3956 3760 3982 ,

2169 3997 2263 4039 cor
2287 3995 2525 4042 nostrum
2571 4004 2679 4045 non
2709 3993 2950 4051 valemus
2976 3999 3258 4056 ostendere
3289 4018 3302 4054 :
3336 4004 3479 4073 quod
3506 4006 3685 4077 utique
3711 4009 3760 4063 si

2167 4074 2487 4145 valeremus,
2503 4079 2772 4149 juratione
2790 4099 2925 4155 opus
2944 4104 3048 4143 non
3075 4101 3237 4146 esset.
3258 4092 3569 4169 Quanquam
3597 4099 3765 4156 etiam

2168 4165 2223 4220 in
2251 4166 2352 4224 hac
2395 4178 2501 4226 tota
2530 4176 2793 4230 sententia
2814 4217 2830 4242 ,
2863 4178 2909 4233 si
2933 4181 3077 4251 quod
3106 4182 3306 4240 dictum
3332 4165 3449 4253 est,
3482 4165 3766 4260 Excipiens

2167 4258 2369 4314 verbum
2397 4263 2536 4330 ๏ฌlius
2561 4282 2594 4319 a
2622 4268 2904 4338 perditione
2930 4271 3079 4344 longe
3105 4275 3263 4329 aberit
3280 4317 3294 4343 ,
3328 4277 3394 4333 de
3420 4280 3530 4348 ipsa
3559 4258 3765 4339 dictum

2167 4361 2248 4404 est
2281 4350 2512 4411 Veritate
2541 4372 2637 4427 per
2660 4375 2818 4429 quam
2854 4363 2990 4418 facta
3017 4376 3140 4421 sunt
3169 4369 3345 4424 omnia
3367 4411 3382 4436 ,
3412 4387 3529 4441 qua:
3554 4374 3767 4429 incont-

2166 4444 2437 4501 mutabilis
2472 4462 2686 4520 semper
2729 4462 2941 4521 manet;
2971 4458 3222 4527 quoniam
3269 4461 3509 4518 doctrina
3541 4465 3767 4535 religio-

2166 4535 2251 4591 nis
2271 4535 2339 4591 ad
2365 4553 2484 4594 eam
2517 4545 2983 4614 contemplandam
3011 4546 3303 4619 perducere
3330 4553 3516 4609 nititur
3534 4598 3551 4623 ,
3583 4565 3766 4626 potest

2165 4628 2333 4685 videri
2361 4631 2428 4687 ad
2460 4634 2562 4689 hoc
2590 4650 2712 4692 esse
2739 4637 2958 4707 dictum,
2990 4640 3058 4695 Et
3089 4643 3217 4698 nihil
3242 4646 3363 4716 falsi
3394 4648 3455 4701 de
3482 4664 3570 4704 ore
3597 4650 3766 4720 ipsius

2164 4723 2411 4791 procedit,
2440 4735 2497 4780 ut
2522 4727 2653 4783 nihil
2682 4728 2802 4786 falsi
2829 4733 2969 4802 quod
2998 4733 3066 4789 ad
3094 4735 3390 4793 dectrinam
3420 4742 3650 4811 pertinet
3673 4743 3764 4799 di-

2163 4820 2268 4866 cat.
2301 4815 2453 4882 Quod
2484 4820 2745 4876 mcndacii
2786 4839 2954 4894 genus
2998 4826 3144 4882 nulla
3184 4830 3404 4886 omnino
3433 4847 3763 4903 compensa-

2165 4903 2309 4961 tione
2334 4908 2687 4977 subeundum,
2707 4914 3025 4986 penitusque
3050 4934 3114 4974 ac
3132 4922 3398 4992 praecipue
3414 4916 3761 4981 devitandum

2163 5007 2265 5053 est.
2283 5001 2387 5055 Aut
2412 5003 2455 5056 si
2477 5004 2617 5073 quod
2643 5005 2842 5062 dictum
2870 5019 2972 5077 est,
2995 5012 3124 5067 nihil
3146 5014 3287 5083 falsi,
3306 5015 3534 5073 absurde
3559 5019 3764 5089 accipi-

2164 5098 2267 5158 tur,
2292 5092 2337 5147 si
2367 5095 2560 5173 nonad
2592 5112 2752 5155 omne
2778 5101 3116 5159 mendacium
3144 5106 3409 5164 referatur
3429 5110 3480 5177 ยณอพ
3511 5112 3653 5183 quod
3674 5114 3766 5169 di-

2161 5190 2301 5238 ctum
2327 5194 2427 5250 est.
2448 5185 2510 5240 de
2528 5204 2613 5242 ore
2637 5190 2819 5260 ipsius,
2840 5196 3129 5253 secundum
3156 5202 3489 5272 superiorem
3515 5205 3764 5275 disputa-

2162 5274 2358 5331 tionem
2386 5292 2447 5333 os
2473 5280 2650 5337 cordis
2673 5284 3042 5367 accipiendum
3069 5306 3189 5348 esse
3215 5296 3513 5365 contendit,
3537 5274 3629 5369 qui
3654 5300 3758 5355 ali-

2158 5370 2371 5436 quando
2393 5378 2543 5440 putat
2561 5388 2681 5430 esse
2700 5355 3090 5436 mentiendum.

2221 5481 2240 5550 ฮพ
2275 5479 2463 5550 aliquot
2486 5490 2613 5545 Mss,
2637 5486 2850 5550 fortiore.

2220 5541 2260 5621 แผถ-
2277 5541 2721 5621 ฮจแฝทแฟฮฒแฝทแฝฒแผฮธฮนแฝทฮธฮฝฮธแฝทฮดฮดฮ
2749 5552 2950 5613 habent,
2973 5556 3262 5621 ฮตฯฯแฝฑแฝทฮตแฟฮนฮด,
3287 5560 3378 5612 hoc
3400 5569 3588 5615 tantum
3609 5571 3662 5614 et
3683 5563 3763 5615 ฮนฮน.

2156 5608 2266 5690 tero
2290 5602 2990 5690 Ipcojnfravpost,_(mtmqttt_131t
3006 5602 3243 5690 Sinin};
3247 5602 3480 5690 12233.;
3484 5602 3761 5690 โแผทแฝณแฟแฟฮนฮพแฟฮนแฟ

2158 5670 2427 5752 entELAApud
2463 5670 2591 5729 LXX.
2622 5674 2669 5724 iu
2692 5670 2992 5740 Pioverhiis,
3013 5692 3117 5743 cap.
3157 5682 3234 5743 24,
3277 5670 3480 5747 legitur,
3502 5670 3764 5752 แฟฮนแฝถแฝถแฝถแฝถแพถแผแฟถแผถ

2222 5766 2377 5875 แผดฮดฮพฮนแฝณ
2400 5794 2675 5875 ฮธฮฒแฝทฮพฮพฯแฝณ,ฮนฮฟฮฝ.
2699 5808 2806 5875 ฮพแฝทฮนฮปฮฝฮน
2822 5802 2945 5875 sic)โ
2968 5805 3097 5865 quod
3132 5805 3315 5875 diem."
3344 5816 3444 5870 ฯฮตฮตฮฝ
3464 5810 3592 5875 ฮฝยนยนยนยนฮปแฝทยน
3619 5811 3759 5875 ฯแฝฑฮธโ

2157 5852 2711 5949 แผฐฮดแฝฒฮทฯแฝทแฝณฮนฮพฯฯแฝทแฝถแฝถฯแฝฒฯแฝณฮฝฮนแฝฒ
2727 5863 2901 5949 ""2
3056 5852 3633 5949 แฟฅฮนแฝณแฝทแฝณแฝฑแฝถแฝทแฝฒแฝณฮนแฝถฮนแฟแผแฝณแฝทแฝฒแฟฮฑแฝถฮฑแฝฒ
3640 5887 3663 5941 แฝท
3674 5852 3763 5935 แผทแฝณ

2055 5947 2074 5972 ฮต
2161 5915 2289 5981 quod
2312 5915 2500 5971 dictum"
2518 5925 2606 5990 est,
2628 5915 2747 5989 ete.,
2772 5926 2930 5979 minus
2950 5915 3099 5985 bene.
