4070 6334
345 482 441 540 δι
471 481 602 539 Haec
637 489 785 539 certe
806 478 982 538 omnis
1009 479 1297 552 disputatio
1323 477 1572 550 quamvis
1597 475 1846 539 alternet,

284 576 390 633 aliis
414 573 783 631 asserentibus
822 587 1092 643 nunquam
1128 586 1249 627 esse
1269 569 1661 636 mentiendum,
1689 576 1746 624 et
1788 565 1857 622 ad

282 668 375 724 hoc
397 667 578 722 divina
610 664 911 722 testimonia
940 662 1319 728 recitantibus;
1344 661 1462 716 aliis
1488 657 1862 715 contradicen-

282 759 433 825 tibus,
463 768 521 815 et
569 758 709 815 inter
753 759 866 829 ipsa
892 758 1053 813 verba
1081 756 1383 812 divinorum
1428 753 1859 810 testimoniorum

278 850 549 908 mendacio
599 851 777 906 locum
817 848 1216 921 quaerentibus:
1241 861 1399 904 nemo
1451 855 1629 901 tamen
1683 852 1862 916 potest

277 943 468 1009 dicere,
494 942 599 998 hoc
625 955 687 998 se
711 941 874 996 autin
897 940 1147 1011 exemplo
1171 946 1266 994 aut
1290 939 1343 993 in
1364 938 1531 994 verbo
1556 936 1859 1007 Scriptura—

276 1052 384 1093 rum
413 1035 681 1103 invenire,
711 1042 769 1089 ut
805 1033 1131 1105 diligendum
1158 1032 1247 1089 vel
1272 1046 1378 1087 non
1403 1030 1527 1086 odio
1553 1028 1855 1085 habendum

277 1128 435 1184 ullum
460 1127 801 1184 mendacium
833 1126 1106 1191 videatur;
1136 1123 1233 1181 sed
1256 1123 1522 1180 interdum
1547 1120 1858 1178 mentiendo

272 1218 570 1276 faciendum
614 1233 741 1276 esse
791 1218 934 1289 quod
983 1217 1181 1285 oderis,
1230 1226 1290 1272 ut
1313 1216 1453 1287 quod
1476 1214 1707 1286 amplius
1756 1214 1855 1271 de-

274 1310 577 1367 testandum
603 1318 689 1366 est
707 1308 992 1365 devitetur.
1038 1308 1143 1365 Sed
1176 1309 1231 1364 in
1254 1308 1356 1363 hoc
1377 1317 1560 1364 errant
1588 1306 1852 1370 homines,

272 1402 404 1474 quod
424 1401 664 1458 subdunt
683 1402 916 1474 pretiosa
943 1401 1241 1457 vilioribus.
1277 1401 1413 1458 Cum
1437 1403 1582 1458 enim
1626 1415 1852 1457 conces-

273 1496 399 1552 seris
454 1494 844 1551 admittendum
883 1508 1005 1551 esse
1048 1493 1259 1565 aliquod
1308 1493 1544 1559 malum,
1593 1508 1661 1549 ne
1711 1492 1854 1547 aliud

271 1588 476 1659 gravius
526 1586 887 1653 admittatur;
936 1600 1042 1641 non
1090 1600 1159 1641 ex
1214 1585 1404 1656 tegula
1456 1583 1715 1650 veritatis,
1756 1582 1853 1639 sed

271 1697 328 1736 es
352 1695 450 1735 sua
474 1684 704 1750 quisque
726 1678 1015 1749 cupiditate
1041 1686 1201 1748 atque
1228 1676 1615 1733 consuetudine
1635 1678 1853 1732 metitur

269 1771 497 1838 malum;
523 1779 579 1827 et
605 1770 658 1826 id
676 1778 824 1841 putat
850 1770 1081 1841 gravius,
1104 1768 1245 1840 quod
1266 1769 1382 1839 ipse
1405 1768 1633 1838 amplius
1652 1766 1851 1824 exhor-

269 1865 446 1931 rescit,
474 1878 584 1919 non
610 1861 755 1933 quod
786 1861 1019 1932 amplius
1054 1875 1241 1917 revera
1268 1858 1575 1930 fugiendum
1603 1867 1705 1914 est.
1739 1858 1852 1914 Hoc

271 1966 430 2016 totum
441 1957 512 2013 ab
524 1956 724 2012 amoris
734 1954 1088 2026 perversitate
1100 1953 1334 2025 gignitur
1347 1951 1691 2008 vitium.Cum
1709 1950 1850 2007 enim

269 2052 379 2108 dua:
400 2052 512 2106 sint
531 2050 654 2106 vitae
674 2057 916 2116 nostras;
946 2062 1052 2103 una
1076 2049 1423 2119 sempiterna,
1451 2062 1571 2119 quas
1593 2046 1849 2102 divinitus

268 2144 617 2216 promittitur;
662 2142 831 2198 altera
864 2138 1191 2211 temporalis,
1216 2140 1270 2195 in
1298 2155 1404 2211 qua
1451 2154 1591 2195 nunc
1622 2152 1845 2201 sumus:

266 2251 388 2293 cum
414 2236 635 2307 quisque
664 2235 823 2290 istam
852 2231 1205 2303 temporalem
1235 2231 1463 2301 amplius
1482 2230 1710 2301 diligere
1733 2244 1849 2285 cm-

265 2330 418 2401 perit,
450 2344 608 2400 quam
650 2327 796 2383 illam
840 2326 1241 2397 sempiternam,
1283 2333 1502 2396 propter
1527 2323 1667 2381 hanc
1689 2338 1847 2395 quam

263 2421 444 2492 diligit,
478 2428 631 2491 putat
672 2433 793 2475 esse
837 2418 1016 2473 omnia
1057 2416 1297 2472 facienda
1320 2432 1339 2482 ;
1361 2430 1462 2472 nec
1488 2415 1596 2470 ulla
1618 2415 1851 2471 aestimat

261 2513 501 2584 graviora
538 2526 777 2581 peccata,
815 2524 976 2582 quam
1011 2524 1133 2580 quae
1165 2509 1287 2564 huic
1309 2508 1432 2563 vitm
1458 2508 1661 2564 faciunt
1704 2507 1847 2577 inju-

261 2606 408 2667 riam,
436 2612 493 2659 et
516 2603 599 2659 vel
617 2604 668 2659 ei
693 2601 1090 2658 commoditatis
1109 2599 1309 2672 aliquid
1325 2602 1341 2633 ι
1374 2601 1555 2672 inique
1580 2609 1635 2656 et
1659 2600 1848 2656 illicito

260 2695 526 2761 auferunt,
552 2704 647 2749 aut
670 2710 789 2750 eam
835 2695 1048 2764 penitus
1073 2692 1216 2747 illata
1255 2701 1428 2748 morte
1453 2692 1714 2748 adimunt.
1739 2690 1845 2747 Ita-

259 2801 352 2858 que
381 2787 551 2855 fures,
606 2795 661 2841 et
686 2795 949 2856 raptores,
992 2794 1045 2840 et
1071 2784 1516 2849 contumeliosos,
1538 2795 1593 2840 et
1615 2794 1846 2842 tortores

258 2890 409 2950 atque
447 2878 823 2934 interfectores
861 2877 1030 2948 magis
1080 2876 1344 2941 oderunt,
1386 2890 1546 2947 quam
1593 2876 1841 2944 lascivos,

255 2971 517 3038 ebriosos,
552 2970 879 3037 luxuriosos,
909 2968 957 3025 si
984 2968 1119 3024 nulli
1150 2969 1363 3025 molesti
1392 2970 1520 3023 sint.
1545 2968 1660 3023 Non
1699 2969 1843 3025 enim

254 3065 574 3135 intelligunt,
598 3070 691 3116 aut
731 3061 952 3116 omnino
990 3068 1201 3128 curant,
1234 3060 1375 3131 quod
1398 3061 1483 3116 isti
1514 3060 1624 3116 Deo
1648 3060 1845 3116 faciant

253 3158 496 3229 injuriam
528 3173 544 3222 ;
579 3171 685 3211 non
702 3154 917 3226 quidem
941 3154 993 3208 in
1024 3154 1167 3209 illius
1182 3154 1399 3224 aliquod
1418 3154 1839 3221 incommodum,

250 3251 343 3308 sed
371 3252 428 3305 in
469 3265 623 3306 suam
662 3264 911 3320 magnam
961 3248 1283 3319 perniciem;
1314 3263 1435 3303 cum
1477 3249 1616 3303 dona
1645 3247 1760 3319 ejus
1785 3249 1841 3303 in

249 3359 306 3401 se
355 3350 727 3412 corrumpunt,
753 3341 915 3396 etiam
946 3339 1282 3411 temporalia,
1310 3348 1472 3410 atque
1504 3340 1631 3409 ipsis
1658 3354 1843 3395 corm-

249 3436 520 3507 ptionibus
544 3445 860 3491 aversantur
882 3444 1079 3489 teterna
1109 3451 1123 3488 :
1149 3433 1380 3488 maxime
1400 3432 1442 3488 si
1455 3432 1564 3502 jam
1583 3434 1840 3503 templum

252 3528 341 3585 Dei
369 3543 495 3584 esse
522 3534 837 3598 coeperunt;
866 3524 1007 3596 quod
1035 3524 1355 3580 Christianis
1399 3524 1649 3578 omnibus
1696 3524 1840 3594 Apo-

250 3620 415 3675 stolus
472 3618 551 3673 ita
598 3617 729 3672 dicit
762 3634 775 3670 :
808 3615 1034 3671 Nescitis
1058 3616 1178 3688 quia
1217 3615 1459 3685 temﬂum
1483 3613 1579 3668 Dei
1604 3616 1743 3680 estis,
1790 3625 1840 3671 et

249 3712 474 3782 Spiritus
516 3709 615 3764 Dei
649 3709 842 3763 habitat
885 3709 940 3762 in
985 3707 1159 3762 nobis?
1190 3706 1428 3778 Quisquis
1462 3707 1705 3778 templum
1744 3706 1841 3762 Dei

248 3802 551 3873 corruperit,
578 3809 866 3870 corrumpet
901 3798 1049 3854 illum
1077 3798 1237 3853 Deus.
1268 3796 1537 3869 Templum
1564 3799 1699 3853 enim
1742 3797 1841 3855 Dei

246 3904 477 3949 sanctum
500 3902 596 3961 est,
621 3892 758 3960 quod
784 3892 902 3946 estis
929 3907 1016 3946 vos
1031 3889 1073 3963 (1
1099 3890 1217 3946 Cor.
1251 3905 1325 3957 tu,
1361 3890 1429 3947 16
1446 3898 1493 3944 et
1511 3889 1623 3961 l7).

316 3987 410 4041 ‘59.
450 3986 519 4041 Et
542 3985 722 4041 omnia
761 3984 975 4055 quidem
1001 3984 1102 4040 ista
1127 3991 1365 4055 peccata,
1394 3983 1508 4038 sive
1532 3983 1729 4053 quibus
1751 3983 1838 4038 in.

244 4082 392 4151 juria
450 4081 508 4135 iit
531 4080 833 4136 hominibus
854 4080 909 4134 in
957 4079 1087 4150 ipsis
1133 4078 1256 4133 vitae
1298 4077 1457 4148 hujus
1480 4077 1834 4145 commodis”,

247 4177 362 4230 sive
389 4175 581 4246 quibus
605 4190 667 4231 se
692 4174 795 4243 ipsi
819 4173 1063 4229 homines
1079 4182 1451 4243 corrumpunt,
1479 4181 1533 4228 et
1556 4172 1687 4227 nulli
1705 4172 1838 4227 invi-

248 4277 301 4323 to
328 4277 529 4325 nocent
556 4285 569 4321 :
600 4267 778 4323 omnia
798 4281 925 4338 ergo
942 4268 1043 4322 ista
1060 4276 1295 4337 peccata,
1323 4266 1530 4322 etiamsi
1551 4265 1675 4321 huic
1700 4274 1838 4322 tem-

247 4361 414 4431 porali
462 4361 587 4415 vitae
623 4359 690 4414 ad
734 4358 965 4429 aliquam
993 4359 1402 4414 delectationem
1443 4359 1527 4413 vel
1556 4358 1838 4413 utilitatem

246 4455 496 4512 videntur
524 4454 809 4510 consulere
857 4453 1003 4527 (nam
1044 4452 1221 4507 nullus
1266 4450 1468 4522 aliquid
1498 4452 1690 4506 horum
1731 4451 1835 4505 alio

246 4546 524 4617 preposito
549 4560 613 4601 ac
641 4546 748 4601 line
774 4542 1118 4614 committit);
1167 4551 1343 4599 tamen
1373 4542 1440 4597 ad
1462 4542 1621 4613 ,illam
1646 4543 1832 4610 vitam,

247 4654 363 4710 qua:
392 4638 723 4709 sempiterna
748 4646 852 4705 est,
894 4635 1197 4707 implicatos
1231 4634 1484 4690 omnibus
1532 4633 1708 4689 modis
1736 4635 1837 4688 im-

245 4731 485 4801 pediunt.
525 4728 731 4784 Horum
773 4736 951 4783 autem
978 4726 1078 4781 alia
1100 4733 1224 4781 sunt
1248 4739 1369 4795 qua:
1407 4724 1552 4780 solos
1581 4723 1840 4781 facientes

245 4821 564 4892 impediunt,
604 4819 707 4874 alia
748 4834 867 4891 quas
909 4833 1003 4875 eos
1028 4818 1187 4874 etiam
1224 4817 1280 4871 in
1304 4817 1496 4886 quibus
1522 4816 1678 4871 fiunt.
1705 4816 1837 4872 Nam

246 4914 331 4969 illa
359 4930 485 4986 quae
504 4912 750 4969 utilitatis
765 4911 833 4967 ad
857 4910 996 4966 hanc
1011 4911 1172 4965 vitam
1199 4908 1518 4981 pertinentis
1546 4909 1713 4979 gratia
1733 4925 1841 4965 ser-

244 5015 460 5070 rantur,
508 5020 632 5060 cum
681 5002 996 5059 auferuntur
1020 5003 1087 5057 ab
1118 5000 1420 5071 injuriosis;
1466 5000 1544 5055 illi
1573 5001 1674 5057 soli
1710 5016 1838 5072 pec-

243 5108 390 5166 cant,
422 5105 480 5153 et
503 5112 535 5151 a
566 5097 673 5151 vita
712 5105 913 5151 :eterna
956 5095 1338 5165 impediuntur,
1377 5094 1468 5163 qui
1505 5108 1567 5148 ea
1614 5093 1835 5159 faciunt,

242 5203 353 5246 non
386 5189 424 5243 ii
474 5188 670 5260 quibus
704 5187 923 5242 iaciunt.
967 5186 1150 5257 Itaque
1168 5186 1379 5242 etiamsi
1407 5201 1469 5241 ea
1495 5186 1595 5241 sibi
1638 5187 1838 5243 auferri

240 5285 478 5357 quisque
497 5281 819 5347 consentiat,
846 5280 929 5337 vel
966 5297 1034 5336 ne
1064 5279 1225 5336 faciat
1248 5279 1449 5351 aliquid
1485 5280 1630 5346 mali,
1659 5282 1741 5336 vel
1772 5296 1839 5337 ne

238 5373 299 5434 iu
332 5376 417 5430 his
448 5374 582 5445 ipsis
609 5373 781 5444 majus
820 5372 1022 5443 aliquid
1062 5371 1385 5427 incommodi
1436 5373 1699 5442 patiatur;
1729 5389 1837 5429 non

238 5467 424 5523 solum
452 5483 561 5522 non
586 5475 795 5537 peccat,
828 5465 923 5521 sed
953 5465 1085 5521 illud
1133 5454 1344 5521 fortiter
1387 5475 1442 5522 et
1479 5466 1834 5536 laudabiliter,

243 5563 353 5617 hoc
382 5562 586 5617 utiliter
609 5570 661 5615 et
685 5560 1078 5630 inculpabilitcr
1107 5561 1250 5616 facit.
1278 5560 1407 5628 Quae
1437 5573 1614 5617 autem
1643 5562 1840 5616 sancti-

246 5655 377 5711 tatis
403 5654 786 5725 religionisque
813 5668 975 5709 causa
1003 5665 1305 5723 servantur,
1347 5671 1470 5711 cum
1495 5656 1609 5712 haec
1638 5656 1843 5721 violare

313 5792 335 5826 ⁸
369 5798 497 5850 κει,
531 5796 578 5842 et
600 5789 674 5843 vel
703 5791 809 5856 ejus
831 5789 1150 5856 eomditati
1171 5790 1372 5856 aliquid.

311 5857 341 5890 ³
368 5858 569 5909 είεκει
595 5862 653 5906 At
676 5853 1137 5911 editiJncmmtodis

1681 359 1887 420 LIBER
1925 358 2126 420 UNUS.

3454 385 3561 443 δη

1971 476 2213 547 injuriosi
2262 483 2559 550 voluerint;
2614 486 2777 544 etiam
2818 490 3047 559 peccatis
3080 493 3391 565 minoribus,
3440 514 3548 557 non

1967 575 2147 624 tamen
2167 569 2374 641 injuriis
2402 573 2652 643 aliorum,
2679 578 2725 631 si
2755 578 2992 635 conditio
3024 585 3335 653 proponitur
3377 595 3432 643 et
3456 587 3542 643 fa-

1966 659 2135 716 cultas
2153 663 2327 731 datur,
2349 664 2655 721 redimenda
2674 677 2817 725 sunt.
2833 669 2900 725 Et
2919 679 3044 727 tunc
3060 672 3169 743 jam
3191 675 3278 730 illa
3297 675 3551 736 desinunt

1965 764 2084 808 esse
2103 763 2337 823 peccata,
2352 771 2470 827 quae
2496 768 2716 829 propter
2733 762 2976 832 graviora
2996 763 3214 821 vitanda
3236 767 3547 839 suscipiun-

1965 851 2071 899 tur.
2089 844 2469 905 Sicutenimiu
2491 851 2652 908 rebus
2680 854 2922 922 utilibus,
2968 856 3114 912 velut
3142 857 3196 912 in
3236 861 3549 929 pecuniario

1963 939 2135 995 aliove
2158 942 2339 1012 aliquo
2359 945 2642 1001 commodo
2680 949 2999 1018 corporali‘,
3040 964 3148 1006 non
3186 962 3407 1007 vocatur
3449 952 3545 1008 da-

1962 1045 2169 1099 mnum,
2197 1033 2337 1103 quod
2360 1037 2758 1109 proptermajus
2773 1040 2977 1095 lucrum
3001 1040 3293 1109 amittitur;
3312 1043 3389 1099 sic
3412 1052 3465 1098 et
3493 1045 3545 1099 in

1962 1123 2124 1178 rebus
2139 1125 2339 1182 sanctis
2368 1141 2480 1183 non
2496 1137 2715 1185 vocatur
2735 1140 3033 1201 peccatum,
3073 1132 3214 1204 quod
3243 1148 3312 1189 ne
3335 1135 3547 1206 gravius

1960 1214 2290 1287 admittatur,
2312 1218 2631 1278 admittitur.
2654 1223 2817 1279 Autsi
2838 1233 2893 1281 et
2911 1225 3039 1282 illud
3053 1226 3306 1283 damnum
3333 1227 3547 1297 dicitur,

1960 1307 2102 1377 quod
2123 1308 2311 1381 aliquis
2333 1311 2508 1382 perdit
2523 1328 2591 1369 ne
2628 1315 2855 1385 amplius
2878 1316 3097 1386 perdat;
3115 1327 3335 1374 vocetur
3361 1328 3415 1375 et
3444 1319 3549 1376 hoc

1960 1402 2403 1470 peccatum,dum
2421 1413 2615 1461 tamen
2635 1408 3031 1478 suscipiendum
3067 1425 3207 1477 esse,
3248 1420 3306 1466 ut
3320 1412 3548 1482 amplius

1957 1491 2207 1562 evitetur,
2224 1495 2295 1551 ita
2323 1511 2481 1553 nemo
2500 1497 2726 1568 dubitet,
2750 1502 2887 1556 sicut
2910 1517 3068 1558 nemo
3086 1503 3290 1559 dubitat
3323 1505 3543 1561 cavendi

1958 1583 2177 1655 majoris
2189 1586 2368 1643 damni
2389 1603 2551 1646 causa
2583 1591 2895 1661 patiendum
2934 1607 3055 1650 esse
3074 1593 3217 1664 quod
3241 1595 3416 1651 minus
3440 1603 3543 1651 est.

2030 1674 2255 1733 CAPUT
2293 1678 2436 1734 XIX.
2462 1710 2534 1721 —
2561 1681 2651 1737 40.
2684 1680 2809 1737 Tria
2846 1685 3093 1739 servanda
3120 1685 3400 1743 sanctitatis
3426 1703 3548 1740 cau-

1955 1783 2016 1822 sa
2039 1784 2058 1822 :
2078 1770 2323 1840 pudicitia
2350 1773 2598 1842 corporis,
2639 1775 2842 1830 castitas
2864 1776 3043 1845 animi,
3068 1786 3117 1832 et
3138 1778 3335 1833 ueritas
3353 1778 3543 1833 doctri-

1956 1874 2059 1914 ne.
2100 1860 2203 1915 ista
2233 1870 2360 1918 sunt
2385 1871 2565 1921 autem
2605 1880 2724 1936 qua:
2767 1866 3067 1923 sanctitatis
3100 1881 3260 1923 causa
3282 1869 3544 1924 servanda

1957 1961 2082 2008 sunt
2110 1971 2122 2007 :
2154 1954 2408 2025 pudicitia
2431 1959 2694 2029 corporis,
2716 1968 2771 2015 et
2791 1962 3010 2017 castitas
3032 1962 3246 2028 animae,
3273 1972 3328 2018 et
3345 1965 3546 2020 veritas

1955 2044 2233 2102 doctrinae.
2298 2048 2613 2106 Pudicitiam
2670 2055 2929 2124 corporis,
2962 2068 3068 2110 non
3089 2057 3456 2113 consentiente
3480 2072 3543 2114 ac

1955 2140 2298 2210 permittente
2321 2142 2498 2198 anima
2520 2158 2681 2201 nemo
2706 2145 2886 2201 violat.
2909 2145 3178 2218 Quidquid
3216 2149 3359 2204 enim
3387 2149 3542 2204 nobis

1956 2230 2137 2286 invitis
2179 2233 2488 2306 nullamque
2535 2237 2894 2294 tribuentibus
2920 2247 3235 2308 potestatem
3264 2242 3467 2311 majore
3490 2241 3542 2296 vi

1952 2323 2210 2394 contingit
2239 2324 2292 2379 in
2317 2334 2503 2381 nostro
2522 2341 2767 2398 corpore,
2795 2328 2939 2383 nulla
2959 2329 3287 2401 impudicitia
3309 2340 3411 2388 est.
3433 2332 3541 2388 Sed

1952 2414 2297 2484 permittendi
2318 2424 2494 2487 potest
2518 2432 2640 2474 esse
2658 2419 2835 2490 aliqua
2861 2420 3022 2488 ratio,
3053 2423 3423 2479 consentiendi
3449 2437 3544 2479 au-

1953 2512 2061 2560 tem
2088 2507 2250 2562 nulla.
2284 2507 2433 2564 Tunc
2451 2509 2595 2566 enim
2611 2512 2993 2580 consentimus,
3023 2527 3143 2568 cum
3171 2514 3531 2584 approbamus

1951 2606 2007 2653 et
2027 2598 2307 2655 volumus:
2341 2602 2700 2673 permittimus
2749 2613 2928 2659 autem
2949 2605 3111 2661 etiam
3137 2621 3246 2662 non
3275 2607 3535 2675 volentes,

1951 2689 2217 2745 evitandze
2241 2691 2466 2762 alicujus
2484 2694 2703 2764 majoris
2722 2695 3061 2765 turpitudinis
3085 2697 3274 2767 gratia.
3302 2697 3540 2754 Consen-

1951 2779 2033 2834 sio
2058 2793 2187 2836 sane
2216 2781 2282 2836 ad
2308 2782 2690 2852 impudicitiam
2738 2786 3091 2857 corporalem,
3133 2787 3293 2843 etiam
3325 2788 3539 2844 castita-

1952 2882 2056 2929 tem
2103 2874 2269 2930 animi
2316 2875 2495 2931 violat.
2528 2878 2706 2933 Animi
2751 2880 2947 2951 quippe
2971 2880 3185 2937 castitas
3210 2889 3293 2937 est
3320 2881 3374 2936 in
3400 2880 3538 2937 bona

1949 2965 2221 3023 voluntate
2249 2975 2303 3023 et
2321 2968 2529 3025 sincera
2548 2969 2853 3039 dilectione,
2882 2988 3001 3043 quae
3022 2988 3125 3029 non
3157 2974 3535 3044 corrumpitur,

1948 3057 2051 3112 nisi
2090 3072 2212 3113 cum
2261 3074 2504 3117 amamus
2528 3070 2686 3133 atque
2730 3065 3028 3133 appetimus
3069 3064 3209 3135 quod
3252 3066 3536 3122 amandum

1947 3159 2105 3221 atque
2132 3152 2485 3221 appetendum
2506 3169 2613 3208 non
2632 3169 2751 3210 esse
2764 3156 2963 3210 veritas
2981 3155 3154 3211 docet.
3174 3157 3533 3214 Custodienda

1946 3250 2031 3296 est
2049 3256 2178 3312 ergo
2200 3242 2477 3299 sinceritas
2505 3244 2837 3301 dilectionis'
2870 3246 2961 3302 Dei
2987 3256 3041 3302 et
3066 3249 3323 3317 proximi;
3349 3250 3403 3303 in
3428 3249 3530 3307 hac

1946 3334 2088 3389 enim
2118 3336 2334 3392 castitas
2350 3336 2514 3392 animi
2546 3339 2910 3395 sanctificatur
2938 3357 2950 3393 :
2975 3349 3031 3395 et
3056 3342 3319 3412 agendum
3342 3343 3536 3414 quibus

1946 3442 2231 3498 possumus
2277 3428 2499 3497 viribus,
2546 3438 2602 3486 et
2629 3430 2713 3501 pia
2743 3432 3150 3501 supplicatione,
3188 3443 3245 3489 ut
3269 3450 3392 3490 cum
3419 3437 3535 3491 vio-

1946 3521 2102 3577 landa
2132 3522 2398 3593 appetitur
2419 3521 2670 3592 pudicitia
2690 3524 2930 3594 corporis
2947 3525 3136 3594 nostri,
3162 3542 3259 3581 nec
3279 3527 3392 3597 ipse
3416 3528 3537 3583 ani-

1945 3629 2047 3669 mm
2071 3628 2264 3668 sensus
2286 3620 2576 3681 extremus,
2605 3615 2696 3686 qui
2721 3616 2870 3671 carni
2911 3616 3212 3687 implicatus
3237 3628 3338 3687 est,
3360 3619 3535 3691 aliqua

1944 3706 2298 3762 delectatione
2346 3716 2624 3779 tangatur;
2667 3710 2713 3764 si
2752 3718 2927 3765 autem
2960 3709 3060 3766 hoc
3095 3726 3199 3767 non
3226 3721 3422 3783 potest,
3452 3715 3541 3777 ve|

1944 3798 2140 3854 mentis
2169 3799 2222 3853 in
2246 3813 2352 3854 non
2378 3799 2762 3856 consentiendo
2793 3802 3010 3857 castitas
3035 3814 3399 3859 conservetur.
3432 3802 3537 3861 Cu—

1949 3890 2231 3948 stodienda
2278 3901 2360 3947 est
2412 3901 2589 3948 autem
2620 3892 2673 3947 in
2715 3894 2878 3948 animi
2906 3894 3167 3962 castitate,
3195 3895 3336 3965 quod
3360 3896 3426 3951 ad
3455 3896 3538 3952 di-

1944 3984 2229 4039 lectionem
2251 3984 2477 4054 proximi
2514 3984 2762 4053 pertinet,
2812 3984 3112 4040 innocentia
3132 3993 3185 4040 et
3206 3986 3534 4042 benevolen-

1944 4076 2014 4131 tia
2032 4089 2051 4131 ε
2069 4074 2208 4145 quod
2224 4084 2399 4131 autem
2420 4074 2489 4130 ad
2507 4075 2623 4143 Dei,
2641 4076 2828 4145 pietas.
2849 4075 3152 4131 lnnocentia
3169 4085 3271 4145 est,
3289 4093 3388 4146 qua
3407 4077 3536 4133 nulli

1943 4183 2228 4233 uocemus;
2250 4167 2620 4224 benevolentia
2646 4182 2748 4237 qua
2768 4168 2927 4222 etiam
2958 4182 3242 4237 prosumus
3287 4168 3370 4223 cui
3412 4184 3536 4237 pos-

1943 4274 2161 4326 sumus;
2212 4260 2400 4330 pietas,
2450 4274 2552 4329 qua
2598 4259 2823 4314 colimus
2866 4258 3059 4315 Deum.
3100 4258 3310 4314 Veritas
3355 4268 3532 4314 autem

1944 4351 2223 4418 doctrinae,
2256 4350 2529 4421 religionis
2554 4359 2714 4420 atque
2743 4350 2983 4420 pietatis,
3020 4350 3229 4405 nonnisi
3255 4350 3534 4407 mendacio

1945 4443 2203 4508 violatur;
2231 4457 2349 4497 cum
2380 4442 2492 4512 ipsa
2519 4456 2727 4496 summa
2749 4452 2907 4512 atque
2928 4441 3114 4497 intima
3135 4443 3352 4511 veritas,
3379 4443 3533 4514 cujus

1946 4545 2028 4592 est
2052 4535 2152 4589 ista
2182 4535 2443 4602 doctrina,
2472 4534 2619 4589 nullo
2644 4533 2807 4590 modo
2832 4535 3202 4605 possitviolari
3234 4553 3246 4589 :
3278 4536 3346 4591 ad
3372 4524 3530 4609 quam

1945 4626 2246 4699 pervenire,
2269 4626 2501 4696 atquein
2530 4625 2618 4680 illa
2642 4627 2788 4681 omni
2812 4626 2971 4682 modo
2999 4642 3241 4698 manere,
3270 4629 3425 4699 eique
3450 4644 3537 4699 pe-

1945 4719 2089 4773 nitus
2113 4718 2376 4773 iuhaerere
2404 4732 2510 4772 non
2540 4716 2738 4784 licebit,
2783 4718 2883 4772 nisi
2904 4733 3027 4774 cum
3058 4719 3402 4790 corruptibile
3431 4719 3536 4775 hoc

1945 4811 2176 4867 induerit
2205 4811 2680 4881 incorruptionem,
2711 4819 2768 4867 et
2793 4813 3018 4869 mortale
3039 4812 3140 4869 hoc
3174 4813 3403 4869 induerit
3427 4812 3535 4867 im-

1945 4903 2317 4958 mortalitatem
2335 4901 2374 4974 (Ι
2394 4902 2509 4957 Cor.
2530 4920 2618 4970 xv,
2639 4902 2750 4976 5'5).
2773 4904 2878 4959 Sed
2900 4904 3021 4975 quia
3041 4905 3214 4960 omnis
3234 4905 3285 4959 in
3308 4904 3405 4959 hac
3428 4904 3533 4958 vita

1944 4996 2131 5067 pietas,
2157 4996 2469 5051 exercitatio
2495 5004 2597 5063 est,
2623 5010 2725 5067 qua
2747 4997 2798 5051 in
2826 4996 2969 5051 illam
2992 4997 3244 5063 tenditur,
3268 4996 3351 5051 cui
3381 5009 3536 5051 exer-

1945 5089 2182 5146 citationi
2210 5089 2456 5144 ducatum
2485 5088 2689 5160 praebet
2725 5089 2825 5143 ista
2851 5088 3112 5154 doctrina,
3141 5103 3259 5158 qua:
3286 5076 3536 5143 humanis

1944 5182 2124 5237 verbis
2180 5190 2234 5236 et
2293 5195 2677 5251 corporeorum
2752 5187 3206 5235 sacramentorum
3247 5178 3538 5251 signaculis

1946 5274 2117 5345 ipsam
2147 5273 2379 5328 insinuat
2402 5284 2563 5342 atque
2585 5273 2794 5327 intimat
2823 5272 3100 5326 veritatem
3132 5289 3144 5325 :
3178 5280 3457 5343 propterea
3481 5283 3536 5329 et

1946 5365 2062 5420 haec
2090 5380 2208 5436 quae
2249 5379 2345 5435 per
2393 5364 2725 5419 mendacium
2765 5362 3035 5430 corrumpi
3079 5370 3276 5433 potest,
3304 5364 3535 5421 maxime

1947 5461 2255 5529 incorrupta
2284 5457 2544 5514 servanda
2584 5465 2694 5519 est;
2727 5465 2783 5509 ut
2812 5455 2855 5510 si
2897 5454 3023 5525 quid
3067 5456 3118 5511 in
3168 5457 3256 5512 illa
3290 5459 3533 5515 castitate

1946 5556 2107 5611 animi
2135 5554 2293 5610 fuerit
2320 5553 2593 5617 violatum,
2631 5551 2820 5605 habeat
2848 5550 2989 5606 unde
3010 5561 3305 5622 rcparetur.
3338 5552 3535 5608 Corru-

3209 5666 3351 5718 cunia
3385 5666 3536 5718 aliove

2012 5672 2027 5702 ¹
2067 5677 2131 5720 Ita
2154 5668 2419 5731 legendum
2433 5679 2550 5731 cum
2576 5672 2697 5731 _Mss._
2734 5665 2850 5715 Editi
2870 5704 2881 5725 ,
2908 5664 3032 5731 sicut
3064 5664 3116 5716 in

3289 5728 3536 5791 cantando

1947 5733 2192 5802 commodo
2207 5725 2461 5802 :corporali
2494 5728 2638 5788 [velut
2678 5726 2729 5777 in
2774 5726 3051 5790 pecuniaria
3092 5744 3123 5780 a

1948 5796 2263 5905 “maliis.
2288 5859 2343 5902 Αι
2365 5851 2499 5906 editi.
2525 5851 2777 5906 sinceriter
2800 5836 3005 5911 dilectio.
