4070 6334
540 409 645 465 519

512 492 513 495 η
539 511 821 570 haereticos
854 503 1090 562 frendes.
1127 497 1233 557 Sed
1269 511 1373 551 non
1404 492 1531 547 mihi
1561 486 1909 561 persuadetur
1935 498 2028 539 cos
2059 480 2129 536 de

545 602 760 663 latebris
780 599 891 656 suis
926 593 1123 651 nostris
1150 605 1270 647 esse
1297 582 1590 642 mendaciis
1619 578 1903 637 eruendos.
1935 573 2134 644 thuid

542 695 684 750 enim
714 668 807 748 eos
835 694 977 744 tanta
1007 698 1135 739 cura
1174 679 1437 749 vestigare
1483 683 1643 745 atque
1673 669 1925 740 indagare
1964 679 2131 721 cona-

541 802 683 853 mur,
731 781 835 838 nisi
876 788 933 834 ut
950 784 1135 847 captos
1169 773 1224 828 in
1270 776 1618 840 apertumque
1670 760 2137 857 productosaaut

540 879 702 935 etiam
745 875 889 944 ipsos
931 869 1211 926 veritatem
1248 863 1556 923 doceamus,
1597 865 1689 910 aut
1727 861 1872 909 certe
1914 857 2137 905 veritate

544 968 820 1027 convictos
848 974 1043 1017 nocere
1081 956 1198 1011 aliis
1227 967 1336 1008 non
1364 946 1639 1005 sinamus?
1679 944 1746 999 ad
1770 945 1872 997 hoc
1900 955 2048 1011 ergo,
2079 946 2138 993 ut

543 1075 729 1116 eorum
754 1052 1089 1112 mendacium
1115 1048 1375 1109 deleatur,
1404 1042 1516 1097 sive
1540 1045 1815 1102 caveatur,
1841 1032 1933 1087 Dei
1959 1038 2136 1087 autem

543 1151 741 1207 veritas
765 1151 1040 1217 augeatur.
1067 1135 1346 1209 Quomodo
1369 1133 1531 1205 igitur
1557 1126 1837 1186 mendacio
1860 1122 2137 1217 mendacia

544 1251 689 1299 recte
716 1214 902 1310 potero
925 1228 1197 1305 persequi?
1212 1229 1294 1283 An
1314 1234 1370 1282 et
1393 1220 1669 1279 latrocinio
1687 1214 1960 1273 latrocinia
1979 1223 2033 1269 et
2048 1227 2137 1268 sa-

541 1334 761 1405 crilegio
772 1328 1123 1400 sacrilegia,et
1134 1318 1394 1378 adulterio
1406 1325 1529 1373 sunt
1543 1312 1801 1405 adulteria
1816 1322 2140 1405 persequen-

540 1426 648 1483 da?
675 1398 749 1479 vSi
782 1431 947 1476 autem
972 1398 1161 1473 ueritas
1203 1413 1300 1467 Dei
1328 1411 1380 1465 in
1407 1424 1516 1463 meo
1544 1404 1804 1460 mendacio
1834 1398 2138 1465 abundabit,

543 1514 925 1586 numquidnam
948 1519 1002 1565 et
1026 1523 1123 1563 nos
1147 1504 1340 1561 dicturi
1364 1514 1569 1564 sumus,
1600 1496 1873 1551 Faciamus
1900 1492 2055 1586 mala,
2085 1500 2140 1545 ut

542 1583 742 1663 veniant
769 1607 898 1659 bona
926 1601 1099 1671 (Rom.
1119 1613 1196 1665 Ill,
1226 1597 1315 1649 “let
1327 1591 1416 1666 8)?
1439 1589 1590 1660 Quod
1617 1587 1763 1643 vides
1791 1583 2138 1657 quemadmo-

543 1700 669 1755 dum
692 1698 982 1752 detestetur
1005 1688 1309 1761 Apostolus.
1326 1683 1464 1754 Quid
1491 1690 1573 1737 est
1601 1680 1744 1737 enim
1766 1674 1929 1742 aliud,
1952 1674 2142 1730 Menti-

543 1806 715 1854 anmr,
731 1798 787 1843 ut
800 1785 1081 1841 hiereticos
1102 1779 1386 1837 mendaces
1407 1775 1471 1831 ad
1487 1774 1761 1830 veritatem
1784 1768 2139 1833 adducamus;

544 1881 667 1946 nisi,
692 1878 966 1933 Faciamus
986 1874 1142 1940 mala,
1167 1881 1221 1925 ut
1236 1870 1434 1924 ueniant
1450 1865 1617 1920 bona?
1638 1865 1717 1917 An
1740 1859 2024 1947 aliquando
2042 1859 2140 1914 bo-

543 1989 671 2030 num
693 1980 775 2027 est
789 1967 1143 2033 mendacium,
1169 1963 1258 2019 vel
1284 1958 1567 2030 aliquando
1585 1953 1918 2011 mendacium
1934 1965 2039 2006 non
2058 1959 2142 2005 est

545 2062 782 2121 malum?
810 2059 920 2117 Cur
954 2073 1081 2127 ergo
1123 2054 1377 2124 scriptum
1409 2059 1511 2117 est,
1557 2046 1743 2113 Odisti,
1773 2043 1996 2099 Domine
2035 2059 2145 2096 om-

544 2170 631 2209 nes
649 2154 736 2223 qui
759 2157 1033 2221 operantur
1057 2145 1403 2216 iniquitatem;
1427 2138 1602 2212 perdes
1627 2152 1798 2192 omnes
1818 2135 1903 2207 qui
1924 2135 2142 2204 loquun-

546 2253 629 2297 tur
649 2241 965 2296 mendacium
982 2236 1154 2307 (Psal.
1173 2251 1224 2301 v,
1248 2232 1482 2304 7)?Non
1509 2231 1650 2285 enim
1677 2228 1883 2298 aliquos
1909 2225 2140 2295 excepit,

543 2346 635 2391 aut
672 2331 942 2388 indefinite
976 2328 1128 2393 dixit,
1166 2324 1359 2378 Perdes
1400 2323 1652 2392 loquentes
1695 2318 2043 2381 mendacium;
2089 2324 2146 2370 ut

545 2424 828 2497 quosdam,
850 2436 956 2477 non
975 2432 1163 2474 omnes
1178 2414 1397 2485 intelligi
1417 2413 1647 2467 sineret:
1670 2409 1765 2464 sed
1791 2407 2145 2463 universalem

546 2516 865 2574 sententiam
887 2511 1125 2582 protulit,
1147 2508 1352 2573 dicens,
1372 2503 1567 2557 Perdes
1580 2518 1751 2556 omnes
1771 2501 1856 2571 qui
1877 2500 2147 2570 loquuntur

548 2606 889 2663 mendacium.
931 2603 1016 2657 An
1048 2599 1173 2671 quia
1212 2611 1317 2651 non
1353 2595 1551 2650 dictum
1582 2601 1684 2657 est,
1726 2589 1925 2645 Perdes
1958 2602 2147 2644 omnes

548 2698 641 2769 qui
667 2698 955 2766 loquuntur
987 2704 1149 2747 omne
1184 2686 1551 2752 mendacium,
1582 2684 1686 2749 vel,
1726 2683 1817 2752 qui
1858 2682 2148 2751 loquuntur

548 2786 923 2858 quodcumque
959 2779 1327 2843 mendacium;
1358 2775 1479 2830 ideo
1522 2773 1814 2844 putandum
1847 2780 1933 2827 est
1970 2771 2146 2826 locum

548 2878 704 2933 alicui
731 2877 1022 2931 relaxatum
1048 2886 1168 2927 esse
1195 2867 1503 2924 mendacio:
1523 2875 1579 2920 ut
1608 2865 1812 2920 scilicet
1835 2864 1904 2919 sit
1933 2861 2147 2934 aliquod

550 2969 907 3035 mendacium,
931 2964 1071 3037 quod
1091 2964 1182 3035 qui
1197 2963 1504 3031 loquuntur,
1526 2974 1629 3013 non
1652 2973 1746 3013 eos
1762 2958 1900 3012 Deus
1923 2957 2144 3029 perdat;

549 3064 644 3121 scd
671 3077 765 3118 eos
794 3074 980 3116 omnes
1007 3055 1197 3128 perdat
1220 3055 1308 3125 qui
1335 3053 1622 3123 loquuntur
1644 3051 1897 3121 injustum
1923 3049 2149 3106 menda-

548 3159 720 3224 cium,
763 3170 868 3211 non
902 3152 1274 3225 quodcumque
1311 3146 1675 3216 mendacium;,
1717 3144 1839 3214 quia
1882 3146 2149 3202 invenitur

548 3258 601 3307 et
618 3245 996 3320 justum,quod
1014 3245 1194 3314 utique
1215 3239 1385 3296 laudis
1401 3238 1561 3296 debet
1585 3252 1723 3304 esse,
1748 3253 1854 3293 non
1875 3238 2150 3294 criminis!

622 3338 849 3398 CAPUT
873 3339 936 3393 ll.
958 3367 1029 3377 —
1049 3337 1103 3389 ‘2.
1127 3332 1637 3389 Priscillianistarum
1658 3345 1799 3383 error
1819 3330 1881 3383 de
1901 3332 2148 3386 mendacii

551 3450 648 3490 usu
673 3432 740 3487 ad
764 3429 1021 3486 latendum
1062 3425 1261 3481 alienis.
1291 3422 1553 3479 Sententia
1581 3420 1675 3474 hac
1720 3419 2147 3476 Priscillianista-

550 3542 663 3581 rum
687 3523 880 3595 auferri
908 3519 1111 3576 omnino
1137 3515 1404 3586 martyrio.
1446 3512 1636 3567 Nonne
1680 3513 1857 3567 cernis
1891 3524 2146 3582 quantum

550 3618 765 3687 adjuvet
793 3614 907 3671 haec
928 3609 1213 3681 disputatio
1241 3621 1334 3662 eos
1362 3606 1527 3676 ipsos,
1551 3618 1686 3674 quos
1717 3619 1813 3673 pro
1842 3620 2031 3675 magna
2054 3620 2148 3660 ve-

552 3710 768 3766 natione
794 3703 1085 3760 mendaciis
1112 3700 1309 3756 nostris
1330 3712 1524 3768 capere
1553 3696 1843 3751 molimur?
1859 3696 2145 3753 Priscillia-

553 3802 812 3856 nistarum
840 3805 921 3852 est
939 3795 1102 3860 enim,
1136 3794 1273 3847 sicut
1293 3791 1408 3860 ipse
1437 3790 1768 3855 monstrasti,
1801 3788 1903 3843 ista
1929 3800 2146 3845 senten-

553 3895 622 3948 tia
642 3891 756 3948 :cui
780 3885 1189 3959 comprobanda:
1213 3880 1469 3939 adhibent
1498 3880 1797 3935 testimonia
1819 3880 1885 3935 de
1904 3879 2144 3950 Scriptu-

550 3988 645 4051 ris,
668 3983 1007 4041 exhortantes
1037 3992 1163 4034 suos
1187 3975 1255 4032 ad
1288 3971 1649 4030 mentiendum
1686 3981 1934 4042 tanquam
1968 3987 2151 4029 exem-

552 4078 653 4148 plis
682 4072 1128 4136 Patriarcbarum,
1164 4067 1577 4137 Prophetarum,
1610 4064 2007 4133 Apostolorum,
2035 4063 2145 4118 An-

550 4171 812 4241 gelorum;
840 4180 947 4221 non
969 4163 1271 4219 dubitantes
1291 4159 1487 4215 addere
1505 4157 1662 4213 etiam
1678 4157 1849 4227 ipsum
1862 4157 2145 4214 Dominum

549 4261 845 4325 Christum,
888 4271 989 4313 nec
1034 4269 1094 4310 se
1134 4253 1288 4309 aliter
1332 4250 1652 4305 arbitrantes
1702 4264 1945 4305 veracem
1993 4266 2143 4306 suam

550 4353 835 4411 ostendere
856 4350 1163 4415 falsitatem,
1191 4346 1292 4402 nisi
1323 4344 1614 4402 Veritatem
1645 4343 1824 4398 dicant
1850 4359 1971 4400 esse
1997 4361 2147 4402 men-

551 4448 760 4504 daeem.
788 4442 1173 4516 Redarguenda
1200 4450 1324 4497 sunt
1352 4440 1473 4507 ista,
1504 4453 1610 4493 non
1637 4438 1889 4494 imitanda
1921 4458 1934 4494 :
1969 4456 2069 4497 nec
2092 4444 2144 4496 in

551 4555 619 4598 eo
646 4539 789 4595 malo
821 4538 1077 4593 debemus
1120 4530 1637 4589 Priscillianistarum
1678 4544 1799 4586 esse
1834 4532 2142 4602 participes,

551 4634 606 4687 in
650 4644 755 4702 quo
798 4627 1010 4684 caeteris
1036 4623 1301 4679 lnereticis
1327 4622 1715 4678 convincuntur
1764 4635 1884 4677 esse
1909 4622 2139 4693 pejores.

552 4727 658 4797 Ipsi
678 4725 819 4781 enim
857 4721 977 4789 soli,
1006 4720 1089 4776 vel
1115 4728 1261 4775 certe
1288 4716 1517 4771 maxime
1556 4715 1654 4786 ipsi
1685 4716 2041 4785 reperiuntur,
2076 4717 2143 4773 ad

552 4816 921 4875 occultandam
947 4828 1098 4869 suam
1126 4826 1284 4882 quam
1325 4816 1510 4880 putant
1540 4808 1838 4875 veritatem,
1883 4808 2143 4878 dogmati-

550 4925 676 4966 zare
699 4906 1031 4964 mendacium
1052 4923 1066 4961 :
1086 4913 1243 4973 atque
1272 4900 1373 4956 hoc
1398 4908 1504 4954 tam
1522 4914 1768 4970 magnum
1799 4900 1994 4954 malum
2022 4899 2144 4955 ideo

545 5002 749 5074 justum
778 4999 1100 5063 existimare,
1130 4995 1253 5065 quia
1297 4993 1482 5048 dicunt
1521 4991 1575 5045 in
1599 4990 1762 5046 corde
1805 4991 2141 5046 retinendum

552 5110 671 5149 esse
701 5091 841 5163 quod
867 5102 1051 5144 verum
1091 5098 1206 5152 est;
1238 5099 1331 5139 ore
1360 5092 1537 5137 autem
1564 5081 1630 5135 ad
1660 5081 1863 5138 alienos
1902 5081 2142 5151 proferre

551 5184 764 5247 falsum,
789 5180 994 5236 nullum
1021 5192 1140 5232 esse
1165 5184 1468 5246 peccatum;
1494 5172 1671 5229 ethoc
1702 5187 1821 5228 esse
1844 5174 2099 5243 scriptum
2121 5215 2137 5241 ,

555 5276 655 5343 Qui
684 5274 901 5343 loquitur
929 5270 1186 5325 ueritatem
1205 5268 1257 5320 in
1278 5267 1426 5321 corde
1445 5282 1535 5321 suo
1566 5264 1738 5333 (Psal.
1771 5281 1878 5332 xtv,
1911 5264 1966 5335 5)
1988 5283 2000 5318 :
2022 5275 2143 5321 tan-

552 5384 711 5437 quam
730 5366 831 5421 hoc
855 5356 982 5420 Satis
1009 5360 1161 5418 sitad
1184 5361 1460 5431 justitiam,
1488 5358 1692 5413 etiamsi
1717 5360 1962 5428 loquatur
1990 5360 2140 5429 quis-

554 5472 657 5528 que
696 5457 748 5510 in
789 5472 885 5511 ore
936 5454 1302 5518 mendacium,
1337 5450 1546 5522 quando
1578 5466 1681 5504 non
1712 5451 2014 5521 proximus,
2050 5452 2141 5507 sed

557 5549 761 5603 alienus
789 5548 889 5601 hoc
922 5547 1084 5601 audit.
1120 5547 1408 5615 Propterea
1440 5552 1624 5613 putant
1652 5544 1809 5597 etiam
1843 5545 2139 5613 apostolum

558 5639 801 5702 Paulum,
827 5653 948 5694 cum
976 5638 1217 5704 dixisset,
1254 5638 1567 5706 Deponentes
1604 5634 1940 5703 mendacium,
1984 5637 2145 5707 loqui-

560 5731 685 5785 mini
728 5731 1015 5793 ueritatem;
1062 5732 1237 5784 statim
1285 5728 1591 5793 addidisse,
1632 5733 1971 5799 unusquisque
2032 5748 2145 5786 cum

559 5824 927 5903 proximoisuo,
962 5823 1079 5897 quia
1112 5840 1282 5879 sumus
1320 5824 1529 5878 invicem
1572 5824 1793 5877 membra
1823 5806 2037 5894 (Ep/tes,
2072 5844 2142 5897 tv,

1488 370 1761 433 CONTRA
1803 362 2225 433 MENDACIUM,
2264 364 2323 421 S.
2364 361 2730 422 AUGUSTINI
3722 364 3829 422 πο

2243 478 2368 550 25).
2400 478 2471 536 Ut
2508 479 2755 534 videlicet
2780 492 2901 532 cum
2922 475 3001 532 eis
3029 476 3119 547 qui
3154 475 3308 532 nobis
3332 475 3384 532 in
3413 475 3669 534 societate
3695 482 3806 536 veri

2242 569 2364 625 tatis
2405 558 2629 640 proximi
2659 584 2764 624 non
2802 578 2944 635 sunt,
2990 582 3181 638 neque,
3231 575 3288 621 ut
3322 568 3393 623 ita
3431 568 3636 637 dicam,
3677 586 3828 627 com-

2240 661 2512 717 membres
2538 659 2710 715 nostri
2730 668 2873 727 sunt,
2899 658 3045 730 loqui
3069 657 3224 715 liceat
3248 667 3592 731 oporteatquc
3612 661 3829 717 menda-

2240 753 2403 806 cium.

2312 845 2365 901 5.
2396 844 2525 913 Quae
2552 845 2814 901 sententia
2836 853 3048 901 sanctos
3083 854 3345 918 martyres
3373 846 3690 912 exhonorat,
3729 848 3835 905 ims

2239 950 2370 991 vero
2395 936 2568 991 aufert
2594 944 2777 991 sancta
2798 937 3017 991 omnino
3039 936 3317 1007 martyria.
3347 935 3553 992 Justius
3573 937 3721 992 enim
3746 939 3848 992 sa-'

2244 1028 2582 1100 pientiusque
2607 1028 2866 1095 facerent,
2899 1028 3192 1085 secundum
3224 1030 3377 1097 istos,
3406 1029 3449 1083 si
3474 1030 3837 1099 persecutori.

2243 1119 2343 1174 bus
2383 1120 2494 1175 suis
2534 1134 2637 1175 non
2666 1134 2726 1175 se
2768 1120 3153 1176 confiterentur
3194 1134 3313 1175 esse
3351 1119 3694 1187 christianos,
3741 1134 3843 1176 nec

2244 1232 2339 1273 eos
2372 1232 2466 1273 sua
2509 1216 2845 1272 confessione
2884 1216 3122 1271 facerent
3167 1215 3460 1272 homicidas
3492 1233 3505 1270 :
3537 1215 3632 1271 sed
3661 1212 3838 1287 potius

2243 1307 2553 1364 mentiendo
2583 1317 2639 1363 et
2664 1308 2905 1379 negando
2925 1308 3068 1379 quod
3092 1318 3265 1375 erant,
3298 1317 3351 1365 et
3378 1310 3479 1380 ipsi
3503 1310 3709 1366 salvum
3741 1308 3839 1363 ha-

2244 1399 2435 1455 berent
2463 1399 2638 1453 carnis
2678 1398 3016 1454 commodum
3066 1399 3349 1470 cordisque
3391 1401 3746 1471 propositum,
3784 1407 3842 1458 et

2245 1490 2362 1546 illos
2389 1498 2704 1562 conceptum
2731 1491 2910 1546 animo
2951 1493 3125 1547 scelus
3165 1493 3388 1564 implere
3427 1507 3535 1548 non
3577 1494 3840 1549 sinerent.

2244 1582 2362 1638 Non
2388 1583 2528 1637 enim
2560 1580 2786 1651 proximi
2814 1597 3003 1637 eorum
3029 1593 3183 1638 erant
3203 1584 3255 1638 in
3288 1583 3392 1639 fide
3417 1584 3710 1641 christiana
3733 1627 3750 1654 ,
3786 1595 3839 1642 ut

2245 1691 2365 1731 cum
2395 1676 2473 1731 eis
2501 1673 2762 1730 deberent
2794 1674 2937 1744 loqui
2981 1675 3257 1731 veritatem
3298 1676 3351 1731 in
3378 1692 3473 1733 ore
3511 1691 3630 1742 suo,
3677 1692 3839 1748 quam

2247 1766 2601 1838 loquebantur
2626 1765 2677 1818 in
2703 1764 2866 1821 corde
2891 1781 3024 1832 suo;
3050 1766 3146 1822 sed
3185 1767 3349 1837 ipsius
3385 1767 3627 1823 veritatis
3693 1768 3841 1823 insu-

2247 1876 2344 1931 per
2373 1858 2590 1913 inimici.
2620 1856 2676 1913 Si
2704 1858 2846 1913 enim
2867 1858 3024 1927 Jehu,
3053 1874 3214 1929 quem
3242 1859 3343 1915 sibi
3365 1860 3505 1915 inter
3528 1869 3758 1917 caeteros
3776 1861 3845 1916 ad

2248 1951 2550 2020 exemplum
2580 1949 2873 2005 mentiendi
2899 1950 3187 2021 prudenter
3213 1951 3462 2008 videntur
3490 1952 3704 2020 intueri,
3730 1968 3846 2009 ser-

2249 2061 2374 2100 vum
2401 2043 2575 2098 Baalis
2602 2058 2662 2098 se
2687 2057 2806 2099 esse
2833 2045 3087 2101 mentitus
3106 2054 3207 2114 est,
3236 2057 3296 2102 ut
3331 2061 3516 2103 servos
3549 2048 3666 2119 ejus
3692 2048 3846 2104 occi-

2250 2140 2402 2195 deret
2428 2155 2441 2191 :
2470 2144 2669 2207 quanto
2702 2135 2897 2206 justius
2926 2138 3219 2195 secundum
3267 2139 3490 2195 istorum
3519 2140 3847 2210 perversita-

2251 2241 2379 2298 tem,
2411 2241 2651 2302 tempore
2673 2232 3055 2303 persecutionis
3075 2247 3262 2299 servos
3280 2232 3585 2287 daemonum
3607 2246 3666 2288 se
3688 2248 3846 2287 men-

2251 2323 2475 2378 tirentur
2499 2326 2639 2381 servi
2667 2324 2883 2392 Christi,
2904 2339 2971 2379 ne
2998 2324 3136 2379 servi
3162 2325 3466 2379 daemonum
3486 2338 3668 2379 servos
3692 2324 3846 2379 oeci-

2250 2416 2441 2471 derent
2459 2417 2658 2473 Christi
2682 2434 2698 2484 ;
2725 2426 2781 2473 et
2808 2416 3168 2472 sacriﬁcarent
3192 2414 3348 2471 idolis
3378 2430 3447 2471 ne
3473 2414 3848 2471 interficeren-

2252 2513 2337 2560 tur
2355 2507 2619 2575 homines,
2650 2508 2697 2563 si
2723 2505 3042 2563 sacrificavit
3082 2501 3172 2561 ille
3217 2505 3365 2561 Baali
3410 2514 3468 2560 ut
3512 2505 3850 2562 interficeret

2252 2599 2534 2656 homines?
2558 2600 2695 2669 Quid
2724 2600 2870 2657 enim
2895 2600 2973 2656 eis
3002 2599 3235 2668 obesset,
3258 2598 3549 2655 secundum
3574 2600 3850 2671 egregiam

2252 2689 2548 2746 doctrinam
2581 2692 3130 2763 mendaciloquorum,
3162 2691 3207 2746 si
3234 2690 3431 2746 diaboli
3458 2692 3658 2747 cultum
3686 2708 3851 2749 men-

2252 2783 2479 2838 tirentur
2508 2785 2562 2840 in
2607 2799 2850 2855 corpore,
2891 2783 3103 2853 quando
3124 2783 3217 2839 Dei
3244 2783 3415 2839 cultus
3452 2784 3770 2840 servabatur
3795 2786 3852 2842 in

2251 2874 2450 2931 corde?
2476 2876 2580 2931 Sed
2609 2892 2715 2931 non
2742 2876 2821 2931 sic
2853 2876 3233 2931 intellexerunt
3252 2876 3562 2945 Apostolum
3579 2883 3852 2948 martyres

2252 2968 2385 3035 veri,
2413 2978 2676 3039 martyres
2702 2968 2893 3022 sancti.
2925 2966 3183 3022 Viderunt
3218 2967 3415 3037 quippe
3454 2975 3854 3040 tenueruntque

2253 3060 2393 3130 quod
2411 3060 2666 3130 scriptum
2687 3068 2787 3127 est,
2812 3058 2976 3116 Corde
2996 3060 3218 3115 creditur
3234 3060 3303 3114 ad
3310 3062 3587 3130 justitiam,
3609 3078 3698 3115 ore
3718 3079 3856 3117 con-

2253 3154 2402 3222 fessio
2430 3154 2488 3222 ﬁt
2516 3154 2585 3206 ad
2607 3154 2823 3209 salutem
2849 3152 3027 3227 (Rom.
3058 3170 3087 3208 x
3108 3194 3125 3215 .
3155 3152 3279 3224 10);
3324 3161 3416 3220 et,
3455 3152 3524 3207 In
3552 3169 3639 3208 ore
3663 3171 3856 3211 eorum

2253 3264 2351 3303 non
2381 3256 2454 3301 est
2478 3248 2731 3303 inuentum
2754 3247 3073 3301 mendacium
3097 3245 3280 3319 (Apoc.
3307 3261 3417 3314 xlv,
3447 3246 3517 3318 5)
3542 3264 3555 3301 :
3583 3261 3648 3302 ac
3668 3246 3754 3303 sic
3780 3247 3857 3302 ir-

2253 3339 2700 3423 reprehensibiles
2741 3339 3019 3407 abierunt,
3063 3338 3153 3394 ubi
3193 3339 3388 3394 tentari
3426 3354 3456 3393 a
3496 3338 3856 3395 mendacibus

2254 3432 2476 3487 ulterius
2494 3448 2599 3486 non
2620 3432 2918 3497 cavebunt;
2948 3432 3070 3502 quia
3096 3430 3381 3487 mendaces
3408 3432 3634 3502 amplius
3663 3433 3717 3488 in
3736 3433 3855 3488 suis

2252 3523 2561 3581 calostibus
2585 3524 2811 3580 coetibus
2837 3523 2920 3579 vel
2959 3524 3161 3579 alienos
3188 3523 3273 3580 vel
3317 3525 3593 3595 proximos
3618 3539 3730 3579 non
3755 3526 3853 3580 ha-

2252 3618 2472 3675 bebunt.
2507 3618 2658 3672 Illum
2691 3632 2817 3672 vero
2842 3615 2979 3672 Jehu
3006 3616 3286 3672 mendacio
3312 3617 3475 3687 impio
3502 3626 3555 3672 et
3579 3617 3852 3673 sacrificio

2254 3710 2513 3780 sacrilego
2542 3707 2865 3764 occidendos
2893 3709 3084 3777 impios
3108 3717 3163 3763 et
3180 3707 3471 3779 sacrilegos
3488 3708 3850 3778 inquirentem

2254 3818 2360 3857 non
2391 3802 2747 3867 imitarentur,
2775 3816 2875 3856 nec
2902 3801 2946 3855 si
2987 3801 3055 3855 de
3095 3801 3186 3855 illo
3222 3800 3393 3870 qualis
3421 3799 3608 3855 fuisset
3652 3800 3849 3856 eadem

2257 3894 2534 3962 Scriptura
2563 3893 2832 3948 tacuisset.
2862 3892 2994 3945 Cum
3025 3906 3152 3946 vero
3178 3892 3433 3961 scriptum
3469 3891 3538 3945 sit
3575 3907 3693 3946 eum
3758 3908 3852 3948 re-

2252 3995 2396 4041 ctum
2425 3999 2519 4039 cor
2539 3999 2645 4039 non
2663 3984 2913 4039 habuisse
2931 3998 3052 4037 cum
3082 3983 3219 4047 Deo;
3246 3983 3373 4053 quid
3395 3983 3675 4053 eiprofuit,
3699 3985 3851 4054 quod

2254 4092 2354 4148 pro
2383 4077 2635 4133 nonnulla
2651 4075 2971 4141 obedientia,
2990 4090 3152 4146 quam
3178 4076 3244 4130 de
3269 4074 3428 4130 domo
3455 4074 3638 4130 Achab
3667 4078 3852 4132 omni-

2253 4183 2323 4222 no
2349 4167 2594 4231 delenda,
2622 4182 2716 4235 pro
2735 4167 3025 4236 cupiditate
3052 4180 3163 4221 sua:
3187 4166 3563 4221 dominationis
3578 4166 3849 4235 exhibuit,

2252 4259 2576 4329 aliquantam
2613 4258 2914 4313 mercedem
2957 4258 3313 4313 transitoriam
3352 4259 3501 4329 regni
3531 4261 3854 4329 temporalis

2252 4353 2455 4424 accepit
2482 4351 2580 4423 (ιν
2608 4352 2736 4423 Reg.
2761 4351 2860 4423 x)?
2889 4351 2969 4406 Ad
2995 4351 3311 4407 sententiam
3339 4352 3514 4422 potius
3554 4351 3852 4407 veridicam

2251 4453 2543 4516 martyrum
2588 4424 2974 4498 defendendam
3017 4450 3090 4510 te,
3122 4444 3305 4509 frater,
3347 4443 3619 4509 exhortor,
3665 4452 3729 4498 ut
3777 4445 3856 4499 sis

2250 4535 2505 4589 adversus
2533 4533 2839 4598 mendaces,
2876 4548 2979 4588 non
3008 4532 3271 4588 mendacii
3296 4533 3504 4599 doctor,
3533 4533 3627 4589 sed
3650 4536 3856 4590 verita.

2251 4626 2319 4681 tis
2345 4635 2599 4681 assertor.
2632 4624 2763 4679 Nam
2793 4624 3097 4694 diligentius
3123 4665 3137 4691 ,
3170 4624 3394 4680 obsecro
3418 4666 3432 4689 ,
3460 4625 3675 4679 attende
3702 4626 3854 4695 quod

2250 4718 2391 4786 dico,
2423 4726 2482 4773 ut
2511 4718 2750 4772 invenias
2776 4731 2936 4787 quam
2967 4716 3038 4771 sit
3062 4716 3379 4782 cavendum,
3408 4716 3549 4786 quod
3578 4717 3694 4772 zelo
3727 4720 3854 4788 qui-

2249 4810 2371 4867 dem
2400 4811 2650 4868 laudabili
2698 4812 2953 4866 adversus
2992 4810 3205 4880 impios,
3252 4819 3309 4864 ut
3347 4810 3551 4880 possint
3598 4825 3858 4881 compre-

2251 4906 2411 4962 hendi
2438 4916 2491 4961 et
2517 4905 2710 4976 corrigi
2735 4905 2819 4959 vel
2841 4903 3017 4971 vitari,
3040 4904 3135 4960 sed
3158 4911 3335 4958 tamen
3359 4904 3621 4959 incautius
3643 4903 3857 4960 docen-

2249 4998 2374 5053 dum
2404 5007 2632 5068 putatur.

2320 5089 2544 5145 CAPUT
2584 5088 2669 5143 Ill.
2699 5118 2770 5128 —
2797 5088 2851 5143 4.
2894 5087 3217 5142 Mendacium
3243 5087 3617 5143 Catholicorum
3646 5097 3702 5142 ut
3740 5090 3857 5144 Ita:-

2251 5184 2429 5239 reticos
2467 5183 2691 5254 capiant,
2733 5183 3060 5253 perniciosius
3087 5185 3193 5253 fore
3218 5199 3369 5251 quam
3408 5183 3765 5236 hareticorum
3802 5194 3857 5236 ut

2252 5275 2536 5330 (.‘atltolicos
2574 5275 2779 5328 lateant.
2823 5273 3070 5344 Exemplo
3098 5290 3177 5328 res
3206 5275 3592 5329 demonstratur.
3627 5273 3859 5329 Priscil-

2254 5367 2479 5423 lianistas
2500 5384 2676 5437 capere
2702 5384 2790 5437 per
2827 5367 3140 5421 mendacium
3177 5366 3322 5430 uelle,
3360 5377 3431 5420 est
3457 5383 3571 5419 cum
3597 5368 3723 5436 ipsis
3756 5366 3897 5434 de-E

2254 5460 2473 5532 pravari.
2499 5459 2891 5513 Mendaeiorum
2913 5473 3107 5528 genera
3129 5458 3291 5512 multa
3313 5467 3455 5523 sunt,
3481 5473 3599 5527 qua:
3626 5458 3858 5527 quidem

2255 5553 2429 5606 omnia
2456 5550 2827 5605 universaliter
2848 5549 3026 5604 odisse
3048 5549 3321 5605 debemus.
3353 5549 3566 5603 Nullum
3592 5558 3678 5604 est
3695 5551 3856 5607 enim

2252 5643 2588 5700 mendacium
2617 5643 2757 5713 quod
2804 5658 2911 5697 non
2956 5643 3023 5697 sit
3068 5642 3393 5697 contrarium
3441 5643 3671 5697 veritati.
3706 5642 3860 5699 Nam

2256 5739 2393 5791 sicut
2418 5737 2506 5791 lux
2527 5744 2582 5791 et
2599 5735 2853 5799 tenebrae,
2876 5736 3043 5805 pietas
3071 5745 3123 5790 et
3150 5736 3411 5805 impietas,
3438 5735 3640 5804 justilia
3666 5743 3722 5789 et
3744 5734 3860 5792 ini-

2255 5830 2429 5905 quitas
2449 5871 2462 5894 ,
2492 5835 2763 5905 peccatum
2786 5837 2839 5883 et
2869 5837 3013 5884 recte
3034 5826 3259 5897 factum,
3291 5826 3492 5885 sanitas
3518 5836 3573 5886 et
3596 5826 3859 5890 imbecil-

4042 4010 4051 4037 l
