4070 6334
196 489 211 512 ,
286 440 380 504 52!

285 559 419 625 litas,
440 556 552 614 vita
572 562 626 613 et
644 566 809 623 mors;
828 550 900 612 ita
918 553 1055 612 inter
1073 568 1133 613 se
1146 560 1269 612 sunt
1282 550 1479 613 veritas
1490 555 1855 613 mendacium-

284 664 382 723 que
408 649 699 705 contraria.
730 647 885 705 Unde
910 656 1108 720 quanto
1139 663 1380 705 amamus
1407 648 1584 719 istam,
1613 655 1761 705 tanto
1790 647 1861 704 il-

287 741 370 799 ιιὰ
397 742 581 799 odisse
602 741 877 798 debemus.
892 740 1274 797 Verumtamen
1296 748 1420 797 sunt
1445 740 1689 813 quietiam
1708 754 1861 797 men-

284 836 444 904 dacia,
495 851 616 907 qua:
639 834 860 891 credere
887 835 1019 891 nihil
1060 835 1235 892 obsit:
1269 836 1510 907 quamvis
1555 835 1714 891 etiam
1769 834 1861 892 tali

283 927 568 985 mentiendi
624 941 823 998 genere
882 925 1066 982 fallere
1124 926 1397 995 voluisse,
1450 926 1731 982 mentienti
1790 924 1861 981 sit

282 1019 515 1087 noxium,
546 1034 655 1074 non
681 1018 941 1075 credenti.
969 1018 1240 1089 Tanquam
1268 1018 1315 1075 si
1353 1016 1518 1074 frater
1545 1016 1632 1074 ille
1669 1030 1859 1074 servus

284 1114 377 1174 Dei
404 1112 609 1169 Fronto
626 1114 682 1168 in
710 1113 774 1168 iis
789 1128 907 1185 qua:
922 1112 1016 1168 tibi
1038 1111 1309 1181 indicavit,
1338 1111 1479 1184 quod
1506 1111 1663 1181 absit,
1680 1111 1858 1183 aliqua

279 1204 625 1271 mentiretur;
656 1203 758 1260 sibi
787 1203 1056 1260 nocuisset
1082 1203 1320 1275 profecto
1342 1245 1358 1272 ,
1380 1219 1487 1259 non
1507 1202 1600 1259 tibi
1620 1245 1634 1270 ,
1666 1216 1855 1273 quam-

276 1298 351 1353 vis
382 1306 436 1353 tu
474 1298 654 1353 omnia
684 1296 1003 1353 credidisses
1028 1296 1142 1352 sine
1170 1305 1259 1352 tua
1294 1296 1568 1366 iniquitate
1594 1293 1853 1351 narranti.

274 1390 534 1460 Quoniam
576 1390 690 1446 sive
735 1388 821 1444 illa
853 1389 922 1445 ita
945 1395 1093 1459 gesta
1130 1388 1275 1455 sint,
1317 1388 1430 1444 sive
1468 1402 1573 1444 non
1601 1388 1711 1452 ita;
1748 1401 1853 1443 non

274 1483 469 1541 habent
496 1493 673 1540 tamen
696 1481 918 1553 aliquid,
942 1482 1083 1553 quod
1104 1481 1151 1537 si
1175 1481 1295 1551 quis
1319 1479 1606 1537 crediderit
1636 1478 1707 1535 ita
1733 1493 1854 1535 esse

273 1582 474 1647 gestum
496 1614 513 1640 ,
540 1572 755 1629 etiamsi
781 1585 888 1628 non
919 1572 989 1626 ita
1015 1571 1084 1626 sit
1104 1579 1311 1642 gestum
1330 1610 1348 1639 ,
1390 1570 1575 1641 regula
1613 1567 1852 1625 veritatis

273 1666 582 1723 etdoctrina
623 1664 811 1721 salutis
850 1672 1066 1720 interna:
1090 1663 1357 1735 judicetur
1392 1677 1512 1720 esse
1539 1661 1850 1733 culpandus;

270 1758 320 1814 Si
348 1766 531 1813 autem
568 1755 673 1811 hoc
700 1757 923 1828 quisque
954 1755 1259 1824 mentiatur,
1289 1754 1430 1827 quod
1462 1753 1506 1810 si
1535 1754 1653 1824 quis
1679 1752 1852 1809 credi-

269 1849 443 1919 derit,
489 1849 749 1906 adversus
794 1848 1091 1905 doctrinam
1127 1847 1328 1904 Christi
1372 1846 1655 1904 hiereticus
1706 1847 1847 1915 erit;

272 1948 413 1996 tanto
437 1948 523 1997 est
548 1939 828 1996 nocentior
876 1939 1159 2008 mentiens,
1206 1946 1404 2011 quanto
1445 1938 1692 1994 miserior
1728 1952 1846 1994 cre-

269 2031 416 2087 dens.
468 2029 601 2086 Vide
644 2045 773 2101 ergo
815 2031 971 2102 quale
1014 2030 1104 2098 sit,
1158 2030 1205 2085 si
1253 2028 1512 2086 adversus
1552 2028 1846 2085 doctrinam

268 2122 455 2179 Christi
486 2122 695 2178 mentiti
724 2121 998 2192 fuerimus,
1023 2122 1166 2195 quod
1187 2122 1429 2194 quisquis
1454 2121 1740 2178 crediderit
1766 2122 1848 2176 in-

272 2215 467 2280 teribit,
491 2223 547 2270 ut
569 2214 817 2271 inimicos
840 2214 1080 2285 ejusdem
1110 2213 1370 2270 doctrina:
1395 2214 1686 2283 capiamus,
1713 2227 1845 2284 quos

268 2306 333 2362 ad
359 2306 660 2376 veritatem,
690 2306 816 2362 dum
844 2320 941 2363 nos
962 2307 1031 2362 ab
1058 2321 1121 2362 ea
1148 2306 1467 2373 recedimus,
1499 2305 1841 2373 adducamus;

267 2398 369 2454 imo
396 2412 527 2455 vero
548 2413 675 2454 cum
701 2397 986 2455 mendaces
1002 2398 1312 2453 mentiendo
1339 2397 1598 2467 capimus,
1622 2394 1846 2452 menda-

266 2491 339 2548 cia
385 2491 570 2563 pejora
616 2491 926 2548 doceamus.
974 2489 1132 2547 Aliud
1177 2498 1262 2548 est
1301 2489 1441 2547 enim
1477 2488 1617 2561 quod
1661 2488 1846 2545 dicunt

263 2584 468 2654 quando
486 2583 841 2652 mentiuntur,
859 2582 1003 2638 aliud
1032 2581 1244 2655 quando
1269 2582 1541 2637 falluntur.
1566 2580 1699 2636 Nam
1719 2597 1844 2639 cum

266 2674 506 2732 hinresim
535 2690 688 2733 suam
708 2675 924 2744 docent,
950 2689 1013 2732 ea
1037 2675 1220 2732 dicunt
1246 2676 1302 2731 in
1326 2673 1519 2745 quibus
1548 2673 1839 2730 falluntur:

264 2771 469 2841 quando
497 2778 682 2827 autem
710 2784 770 2827 se
807 2769 992 2826 dicunt
1032 2769 1233 2825 sentire
1260 2767 1403 2839 quod
1445 2782 1552 2823 non
1581 2766 1839 2835 sentiunt,

262 2863 340 2920 vel
380 2878 489 2919 non
532 2864 737 2921 sentire
782 2862 924 2935 quod
952 2862 1206 2929 sentiunt,
1255 2874 1319 2916 ea
1361 2858 1543 2916 dicunt
1567 2861 1620 2915 in
1650 2858 1841 2931 quibus

264 2956 609 3011 mentiuntur.
636 2953 789 3023 Quod
816 2953 897 3010 eis
915 2952 1152 3024 quisquis
1171 2950 1360 3019 credit,
1382 2950 1484 3006 etsi
1512 2964 1606 3007 eos
1633 2964 1740 3005 non
1760 2949 1843 3005 in.

262 3049 417 3115 venit,
444 3048 563 3119 ipse
598 3061 708 3103 non
734 3048 893 3118 perit.
929 3046 973 3101 A
999 3045 1178 3117 regula
1206 3043 1402 3115 quippe
1445 3044 1705 3099 catholica
1730 3059 1839 3101 non

260 3139 474 3207 recedit,
508 3140 599 3211 qui
622 3139 931 3195 hiereticum
959 3138 1220 3195 catholica
1242 3137 1488 3210 dogmata
1511 3137 1839 3194 mendaciter

260 3232 614 3302 proﬁtentem,
642 3231 962 3289 catholicum
986 3230 1158 3288 credit
1186 3248 1199 3284 :
1228 3245 1290 3287 ac
1317 3246 1413 3304 per
1432 3230 1534 3287 hoc
1549 3244 1655 3286 non
1679 3237 1763 3287 est
1784 3229 1838 3286 ei

259 3325 649 3393 perniciosum:
681 3324 805 3395 quia
834 3324 887 3379 in
915 3322 1149 3379 hominis
1176 3331 1357 3379 mente
1395 3321 1465 3379 de
1500 3337 1605 3393 qua
1636 3321 1837 3377 latente

258 3430 358 3471 non
383 3426 564 3489 potest
578 3415 840 3488 judicare,
873 3430 980 3473 non
1008 3417 1065 3472 in
1089 3415 1185 3473 Dei
1209 3415 1410 3473 fallitur
1438 3415 1541 3472 fide
1557 3418 1714 3487 quam
1743 3414 1837 3472 de-

258 3508 342 3565 bet
360 3509 581 3566 insitam
604 3508 893 3565 custodire.
931 3508 1100 3564 Porro
1136 3516 1313 3564 autem
1350 3507 1563 3579 quando
1589 3507 1835 3563 haeresim

240 3615 401 3658 suam
425 3602 647 3670 docent,
680 3602 920 3673 quisquis
951 3601 1030 3659 eis
1067 3601 1355 3659 crediderit
1379 3600 1614 3673 putando
1641 3600 1836 3656 verita-

259 3703 382 3761 tem,
404 3698 511 3753 erit
529 3696 819 3767 particeps,
838 3704 898 3752 ut
918 3695 1138 3763 erroris,
1163 3696 1234 3751 ita
1258 3704 1312 3752 et
1333 3694 1691 3751 damnationis
1711 3695 1833 3751 illo-

257 3805 396 3849 rum.
421 3790 514 3848 Sic
533 3790 592 3846 fit
614 3798 676 3847 ut
709 3805 832 3847 cum
868 3790 943 3846 illi
969 3806 1064 3847 sua
1090 3790 1291 3847 nefaria
1316 3790 1562 3863 dogmata
1587 3789 1832 3845 fabulan-

255 3892 359 3956 tur,
388 3887 444 3941 in
463 3885 657 3957 quibus
667 3884 944 3943 mortifero
963 3900 1145 3942 errore
1160 3886 1429 3954 falluntur,
1448 3894 1577 3941 tunc
1596 3885 1834 3957 quisquis

251 3976 540 4032 crediderit
559 4014 577 4044 ,
615 3985 800 4048 pereat
839 3993 854 4032 :
880 3991 981 4032 nos
1002 3984 1180 4033 autem
1208 3976 1420 4048 quando
1444 3977 1703 4032 catholica
1732 3976 1831 4032 do-

248 4076 435 4137 gmata
458 4067 822 4137 pmdimmus,
850 4067 905 4123 in
941 4068 1131 4139 quibus
1168 4076 1366 4124 rectam
1385 4068 1546 4124 fidem
1567 4078 1829 4139 tenemus,

247 4165 377 4214 tunc
418 4158 466 4213 si
504 4158 827 4225 crediderit,
874 4158 1173 4214 inveniatur
1220 4158 1542 4232 quicumque
1577 4160 1829 4230 perierat.

246 4249 473 4319 Quando
495 4266 645 4321 vero,
667 4265 790 4307 cum
815 4251 923 4307 sint
949 4251 1386 4320 Priscillianistie,
1426 4261 1485 4308 ut
1507 4268 1604 4309 sua
1626 4268 1830 4310 venena

248 4357 353 4399 non
395 4343 649 4415 prodant,
688 4352 901 4401 nostros
936 4360 997 4402 se
1042 4360 1164 4402 esse
1204 4346 1566 4416 mentiuntur;
1593 4348 1831 4419 quisquis

249 4443 492 4492 nostrum
515 4436 600 4493 eis
626 4435 815 4505 credit,
843 4437 1005 4493 etiam
1038 4436 1142 4493 illis
1164 4436 1450 4494 latentibus
1470 4478 1485 4506 ,
1514 4437 1628 4509 ipse
1647 4438 1832 4495 catho-

250 4525 376 4582 licus
403 4534 718 4599 perseverat
748 4545 763 4584 :
800 4542 899 4584 nos
921 4536 1125 4597 contra,
1162 4536 1223 4585 ut
1244 4527 1312 4584 ad
1340 4544 1525 4585 eorum
1554 4530 1832 4600 pervenia-

249 4634 364 4675 mus
388 4620 718 4691 indaginem,
741 4621 785 4676 si
806 4620 1227 4676 Priscillianistas
1251 4635 1349 4677 nos
1372 4635 1494 4677 esse
1517 4623 1827 4691 mentimur;

248 4711 365 4781 quia
388 4727 582 4769 eorum
606 4721 855 4784 tanquam
876 4721 1057 4769 nostra
1074 4726 1258 4767 sumus
1277 4712 1520 4784 dogmata
1544 4712 1828 4785 laudaturi,

249 4803 488 4876 quisquis
515 4820 579 4861 ea
604 4803 906 4873 crediderit,
952 4812 1046 4861 aut
1090 4803 1487 4860 conlirmabitur
1525 4805 1669 4874 apud
1714 4820 1827 4875 eos,

250 4901 339 4948 aut
383 4892 740 4951 transferetur
762 4895 830 4950 ad
858 4909 951 4952 eos
975 4893 1188 4950 interim
1216 4892 1394 4949 statim
1425 4910 1439 4949 :
1484 4893 1613 4964 quid
1651 4904 1827 4950 autem

250 4983 375 5041 hora
411 4996 798 5058 superventura
824 4987 1013 5058 pariat,
1040 4995 1216 5042 utrum
1240 4986 1363 5043 inde
1385 4995 1569 5057 postea
1596 4986 1829 5043 liberen-

251 5084 333 5133 tur
358 5093 489 5135 vera
514 5079 813 5136 dicentibus
838 5079 1011 5147 nobis,
1041 5080 1129 5151 qui
1150 5079 1356 5150 decepti
1382 5087 1506 5134 sunt
1530 5079 1829 5135 fallentibus

248 5171 432 5241 nobis;
460 5181 517 5229 et
535 5181 715 5229 utrum
733 5173 919 5230 audire
938 5173 1101 5231 velint
1125 5173 1426 5242 docentem,
1452 5186 1612 5244 quem
1637 5173 1715 5230 sic
1733 5188 1831 5229 ex-

248 5266 382 5334 perti
403 5275 533 5322 sunt
556 5267 923 5333 mentientem,
955 5266 1071 5337 quis
1091 5266 1307 5322 ~neverit
1327 5267 1571 5323 certum?
1592 5267 1708 5338 quis
1729 5266 1831 5323 hoc

245 5370 368 5412 esse
389 5359 603 5430 ignoret
624 5358 881 5415 incertum
898 5358 921 5412 ?
942 5357 1023 5415 Ex
1037 5372 1144 5428 quo
1159 5357 1439 5429 colligitur,
1458 5358 1827 5430 perniciosius,

243 5455 334 5501 aut
362 5456 419 5504 ut
455 5448 640 5504 mitius
663 5448 870 5520 loquar,
917 5448 1263 5519 periculosius
1290 5449 1501 5506 mentiri
1529 5447 1833 5505 Catholicos

247 5547 300 5593 ut
331 5538 620 5598 haereticos
665 5542 895 5613 capiant,
941 5558 1101 5614 quam
1146 5543 1474 5599 mentiuntur
1503 5542 1738 5599 haeretici
1775 5550 1834 5599 ut

245 5630 550 5691 Catholicos
565 5634 786 5693 lateant.
812 5636 1072 5705 Quoniam
1092 5637 1330 5709 quisquis
1357 5637 1525 5694 credit
1551 5636 1833 5694 Catholicis

246 5727 555 5784 mentiendo
587 5728 930 5797 tentantihus,
960 5737 1051 5784 aut
1090 5728 1342 5798 efticitur,
1364 5739 1456 5786 aut
1493 5729 1834 5786 confirmatur

244 5812 535 5875 hereticus
552 5836 570 5874 :
586 5818 825 5890 quisquis
848 5831 1025 5877 autem
1042 5821 1213 5879 credit
1234 5820 1499 5879 haereticis
1531 5819 1836 5879 mentiendo

242 5920 370 5973 lese
390 5912 804 5982 occultantibus,
829 5929 938 5971 non
956 5915 1151 5973 desinit
1187 5930 1309 5976 esse
1335 5916 1648 5977 catholicus.
1677 5917 1832 5993 Quod

446 6006 681 6090 Sacr,
711 6008 991 6099 Ancon.
1035 6009 1144 6078 Vl.

1691 430 1894 498 LIBER
1932 437 2127 498 UNUS.

1970 562 2030 656 ut
2055 555 2146 613 fiat
2195 556 2420 656 planius,
2464 557 2637 636 aliqua
2667 560 2901 642 exempli
2950 565 3116 646 gratia
3161 590 3542 656 proponamus,

1967 655 2035 749 ct
2070 664 2152 749 es
2178 649 2257 707 eis
2305 654 2638 722 potissimum
2684 661 2919 734 scriptis,
2974 681 3093 739 quae
3138 649 3278 729 mihi
3318 649 3543 749 legenda

1965 743 2177 801 misisti.

2036 838 2090 894 Β.
2132 836 2271 896 Ecce
2307 843 2697 935 constituamus
2719 861 2844 908 ante
2870 852 3054 913 oculos
3077 856 3325 916 callidum
3354 863 3545 935 explo-

1963 934 2193 984 ratorem
2221 932 2479 992 accedere
2504 936 2571 992 ad
2597 952 2718 996 eum
2744 957 2901 1015 quem
2926 945 3380 1010 Priscillianistam
3422 932 3544 1015 esse

1962 1022 2335 1117 prmscnserit;
2367 1033 2421 1081 ct
2464 1026 2674 1087 Dictinii
2701 1034 2933 1107 episcopi
2961 1037 3062 1113 (α),
3103 1043 3190 1099 vel
3218 1046 3414 1117 cogniti
3460 1050 3544 1105 vi-

1962 1116 2089 1201 tam,
2116 1114 2202 1169 vel
2246 1116 2500 1188 incogniti
2544 1122 2740 1181 famam
2783 1128 3000 1189 laudare
3039 1114 3411 1196 mendaciter:
3460 1152 3547 1201 est

1962 1200 2067 1296 hoc
2078 1204 2417 1296 tolerabilius
2455 1211 2649 1283 adhuc,
2677 1218 2800 1287 quia
2838 1220 2929 1279 ille
2970 1234 3186 1296 putatur
3241 1230 3406 1289 fuisse
3453 1249 3544 1291 ca-

1960 1291 2208 1365 tholicus,
2241 1306 2398 1370 atque
2423 1316 2488 1357 ex
2530 1303 2620 1361 illo
2647 1322 2831 1366 errore
2870 1291 3161 1375 correctus.
3193 1320 3396 1379 Deinde
3425 1325 3543 1380 Pri-

1957 1385 2253 1489 scillianum
2282 1390 2423 1461 (hoc
2446 1394 2591 1450 enim
2612 1401 2851 1470 sequitur
2876 1404 2932 1461 in
2956 1415 3070 1464 arte
3098 1414 3422 1489 mentiendi)
3442 1431 3543 1474 ve-

1955 1476 2266 1577 nerabiliter
2285 1496 2794 1549 commemoraturus
2814 1503 2915 1563 est,
2939 1496 3210 1558 hominem
3243 1476 3462 1577 impiu'm
3485 1517 3543 1567 et

1956 1565 2342 1642 detestabilem,
2375 1584 2427 1631 et
2457 1593 2555 1649 pro
2578 1580 2689 1637 suis
2714 1584 2932 1643 nefariis
2966 1591 3255 1651 sceleribus
3297 1565 3539 1656 crimini;

1954 1656 2157 1730 husquc
2199 1662 2528 1727 damnatum.
2577 1669 2636 1727 In
2678 1689 2779 1746 qua
2823 1677 2939 1749 ejus
2967 1686 3254 1742 venerabili
3297 1703 3539 1748 comme-

1954 1753 2295 1850 moratione,
2302 1756 2347 1850 si
2370 1756 2508 1850 forte
2537 1761 2645 1831 ille,
2669 1766 2755 1821 cui
2780 1769 2913 1827 retia
2942 1773 3228 1833 tenduntur
3254 1777 3537 1850 hujusmo-
3602 1834 3605 1837 λ

1952 1839 2239 1941 ἀῘ,-Π1“Ῑῐ11ἒ8
2263 1845 2661 1941 Priscillianista
2681 1870 2789 1914 non
2816 1857 3023 1930 fuerat,
3051 1863 3152 1921 hac
3188 1868 3305 1938 ejus
3325 1839 3537 1941 'praidi-

1950 1932 2159 1991 catione
2187 1937 2501 1999 firmabitur.
2527 1944 2661 2002 Cum
2689 1958 2864 2007 autem
2889 1953 2955 2010 ad
2980 1965 3171 2015 caetera
3200 1932 3536 2033 explorantis

1949 2036 2129 2081 sermo
2175 2032 2514 2103 processerit,
2568 2044 2623 2093 et
2669 2039 2899 2100 dicentis
2944 2048 3186 2106 misereri
3236 2032 3296 2109 se
3343 2069 3533 2113 eorum

1948 2129 2083 2184 quos
2128 2120 2288 2175 tantis
2314 2136 2556 2181 errorum
2588 2130 2823 2188 tenebris
2850 2137 3188 2195 tenebrarum
3237 2153 3424 2202 auctor
3447 2146 3535 2202 in-

1948 2206 2191 2277 volverit,
2218 2219 2279 2265 ut
2303 2211 2559 2271 honorem
2594 2220 2786 2278 anima:
2809 2237 2920 2281 sua:
2947 2235 3002 2283 et
3022 2229 3314 2289 claritatem
3339 2236 3535 2295 divinas

1944 2665 2200 2734 sphemize
2238 2670 2599 2743 continentur,
2626 2676 2805 2735 multis
2840 2680 3097 2740 librarum
3138 2689 3254 2743 auri
3295 2690 3530 2749 millibus

1945 2756 2322 2825 pretiosiorem
2346 2775 2467 2819 esse
2495 2771 2719 2823 testetur
2749 2786 2762 2823 :
2802 2786 2998 2844 nempe
3019 2774 3135 2832 haec
3157 2779 3348 2836 astutia
3371 2796 3529 2839 men-

1946 2845 2126 2905 tientis
2147 2890 2164 2917 ,
2194 2851 2426 2909 animam
2450 2857 2720 2916 credentis
2743 2861 3018 2935 interficit,
3052 2878 3146 2925 aut
3165 2870 3277 2941 jam
3309 2873 3530 2933 interfe-

1944 2947 2083 3037 ctam
2111 2942 2166 2997 in
2187 2944 2373 3037 eadem
2400 2956 2574 3006 morte
2596 2951 2878 3026 demergit,
2903 2972 2968 3014 ac
2990 2959 3258 3032 deprimit.
3289 2966 3414 3037 Sed,
3445 2971 3530 3026 in-

1941 3031 2112 3102 quies,
2145 3043 2329 3104 postea
2356 3036 2682 3097 liberabitur.
2711 3043 2870 3113 Quid,
2911 3031 3094 3107 sinon
3132 3053 3241 3122 ﬁat,
3275 3031 3529 3115 sive'ali-

1943 3136 2053 3192 quo
2082 3123 2472 3219 interveniente
2508 3131 2889 3203 impedimento
2911 3154 2982 3196 ne
3017 3154 3187 3214 empta
3211 3150 3526 3219 complean-

1941 3221 2048 3281 tur,
2078 3216 2192 3273 sive
2218 3219 2575 3279 obstinatione
2608 3228 2805 3283 mentis
2831 3229 3096 3291 heretica:
3117 3252 3303 3297 rursus
3329 3216 3523 3302 eadem

1939 3307 2443 3404 negantis,‘etiamsi
2472 3312 2649 3385 aliqua
2678 3317 2789 3388 jam
2816 3334 3054 3394 ceperat
3076 3329 3355 3387 conﬁteri?
3377 3349 3523 3404 prce-

1938 3399 2123 3493 sertim
2141 3400 2335 3493 quiasi
2354 3407 2664 3475 cognoverit
2686 3423 2747 3465 se
2769 3411 2836 3467 ab
2854 3412 3028 3471 alieno
3047 3415 3213 3476 fuisse
3239 3399 3521 3493 tentatum,
3556 3454 3573 3461 ι

1938 3502 2004 3546 eo
2031 3490 2148 3561 ipso
2184 3492 2437 3550 audacius
2466 3496 2557 3552 illa
2585 3514 2706 3569 qua:
2744 3504 2937 3573 sentit,
2980 3507 3214 3566 studebit
3250 3490 3522 3574 occultare

1942 3581 2258 3651 mendacio;
2285 3587 2500 3656 quando
2528 3588 2581 3644 id
2605 3591 2870 3664 inculpate
2888 3598 3004 3654 fieri
3026 3601 3195 3658 multo
3220 3584 3418 3663 certius
3432 3608 3512 3666 di-

1937 3672 2163 3743 dicerit,
2216 3676 2380 3733 etiam
2423 3682 2672 3752 exemplo
2716 3684 2883 3755 ipsius
2930 3688 3014 3746 sui
3060 3697 3357 3752 tentatoris.
3404 3698 3521 3757 Hoc

1935 3765 2133 3837 quippe
2179 3767 2234 3821 in
2279 3768 2519 3841 homine,
2565 3774 2657 3845 qui
2699 3777 3010 3835 veritatem‘
3047 3786 3325 3855 tegendam
3368 3797 3521 3859 putat

1935 3871 2057 3949 esse
2097 3860 2423 3929 mentiendo,
2479 3879 2584 3935 qua
2613 3867 2825 3925 tandem
2854 3868 3032 3931 fronte
3056 3876 3408 3949 cqlpabimus,
3459 3890 3520 3940 et

1935 3947 2191 4005 damnare
2214 3951 2548 4024 audebimus,
2574 3958 2718 4028 quod
2742 3960 3032 4020 docemus?

2007 4038 2062 4095 6.
2094 4039 2352 4098 Rcmanet
2383 4043 2563 4115 igitur,
2592 4055 2651 4103 ut
2673 4050 2814 4120 quod
2836 4055 3073 4113 sentiunt
3097 4057 3515 4123 Priscillianista

1935 4133 2223 4226 secundum
2259 4134 2480 4193 hieresis
2504 4152 2614 4196 sua:
2639 4141 2895 4201 nefariam
2921 4145 3200 4207 falsitatem
3222 4194 3238 4219 ,
3266 4155 3334 4210 de
3362 4156 3474 4215 Deo
3490 4196 3509 4226 ,

1935 4225 2001 4315 de
2028 4226 2224 4294 anima,
2253 4227 2322 4283 de
2346 4242 2590 4303 corpore,
2629 4243 2686 4290 et
2709 4234 2778 4293 de
2799 4240 3005 4296 caeteris
3044 4243 3224 4315 rebus,
3254 4264 3362 4304 non
3403 4250 3509 4306 du-

1932 4314 2163 4373 bitemus
2192 4320 2367 4375 veraci
2408 4320 2606 4394 pietate
2650 4325 2943 4398 damnare;
2985 4334 3127 4404 quod
3165 4314 3343 4395 autem
3384 4355 3509 4399 sen-

1935 4407 2091 4477 tiunt,
2123 4416 2181 4464 ut
2200 4410 2396 4468 veritas
2423 4414 2717 4472 occultetur
2742 4434 2859 4477 esse
2882 4424 3243 4483 mentiendum
3261 4469 3279 4496 ,
3305 4432 3376 4488 sit
3405 4449 3512 4489 no-

1996 4748 2402 4827 3.,9‘.'?‘92‘?.MSS:=
2428 4762 2535 4827 1.190
2556 4755 2730 4827 ινιιίρρε
2750 4758 2801 4813 in
2818 4760 3026 4827 Ιιοηιὺιε,
3050 4770 3178 4827 quod
3200 4774 3445 4827 υενίιαιαι

1995 4770 3509 4896 ςεῗῗέιὲςῗρέῗῖῑζςξέῗψηᾜΐωνπὲἴήὲἕθὲαιῗῖνωίξτὶξ.

1932 4874 2155 4983 petimur.
2189 4875 2365 4950 deinde
2388 4874 2788 4953 «iactantiam;
2809 4874 3413 4951 ειυιλξῆὄιῖιὲητῑεῒῐίὸἷᾶἷ
3429 4874 3511 4954 iis;

1950 4946 2068 4983 OCIS.
2094 4949 2186 4983 nec
2208 4951 2302 4983 non
2326 4939 2461 4983 mfm-
2485 4950 2641 4983 mrum
2678 4946 2751 4983 l7_
2787 4950 3088 4983 ιιικιίιιιίιιηιε.
3112 4965 3334 4983 ..οη-...ης
3360 4957 3480 4983 in“...

1950 4939 2650 5020 992.5».Eecﬂseinfl'egcsvits
2678 4939 3343 5020 4.7..jresismu-isiéeraii
3359 4939 3509 5009 fabii:

1931 5006 2562 5081 m_§}l§f9§jwl839mell
2582 5009 2805 5081 Δθῇςιῆῐξῆ.
2843 5014 2962 5081 _Fuit_
2988 5006 3216 5081 Dictinius
3252 5006 3511 5081 episcopus

1931 5065 2265 5140 ’ἔὲίέὲῗίὲῗξέξὲἓν
2286 5066 2460 5140 ἀφ’.
2485 5081 2509 5110 ³
2545 5075 2600 5117 ιιι
2632 5070 2806 5122 Matius
2827 5073 2890 5140 .in
2909 5074 3147 5140 ,ωηοηίοο
3167 5065 3433 5140 Suilii—1?
3443 5065 3509 5133 ὦ

1939 5136 1964 5201 ξ
1985 5118 2274 5201 ῗξὶξςὲὶιὲιξίξ
2286 5118 2529 5201 heresim.
2554 5118 2698 5201 quam
2718 5118 3387 5201 ᾖὸίὶἱῐειέιῖιῐιζξῖρῖιῶἶῧη
3403 5118 3512 5195 ἶλιῖίῖ

1940 5183 2385 5265 :ejnusdemsecue
2395 5183 2649 5265 episcopis,
2667 5183 2910 5265 suécessnt
2921 5183 3515 5265 tuendailiiﬁsiﬁn'a‘:

1932 5256 2047 5319 men
2064 5253 2231 5319 postea
2252 5246 2473 5319 damnato
2491 5246 2583 5319 suo
2616 5246 2787 5304 errore
2813 5246 3185 5319 resipiscent‘cm
3214 5246 3515 5318 abréewcl'es—ia

1932 5312 2562 5388 rgeptunm'nesse‘testatur
2588 5316 2890 5388 Innocentius
2914 5312 3109 5388 'Papa},
3148 5323 3200 5373 in
3224 5312 3514 5388 epistola—ad

1934 5368 2165 5441 synodum
2186 5369 2614 5441 Toletanamtntijus
2633 5389 2830 5441 quoque
2852 5368 3208 5436 correctionem
3228 5368 3514 5441 Maiis;

1936 5433 2424 5512 3’391‘.21‘1¢Pi§!913
2450 5433 2878 5512 assensum
2899 5433 3399 5512 Asturicenséaliiil
3418 5433 3511 5512 16':

1936 5491 2209 5574 iﬁllfﬂi’f‘l‘ﬁ
2228 5490 2415 5574 ,ἐξεφ
2444 5496 2645 5574 usus
2661 5490 3514 5574 summam3665686751331

1944 5551 2396 5631 εξςίξέίξιξιξ,
2437 5560 2810 5631 θρηξοτίρξίίῃβ
2845 5551 3011 5631 multis
3036 5551 3515 5627 aii'n'VEiIEEEiibiiB

1943 5630 1967 5661 ii
1988 5612 2415 5691 legerentur,'cum
2432 5619 2475 5666 si
2497 5612 2698 5691 aliquid,
2716 5612 2799 5682 ait,
2811 5612 3069 5691 memoria;
3594 5649 3598 5654 ‘

1944 5675 2741 5755 iidum-putantkreparahtionem
2779 5675 2887 5755 ejus
2924 5675 3512 5755 nagis'ﬁéﬁéhiiliﬁii

1944 5753 1968 5783 ι
1983 5750 2221 5813 {assae
2248 5739 2503 5813 uisum-‘2
2540 5749 2778 5813 Ceterum
2804 5739 3345 5813 ὐίοιίιιίιηίιειῐιδᾞτῖί
3370 5739 3513 5809 5n?-

1938 5799 2151 5871 versaria
2168 5799 2537 5871 “festivitatem
2580 5806 2801 5871 Hispania
2845 5799 3328 5869 0011ιήΔέἶυῖιῖὁέὶῖ
3346 5799 3512 5871 ὤδ-

1937 5862 2145 5944 ,_d_i_e
2167 5860 2198 5910 2
2222 5863 2360 5926 junii.
2396 5863 2510 5937 Vide
2530 5860 2799 5923 Penatium
2829 5871 2880 5923 in
2910 5860 3513 5944 wﬁﬁﬁmﬁ

2831 6021 3228 6117 (υἱέε-κρυ
