4070 6334
504 555 609 612 quo
642 550 734 593 eos
771 547 868 617 per
905 526 1240 595 mendacium
1278 537 1469 597 capere
1506 524 1751 594 cupimus
1780 529 1836 578 et
1861 528 2091 587 mutare,

506 634 579 691 ita
628 637 1002 702 prosperetur,
1048 632 1107 681 ut
1152 637 1245 679 eos
1284 620 1553 691 capiamus
1596 626 1757 688 atque
1805 627 2091 683 mutemus,

510 724 669 782 trullis
691 722 852 777 lucris
878 724 1292 789 compensentur
1319 712 1434 767 hate
1460 712 1672 777 damna,
1703 708 1896 781 quibus
1923 717 1975 764 et
1997 723 2095 763 nos

505 834 628 875 cum
676 815 807 887 ipsis
854 828 949 885 pro
992 811 1203 866 illorum
1234 804 1565 862 correctione
1588 802 1963 874 depravamur.
1995 800 2098 854 Per

504 911 611 970 hoc
649 923 879 981 namque
923 902 1257 963 mendacium
1304 907 1357 955 et
1395 912 1494 954 nos
1535 896 1734 952 erimus
1760 910 1827 950 ex
1856 908 1918 950 ea
1946 901 2096 963 parte

506 1002 745 1077 perversi
771 1044 787 1070 ,
830 1008 884 1056 et
910 999 986 1055 illi
1015 992 1379 1052 semicorrecti
1413 1010 1425 1046 :
1459 986 1888 1061 quandoquidem
1916 984 2093 1077 istud,

505 1076 649 1169 quad
671 1100 863 1167 putant
888 1106 1008 1147 esse
1032 1104 1128 1162 pro
1157 1088 1377 1143 veritate
1404 1082 1789 1149 mentiendum,
1817 1095 1923 1137 non
1945 1079 1997 1133 in
2020 1076 2098 1134 eis

506 1191 862 1260 corrigimus;
894 1185 1015 1258 quia
1043 1182 1183 1239 idem
1208 1196 1305 1237 nos
1332 1176 1632 1236 didicimus‘
1662 1183 1716 1231 et
1741 1174 2017 1239 docemus,
2046 1179 2101 1224 et

508 1285 624 1340 ﬁeri
670 1291 919 1354 oportere
958 1277 1325 1350 praecipimus,
1376 1280 1436 1328 ut
1484 1270 1552 1327 ad
1589 1285 1682 1326 eos
1732 1263 2098 1323 emendandos

506 1375 789 1448 pervenire
818 1372 1103 1444 possimus.
1132 1368 1277 1436 Quos
1329 1373 1507 1420 tamen
1560 1377 1664 1417 non
1712 1357 2097 1435 emcndamus,

502 1467 703 1539 quibus
729 1465 1028 1531 mendum’,
1055 1477 1162 1537 quo
1191 1474 1378 1516 verum
1422 1455 1706 1530 tegendum
1751 1452 2096 1515 existimant,

506 1574 618 1633 non
647 1556 972 1623 auferimus;
1019 1552 1116 1610 sed
1157 1567 1258 1609 nos
1304 1551 1479 1622 potius
1527 1544 1936 1608 immendaniur,
1980 1554 2101 1596 cum

504 1668 605 1727 per
621 1652 721 1707 tale
751 1649 1000 1719 mendum
1027 1662 1122 1705 eos
1147 1645 1579 1718 quaerimusmcc
1596 1638 1894 1695 invenimus
1918 1650 2103 1706 quem-

506 1744 799 1801 admodum
840 1742 917 1799 eis
983 1740 1258 1813 conversis
1296 1738 1518 1805 credere
1560 1736 1852 1799 valeamus,
1905 1730 2101 1801 quibus

500 1838 776 1912 perversis
802 1836 1009 1892 mentiti
1038 1849 1252 1905 sumus;
1284 1848 1352 1889 ne
1372 1832 1513 1893 forte
1537 1829 1681 1902 quod
1702 1837 1757 1884 ut
1783 1834 2103 1897 caperentur

502 1940 635 2003 sunt
660 1930 822 2001 passi,
852 1928 1051 1985 faciant
1076 1926 1254 1997 capti;
1288 1940 1395 1991 non
1418 1924 1594 1983 solum
1620 1921 1744 1993 quia
1770 1919 1946 1979 facere
1973 1930 2101 1972 con-

504 2029 818 2099 sueverunt,
866 2019 963 2077 sed
1005 2020 1127 2091 quia
1156 2026 1212 2075 et
1247 2016 1303 2075 in
1346 2015 1501 2073 nobis
1520 2056 1537 2085 ,
1568 2013 1637 2069 ad
1672 2026 1810 2084 quos
1850 2010 2101 2077 veniunt,

504 2114 611 2181 hoc
635 2113 929 2170 inveniunt.

581 2205 807 2263 CAPUT
835 2204 924 2262 Ν.
946 2234 1016 2249 -—
1034 2205 1087 2259 7.
1116 2203 1382 2262 Mentienti
1401 2203 1453 2257 in
1475 2216 1599 2266 uno,
1629 2214 1729 2253 non
1758 2195 1930 2251 haberi
1950 2194 2104 2263 [idem

508 2301 569 2355 in
610 2300 748 2354 aliis.
791 2298 859 2353 Et
898 2297 1043 2369 quod
1086 2306 1169 2353 est
1214 2293 1605 2358 miserabilius,
1654 2291 1816 2349 etiam
1858 2288 1958 2358 ipsi
1991 2286 2104 2356 jam

508 2392 666 2465 quasi
710 2391 880 2448 nostri
922 2390 1136 2454 effecti,
1179 2386 1632 2460 quemadmodum
1660 2383 1818 2439 nobis
1849 2380 2101 2447 credant,

508 2485 754 2555 reperire
799 2498 904 2537 non
949 2489 1193 2552 possunt.
1241 2479 1299 2534 Si
1340 2478 1484 2535 enim
1526 2476 1904 2545 suspicentur,
1943 2471 2104 2527 etiam

505 2578 629 2649 ipsa
658 2575 918 2632 catholica
957 2574 1207 2651 dogmata
1235 2585 1331 2627 nos
1356 2568 1686 2625 mendaciter
1711 2565 1888 2637 loqui,
1921 2572 1980 2619 ut
2005 2578 2103 2619 ne-

508 2672 629 2739 scio
645 2668 773 2741 quid
789 2667 931 2725 aliud
950 2665 1278 2723 occultemus
1291 2663 1433 2735 quod
1450 2678 1635 2719 verum
1657 2671 1934 2733 putamus;
1959 2666 2106 2714 certe

510 2765 641 2821 talia
685 2761 982 2833 suspicanti
1028 2760 1267 2825 dicturus
1292 2773 1371 2823 es,
1408 2757 1523 2814 Hoc
1554 2765 1680 2812 tunc
1717 2753 1839 2810 ideo
1883 2751 2018 2819 feci,
2049 2759 2107 2805 ut

502 2873 765 2928 caperem
788 2866 842 2913 te
865 2874 880 2910 :
904 2855 1001 2914 sed
1030 2854 1161 2925 quid
1185 2851 1537 2924 respondebis
1562 2849 1795 2914 dicenti,
1827 2846 1978 2903 Unde
2003 2846 2105 2916 igi-

516 2960 607 3009 tur
628 2951 741 3010 scio
758 2958 935 3007 utrum
956 2949 1120 3006 etiam
1139 2946 1356 3005 nuncid
1378 2944 1563 3009 theias,
1587 2959 1655 2999 ne
1680 2941 1909 3011 capiaris
1928 2954 1959 2994 a
1978 2953 2066 2993 me
2084 2939 2107 2992 ?

514 3045 603 3102 An
650 3058 781 3099 vero
821 3042 1071 3113 cuiquam
1110 3038 1423 3112 persuaderi
1468 3043 1646 3108 potest
1689 3034 1963 3090 hominem
1998 3045 2107 3086 non

508 3135 735 3201 mentiri
763 3149 835 3192 ne
858 3135 1121 3215 capiatur,
1153 3132 1247 3204 qui
1271 3130 1526 3188 mentitur
1551 3135 1612 3184 ut
1634 3124 1850 3196 capiat?
1878 3122 2110 3179 Videsne

511 3247 625 3305 quo
651 3230 835 3288 tendat
868 3230 976 3287 hoc
1012 3216 1254 3285 malum?
1295 3236 1355 3284 ut
1397 3226 1603 3283 scilicet
1647 3238 1755 3279 non
1793 3223 1968 3278 solum
2010 3237 2109 3277 nos

510 3325 648 3395 illis,
679 3324 889 3395 ipsique
913 3321 1069 3379 nobis
1090 3362 1106 3391 ,
1137 3320 1235 3377 sed
1261 3320 1437 3377 omnis
1462 3317 1628 3374 frater
1655 3316 1802 3373 omni
1825 3314 1978 3371 fratri
2002 3329 2108 3370 non

512 3417 788 3485 immerito
819 3416 1066 3473 videatur
1089 3429 1211 3471 esse
1230 3422 1530 3486 suspectus.
1565 3413 1740 3483 Atque
1766 3410 1837 3465 ita
1859 3410 1985 3465 dum
2018 3424 2113 3479 per

508 3512 860 3571 mendacium
891 3509 1128 3567 tenditur
1157 3516 1217 3564 ut
1239 3508 1496 3563 doceatur
1522 3505 1687 3573 fides,
1714 3504 1769 3561 id
1803 3505 1978 3576 agitur
2011 3518 2111 3574 po-

516 3607 630 3663 tius
655 3586 766 3660 3ut
798 3602 930 3659 nulli
971 3600 1217 3659 habenda
1244 3600 1317 3656 sit
1339 3599 1491 3655 fides.
1537 3598 1596 3655 Si
1639 3596 1784 3673 enim
1825 3606 1880 3652 et
1927 3604 2111 3651 contra

519 3695 694 3753 Deum
721 3696 991 3766 loquimur
1013 3735 1029 3763 ,
1059 3709 1184 3750 cum
1225 3693 1549 3759 mentimur,
1580 3689 1712 3761 quid
1740 3696 1949 3745 tantum
1986 3687 2114 3743 mali

512 3788 722 3845 deterit
762 3790 818 3843 in
865 3788 976 3842 ullo
1022 3785 1303 3842 mendacio
1348 3783 1574 3854 reperiri
1601 3783 1645 3850 ‘,
1676 3780 1818 3852 quod
1860 3791 2112 3851 tanquam

512 3881 965 3945 scelestissimum
986 3879 1135 3936 omni
1160 3878 1322 3934 modo
1349 3877 1588 3933 devitarc
1608 3875 1935 3931 debeamus?

594 3974 822 4032 CAPUT
845 3973 907 4029 V.
929 4003 1000 4016 -
1018 3974 1072 4031 8.
1099 3970 1545 4027 Priscillianistam
1572 3966 1881 4023 tolerabilius
1912 3966 2113 4021 mentiri

517 4067 828 4122 occultando
849 4066 1081 4121 haresim
1110 4080 1277 4130 suam,
1306 4078 1458 4133 quam
1480 4060 1786 4115 catholicum
1810 4059 2113 4114 occultando

520 4162 806 4217 veritatem.
831 4156 1079 4213 Catholici
1099 4156 1143 4211 si
1162 4171 1215 4209 se
1234 4154 1539 4209 mentiantur
1554 4168 1659 4208 esse
1683 4150 2109 4223 priscillianistas,

521 4255 672 4327 pejus
721 4252 914 4325 faciunt
956 4264 1108 4318 quam
1153 4247 1545 4319 priscillianistae
1589 4260 1644 4299 se
1689 4242 1962 4297 catholicos
2010 4259 2117 4298 esse

520 4349 837 4403 mentientes.
902 4343 1011 4401 Sed
1075 4358 1218 4400 nunc
1276 4341 1495 4398 adverte
1560 4353 1720 4410 quam
1786 4336 2116 4394 tolerabilius

523 4439 945 4498 Priscillianistac
994 4437 1048 4492 in
1087 4445 1269 4493 nostra
1310 4433 1708 4506 comparatione
1745 4433 2073 4490 mentiantur
2096 4475 2112 4502 ,

518 4533 740 4605 quando
766 4548 826 4588 se
851 4529 1113 4590 fallaciter
1152 4530 1300 4602 loqui
1338 4530 1549 4597 sciunt,
1582 4543 1717 4600 quos
1745 4537 1930 4584 nostro
1960 4543 2115 4583 men-

523 4626 681 4683 dacio
718 4624 1025 4682 liberandos
1066 4632 1314 4695 putamus
1351 4624 1418 4678 ab
1444 4624 1521 4680 eis
1550 4621 1698 4678 falsis
1726 4623 1778 4678 in
1804 4622 1997 4694 quibus
2024 4636 2114 4677 cr-

524 4718 698 4776 rando
738 4715 1011 4772 falluntur.
1047 4713 1447 4771 Priscillianista
1487 4713 1616 4769 dicit
1657 4713 1797 4784 quod
1840 4714 2017 4771 anima
2047 4713 2118 4769 sit

520 4826 653 4884 pars
682 4809 795 4876 Dei,
820 4817 872 4865 et
904 4807 1143 4879 ejusdem
1170 4807 1323 4877 cujus
1347 4815 1427 4863 est
1453 4805 1543 4862 ille
1566 4815 1767 4861 naturae
1797 4815 1955 4877 atque
1983 4805 2114 4861 sub-

525 4903 759 4962 stantim.
797 4901 982 4973 Magna
1036 4900 1153 4956 haec
1190 4907 1271 4956 est
1315 4908 1369 4956 et
1408 4898 1717 4955 detestanda
1760 4898 2114 4969 blasphemia.

522 4996 783 5067 Sequitur
808 4994 951 5049 enim
991 5002 1048 5048 ut
1085 4992 1178 5047 Dei
1210 5000 1397 5047 natura
1427 4992 1756 5062 captivetur,
1781 4991 2111 5062 decipiatur,

526 5090 762 5157 fallatur,
791 5085 1143 5143 conturbetur
1170 5092 1330 5155 atque
1352 5092 1614 5156 turpetur,
1647 5083 1931 5140 damnetur
1956 5091 2116 5154 atque

526 5184 817 5241 crucietur.
859 5180 931 5239 At
954 5180 1001 5239 si
1027 5179 1132 5237 hoc
1165 5187 1221 5236 et
1262 5178 1352 5234 ille
1384 5177 1548 5244 dicit,
1581 5178 1671 5248 qui
1700 5176 1767 5232 de
1798 5185 1945 5232 tanto
1975 5177 2117 5233 malo

526 5277 763 5334 liberare
803 5274 952 5347 cupit
990 5273 1265 5330 hominem
1304 5285 1399 5343 per
1440 5235 1811 5336 mendacium,
1841 5269 2117 5327 videamus
2131 5235 2156 5347 λ

528 5369 657 5441 quid
679 5367 889 5425 intersit
916 5364 1057 5425 inter
1079 5375 1363 5437 utrumque
1384 5363 1774 5433 blasphemum.
1800 5363 2115 5433 Plurimum,

531 5459 740 5529 inquis:
762 5473 884 5513 nam
906 5457 1009 5514 hoc
1025 5455 1414 5529 priscillianista
1435 5453 1565 5511 dicit
1583 5454 1654 5509 ita
1677 5453 1837 5510 etiam
1859 5455 2118 5522 credens;

527 5550 827 5613 catholicus
868 5560 1049 5609 autem
1076 5565 1182 5606 non
1225 5550 1295 5604 ita
1334 5546 1592 5613 credens,
1635 5548 1881 5618 quamvis
1924 5548 1995 5605 ita
2042 5550 2121 5607 lo-

598 5687 617 5720 ί
651 5686 726 5739 sic
750 5683 917 5746 plures
933 5691 1039 5737 las.
1063 5692 1118 5736 At
1139 5684 1275 5744 editi,
1298 5682 1522 5737 didm”.

595 5749 619 5783 ⁸
636 5746 843 5819 μίςοοι
865 5755 971 5799 uss.
1001 5746 1081 5798 hic
1102 5755 1156 5798 et
1180 5747 1300 5798 infra
1322 5746 1446 5812 loco,
1477 5747 1729 5813 mendum,
1752 5749 1954 5817 habent,
1991 5765 2127 5808 men-

512 5812 790 5940 ’Ἥιῃ
812 5871 866 5927 id
888 5870 971 5939 agi
991 5870 1161 5940 potius.
1187 5871 1375 5940 Aliquot
1396 5881 1522 5940 δίει,
1546 5873 1723 5940 agitur.

526 5954 533 5961 ι
598 5938 623 5973 δ
657 5934 824 5987 Plures
845 5934 973 6002 sui,
992 5934 1167 6001 micat
1190 5934 1319 5986 nullo
1348 5934 1600 5991 mendaci)
1622 5940 1842 6007 reperiri.
1886 5964 1889 5967 <

1542 402 1814 465 CONTRA
1860 398 2286 474 MENDACIUM,
2325 401 2385 461 s.
2426 403 2791 464 AUGUSTINI
3012 430 3019 441 ς
3128 421 3171 445 κ,

2206 536 2396 592 quens.
2447 522 2541 580 Ille
2584 542 2711 596 ergo
2754 525 3417 597 blasphemat-nescicns,
3462 527 3567 603 iste
3609 544 3798 601 autem

2206 618 2382 673 sciens
2410 637 2426 674 :
2454 620 2542 674 ille
2584 630 2768 676 contra
2807 622 3082 679 scientiam
3103 665 3121 692 ,
3153 623 3252 680 iste
3282 634 3467 689 contra
3511 630 3798 687 conscien-

2206 708 2333 765 tiam
2366 726 2378 764 :
2407 710 2495 767 ille
2524 711 2682 767 habet
2710 714 3002 769 caecitatem
3029 714 3163 791 falsa
3182 716 3472 784 sentiendi,
3501 718 3596 774 sed
3625 720 3681 776 in
3712 722 3793 778 eis

2204 801 2367 859 habet
2411 804 2599 859 saltem
2637 805 2965 861 voluntatem
3013 823 3139 865 vera
3178 808 3425 876 dicendi;
3470 811 3571 867 iste
3616 812 3793 870 latens

2205 896 2350 952 videt
2378 911 2521 963 vera,
2542 906 2597 955 et
2625 899 2806 954 volens
2834 899 3066 970 loquitur
3094 897 3251 963 falsa.
3281 903 3386 957 Sed
3419 904 3524 972 ille,
3557 904 3791 977 inquies,

2207 989 2310 1045 hoc
2330 989 2507 1058 docet,
2538 1000 2596 1047 ut
2622 992 2822 1048 erroris
2842 992 2926 1048 sui
2953 992 3117 1048 faciat
3137 995 3437 1067 furorisque
3465 998 3753 1069 participes
3779 1018 3793 1053 :

2205 1080 2309 1135 iste
2337 1089 2514 1137 autem
2540 1083 2640 1138 hoc
2665 1083 2814 1151 dicit,
2850 1092 2905 1139 ut
2932 1085 2997 1140 ab
3026 1084 3119 1141 illo
3144 1101 3327 1144 errore
3355 1103 3417 1143 ac
3446 1086 3629 1145 furore
3659 1091 3796 1146 libe-

2205 1185 2290 1231 ret
2319 1174 2580 1233 homines.
2620 1176 2737 1232 Jam
2772 1177 2987 1248 quidem
3025 1194 3186 1251 supra
3215 1180 3425 1255 ostendi
3453 1191 3714 1253 quantum
3741 1193 3797 1239 et

2206 1268 2311 1324 hoc
2341 1280 2561 1338 noceat,
2595 1270 2736 1341 quod
2764 1270 2999 1327 creditur
3028 1271 3363 1342 profuturum
3395 1291 3408 1327 :
3443 1289 3628 1329 verum
3655 1276 3800 1333 inte-

2204 1364 2308 1419 rim
2355 1364 2399 1419 si
2443 1363 2806 1436 appendamus
2846 1364 2900 1418 in
2950 1364 3034 1420 his
3076 1365 3284 1433 duobus
3325 1366 3462 1421 mala
3508 1370 3795 1438 praesentia

2209 1457 2487 1527 (quoniam
2520 1456 2658 1512 bona
2698 1456 2872 1512 futura
2907 1473 3026 1528 qua:
3055 1458 3349 1531 catholicus
3376 1458 3442 1514 de
3476 1460 3798 1533 corrigendo

2210 1548 2461 1604 haeretico
2483 1551 2728 1621 inquirit,
2755 1550 2954 1605 incerta
2983 1550 3168 1621 sunt),
3193 1552 3311 1622 quis
3332 1562 3520 1622 peccat
3546 1554 3795 1625 gravius;

2210 1650 2387 1707 utrum
2417 1641 2509 1713 qui
2549 1642 2819 1698 hominem
2858 1643 3056 1713 decipit
3085 1645 3363 1713 nesciens,
3396 1660 3466 1700 an
3495 1647 3585 1716 qui
3626 1647 3798 1703 Deum

2209 1735 2548 1805 blasphemat
2579 1737 2793 1792 sciens?
2819 1737 3066 1792 Profecto
3096 1737 3223 1808 quid
3248 1738 3321 1793 sit
3346 1738 3497 1809 pejus
3522 1740 3800 1811 intelligit,

2210 1829 2300 1899 qui
2328 1828 2527 1884 homini
2569 1829 2735 1885 Deum
2767 1830 2993 1885 sollicita
3021 1818 3216 1901 pietate
3254 1833 3533 1902 prmponit.
3568 1833 3686 1889 Huc
3709 1850 3802 1891 ac-

2211 1920 2383 1986 cedit,
2425 1921 2545 1991 quia
2585 1921 2631 1976 si
2671 1922 3120 1993 blasphetnandus
3158 1932 3243 1991 est
3276 1924 3451 1991 Deus,
3490 1933 3548 1980 ut
3578 1925 3647 1981 ad
3675 1942 3802 1983 cum

2211 2012 2534 2068 laudandum
2581 2012 2820 2068 homines
2859 2014 3217 2081 adducamus;
3260 2016 3448 2085 procul
3488 2015 3652 2072 dubio
3688 2033 3798 2072 non

2210 2105 2388 2160 solum
2413 2104 2481 2160 ad
2521 2105 2839 2162 laudandum
2860 2148 2876 2174 ,
2904 2123 3090 2163 verum
3130 2108 3289 2164 etiam
3316 2108 3383 2173 ad
3420 2108 3803 2181 blaspheman-

2212 2196 2339 2252 dum
2367 2197 2531 2253 Deum
2554 2238 2567 2265 ,
2598 2199 2842 2269 exemplo
2868 2208 2922 2255 et
2947 2199 3188 2255 doctrina
3219 2212 3401 2257 nostra
3426 2202 3680 2265 homines
3713 2206 3798 2261 in-

2211 2291 2440 2345 vitanius
2473 2308 2485 2344 :
2517 2292 2766 2361 quoniam
2804 2308 2940 2364 quos
2976 2294 3042 2349 ad
3078 2294 3171 2350 Dei
3214 2294 3526 2366 laudesper
3554 2298 3650 2353 Dei
3677 2299 3801 2356 bla-

2211 2382 2484 2451 sphemias
2510 2384 2763 2439 molimur
2785 2384 3074 2451 adducere,
3096 2386 3276 2456 utique
3305 2388 3351 2443 si
3379 2387 3761 2449 adduxerimus
3781 2432 3799 2457 ,

2212 2492 2320 2532 non
2339 2476 2510 2531 solum
2529 2477 2744 2533 laudare
2758 2478 2985 2546 discent,
3009 2495 3193 2539 verum
3216 2481 3375 2536 etiam
3398 2481 3773 2552 blasphemarc
3789 2525 3805 2540 .

2211 2565 2339 2623 Haec
2367 2566 2472 2622 illis
2501 2567 2757 2626 beneﬁcia
2783 2570 3136 2638 conterimus,
3161 2586 3294 2641 quos
3322 2587 3431 2630 non
3456 2574 3788 2644 ignoranter,

2211 2659 2309 2715 sed
2339 2661 2570 2717 scienter
2610 2662 3033 2732 blasphemando
3072 2665 3141 2721 ab
3180 2667 3448 2725 hmreticis
3482 2668 3796 2727 iiberamus.

2213 2753 2432 2811 Etcum
2464 2755 2753 2825 Apostolus
2788 2756 3032 2819 homines
3073 2760 3354 2817 tradiderit
3388 2762 3681 2833 etiamzipsi
3709 2777 3809 2818 sa-

2216 2856 2376 2915 tana),
2411 2860 2468 2904 ut
2495 2849 2766 2905 discerent
2794 2866 2902 2906 non
2932 2852 3303 2921 blasphemare
3337 2854 3399 2920 (ι
3425 2853 3558 2913 Tim.
3586 2872 3636 2924 ι,
3662 2855 3763 2928 30)
3785 2873 3808 2914 :

2214 2958 2316 2999 nos
2341 2958 2599 2998 conamur
2624 2942 2869 3000 homines
2898 2957 3088 3000 eruere
3118 2954 3317 3002 satana:
3337 2987 3352 3013 ,
3379 2957 3440 3004 ut
3464 2948 3672 3007 discant
3695 2964 3813 3006 non

2216 3050 2313 3105 per
2356 3034 2747 3106 ignorantiam,
2797 3034 2892 3091 sed
2932 3051 3031 3107 per
3072 3037 3350 3095 scientiam
3392 3039 3810 3110 blasphemare;

2215 3125 2476 3198 nobisque
2520 3126 2647 3197 ipsis
2695 3128 2961 3198 magistris
3010 3143 3194 3185 eorum
3240 3128 3343 3185 hoc
3386 3137 3491 3187 tam
3545 3145 3813 3204 magnum

2216 3220 2568 3289 importamus
2593 3217 2812 3275 exitium
2829 3258 2846 3282 .
2877 3228 2936 3275 ut
2960 3228 3177 3291 propter
3203 3222 3482 3279 hareticos
3512 3224 3814 3293 capiendos

2217 3313 2365 3383 prius
2394 3310 2711 3380 efficiamur,
2739 3313 2883 3384 quod
2907 3323 3113 3372 certum
3135 3324 3252 3383 est,
3278 3316 3371 3371 Dei
3402 3316 3809 3388 blasphemato-

2217 3418 2339 3471 res,
2375 3419 2481 3475 quo
2509 3405 2775 3475 possimus
2817 3415 3032 3476 propter
3071 3422 3197 3475 eos,
3232 3408 3375 3477 quod
3403 3409 3664 3466 inceer
3687 3422 3810 3480 est,

2216 3500 2551 3568 liberandos,
2578 3502 2816 3558 veritatis
2845 3502 2960 3571 ejus
2988 3517 3110 3558 esse
3132 3502 3402 3560 doctores.

2289 3594 2344 3649 9.
2374 3594 2506 3649 Cum
2550 3594 2710 3665 igitur
2752 3594 3128 3665 hlasphemare
3164 3595 3333 3652 Deum
3374 3595 3665 3654 doceamus
3699 3612 3813 3655 no-

2217 3695 2396 3753 stros,
2427 3696 2487 3743 ut
2512 3702 2606 3744 eos
2641 3688 3057 3747 Priscillianista:
3098 3689 3320 3747 credant
3344 3705 3502 3759 suos;
3527 3692 3811 3749 videamus

2218 3780 2347 3851 quid
2376 3780 2501 3836 mali
2533 3781 2714 3837 dicant
2738 3782 2873 3853 ipsi,
2899 3783 3113 3855 quando
3133 3794 3420 3857 propterea
3447 3786 3810 3856 mentiuntur,

2220 3881 2278 3927 ut
2315 3885 2409 3928 eos
2437 3882 2651 3931 nostros
2687 3889 2807 3930 esse
2846 3876 3146 3933 credamus.
3186 3878 3658 3936 Anathematizant
3681 3879 3812 3935 Pri-

2220 3964 2553 4034 scillianum,
2601 3976 2657 4023 ct
2699 3968 2766 4025 ad
2816 3977 3057 4027 nostrum
3103 3971 3383 4029 arbitrium
3431 3973 3811 4041 detestantur;

2220 4056 2651 4115 dicuntanimam
2682 4070 2983 4118 creaturam
3016 4063 3105 4119 Dei
3133 4077 3274 4132 esse,
3304 4080 3412 4121 non
3440 4074 3678 4137 partem;
3709 4081 3809 4124 ex-

2219 4157 2497 4206 secrantur
2515 4150 3038 4210 Priscillianistarum
3054 4155 3184 4212 falsa
3200 4157 3453 4229 martyria
3469 4174 3486 4224 ;
3509 4158 3816 4218 catholicos

2220 4242 2522 4315 episcopos,
2552 4259 2584 4299 a
2613 4245 2803 4316 quibus
2830 4247 2921 4303 illa
2951 4247 3173 4304 haeresis
3200 4249 3393 4305 nudata
3416 4292 3432 4317 ,
3461 4262 3769 4324 oppugnata
3795 4297 3813 4324 ,

2221 4342 2485 4404 prostrata
2529 4344 2650 4403 est,
2680 4338 2885 4408 magnis
2926 4338 3156 4395 efferunt
3195 4339 3438 4397 laudibus
3463 4380 3478 4407 ,
3516 4351 3570 4397 et
3611 4352 3817 4401 cmtera
3862 4338 3874 4351 ’

2222 4424 2544 4496 bujusmodi.
2569 4428 2707 4485 Ecce
2727 4428 2827 4499 ipsi
2859 4445 2982 4486 vera
3009 4430 3194 4487 dicunt
3216 4432 3426 4503 quando
3450 4435 3815 4506 mentiuntur,

2222 4535 2330 4577 non
2370 4538 2475 4592 quo
2503 4523 2664 4580 simul
2709 4525 2876 4594 possit
2914 4524 3015 4580 hoc
3057 4525 3228 4596 ipsum
3273 4541 3457 4584 verum
3505 4543 3626 4585 esse
3664 4532 3817 4601 quod

2222 4614 2560 4672 mendacium
2588 4625 2701 4681 est;
2734 4617 2828 4673 scd
2868 4618 2919 4673 in
2957 4617 3061 4673 alio
3103 4619 3316 4689 quando
3362 4619 3723 4691 mentiuntur,
3758 4624 3817 4679 in

2222 4707 2329 4764 alio
2357 4723 2482 4764 vera
2510 4707 2696 4765 dicunt
2725 4725 2739 4763 :
2764 4709 2977 4780 quando
3006 4710 3149 4766 enim
3179 4720 3395 4768 nostros
3421 4727 3482 4770 se
3506 4727 3629 4770 esse
3656 4730 3817 4773 mem

2223 4801 2445 4868 tiuntur,
2474 4801 2542 4858 de
2562 4801 2670 4857 ﬁde
2688 4801 2948 4858 catholica
2972 4818 3096 4859 vera
3119 4804 3318 4861 dicunt.
3342 4806 3421 4861 Ac
3442 4821 3537 4876 per
3556 4806 3659 4863 hoc
3681 4807 3818 4879 ipsi,

2223 4911 2293 4953 ne
2322 4896 2738 4953 Priscillianistai
2761 4897 3121 4969 inveniantur,
3143 4900 3433 4972 loquuntur
3478 4901 3820 4960 mendaciter

2222 5004 2349 5045 vera
2384 5005 2527 5045 :nos
2566 5000 2741 5044 autem
2767 5028 2782 5054 ,
2823 4997 2883 5043 ut
2917 5004 3011 5045 eos
3055 4990 3393 5051 inveniamus
3416 5035 3431 5061 ,
3479 5009 3586 5051 non
3636 4995 3823 5053 solum

2224 5084 2553 5141 mendaciter
2577 5082 2863 5153 loquimur,
2890 5091 2948 5139 ut
2965 5083 3033 5140 ad
3053 5084 3174 5140 illos
3194 5086 3465 5156 pertinere
3489 5088 3822 5158 credamur;
3920 5074 3925 5081 ’

2225 5178 2317 5234 sed
2359 5179 2519 5234 etiam
2559 5177 2690 5233 falsa
2733 5177 3001 5250 loquimur
3023 5221 3038 5247 ,
3069 5196 3189 5252 qua:
3214 5181 3281 5237 ad
3320 5182 3536 5241 illorum
3570 5200 3823 5245 errorem

2226 5274 2497 5346 pertinere
2529 5274 2899 5346 cognovimus.
2932 5275 3114 5349 Itaque
3152 5278 3230 5334 illi
3272 5278 3485 5350 quando
3515 5280 3683 5336 nostri
3713 5295 3826 5353 pn-

2227 5370 2329 5426 tari
2352 5368 2570 5436 volunt,
2600 5377 2653 5424 et
2678 5365 2872 5425 falsum
2899 5379 2983 5426 est
3014 5385 3081 5426 ex
3119 5380 3301 5442 parte,
3331 5381 3388 5429 et
3420 5388 3608 5430 verum
3635 5383 3719 5432 est
3749 5389 3827 5433 ex

2228 5470 2379 5535 parte
2397 5460 2538 5531 quod
2560 5459 2775 5527 dicunt;
2806 5461 2996 5517 falsum
3022 5469 3105 5520 est
3130 5462 3270 5519 enim
3295 5477 3390 5520 eos
3414 5474 3629 5522 nostros
3657 5482 3784 5524 esse
3807 5512 3827 5540 ,

2229 5570 2417 5614 verum
2441 5562 2528 5612 est
2560 5564 2738 5612 autem
2769 5555 2999 5611 animam
3027 5564 3231 5627 partem
3260 5557 3354 5614 Dei
3382 5572 3490 5615 non
3521 5573 3642 5616 esse
3674 5577 3687 5613 :
3719 5577 3834 5619 nos

2229 5667 2360 5710 vero
2383 5651 2596 5725 quando
2621 5652 2689 5708 ad
2714 5666 2808 5708 eos
2831 5652 3100 5725 pertinere
3126 5653 3301 5724 putari
3323 5652 3590 5721 volumus,
3622 5653 3832 5713 falsum

2176 5810 2186 5817 ,
2231 5754 2317 5805 est
2352 5753 2639 5819 utrumque
2678 5744 2820 5819 quod
2860 5745 3119 5815 dicimus,
3164 5756 3219 5801 et
3251 5747 3682 5805 Priscillianistas
3721 5763 3837 5807 nos

2232 5854 2389 5910 esse,
2423 5846 2481 5897 et
2515 5840 2745 5896 animam
2785 5848 2987 5911 partem
3034 5839 3127 5894 Dei
3165 5840 3303 5896 esse.
3333 5839 3413 5897 Illi
3442 5842 3621 5911 itaque
3646 5839 3833 5899 Deum

2234 5940 2455 5997 laudant
2472 5978 2488 6004 ,
2527 5950 2635 5993 non
2673 5933 3042 6007 blasphemant
3059 5972 3076 6004 ,
3103 5933 3318 6009 quando
3342 5948 3403 5995 so
3428 5934 3737 6008 occultant;
3764 5945 3845 5998 et
