4070 6334
317 358 414 433 535

316 475 528 551 quando
547 489 610 535 se
637 490 742 537 non
768 482 1073 552 occultant,
1094 485 1191 543 sed
1212 501 1307 547 sua
1330 489 1625 563 proferunt,
1650 495 1900 573 blasphe-

312 558 455 627 mare
483 586 543 626 se
570 571 836 630 nesciunt.
885 575 1008 632 Ideo
1040 577 1085 634 si
1123 578 1190 634 ad
1231 580 1388 638 [idem
1428 586 1743 645 catholicam
1773 608 1902 649 con-

311 672 623 731 vertantur,
678 666 1025 724 consolantur
1084 675 1447 746 semetipsos,
1501 679 1623 751 quia
1678 694 1901 751 possunt

309 755 486 812 dicere
506 756 649 828 quod
672 757 980 830 Apostolus,
1005 762 1093 831 qui
1116 779 1236 820 cum
1265 765 1403 822 inter
1430 780 1623 827 cretera
1651 771 1895 846 dixisset,

305 846 459 902 Prius
491 850 569 920 fui
594 850 919 923 blasphemus
936 871 956 919 ;
985 853 1409 930 Misericordiam,
1438 863 1627 936 inquit,
1655 883 1897 924 consecu-

305 951 381 995 tus
408 958 541 1009 sum,
573 946 693 1015 quia
722 947 963 1017 ignorans
978 950 1076 1023 [cci
1097 949 1155 1021 (Ι
1186 952 1316 1009 Tim.
1342 971 1356 1010 ι
1379 997 1393 1021 ,
1426 956 1535 1028 15).
1561 959 1667 1015 Nos
1690 972 1893 1030 contra,

304 1041 358 1087 ut
381 1048 440 1090 se
468 1033 624 1091 nobis
656 1038 917 1109 aperiant,
950 1041 994 1097 si
1026 1042 1127 1098 hoc
1155 1046 1304 1114 quasi
1330 1046 1528 1117 justum
1559 1053 1895 1111 mendacium

299 1124 542 1183 fallendis
569 1128 648 1186 eis
685 1132 1065 1207 capiendisque
1094 1139 1418 1208 proferimus
1437 1185 1452 1213 ,
1483 1144 1723 1215 profecto
1745 1159 1799 1205 et
1824 1151 1893 1207 ad

298 1216 763 1289 blaspltcmatores
783 1224 1216 1287 Priscillianistas
1235 1234 1503 1302 pertinere
1525 1253 1623 1294 nos
1642 1239 1890 1311 dicimus,

296 1317 349 1365 et
373 1320 427 1363 ut
453 1311 607 1367 nobis
642 1314 895 1384 credant,
922 1318 1039 1375 sine
1065 1325 1407 1382 excusatione
1429 1328 1741 1399 ignorantia:
1776 1333 1891 1389 bla—

292 1402 662 1474 sphemamus.
700 1407 885 1481 Neque
931 1413 1075 1469 enim
1122 1416 1455 1489 catholicus,
1507 1424 1595 1494 qui
1644 1426 1892 1499 blaSphe-
1942 1504 1951 1512 ν

293 1498 488 1555 ntando
501 1502 612 1557 vult
623 1501 904 1561 htnreticus
920 1509 1085 1577 credi,
1103 1514 1487 1586 potestdicere,
1508 1520 1746 1589 ignorans
1772 1526 1889 1595 feci.

360 1590 591 1650 CAPUT
632 1594 720 1651 Vl.
750 1626 820 1636 —
850 1598 938 1655 10.
978 1599 1184 1673 Negare
1226 1605 1479 1663 Christum
1518 1627 1689 1667 coram
1721 1590 1888 1671 homi-

290 1681 435 1737 nibus
460 1685 538 1740 vel
594 1688 902 1744 mendaciter
942 1701 990 1746 et
1037 1694 1171 1763 ﬁcte,
1218 1714 1473 1770 nunquam
1525 1704 1663 1759 licet.
1728 1707 1886 1779 Obje-

290 1775 407 1829 ctio.
460 1776 768 1847 Responsio.
828 1783 1165 1855 Con/utantur
1220 1790 1393 1846 itidem
1460 1812 1572 1865 qua:
1649 1775 1889 1872 objectari

288 1879 518 1937 possunt.
551 1870 714 1926 Corde
766 1875 966 1929 credere
1008 1895 1107 1933 non
1142 1882 1351 1952 sufﬁcit,
1413 1887 1511 1942 nisi
1550 1898 1596 1944 et
1651 1908 1737 1947 ore
1784 1911 1885 1951 non

287 1970 490 2030 negetur
515 1961 767 2020 Christus.
797 1964 863 2021 Ut
892 1968 1249 2042 intelligendus
1304 1973 1544 2035 Psalmus
1580 1982 1665 2049 14,
1708 1985 1780 2055 ᾗ.
1826 1988 1880 2053 5,

287 2051 372 2104 ubi
408 2052 650 2109 laudatur
686 2056 892 2128 loquens
939 2061 1194 2118 veritatem
1246 2066 1297 2121 in
1348 2069 1518 2127 corde.
1570 2051 1717 2129 Item
1743 2051 1883 2147 Apo-

285 2142 446 2198 stolus
510 2146 809 2219 pra'cipiens
866 2159 920 2205 ut
972 2152 1238 2224 loquamur
1290 2160 1550 2218 veritatem
1603 2182 1714 2221 cum
1762 2186 1881 2239 pro—

284 2232 447 2289 trimo.
503 2233 768 2294 Veritatem
829 2258 929 2297 non
986 2246 1191 2301 veritate
1263 2252 1594 2320 prazdicantes
1642 2257 1875 2330 tolerati,

284 2339 385 2378 non
404 2326 685 2397 falsitatem
708 2334 1084 2392 annuntiantes.
1111 2338 1354 2412 Semper,
1390 2344 1571 2413 frater,
1597 2347 1651 2404 in
1684 2352 1876 2410 talibus

280 2417 452 2475 causis
492 2434 617 2476 cum
660 2423 853 2482 timore
892 2429 1238 2489 rccolendum
1277 2442 1398 2505 est,
1441 2438 1756 2515 Quicumque
1797 2464 1877 2502 me

280 2510 535 2581 negaverit
574 2529 743 2568 coram
784 2516 1105 2589 hominibus,
1152 2526 1343 2595 negabo
1373 2544 1486 2583 eum
1513 2547 1683 2589 coram
1714 2534 1871 2593 Patre

278 2617 382 2657 meo
402 2605 490 2673 qui
516 2605 569 2659 in
595 2608 733 2664 caelis
761 2619 837 2666 est
861 2611 1076 2682 (Matth.
1112 2631 1167 2683 Χ,
1198 2616 1311 2691 55).
1344 2620 1426 2677 An
1456 2638 1582 2681 vero
1604 2625 1871 2687 Christum

275 2708 449 2752 coram
478 2697 787 2759 hominibus
814 2720 921 2761 non
960 2717 1136 2781 negat,
1172 2712 1266 2783 qui
1293 2728 1416 2771 eum
1444 2732 1624 2777 coram
1647 2720 1869 2780 Priscil-

273 2787 495 2847 lianistis
528 2802 716 2867 negat,
748 2807 804 2852 ut
843 2814 937 2856 eos
975 2800 1203 2860 latentes
1230 2805 1544 2880 blaSphemo
1588 2815 1868 2875 mendacio

273 2881 432 2940 nudet
473 2894 530 2941 et
568 2890 777 2958 capiat?
822 2891 952 2962 Quis
998 2906 1177 2952 autem
1217 2899 1454 2969 dubitat,
1503 2907 1728 2966 obsecro
1780 2922 1863 2982 te,

272 2976 448 3045 negari
480 2977 751 3037 Christum
772 3023 788 3052 ,
817 2998 936 3040 cum
977 2987 1132 3045 sicuti
1162 3000 1245 3046 est
1271 3008 1430 3051 verus
1451 3038 1464 3063 ,
1494 2997 1567 3055 ita
1593 3015 1703 3058 non
1743 3019 1863 3062 esse

269 3066 488 3138 dicitur;
519 3082 576 3129 et
614 3074 753 3131 sicut
793 3093 915 3135 cum
956 3082 1353 3153 priscillianista
1394 3092 1595 3164 credit,
1630 3096 1702 3153 ita
1742 3115 1863 3158 esse

267 3159 364 3218 dici
372 3170 458 3220 tur
470 3165 492 3219 ?

337 3254 425 3311 11.
456 3256 564 3315 Sed
598 3260 838 3319 occultos
874 3263 1029 3337 lupos
1048 3310 1065 3339 ,
1095 3268 1303 3344 inquies
1323 3315 1339 3342 ,
1370 3275 1583 3335 indutos
1626 3281 1859 3352 pellibus

264 3345 438 3403 ovium
486 3358 545 3406 et
592 3351 918 3413 dominicum
964 3374 1180 3433 gregem
1237 3364 1469 3425 latenter
1516 3374 1857 3448 graviterque

266 3450 540 3499 vastantes
561 3485 578 3513 ,
601 3446 759 3503 aliter
792 3449 1035 3510 invenire
1057 3469 1165 3512 non
1192 3472 1498 3529 possumus.
1537 3461 1689 3522 Unde
1725 3484 1854 3542 ergo

258 3531 611 3595 innotuerunt
631 3540 1067 3615 Priscillianistte,
1100 3550 1411 3624 priusquam
1441 3556 1600 3627 hujus
1626 3562 1851 3620 menda-

255 3624 321 3682 cii
348 3626 538 3705 fuisset
564 3634 863 3706 excogitata
906 3641 1153 3698 venatio?
1196 3645 1337 3703 unde
1366 3647 1433 3704 ad
1460 3624 1630 3721 ipsius
1656 3664 1848 3712 aucto.

252 3717 325 3775 ris
365 3720 622 3792 illorum,
673 3728 911 3797 proiecto
951 3734 1260 3803 astutioris,
1304 3747 1358 3794 et
1405 3717 1526 3798 ideo
1569 3744 1843 3817 tectioris,

248 3809 422 3868 cubile
452 3825 769 3885 perventum
804 3821 919 3877 est?
956 3824 1098 3882 unde
1139 3835 1215 3883 tot
1256 3832 1495 3905 tantique
1520 3809 1845 3897 manifestati

246 3908 407 3973 atque
438 3905 713 3979 damnati,
757 3920 814 3968 et
851 3916 1031 3971 caeteri
1057 3917 1474 3982 innumerabiles
1502 3931 1695 3999 partim
1725 3947 1844 3990 cor-

241 3996 402 4063 recti,
436 3999 625 4067 partim
656 4003 802 4060 velut
823 4009 1070 4078 correcti,
1093 4020 1145 4066 et
1172 4011 1225 4067 in
1254 3996 1549 4075 Ecclesiam
1575 4022 1841 4081 miseran-

242 4092 354 4142 tem
398 4090 603 4148 collecti
644 4098 805 4152 sunt?
843 4099 1032 4159 Multas
1075 4104 1218 4161 enim
1259 4108 1370 4163 vias
1408 4110 1500 4167 dat
1543 4114 1835 4189 Dominus,

241 4180 454 4251 quando
474 4184 779 4259 miseretur,
807 4192 998 4262 quibus
1017 4194 1085 4252 ad
1110 4212 1293 4254 eorum
1320 4205 1661 4272 perveniatur
1679 4210 1834 4268 inda-

238 4273 414 4344 ginem
452 4295 467 4333 :
495 4294 721 4350 quarum
750 4283 868 4340 dum
896 4297 1020 4343 sunt
1048 4289 1164 4346 aliis
1192 4290 1454 4353 feliciores
1482 4300 1534 4367 ²;
1568 4309 1623 4357 ut
1652 4303 1734 4359 vel
1764 4305 1833 4361 ab

238 4370 312 4425 eis
340 4388 479 4443 quos
507 4374 767 4434 seducere
795 4380 1096 4450 voluerunt,
1124 4394 1217 4441 aut
1240 4388 1307 4444 ab
1335 4390 1413 4446 eis
1442 4408 1576 4464 quos
1600 4394 1711 4466 jam
1737 4414 1829 4456 se-

237 4462 500 4523 duxerant
524 4511 540 4539 ,
570 4471 1006 4543 resipiscentibus
1034 4482 1411 4555 conversisque
1441 4498 1824 4548 monstrentur.

236 4554 382 4624 Quod
410 4558 619 4616 facilius
650 4562 709 4618 iit
727 4604 743 4631 ,
776 4566 821 4620 si
848 4565 1082 4624 nefarius
1109 4586 1293 4628 eorum
1321 4590 1474 4632 error
1494 4619 1507 4646 ,
1532 4595 1638 4635 non
1669 4598 1824 4640 mcu-

234 4647 448 4709 dacibus
479 4657 870 4725 captationibus
895 4700 910 4727 ,
951 4662 1045 4718 sed
1075 4666 1350 4723 veracibus
1380 4668 1827 4742 disputationibus

233 4753 518 4799 evertatur.
567 4746 771 4815 Quibus
809 4754 1209 4812 conscribendis
1257 4774 1472 4830 cperant
1523 4774 1574 4820 te
1612 4776 1823 4837 oportet

230 4829 559 4905 impendere,
592 4842 842 4912 quoniam
866 4845 1119 4905 Dominus
1145 4850 1358 4907 donavit
1386 4864 1442 4910 ut
1468 4859 1678 4927 possis:
1702 4878 1821 4933 qum

228 4928 425 4998 scripta
453 4930 687 4988 salubria
718 4936 910 5007 quibus
938 4954 1124 4997 eorum
1155 4947 1476 5015 perversitas
1506 4949 1691 5009 insana
1718 4928 1816 5012 de-

224 5022 481 5093 struitur,
517 5040 639 5083 cum
681 5030 849 5102 magis
884 5035 1155 5106 magisque
1191 5038 1546 5111 innotuerint,
1574 5053 1629 5100 et
1656 5062 1687 5101 a
1714 5049 1816 5104 Ca-

225 5112 436 5174 tholicis
459 5120 540 5176 vel
559 5124 885 5182 antistitibus
904 5129 992 5198 qui
1012 5129 1300 5201 loquuntur
1328 5135 1381 5192 in
1408 5138 1638 5208 populis,
1671 5142 1753 5199 vel
1784 5159 1814 5200 a

220 5210 518 5285 quibusque
556 5216 810 5275 studiosis
846 5221 962 5277 zelo
1000 5223 1093 5278 Dei
1138 5225 1342 5295 plenis,
1375 5228 1571 5289 iuerint
1613 5249 1811 5308 usque-

218 5316 430 5375 quaque
470 5306 690 5377 dill‘usa;
736 5311 851 5369 haec
881 5325 1040 5371 erunt
1076 5330 1258 5375 sancta
1300 5322 1458 5391 retia,
1500 5306 1812 5397 quibus—ca-

216 5396 430 5464 piantur
464 5403 760 5473 veraciter,
808 5422 916 5463 non
959 5410 1287 5468 mendaciter
1326 5414 1678 5486 inquirantur.
1720 5423 1807 5481 Sic

212 5492 359 5550 enim
381 5498 543 5567 capti,
574 5509 666 5555 aut
693 5500 834 5558 ultro
861 5503 989 5575 quid
1015 5503 1216 5562 fuerint
1240 5506 1566 5580 fatebuntur,
1592 5524 1644 5571 et
1673 5517 1806 5575 alios

210 5599 346 5656 quos
382 5588 435 5645 in
462 5606 557 5647 sua
587 5592 729 5648 mala
756 5595 1013 5653 societate
1036 5608 1299 5656 noverunt
1318 5643 1332 5668 ,
1356 5602 1440 5659 vel
1468 5610 1806 5665 concorditer

207 5679 510 5750 corrigent,
565 5684 651 5741 vel
702 5687 1120 5746 misericorditer
1163 5694 1387 5762 prodent
1430 5713 1443 5749 :
1490 5708 1579 5753 aut
1616 5701 1662 5755 si
1709 5717 1803 5759 eos

196 5772 427 5840 judebit
466 5774 622 5834 fateri
664 5777 808 5848 quod
851 5780 1100 5839 diuturna
1141 5786 1479 5847 simulatione
1520 5801 1795 5867 texerunt,

264 5908 285 5942 ι
306 5906 416 5963 sola
436 5912 587 5967 etlitio
608 5919 746 5979 tam,
767 5913 1025 5978 facdiores.

1738 376 1937 437 LIBER
1980 382 2172 445 UNUS.

3498 446 3609 511 ωδ

2015 508 2221 566 occulta
2251 527 2411 574 manu
2440 516 2534 579 Dei
2563 526 2864 594 medicante
2890 542 3240 615 sanabuntur.

2084 602 2169 658 12.
2198 604 2301 663 Sed
2330 614 2495 671 multo
2520 618 2754 694 facilius,
2786 628 3011 705 inquies,
3041 602 3240 703 eorum?
3253 649 3470 715 latibula
3497 677 3597 734 pe-

2084 703 2278 734 Ιιισιιγιιιο
2355 706 2396 734 ικέ
2436 712 2572 734 ι...η.ι
2714 727 2725 734 .

2009 703 2313 819 lnetramus,
2353 706 2398 761 si
2434 712 2574 779 quod
2609 727 2731 773 sunt
2759 738 2858 779 nos
2879 740 2999 785 esse
3032 738 3373 807 mentiamur.
3406 703 3596 819 Hocrzi

2005 785 2189 893 liceret
2208 802 2297 849 aut
2317 802 2610 872 expediret,
2638 812 2807 881 potuit
2829 815 3068 882 Christus
3094 785 3382 907 praecipere
3402 785 3591 905 mi;

3094 882 3109 899 ι
3130 882 3145 885 ἡ
3160 882 3249 889 ⁷“*’
3293 882 3382 896 ’κν
3402 882 3591 905 VIIII“.

2004 882 2151 1008 suis,l
2169 895 2224 941 ut
2250 889 2447 960 lupinis
2467 900 2675 958 amictae
2701 910 2925 976 pellibus
2952 918 3018 974 ad
3044 920 3199 995 lupos
3230 882 3474 995 v‘emrent
3491 980 3509 1008 ,
3534 950 3594 1005 et

2004 987 2093 1008 anc
2158 980 2291 1008 ...ξηι-
2338 987 2460 1008 ..-ιεη
2504 988 2528 1008 ι·
2560 992 2589 1008 ιι
2662 995 2692 1007 η
2771 1001 2781 1008 .

2706 974 2713 976 ⁷
3046 974 3095 983 -Ὕ
3143 974 3198 981 ν..
3239 974 3474 995 .-ιι-ινα*

2002 987 2096 1029 eos
2137 974 2293 1048 hujus
2335 987 2464 1043 artis
2500 988 2723 1053 fallaciis
2766 1001 3067 1068 invenirent
3166 1022 3307 1091 quod
3352 1027 3432 1086 eis

2002 1063 2131 1091 Ᾰῖυεο
2202 1086 2294 1091 --λ
2486 1080 2500 1091 “
2687 1090 2694 1091 ί

1985 2012 2227 2125 :apac‘es;
2256 2022 2360 2064 non
2391 2013 2625 2087 addidit,
2658 2023 2741 2080 Ex
2770 2033 3061 2096 mendaciis
3088 2049 3312 2119 vestris,
3339 2056 3465 2125 sed,
3486 2012 3575 2118 ἓν
3618 2090 3621 2093 ,

2010 2095 2137 2125 νοηυέ
2172 2114 2230 2125 η-
2284 2118 2439 2125 --.μὴν
2766 2122 2775 2125 -

1984 2089 2230 2227 (fructibus
2275 2118 2447 2161 eorum
2495 2122 2800 2185 cognoscetis
2969 2089 3433 2216 ἐἴ

2032 2188 2220 2227 nrimm
2247 2207 2367 2227 οη...
2400 2216 2541 2227 an.--
2570 2207 2621 2227 J,
2774 2215 2804 2227 ,γ
3024 2226 3027 2227 ,

1986 2182 2221 2248 Veritate
2244 2207 2372 2253 sunt
2396 2182 2650 2278 cavenda,
2675 2215 2899 2278 veritate
2916 2182 3193 2301 capienda,
3222 2182 3571 2304 ventilet;

1986 2279 2062 2304 ..ιλ
2075 2296 2130 2304 Α-
2144 2283 2169 2304 «³
2187 2301 2196 2304 -
2372 2293 2382 2304 ⁸
2455 2295 2465 2304 ¹
2565 2301 2572 2304 “
2601 2303 2605 2304 ⁷

2953 2279 3170 2296 ’τ’-η--υ
3231 2279 3447 2302 vus...”
3473 2279 3567 2304 w-

1981 2279 2204 2339 cidenda
2227 2293 2522 2352 mendacia.
2546 2301 2700 2360 Absit
2722 2315 2779 2363 ut
2803 2310 3163 2385 blasphemiae
3177 2279 3567 2412 ignorantium,

1981 2374 2213 2412 Et‘innlnn
2243 2380 2578 2412 lennnl-.a__-“
2603 2396 2621 2412 Α
2720 2399 2732 2411 ο

1979 2374 2213 2491 scienter
2242 2380 2658 2456 blasphemando
2684 2374 2958 2466 vincamus
2987 2429 3005 2469 :

2933 2463 2956 2466 Ῠ
2987 2463 3004 2469 ,
3043 2463 3184 2475 ___,_
3206 2463 3265 2478 _.
3290 2463 3398 2484 ...η
3536 2467 3566 2480 -

1978 2463 2171 2525 lacium
2212 2473 2470 2537 imitando
2511 2499 2814 2551 caveamus.
2857 2497 3139 2567 Quomodo
3176 2515 3319 2573 enim

1975 2573 2116 2683 mus:
2133 2565 2193 2683 lsi
2220 2575 2279 2683 ult
2303 2584 2606 2648 caveamus,
2630 2565 2981 2649 habebimus?
3005 2596 3063 2654 Si
3082 2603 3223 2661 enim
3249 2618 3306 2665 ut
3324 2565 3569 2683 capiatur

1975 2653 2065 2718 qui
2093 2652 2428 2781 blas'phemat
2450 2672 2696 2732 nesciens
2714 2718 2729 2741 ,
2763 2652 3563 2781 blasphemabo-scien;

1975 2753 2049 2781 Μ,
2083 2762 2188 2781 mm
2253 2768 2347 2781 MA
2719 2770 2733 2781 -
2869 2777 2880 2781 Α

1971 2751 2387 2876 agnon,
2407 2770 2736 2876 quamquod
2764 2751 2938 2876 capio.
2969 2782 3029 2840 Si
3058 2797 3115 2843 ut
3143 2751 3444 2858 inveniaiu:

1971 2834 2245 2966 Cl'tristum
2268 2860 2425 2922 negat
2448 2834 2714 2933 nesciens,
2728 2834 3110 2939 ego'Christum
3131 2888 3338 2958 negabo
3357 2834 3553 2966 533::

1971 2944 2018 2966 nr
2059 2938 2403 2966 nn-Jis:-_-__
2437 2962 2476 2966 __,
2504 2965 2508 2966 ,

1967 2931 2034 3037 ad
2056 2938 2408 3005 perditionem
2432 2962 2521 3008 me
2546 2931 2827 3019 secuturus
2851 2975 2935 3023 est
2957 2986 3116 3041 quem
3142 2931 3553 3049 sigiggém

1965 3026 2012 3082 si
2041 3030 2255 3100 quidem
2280 3047 2338 3094 ut
2362 3039 2512 3100 illum
2542 3046 2839 3126 inveniam,
2871 3026 3018 3130 prior

2164 3127 2249 3233 An
2272 3129 2418 3233 forte
2441 3137 2534 3207 qui
2555 3155 2623 3196 eo
2652 3122 2833 3203 modo
2851 3122 3282 3223 Drisciliianistas
3306 3168 3549 3233 invenire

1962 3216 2199 3336 molitur,
2234 3224 2354 3283 ideo
2381 3244 2486 3287 non
2513 3246 2672 3308 negat
2696 3240 2990 3319 Christum,
3019 3255 3139 3324 quia
3161 3216 3552 3336 (ξιξ-ἀοιιῶξῆ

1960 3311 2119 3417 quod.
2150 3317 2312 3430 corde
2328 3415 2339 3426 _
2352 3338 2465 3430 non
2516 3330 2722 3430 credit?
2769 3337 2933 3406 Quasi
2961 3311 3089 3403 tete
3116 3311 3548 3430 (q'aad'ét'i‘a'iil;

1957 3406 2214 3515 anteiam
2232 3412 2366 3486 dixi)
2386 3432 2505 3475 cum
2527 3422 2726 3482 dictum
2751 3442 2914 3502 esset,
2947 3435 3111 3496 Corde

1954 3497 2175 3567 stiriam;
2200 3504 2465 3567 incassum
2496 3527 2577 3571 est
2595 3518 2851 3593 additum,
2885 3543 2974 3584 ore
3005 3535 3253 3605 confessio
3272 3543 3332 3610 ﬁt
3356 3544 3426 3599 ad
3448 3497 3541 3603 ia-

1954 3590 2108 3647 tatem
2141 3596 2313 3669 (Rom.
2346 3618 2401 3671 x,
2434 3606 2765 3701 ibiiNonne
2789 3590 2924 3688 pene
2943 3590 3131 3685 omnes

1950 3695 2131 3789 eorum
2178 3698 2605 3759 persecutoribus
2650 3721 2992 3783 negaverunt,
3027 3695 3262 3789 quod-de
3290 3726 3380 3785 illo

1947 3774 2165 3847 debant,
2199 3786 2361 3843 corde
2389 3797 2702 3865 tenuerunt;
2739 3812 2794 3857 et
2830 3813 3007 3864 tamen
3049 3826 3144 3869 ore
3191 3816 3257 3872 ad
3302 3823 3531 3883 salutem

1946 3887 2057 3931 non
2085 3878 2389 3937 confitendo
2441 3889 2731 3960 perierunt,
2781 3896 2882 3953 nisi
2923 3902 3011 3971 qui
3037 3919 3135 3973 per
3162 3911 3535 3977 paenitentiam

1944 3968 2285 4028 revixerunt?
2309 3974 2441 4042 Quis
2466 3980 2536 4034 ita
2562 3990 2904 4057 evanescat‘,
2934 3968 2991 4048 ut
3015 3968 3292 4057 existimet
3317 4019 3534 4077 aposto-

1940 4056 2299 4171 ljumnPetrum
2328 4067 2432 4126 hoc
2460 4069 2709 4133 habuisse
2729 4079 2782 4134 in
2803 4056 2965 4141 corde
2984 4089 3125 4157 quod
3152 4092 3205 4148 in
3226 4056 3534 4171 οτεξῖιῖᾗᾶιῖ-

1940 4148 2010 4207 do
2038 4150 2308 4215 Christum
2334 4166 2583 4235 negavit?
2606 4168 2811 4244 Nempe
2848 4176 2903 4233 in
2941 4148 3027 4236 illa
3070 4148 3527 4257 negationisintus

1938 4246 2217 4306 veritatem
2250 4256 2478 4325 tenebat,
2531 4270 2588 4316 et
2639 4263 2769 4321 foris
2818 4246 3169 4333 mendacium“
3194 4283 3521 4352 proferebat.

1936 4338 2045 4395 Cur
2069 4357 2198 4414 ergo
2226 4346 2478 4421 lacrymis
2508 4352 2661 4410 diluit
2687 4361 2827 4428 quod
2858 4377 2951 4421 ore
2980 4338 3268 4440 negaverat

1936 4448 2078 4502 xxvi,
2108 4436 2321 4511 69-75),
2347 4443 2391 4497 si
2414 4444 2572 4501 saluti
2593 4450 2889 4510 sufficiebat
2908 4436 3228 4529 quodcorde
3244 4436 3523 4535 credebati

1933 4543 2028 4585 cur
2054 4530 2282 4602 loquens
2320 4535 2372 4590 in
2400 4538 2563 4595 corde
2589 4555 2687 4597 suo
2717 4547 3017 4619 veritatem,
3047 4562 3152 4613 tam
3181 4575 3364 4623 amaro
3392 4567 3520 4628 ﬂetu

1931 4616 2138 4684 punivit
2166 4619 2501 4678 mendacium
2533 4627 2674 4695 quod
2714 4645 2811 4689 ore
2854 4616 3204 4713 deprompsit,
3253 4652 3355 4705 nisi
3395 4658 3518 4725 quia

1930 4720 2174 4777 magnam
2223 4711 2356 4767 vidit
2400 4728 2520 4771 esse
2570 4722 2883 4795 perniciem,
2937 4711 3268 4800 quod—corde
3298 4711 3514 4813 quidem

1927 4798 2153 4856 credidit
2190 4802 2255 4858 ad
2292 4804 2573 4877 justitiam,
2624 4814 2718 4868 sed
2765 4831 2859 4873 ore
2886 4798 2992 4878 non
3021 4798 3514 4893 confessus'cst‘ad

1926 4892 2153 4951 salutem
2172 4894 2195 4949 ‘i

1997 4986 2084 5041 M.
2124 4989 2461 5063 Quapropter
2491 4995 2617 5052 illud
2647 5003 2789 5071 quod
2819 5006 3074 5078 scriptum
3101 5020 3203 5080 est,
3222 5015 3322 5081 Qui
3350 5018 3516 5089 loqui-

1922 5084 2005 5132 tur
2025 5081 2279 5138 veritatem
2307 5084 2361 5139 in
2391 5089 2543 5144 corde
2565 5106 2699 5160 suo;
2726 5110 2831 5151 non
2871 5100 2951 5156 sic
2989 5104 3352 5175 accipiendum
3399 5124 3506 5183 est,

1920 5172 2074 5242 quasi
2102 5184 2307 5232 retenta
2332 5178 2383 5233 in
2412 5181 2577 5239 corde
2604 5187 2847 5257 veritate,
2881 5172 3210 5263 loquendum
3238 5200 3307 5255 sit
3337 5203 3387 5257 in
3413 5172 3511 5264 ore

1918 5267 2273 5327 mendacium.
2300 5273 2406 5330 Sed
2435 5274 2560 5333 ideo
2581 5278 2781 5336 dictum
2807 5292 2908 5350 est,
2950 5287 3072 5356 quia
3102 5288 3217 5347 fieri
3248 5304 3422 5363 potest
3448 5312 3506 5357 ut

1876 5396 1879 5399 ν
1916 5359 2164 5433 loquatur
2188 5365 2413 5438 quisque
2441 5383 2535 5425 ore
2560 5373 2861 5443 veritatem,
2891 5392 3011 5447 qua:
3040 5380 3171 5437 nihil
3216 5359 3264 5443 ei
3312 5394 3503 5459 prosit,

1914 5454 1960 5511 si
1989 5470 2106 5512 cam
2134 5457 2186 5512 in
2212 5458 2372 5514 corde
2397 5476 2500 5517 non
2527 5472 2719 5531 teneat,
2752 5465 2803 5521 id
2845 5476 2949 5538 est,
2991 5473 3035 5528 si
3085 5477 3227 5545 quod
3268 5454 3503 5556 loquitur

1911 5549 2027 5620 ipse
2070 5566 2175 5607 non
2219 5553 2434 5609 credat:
2464 5557 2601 5612 sicut
2642 5557 2911 5631 haeretici,
2960 5568 3299 5646 maximeque
3339 5549 3500 5637 iidem

1911 5641 2327 5700 Priscillianistae
2355 5646 2571 5713 faciunt,
2594 5664 2715 5705 cum
2742 5656 3068 5717 catholicam
3093 5666 3366 5726 veritatem
3390 5688 3496 5730 non

1907 5734 2122 5805 quidem
2147 5734 2392 5804 credunt,
2421 5738 2516 5795 sed
2550 5748 2724 5799 tamen
2756 5745 3067 5823 loquuntur,
3097 5764 3155 5812 ut
3182 5761 3352 5815 nostri
3378 5778 3497 5821 esse

1908 5873 2388 5989 ³ιιέιίιᾶηςὶιεειιιιιρηδίδι
2428 5884 2529 5941 Ms,
2564 5892 2733 5936 vesane
2798 5887 2933 5941 sciat.
2981 5897 3118 5963 Forte
3155 5906 3261 5960 pro,
3325 5909 3494 5953 vesane
