4070 6334
432 426 623 491 ”8ἓ¹1

470 522 475 523 ί
521 546 823 606 credantur.
853 539 1163 612 Loquuntur
1186 550 1313 609 ergo
1331 535 1608 592 veritatem
1637 534 1691 589 in
1721 546 1816 589 ore
1843 544 1963 598 suo,
1982 540 2091 583 non

522 644 576 699 in
604 639 766 697 corde
794 651 910 693 suo.
940 634 1227 706 Pr0ptcrea
1250 629 1606 702 distinguendi
1635 635 1789 685 erant
1814 625 1883 680 ab
1918 624 2008 679 illo
2032 621 2103 677 de

521 747 630 805 quo
661 731 860 787 dictum
888 733 989 793 est,
1032 724 1131 792 Qui
1171 724 1393 794 loquitur
1435 722 1691 776 veritatem
1728 720 1783 774 in
1812 716 1961 772 corde
1989 728 2103 769 suo.

535 828 682 883 Hanc
711 831 889 879 autem
929 819 1206 876 veritatem
1255 815 1545 873 catholicus
1584 816 1720 870 sicut
1748 813 1804 868 in
1832 808 1999 867 corde
2024 822 2108 863 to-

527 918 729 989 quitur,
759 914 882 987 quia
904 912 976 968 ita
994 910 1193 976 credit;
1213 908 1283 964 ita
1309 916 1363 964 et
1390 908 1444 963 in
1473 922 1565 963 ore
1590 906 1771 974 debet,
1795 913 1855 959 ut
1878 902 1953 958 ita
1970 913 2112 972 pra:-

527 1010 705 1066 dicet:
728 1014 914 1063 contra
943 1004 1101 1060 istam
1128 1016 1257 1057 vero
1284 1013 1386 1057 nec
1411 998 1465 1054 in
1495 998 1657 1055 corde
1680 1011 1781 1052 nec
1810 994 1865 1049 in
1891 1006 1984 1049 ore
2012 991 2112 1045 ha-

433 1160 440 1171 ,
526 1100 653 1159 beat
671 1097 976 1165 falsitatem,
999 1103 1058 1149 ut
1079 1103 1133 1151 et
1148 1091 1311 1149 corde
1331 1090 1515 1147 credat
1539 1088 1605 1145 ad
1630 1086 1915 1158 justitiam,
1946 1090 2000 1140 et
2019 1098 2112 1138 ore

526 1190 923 1250 confessionem
950 1187 1107 1243 faciat
1134 1185 1201 1242 ad
1230 1183 1478 1241 salutem.
1506 1181 1641 1237 Nam
1687 1187 1741 1236 et
1780 1179 1831 1234 in
1860 1177 1949 1232 illo
1974 1174 2115 1246 psal-

527 1298 621 1341 mo
647 1296 771 1339 cum
800 1280 1000 1337 dictum
1028 1286 1190 1346 esset,
1225 1277 1324 1344 Qui
1354 1274 1573 1347 loquitur
1593 1272 1852 1329 veritatem
1886 1271 1939 1324 iu
1965 1266 2116 1322 corde

532 1389 626 1430 suo
642 1390 660 1441 ;
689 1388 813 1429 mox
840 1372 999 1429 etiam
1029 1369 1132 1426 hoc
1158 1368 1397 1424 additum
1425 1374 1528 1435 est,
1560 1363 1661 1433 Qui
1686 1380 1784 1419 non
1806 1362 1904 1434 egit
1943 1360 2115 1416 dolum

531 1468 587 1521 in
616 1466 791 1537 lingua
818 1480 914 1520 sua
933 1461 1107 1537 (Psal.
1140 1475 1255 1529 xxv,
1289 1459 1367 1531 3).

607 1560 698 1614 15.
739 1557 808 1613 Et
837 1555 965 1614 illud
987 1553 1129 1627 quod
1157 1552 1446 1624 Apostolus
1488 1550 1584 1619 ait,
1625 1547 1943 1620 Deponentes
1980 1561 2120 1601 mon-

534 1654 759 1718 dacium,
788 1648 1047 1722 loquimini
1076 1647 1333 1703 ueritatem
1369 1644 1705 1714 minantisque
1742 1658 1857 1695 cum
1890 1639 2118 1711 proximo

538 1760 652 1813 suo,
678 1744 797 1816 quia
816 1758 989 1798 sumus
1012 1740 1228 1796 invicem
1250 1736 1469 1792 membra
1491 1733 1703 1809 (Ep/tes.
1730 1748 1808 1799 iv,
1829 1730 1955 1803 25);
1982 1729 2121 1785 absit

537 1846 598 1895 ut
621 1838 700 1893 sic
722 1835 1095 1907 intelligamus,
1139 1840 1389 1902 tanquam
1430 1828 1578 1899 loqui
1616 1823 1951 1884 mendacium
1992 1837 2121 1893 pcr-

537 1929 745 1986 miserit
763 1943 883 1983 cum
926 1927 1008 1982 eis
1035 1924 1127 1997 qui
1153 1922 1387 1979 nondum
1416 1927 1540 1976 sunt
1566 1920 1841 1975 nobiscum
1884 1915 2120 1971 membra

539 2022 783 2092 corporis
810 2018 1031 2075 Christi.
1061 2016 1168 2075 Sed
1194 2016 1316 2073 ideo
1339 2014 1540 2070 dictum
1560 2021 1663 2080 est,
1696 2010 1817 2082 quia
1841 2007 2123 2079 unusquis-

539 2127 645 2182 que
673 2119 911 2167 nostrum
938 2109 1044 2166 hoc
1067 2108 1227 2165 debet
1248 2120 1511 2179 quemque
1534 2104 1808 2175 deputare,
1835 2100 1973 2172 quod
2000 2113 2124 2155 eum

542 2203 658 2257 vult
686 2202 800 2259 fieri
823 2242 838 2268 ,
880 2200 1042 2258 etiam
1070 2200 1120 2257 si
1148 2199 1384 2256 nondum
1413 2197 1582 2252 factus
1618 2202 1704 2251 est
1732 2210 1747 2247 :
1780 2193 1916 2249 sicut
1943 2190 2125 2246 Domi-

543 2309 646 2350 nus
672 2293 1026 2363 alienigenam
1048 2291 1440 2349 Samaritanum
1466 2287 1767 2358 proximum
1794 2286 1908 2355 ejus
1944 2291 2127 2339 osten-

541 2386 642 2452 dit,
671 2399 793 2441 cum
826 2398 936 2456 quo
974 2382 1396 2440 misericordiam
1436 2380 1563 2436 fecit
1606 2376 1759 2449 (Luc.
1808 2394 1863 2442 x,
1912 2375 2122 2448 50-57).

542 2476 825 2533 Proximus
845 2490 975 2548 ergo
998 2473 1275 2532 habendus
1301 2479 1406 2541 est,
1430 2487 1538 2527 non
1559 2470 1783 2535 alienus,
1806 2483 1925 2524 cum
1946 2482 2052 2538 quo
2073 2465 2127 2522 id

542 2569 806 2641 agendum
833 2577 934 2635 est,
982 2581 1051 2624 ne
1091 2573 1366 2623 remaneat
1392 2564 1634 2620 alienus:
1662 2569 1716 2617 et
1757 2561 1802 2616 si
1831 2567 2045 2631 propter
2072 2558 2127 2614 id

541 2661 689 2733 quod
716 2661 952 2717 nondum
979 2666 1063 2715 est
1086 2657 1212 2714 fidei
1239 2665 1439 2714 nostra:
1483 2653 1911 2722 sacramentique
1958 2651 2128 2722 parti-

542 2770 672 2826 ceps
699 2753 891 2816 factus,
919 2751 1095 2822 aliqua
1119 2749 1196 2805 illi
1221 2748 1536 2805 occultanda
1577 2756 1702 2803 sunt
1726 2759 1875 2814 vera,
1906 2758 2012 2801 non
2040 2750 2127 2799 ta-

545 2861 672 2903 men
700 2845 821 2901 ideo
844 2842 1073 2900 dicenda
1099 2851 1224 2898 sunt
1252 2841 1403 2897 falsa.

619 2937 706 2993 16.
746 2935 983 2991 Fuerunt
1009 2934 1151 2991 enim
1180 2935 1340 2990 etiam
1373 2931 1700 3005 temporibus
1722 2930 2127 3002 Apostolorum,

545 3029 639 3100 qui
662 3029 942 3086 veritatem
967 3043 1072 3084 non
1092 3027 1316 3083 veritate
1343 3028 1384 3097 ¹,
1406 3026 1462 3083 id
1485 3034 1587 3093 est,
1618 3041 1723 3081 non
1750 3025 1925 3081 veraci
1950 3024 2131 3081 animo

547 3119 938 3192 przedicarent:
966 3135 1103 3193 quos
1129 3120 1259 3176 dicit
1282 3120 1570 3191 Apostolus
1610 3118 1878 3174 Christum
1923 3133 2131 3174 annun-

550 3211 712 3269 tiasse
748 3227 856 3268 non
896 3221 1066 3280 caste,
1110 3213 1206 3268 sed
1232 3227 1328 3282 per
1356 3211 1606 3268 invidiam
1633 3220 1687 3266 et
1714 3212 2128 3267 contentionem.

549 3304 629 3360 Ac
651 3319 748 3375 per
776 3306 879 3360 hoc
905 3304 1066 3361 etiam
1098 3314 1222 3360 tunc
1258 3304 1500 3361 nonnulli
1542 3305 1749 3361 tolerati
1774 3312 1901 3359 sunt
1917 3320 2130 3361 annun-

552 3395 747 3450 tiantes
784 3409 890 3451 non
934 3404 1083 3451 casto
1111 3396 1291 3451 animo
1327 3397 1642 3453 veritatem:
1670 3412 1778 3453 non
1818 3405 1993 3452 tamen
2037 3396 2132 3452 ulli

550 3487 748 3545 laudati
774 3496 899 3547 sunt
921 3495 1175 3559 tanquam
1203 3489 1579 3548 annuntiantes
1603 3497 1752 3545 casto
1779 3489 1960 3545 animo
1990 3488 2133 3543 falsi-

551 3590 737 3640 tatem.
769 3583 1009 3653 Denique
1030 3582 1098 3637 de
1127 3581 1233 3636 illis
1259 3582 1408 3648 dicit,
1428 3580 1548 3637 Siue
1576 3582 1857 3645 occasione,
1883 3580 1985 3635 sive
2006 3580 2134 3633 veri-

551 3683 653 3727 tate
696 3673 926 3728 Christus
968 3672 1293 3726 aununtietur
1337 3670 1594 3745 (Philipp.
1642 3687 1681 3736 t,
1732 3672 1956 3741 15-18):
1989 3670 2134 3725 nullo

549 3763 713 3820 modo
743 3772 921 3820 autem
946 3764 1169 3831 diceret,
1198 3771 1257 3818 ut
1290 3771 1475 3833 postea
1503 3761 1746 3819 Christus
1766 3762 2131 3829 amtuntietur,

549 3854 699 3924 prius
731 3863 975 3926 negetur.

623 3947 712 4002 17.
751 3946 1009 4014 Quocirca
1030 3945 1213 4003 multis
1231 3944 1448 4017 quidem
1473 3943 1649 4000 modis
1674 3944 2135 4015 possuntlatentes

552 4038 790 4097 haeretici
816 4041 1084 4111 vestigari,
1118 4057 1220 4097 nec
1260 4040 1521 4097 catholica
1551 4040 1655 4096 tide
1682 4040 2000 4110 vituperata,
2036 4054 2136 4098 nec

554 4132 800 4187 haeretica
828 4132 1098 4201 impietate
1119 4131 1349 4187 laudata.

625 4221 847 4278 CAPUT
893 4220 998 4276 νη.
1017 4251 1090 4263 -—
1117 4221 1442 4277 Mendacium
1470 4223 1613 4277 nulla
1640 4222 1773 4278 velut
1811 4223 1943 4279 bona
1978 4224 2135 4279 inten-

553 4313 689 4368 tione
712 4313 1098 4368 admittendum.
1126 4312 1289 4368 Facta
1315 4312 1420 4367 alia
1439 4329 1500 4368 ea:
1523 4314 1625 4383 [ine
1648 4314 1731 4369 vel
1756 4314 1886 4369 bona
1906 4316 1981 4370 vel
1999 4316 2137 4370 mala

553 4404 855 4474 redduntur,
886 4404 991 4460 alia
1016 4413 1135 4460 sunt
1161 4421 1251 4476 per
1286 4421 1340 4460 se
1382 4415 1625 4475 peccata:
1660 4406 1767 4461 liazc
1812 4406 1955 4463 nullo
1992 4408 2138 4477 quasi

558 4493 686 4550 bona
731 4495 832 4564 ﬁne
871 4495 1123 4567 facienda.
1173 4495 1279 4552 Sed
1306 4495 1351 4551 si
1378 4496 1533 4553 aliter
1563 4497 1782 4553 omnino
1808 4512 1913 4553 non
1957 4506 2138 4568 posset

559 4589 717 4646 educi
742 4590 811 4647 de
839 4591 1081 4647 cavernis
1106 4590 1217 4647 suis
1249 4591 1499 4647 hairetica
1528 4592 1793 4663 impietas,
1822 4591 1925 4647 nisi
1964 4607 1995 4647 a
2024 4601 2134 4647 tra-

560 4682 689 4739 mite
716 4683 958 4739 veritatis
982 4684 1160 4756 lingua
1191 4683 1451 4740 catholica
1492 4683 1755 4752 deviaret;
1806 4686 2136 4742 tolerabilius

558 4773 646 4829 illa
669 4776 1048 4845 occultaretur,
1076 4790 1237 4847 quam
1262 4776 1363 4831 ista
1394 4777 1843 4848 praecipitaretur;
1885 4778 2137 4836 tolerabi-

557 4867 662 4924 lius
686 4868 741 4925 iu
769 4869 880 4924 suis
908 4867 1077 4925 foveis
1102 4869 1475 4926 delitescerent
1497 4871 1702 4943 vulpes,
1734 4887 1889 4944 quam
1920 4882 2139 4946 propter

559 4962 679 5018 illas
705 4961 993 5033 capiendas
1020 4962 1073 5017 in
1092 4962 1437 5033 blasphemiae
1460 4961 1666 5021 foveam
1692 4966 1944 5023 caderent
1968 4982 2137 5023 vena-

559 5060 733 5122 tores;
759 5053 1084 5110 tolerabilius
1105 5053 1324 5125 perfidia
1348 5055 1870 5113 Priscillianistarum
1898 5058 2138 5116 veritatis

557 5146 823 5203 velamine
869 5154 1158 5218 tegeretur,
1204 5162 1363 5218 quam
1410 5148 1541 5205 ﬁdes
1585 5148 1980 5206 Catholicorum
2009 5165 2077 5207 ne
2104 5166 2137 5207 a

558 5238 976 5295 Priscillianistis
999 5239 1380 5296 mentientibus
1408 5240 1730 5311 laudaretur,
1775 5257 1806 5298 a
1850 5241 2139 5301 Catholicis

557 5330 899 5387 credentibus
940 5340 1247 5405 negaretur.
1273 5331 1405 5387 Nam
1431 5333 1477 5387 si
1508 5342 1784 5403 propterea
1820 5334 1964 5404 justa
1990 5343 2135 5404 sunt,

558 5436 666 5478 non
693 5423 1115 5495 qualiacumque,
1146 5422 1241 5480 sed
1263 5424 1570 5495 blaSphema
1586 5426 1879 5492 mendacia,
1898 5427 2018 5496 quia
2035 5426 2140 5482 hoc

558 5513 741 5569 animo
763 5514 895 5570 ﬁunt
919 5523 979 5570 ut
1006 5516 1201 5571 occulti
1242 5516 1483 5573 haeretici
1511 5517 1855 5590 detegantur;
1888 5528 2140 5590 poterunt

557 5600 661 5657 isto
683 5603 861 5672 modo,
882 5604 926 5660 si
954 5606 1144 5662 eodem
1167 5606 1347 5664 animo
1367 5608 1517 5677 fiant,
1540 5618 1685 5666 casta
1710 5625 1830 5668 esse
1854 5611 2136 5667 adulteria.

555 5694 695 5761 Quid
720 5697 763 5752 si
792 5695 935 5752 enim
960 5711 1030 5753 ex
1054 5713 1277 5756 numero
1296 5700 1816 5759 Priscillianistarum
1839 5703 2137 5773 impudica-

556 5804 677 5847 rum
703 5787 878 5860 aliqua
908 5788 1104 5846 femina
1133 5791 1337 5865 injiciat
1362 5797 1572 5853 oculum
1601 5798 1655 5855 in
1682 5797 2002 5856 catholicum
2045 5797 2140 5857 ,Ιο-

617 5901 637 5937 ¹
668 5903 745 5959 Sic
762 5907 869 5958 Mss.
902 5899 1024 5960 sum
1043 5910 1223 5976 autem,
1242 5920 1340 5962 non
1361 5905 1610 5965 veraciter.

1525 411 1798 474 CONTRA
1833 396 2260 473 MENDACIUII,
2296 399 2356 460 S.
2394 398 2759 461 AUGUSTINI

3677 397 3784 468 εκ

2209 524 2364 597 seph,
2394 527 2548 599 eique
2575 526 2847 599 promittat
2877 523 3202 599 proditurum
3230 539 3291 583 se
3318 524 3549 585 latebras
3575 542 3782 605 eorum,

2209 617 2256 675 si
2280 618 2346 674 ab
2374 618 2466 674 illo
2494 619 2857 690 impetraverit
2898 626 3165 691 stuprum,
3198 628 3509 692 certumque
3536 620 3607 677 sit
3646 636 3794 689 eam,

2211 711 2258 767 si
2284 711 2332 767 ei
2357 726 2673 767 consensum
2703 711 2879 781 fuerit,
2908 712 3047 783 quod
3070 711 3302 783 pollicita
3316 720 3401 770 est
3418 713 3799 784 impleturum?

2211 798 2579 859 faciendumne
2593 803 2965 860 censebimus?
2994 818 3061 859 an
3080 804 3436 875 intelligemus
3458 819 3798 878 nequaquam

2212 895 2306 951 tali
2346 896 2516 966 pretio
2543 911 2751 959 merces
2777 895 3038 967 ejusmodi
3080 897 3500 968 comparandas?
3529 898 3639 955 Cur
3666 913 3800 971 ergo

2215 1003 2322 1045 non
2365 990 2635 1048 cruimus‘
2666 991 2955 1062 capiendos
2984 992 3266 1049 hrereticos
3309 1008 3472 1050 carne
3509 994 3563 1049 in
3589 993 3803 1051 adulte-

2215 1081 2354 1137 rium
2382 1081 2669 1159 deiluente,
2698 1091 2753 1140 et
2779 1083 3045 1140 eruendos
3075 1091 3322 1154 putamus
3342 1099 3436 1140 ore
3465 1084 3519 1140 in
3545 1083 3804 1156 blasphe-

2218 1175 2323 1229 mia
2354 1172 2720 1230 fornicante’?
2746 1176 2853 1231 Aut
2879 1175 3023 1232 enim
3058 1175 3239 1232 licebit
3260 1184 3545 1248 utrumque
3571 1178 3688 1247 pari
3711 1193 3799 1233 ra.

2219 1265 2363 1321 tione
2390 1264 2694 1333 defendere,
2713 1276 2771 1322 ut
2786 1267 2904 1323 ideo
2928 1266 3043 1324 haec
3062 1282 3165 1324 non
3183 1282 3301 1324 esse
3318 1268 3561 1324 dicantur
3580 1269 3797 1345 iujusta,

2219 1358 2342 1427 quia
2370 1372 2433 1413 ea
2459 1357 2596 1413 facta
2638 1367 2761 1415 sunt
2806 1359 3099 1415 intentione
3142 1374 3245 1430 qua
3273 1359 3807 1432 deprehenderentur

2219 1448 2434 1519 injusti:
2464 1457 2553 1505 aut
2581 1451 2625 1505 si
2656 1463 2783 1506 sana
2807 1449 3046 1505 doctrina
3068 1464 3180 1520 nec
3204 1458 3425 1522 propter
3450 1450 3805 1510 inveniendus

2221 1539 2507 1599 hrereticos
2534 1542 2648 1599 vult
2673 1558 2772 1600 nos
2799 1558 2919 1600 eum
2942 1543 3152 1601 feminis
3181 1544 3462 1616 impudicis
3478 1546 3668 1602 saltem
3684 1560 3815 1602 eor-

2222 1649 2371 1703 pore,
2403 1649 2509 1690 non
2535 1644 2734 1705 mente,
2760 1636 2993 1704 misceri,
3025 1636 3267 1708 profecto
3292 1651 3393 1693 nec
3409 1646 3628 1710 pr0pter
3652 1638 3808 1696 inve-

2224 1728 2447 1785 niendus
2472 1729 2748 1786 haereticos
2775 1730 2888 1786 vult
2909 1730 3105 1787 anobis
3130 1732 3319 1788 saltem
3344 1747 3496 1801 voce,
3524 1748 3633 1789 non
3656 1748 3812 1790 men-

2223 1826 2298 1883 te,
2326 1828 2417 1874 aut
2459 1819 2781 1876 immundam
2827 1822 3076 1878 haeresim
3119 1822 3422 1893 pmdicari,
3466 1831 3560 1879 aut
3602 1833 3812 1882 castam

2224 1910 2543 1967 Catholicam
2568 1913 2949 1984 blasphemari.
2982 1914 3113 1982 Quia
3139 1923 3194 1970 et
3219 1915 3391 1987 ipsum
3416 1915 3616 1973 mentis
3641 1916 3815 1988 impe-

2226 2004 2387 2070 rium,
2400 2004 2483 2059 cui
2498 2004 2658 2061 debet
2682 2006 2856 2060 omnis
2879 2005 3098 2062 inferior
3115 2013 3293 2063 motus
3315 2006 3549 2063 hominis
3568 2005 3810 2075 obedire,

2228 2093 2389 2166 digno
2410 2111 2517 2151 non
2537 2097 3055 2169 carebitopprobrio,
3073 2099 3287 2171 quando
3312 2099 3391 2169 iit,
3412 2100 3554 2172 quod
3569 2101 3683 2157 ﬁeri
3704 2116 3813 2158 non

2228 2196 2457 2260 oportet,
2474 2204 2568 2246 seu
2591 2191 2853 2261 membro,
2875 2205 2971 2249 seu
2997 2193 3181 2250 verbo.
3194 2193 3504 2266 Quanquam
3517 2195 3677 2252 etiam
3690 2211 3816 2253 cum

2227 2283 2392 2339 verbo
2435 2283 2513 2349 ﬁt,
2548 2285 2789 2341 membro
2818 2286 2909 2341 lit:
2939 2287 3187 2357 quoniam
3216 2287 3392 2359 lingua
3408 2289 3706 2345 membrum
3732 2298 3818 2346 est

2230 2389 2332 2444 qua
2364 2373 2424 2430 fit
2450 2375 2707 2432 verbum:
2738 2392 2839 2433 nec
2875 2377 3044 2434 ullum
3066 2378 3270 2435 factum
3300 2389 3539 2436 nostrum
3567 2381 3820 2438 membro

2229 2468 2339 2524 ullo
2366 2468 2589 2538 paritur,
2616 2469 2719 2526 nisi
2746 2471 2887 2542 quod
2912 2472 3061 2542 prius
3079 2474 3241 2530 corde
3264 2475 3591 2547 concipitur;
3612 2475 3699 2531 vel
3720 2490 3821 2547 po-

2232 2561 2338 2616 tius
2365 2559 2506 2617 intus
2532 2562 2817 2632 cogitando
2844 2572 2899 2620 et
2926 2565 3309 2623 consentiendo
3334 2567 3444 2637 jam
3476 2576 3708 2638 partum,
3734 2567 3821 2622 foe

2230 2665 2319 2708 ras
2342 2652 2518 2708 editur
2542 2652 2786 2710 faciendo
2807 2670 2903 2726 per
2923 2656 3242 2712 membrum.
3266 2658 3385 2714 Non
3407 2659 3583 2731 itaque
3608 2658 3822 2716 animus

2236 2757 2266 2798 a
2296 2744 2436 2801 facto
2464 2747 3011 2818 excusatuquuando
3034 2749 3229 2805 dicitur
3256 2750 3454 2821 aliquid
3481 2766 3587 2807 non
3610 2766 3676 2806 ex
3702 2751 3824 2806 ani-

2231 2851 2323 2893 mo
2350 2837 2487 2905 ﬁeri,
2517 2838 2659 2909 quod
2688 2849 2865 2896 tamen
2892 2854 3001 2896 non
3030 2840 3205 2912 ﬁeret,
3233 2840 3336 2898 nisi
3362 2841 3570 2900 animus
3611 2840 3822 2899 facien-

2231 2929 2359 2985 dum
2389 2946 2508 2987 esse
2532 2932 2863 2989 decerneret.

2306 3021 2393 3079 18.
2434 3022 2664 3079 Interest
2708 3023 2922 3095 quidem
2972 3025 3283 3097 plurimum,
3331 3040 3435 3098 qua
3479 3040 3661 3096 causa,
3709 3038 3825 3098 quo

2235 3117 2364 3186 fine,
2393 3132 2497 3188 qua
2538 3118 2833 3174 intentione
2878 3119 3006 3189 quid
3036 3120 3286 3177 tiat:sed
3334 3134 3398 3175 ea
3444 3135 3564 3191 quae
3605 3130 3827 3179 constat

2235 3223 2354 3265 esse
2380 3219 2621 3280 peccata,
2664 3211 2811 3267 nullo
2837 3213 2992 3267 bona:
3016 3227 3193 3268 causa:
3218 3212 3459 3279 obtentu,
3487 3212 3637 3267 nullo
3662 3214 3828 3283 quasi

2234 3299 2376 3357 bono
2412 3300 2533 3369 line,
2566 3301 2712 3357 nulla
2739 3300 2886 3358 velut
2912 3301 3054 3358 bona
3085 3303 3380 3359 intentione
3404 3301 3648 3359 facienda
3671 3313 3824 3361 sunt.

2235 3390 2310 3445 Ea
2336 3391 2529 3463 quippe
2546 3406 2706 3462 opera
2729 3391 3024 3461 hominum,
3053 3392 3192 3448 sicut
3214 3407 3401 3449 causas
3430 3392 3827 3451 habuerintha-

2236 3499 2353 3551 nas,
2387 3498 2482 3540 seu
2511 3483 2697 3550 malas,
2731 3498 2871 3540 nunc
2896 3492 3020 3540 sunt
3040 3484 3200 3554 bona,
3229 3499 3370 3540 nunc
3394 3486 3554 3553 mala,
3577 3499 3694 3557 qua:
3711 3499 3826 3555 non

2236 3586 2361 3634 sunt
2401 3593 2497 3648 per
2522 3592 2580 3635 se
2606 3579 2718 3649 ipsa
2749 3588 2997 3650 peccata:
3026 3579 3163 3635 sicut
3189 3580 3388 3636 victum
3415 3579 3655 3651 praebere
3681 3593 3825 3649 pau-

2236 3668 2470 3739 peribus,
2514 3669 2717 3724 bonum
2760 3684 2893 3740 opus
2916 3662 3024 3739 est,
3065 3670 3112 3727 si
3152 3671 3212 3726 fit
3254 3686 3416 3727 causa
3442 3669 3828 3728 misericordiae

2237 3777 2357 3818 cum
2383 3771 2527 3818 recta
2558 3763 2691 3830 ﬁde;
2721 3764 2858 3819 sicut
2886 3764 3199 3821 concubitus
3244 3765 3559 3837 conjugalis,
3607 3748 3829 3836 quando

2238 3855 2297 3910 fit
2317 3869 2475 3909 causa
2504 3857 2815 3925 generandi,
2847 3858 2890 3913 si
2918 3873 2980 3913 ea
3010 3856 3116 3914 [ide
3142 3857 3234 3913 fiat
3270 3867 3330 3913 ut
3366 3859 3645 3931 gignantur
3668 3870 3830 3930 rege-

2236 3946 2479 4002 nerandi.
2512 3947 2637 4002 llmc
2658 3956 2815 4019 atque
2842 3948 3145 4019 hujusmodi
3171 3949 3460 4006 secundum
3491 3966 3611 4007 suas
3631 3964 3827 4027 causas

2237 4053 2401 4110 opera
2423 4050 2546 4096 sunt
2564 4039 2703 4096 bona
2726 4042 2806 4096 vel
2827 4041 2963 4097 mala
2980 4057 2994 4107 ;
3013 4041 3133 4112 quia
3159 4042 3344 4099 eadem
3368 4044 3479 4115 ipsa
3507 4044 3552 4100 si
3581 4043 3823 4121 habeant

2238 4131 2408 4186 tnalas
2432 4146 2641 4197 causas,
2681 4132 2733 4186 in
2768 4140 2981 4202 peccata
3010 4142 3321 4191 vertuntur:
3349 4134 3496 4191 velut
3536 4134 3583 4190 si
3606 4134 3826 4205 jactan-

2241 4223 2328 4279 tiae
2355 4238 2515 4279 causa
2563 4238 2762 4294 pauper
2801 4226 3063 4295 pascitur;
3094 4234 3184 4281 aut
3229 4226 3461 4281 lascivia:
3497 4240 3655 4282 causa
3698 4241 3828 4283 cum

2239 4328 2406 4371 uxore
2430 4315 2828 4382 concumbitur;
2859 4325 2949 4371 aut
2973 4317 3066 4371 filii
3095 4326 3434 4388 generantur,
3462 4331 3567 4373 non
3596 4326 3655 4372 ut
3686 4319 3824 4385 Deo,

2240 4406 2332 4464 sed
2362 4414 2419 4462 ut
2437 4406 2647 4463 diabolo
2672 4407 2991 4464 nutriantur.
3019 4409 3155 4465 Cum
3195 4426 3321 4466 vero
3360 4409 3469 4481 jam
3510 4425 3672 4482 opera
3709 4410 3830 4481 ipsa

2243 4508 2455 4571 peccata
2481 4508 2621 4566 sunt,
2646 4500 2780 4555 sicut
2806 4499 2962 4567 furta,
2990 4510 3192 4573 stupra,
3215 4502 3577 4573 blasphemiae,
3605 4501 3691 4557 vel
3715 4516 3831 4558 ca:-

2245 4602 2354 4649 tera
2373 4592 2523 4659 talia;
2547 4592 2662 4663 quis
2678 4594 2860 4663 estqui
2883 4593 3212 4649 dicatcausis
3237 4594 3391 4650 bonis
3413 4608 3531 4650 esse
3557 4593 3829 4663 facienda,

2242 4695 2301 4743 ut
2321 4687 2403 4743 vel
2434 4696 2645 4757 peccata
2678 4702 2782 4742 non
2804 4686 2943 4755 sint,
2956 4687 3062 4756 vel,
3089 4687 3230 4758 quod
3261 4695 3343 4743 est
3367 4686 3830 4757 absurdius,justa

2242 4788 2459 4851 peccata
2499 4779 2647 4835 sint?
2683 4778 2811 4847 Quis
2840 4788 2920 4836 est
2951 4781 3040 4850 qui
3066 4779 3239 4835 dicat:
3263 4778 3334 4835 Ut
3361 4777 3651 4835 habeamus
3678 4777 3830 4849 quod

2242 4871 2430 4930 demus
2455 4871 2793 4943 pauperibus,
2824 4871 3077 4927 faciamus
3110 4872 3245 4927 furta
3274 4870 3556 4936 divitibus;
3598 4879 3709 4936 aut,
3745 4870 3832 4926 te-

2243 4964 2489 5021 stimonia
2516 4963 2643 5017 falsa
2665 4960 2977 5028 vendamus,
3012 4964 3240 5019 maxime
3268 4963 3313 5018 si
3345 4979 3450 5018 non
3490 4960 3612 5017 inde
3655 4960 3826 5019 innu-

2243 5064 2427 5113 centes
2455 5052 2737 5121 laeduntur,
2782 5053 2874 5108 sed
2898 5064 3153 5110 nocentes
3184 5055 3359 5124 potius
3384 5052 3713 5111 damnaturis
3734 5051 3834 5123 ju-

2244 5147 2449 5202 dieibus
2474 5144 2769 5200 eruuntur?
2798 5144 2911 5200 Duo
2937 5146 3080 5200 enim
3111 5145 3247 5201 bona
3279 5145 3409 5201 fiunt
3445 5146 3601 5215 hujus
3638 5144 3836 5200 vendi-

2245 5239 2391 5296 tione
2433 5237 2715 5304 mendacii,
2748 5244 2806 5292 ut
2847 5248 2902 5293 et
2940 5240 3161 5309 pecunia
3207 5245 3447 5295 sumatur
3487 5237 3629 5293 unde
3672 5237 3839 5307 inops

2245 5331 2436 5396 alatur,
2458 5338 2513 5386 et
2528 5328 2688 5400 judex
2712 5329 2921 5385 fallatur
2937 5346 3003 5385 ne
3024 5331 3182 5386 homo
3200 5331 3466 5401 puniatur.
3485 5328 3839 5385 Testamenta

2246 5421 2405 5477 etiam
2434 5421 2478 5475 si
2506 5420 2793 5492 possimus,
2819 5437 2914 5478 cur
2939 5437 3042 5477 non
3059 5436 3183 5477 vera
3209 5420 3610 5493 supprimimus,
3628 5417 3840 5475 etfalsa

2246 5514 2614 5584 supponimus,
2643 5524 2700 5570 ut
2726 5515 3061 5571 luereditates
3099 5510 3182 5571 vel
3232 5514 3401 5587 legata
3443 5530 3552 5570 non
3600 5512 3841 5569 habeant

2247 5605 2466 5679 indigni,
2500 5609 2585 5682 qui
2618 5608 2748 5664 nihil
2773 5624 2839 5665 ex
2864 5608 2942 5665 eis
2964 5618 3251 5681 operantur
3278 5608 3435 5676 boni;
3467 5606 3636 5664 sedhi
3654 5606 3843 5677 potius

2310 5789 2328 5820 ι
2350 5796 2449 5837 Am.
2476 5796 2527 5839 et
2562 5794 2688 5853 μεθ,
2722 5802 2817 5841 non
2836 5788 3036 5842 emimus
3062 5801 3082 5840 :
3106 5796 3157 5840 et
3180 5787 3436 5851 inlraloco,
3459 5784 3717 5847 emendos,
3745 5782 3840 5838 ll-

2244 5848 2383 5911 bent,
2406 5851 2645 5901 emendos.

2313 5913 2334 5944 ²
2367 5912 2551 5970 Aliquot
2574 5920 2702 5967 Mss.
2724 5913 2775 5968 in
2796 5912 3132 5975 blasphemiam
3158 5910 3441 5979 fornictmte.
