4070 6334
240 433 341 497 529

242 565 272 607 a
293 547 486 620 quibus
504 551 803 609 esurientes
826 558 1134 623 pascuntur,
1162 544 1288 603 nudi
1313 543 1634 611 vestiuntur,
1662 556 1821 612 perc-

242 640 369 711 grini
399 642 787 712 suscipiuntur,
820 641 1015 713 captivi
1044 639 1394 703 redimuntur,
1426 633 1668 691 ecclesia:
1696 647 1824 687 con-

242 734 554 789 struuntur?
581 733 691 790 Cur
716 735 860 791 enim
889 749 995 790 non
1022 733 1152 789 ﬁant
1177 732 1267 787 illa
1293 732 1429 786 mala
1458 735 1675 799 propter
1707 725 1823 780 hinc

240 826 396 895 bona,
429 827 475 882 si
505 836 728 898 propter
752 827 868 884 haec
904 829 1043 885 bona
1068 842 1168 883 nec
1196 826 1285 882 illa
1323 833 1446 880 sunt
1475 821 1645 878 mala?
1674 820 1820 875 Jam-

240 935 363 976 vero
385 921 431 975 si
452 921 647 992 aliqum
676 921 968 977 immundae
992 930 1046 977 et
1070 919 1258 977 divites
1290 917 1501 974 feminae
1538 914 1818 971 videantur

241 1022 509 1068 amatores
533 1021 589 1069 et
614 1022 945 1084 stupratores
988 1027 1113 1068 suos
1161 1011 1375 1082 insuper
1417 1009 1689 1075 ditaturae;
1730 1022 1826 1062 cur

241 1119 341 1160 non
373 1113 428 1159 et
455 1104 553 1160 has
570 1116 747 1176 partes
762 1116 920 1176 atque
946 1115 1089 1161 artes
1109 1104 1363 1175 suscipiat
1386 1104 1467 1158 vir
1491 1100 1817 1167 misericors,

241 1196 431 1267 quibus
462 1212 560 1268 pro
605 1208 710 1253 tam
758 1199 896 1254 bona
939 1213 1099 1255 causa
1130 1206 1328 1265 utatur,
1363 1205 1419 1251 ut
1449 1196 1640 1251 habent
1681 1193 1821 1249 unde

240 1289 602 1360 indigentibus
629 1290 911 1361 largiatur;
937 1306 1038 1346 nec
1074 1290 1255 1346 audiat
1282 1288 1596 1361 Apostolum
1641 1286 1824 1342 dicen-

239 1388 369 1451 tem,
404 1382 508 1451 Qui
536 1383 819 1454 furabatur,
846 1385 959 1455 jam
985 1401 1085 1439 non
1108 1385 1338 1455 furetur;
1366 1382 1525 1455 magis
1548 1389 1715 1436 autem
1745 1380 1824 1433 la«

238 1474 375 1530 ιον-ει
398 1492 617 1547 operam
642 1477 873 1531 manibus
899 1476 1004 1531 suis
1032 1477 1235 1544 bonum,
1279 1483 1334 1530 ut
1375 1474 1551 1529 habeat
1575 1472 1707 1528 unde
1731 1470 1824 1526 tri-

234 1569 385 1625 buere
409 1570 427 1602 ³
453 1570 539 1625 cui
566 1586 694 1642 apus
719 1580 791 1625 est
818 1569 1034 1642 (Ephcs.
1079 1584 1156 1637 tv,
1209 1567 1341 1642 28)?
1383 1568 1439 1624 Si
1477 1566 1690 1638 quidem
1720 1580 1824 1620 non

237 1662 414 1718 solum
444 1662 621 1734 ipsum
646 1662 867 1732 furtum,
898 1679 1085 1719 verum
1133 1664 1292 1719 etiam
1336 1661 1528 1717 falsum
1582 1660 1825 1715 testimo-

238 1754 408 1818 nium,
440 1760 497 1806 et
523 1750 863 1820 adulterium,
910 1762 963 1809 et
991 1767 1152 1809 omne
1179 1767 1313 1824 Opus
1341 1751 1537 1806 malum
1570 1766 1675 1805 non
1721 1750 1825 1805 erit

238 1843 463 1911 malum,
494 1843 590 1899 sed
620 1842 838 1906 bonum.
884 1845 929 1900 si
971 1859 1031 1900 ea
1061 1859 1221 1899 causa
1250 1852 1602 1917 perpetretur,
1654 1850 1712 1897 ut
1753 1842 1822 1897 sit

240 1933 380 1989 unde
402 1932 494 1988 fiat
514 1933 735 1989 bonum.
764 1935 894 2003 Quis
919 1935 1018 1989 ista
1042 1934 1202 2002 dicat,
1226 1935 1325 1990 nisi
1349 1936 1437 2005 qui
1461 1950 1546 1989 res
1567 1933 1827 1989 humanas

239 2040 537 2097 omnesque
564 2034 789 2082 conatur
806 2042 983 2083 mores
1009 2028 1260 2099 legesque
1298 2025 1648 2081 subvertere?
1672 2024 1826 2093 Quod

241 2119 383 2174 enim
405 2118 882 2175 sceleratissimum
905 2120 1131 2186 facinus,
1160 2119 1301 2190 quod
1335 2118 1699 2189 turpissimum
1726 2117 1826 2171 fla-

237 2211 618 2281 gitium,quod
660 2211 1034 2283 impiissimum
1084 2211 1422 2282 sacrilegium
1472 2226 1577 2266 non
1623 2210 1829 2266 dicatur

237 2316 401 2374 posse
428 2303 541 2367 fieri
568 2312 718 2360 recte
742 2313 902 2375 atque
922 2303 1094 2375 juste;
1124 2319 1223 2360 nec
1253 2303 1467 2374 impune
1494 2312 1722 2369 tantum,
1743 2317 1830 2358 ve-

240 2409 353 2450 rum
381 2394 544 2450 etiam
572 2396 824 2466 gloriose,
855 2395 990 2451 utin
1021 2408 1088 2451 eo
1116 2394 1490 2466 perpetrando,
1515 2408 1619 2449 non
1642 2393 1816 2449 solum
1878 2462 1881 2463 ν

242 2486 500 2558 supplicia
529 2487 674 2542 nulla
711 2488 1019 2556 timeantur,
1044 2486 1138 2543 sed
1159 2496 1443 2558 sperentur
1468 2494 1524 2543 et
1560 2485 1782 2558 praemia
1808 2503 1822 2540 :

241 2580 283 2636 si
325 2580 496 2637 semel
526 2582 951 2637 concesserimus
993 2582 1047 2637 in
1092 2580 1339 2637 omnibus
1378 2580 1533 2636 malis
1576 2579 1828 2651 operibus

244 2670 519 2727 hominum
543 2672 664 2729 ideo
688 2688 795 2729 non
822 2673 948 2745 quid
977 2672 1090 2743 ﬁat,
1119 2672 1215 2730 sed
1240 2687 1405 2744 quare
1430 2672 1523 2728 fiat
1546 2684 1667 2727 esse
1686 2684 1830 2742 qua:-

243 2764 499 2831 rendum;
533 2774 592 2821 ut
609 2780 962 2837 quaecumque
988 2774 1210 2837 propter
1251 2764 1421 2820 bonas
1464 2778 1652 2820 causas
1690 2762 1829 2818 facta

244 2854 609 2925 inveniuntur,
635 2871 736 2913 nec
766 2858 880 2929 ipsa
908 2858 1047 2912 mala
1074 2871 1195 2913 esse
1215 2855 1555 2928 iudicentur?
1584 2856 1653 2910 At
1677 2854 1722 2910 si
1742 2853 1829 2925 ju-

243 2948 380 3003 stitia
412 2949 608 3005 merito
628 2951 779 3019 punit
807 2948 1003 3019 furem,
1037 2949 1199 3005 etiam
1227 2948 1319 3020 qui
1343 2948 1541 3003 dixerit
1563 2955 1619 3003 et
1644 2954 1828 3003 osten-

243 3041 379 3099 derit
400 3043 526 3100 ideo
549 3060 609 3101 se
634 3044 962 3101 subtraxisse
983 3043 1249 3116 superﬂua
1276 3041 1445 3111 diviti,
1477 3050 1538 3096 ut
1564 3041 1831 3113 prmberet

245 3138 548 3193 necessaria
572 3138 827 3209 pauperi;
861 3138 908 3193 si
934 3138 1124 3194 merito
1145 3136 1299 3209 punit
1342 3135 1639 3203 falsarium,
1669 3134 1829 3190 etiam

244 3234 333 3304 qui
359 3249 419 3289 se
443 3233 564 3289 ideo
586 3240 962 3289 testamentum
987 3233 1224 3288 alienum
1243 3230 1548 3300 corrupisse
1563 3227 1826 3294 docuerit,

246 3334 302 3381 nt
324 3326 417 3382 ille
443 3326 619 3382 turres
644 3334 787 3381 esset
810 3325 900 3397 qui
928 3324 1162 3380 facturus
1189 3322 1312 3378 inde
1342 3322 1514 3377 fuerat
1534 3320 1831 3390 eleemosy-

245 3435 339 3474 nas
364 3419 561 3489 largas,
585 3433 692 3472 non
720 3416 809 3474 ille
846 3415 937 3488 qui
976 3415 1179 3480 nullas;
1208 3415 1252 3469 si
1284 3413 1474 3469 merito
1499 3410 1651 3482 punit
1676 3409 1829 3465 adul-

246 3518 439 3576 terum,
486 3510 646 3565 etiam
673 3510 762 3579 qui
799 3506 1245 3563 demonstraverit
1276 3501 1639 3559 misericordia
1668 3516 1725 3556 se
1752 3499 1832 3556 fe-

247 3604 381 3658 cisse
412 3602 756 3666 adulterium,
784 3609 841 3656 ut
867 3615 963 3671 per
987 3599 1131 3654 illam
1148 3613 1267 3654 cum
1286 3612 1389 3667 qua
1415 3595 1558 3663 fecit,
1576 3594 1643 3650 de
1660 3602 1831 3649 morte

248 3695 521 3750 hominem
544 3694 824 3760 liberaret;
847 3701 1139 3763 postremo,
1164 3698 1221 3745 ut
1245 3690 1311 3743 ad
1332 3705 1444 3744 rem
1466 3688 1535 3743 de
1561 3702 1662 3758 qua
1684 3702 1830 3757 quac-

248 3790 347 3844 stio
367 3798 451 3843 est
482 3786 704 3857 propius
756 3784 1094 3849 accedamus,
1125 3781 1171 3835 si
1199 3780 1393 3835 merito
1413 3780 1566 3850 punit
1592 3793 1714 3833 eum
1742 3778 1831 3848 qui

251 3880 464 3937 feminze
480 3876 642 3933 alicui
660 3873 1179 3932 Priscillianistarum
1212 3870 1553 3941 turpitudinis
1582 3870 1829 3935 conscize,

250 3980 538 4043 propterea
567 3983 629 4025 se
655 3968 957 4023 adulterino
983 3964 1268 4021 concubitu
1294 3963 1526 4029 miscuit,
1568 3971 1625 4018 ut
1649 3962 1714 4017 ad
1740 3977 1834 4018 co-

248 4078 370 4118 rum
390 4059 625 4116 latebras
650 4058 989 4129 perveniret:
1012 4056 1239 4111 obsecro
1265 4063 1338 4121 te,
1377 4069 1499 4109 cum
1529 4053 1671 4107 dicat
1691 4053 1833 4123 Apo-

248 4153 443 4218 Stolus,
476 4151 588 4207 Nec
623 4148 895 4207 exhibeatis
930 4146 1153 4203 membra
1176 4156 1339 4201 vestra
1378 4144 1833 4221 arma’iniquitatis

254 4256 455 4319 peccato
482 4245 659 4318 (Rom.
685 4258 759 4312 vt,
785 4242 906 4315 i5);
936 4250 992 4298 et
1016 4240 1139 4297 ideo
1164 4255 1263 4297 nec
1286 4255 1495 4307 manus,
1525 4254 1625 4295 nec
1649 4254 1835 4309 corpo-

253 4342 325 4395 ris
351 4337 629 4411 genitalia,
669 4350 771 4392 nec
808 4334 909 4389 alia
935 4332 1178 4390 membra
1212 4332 1424 4403 ﬂagitiis
1454 4331 1706 4386 exhibere
1734 4330 1834 4384 dc-

259 4431 502 4495 bcamus,
535 4438 594 4484 ut
635 4425 1060 4483 Priscillianistas
1103 4423 1342 4479 invenire
1384 4423 1677 4494 possimus;
1709 4421 1835 4492 quid

257 4538 350 4580 nos
368 4523 573 4593 lingua,
597 4519 725 4591 quid
748 4526 917 4575 totum
941 4532 1003 4573 os
1023 4525 1285 4584 nostrum,
1308 4516 1435 4586 quid
1460 4530 1716 4586 organum
1744 4528 1839 4570 vo-

256 4620 330 4673 cis
358 4613 600 4680 offendit,
627 4621 687 4668 ut
712 4610 830 4668 haec
854 4609 1201 4667 exbibeamus
1228 4623 1374 4664 arma
1396 4619 1635 4680 peccato,
1662 4618 1837 4667 tanto-

258 4725 356 4781 que
397 4715 643 4779 peccato,
669 4704 775 4761 ubl'
804 4703 969 4759 Deum
1009 4711 1274 4769 nostrum,
1314 4710 1377 4756 ut
1406 4700 1837 4757 Priscillianistas

258 4800 624 4871 apprehensus
666 4796 735 4853 ab
772 4795 1080 4868 ignorantiae
1124 4793 1470 4864 blaspliemiis
1523 4808 1773 4850 eruamus
1789 4796 1835 4863 ⁸,

260 4891 370 4946 sine
398 4887 746 4945 excusatione
772 4886 1083 4958 ignorantize
1104 4884 1569 4955 blaspliememus?

326 4980 557 5038 CAPUT
598 4978 733 5035 VIII.
770 5006 841 5018 —
877 4977 967 5033 I9.
994 4977 1261 5033 Peccatum
1305 4992 1411 5031 esse
1457 4992 1519 5032 ea:
1566 4976 1840 5032 intentione

264 5071 401 5127 aliud
443 5070 549 5125 alio
594 5068 788 5134 levius;
825 5084 927 5124 non
969 5077 1137 5122 tamen
1178 5068 1465 5139 faciendum
1499 5067 1675 5137 levius,
1705 5070 1839 5139 quod

262 5179 392 5236 sirpe
420 5162 633 5218 alterius
656 5160 851 5233 generis
876 5169 1079 5231 peccato
1101 5160 1303 5231 gravius
1324 5168 1418 5216 est.
1442 5159 1592 5216 Dicet
1614 5160 1836 5232 aliquis:

265 5255 403 5327 Ergo
422 5253 715 5325 aequandus
741 5260 826 5309 est
850 5251 939 5308 fur
968 5251 1189 5323 quilibet
1211 5253 1261 5307 ei
1286 5251 1389 5307 furi
1418 5252 1506 5322 qui
1533 5252 1840 5309 misericor-

265 5346 364 5402 dia:
389 5347 668 5402 voluntate
708 5343 949 5400 furatur?
974 5344 1104 5411 Quis
1131 5343 1234 5401 hoc
1259 5343 1486 5402 dixerit?
1513 5344 1621 5401 Sed
1648 5346 1841 5402 horum

266 5439 487 5495 duorum
515 5453 628 5493 non
654 5436 777 5493 ideo
804 5446 888 5494 est
914 5437 1192 5508 quisquam
1216 5437 1407 5503 bonus,
1437 5436 1563 5508 quia
1588 5437 1740 5509 pejor
1760 5447 1843 5495 est

267 5543 421 5586 unus.
458 5529 621 5600 Pejor
657 5537 741 5585 est
778 5528 922 5585 enim
963 5528 1054 5600 qui
1094 5528 1538 5601 concupiscendo,
1567 5543 1724 5599 quam
1751 5530 1841 5601 qui

269 5621 571 5677 miserando
592 5620 799 5676 furatur
823 5637 837 5676 :
858 5619 953 5677 sed
974 5620 1019 5675 si
1047 5620 1243 5677 furtum
1264 5635 1424 5677 omne
1444 5628 1717 5691 peccatum
1735 5631 1843 5692 est,

270 5714 335 5770 sb
358 5716 506 5772 omni
533 5713 678 5771 furto
707 5724 789 5772 est
814 5714 1205 5772 abstinendum.
1231 5716 1362 5785 Quis
1385 5716 1526 5775 enim
1556 5715 1698 5774 dicat
1723 5732 1844 5775 esse

332 5853 349 5883 ⁸
384 5853 457 5901 sic
480 5859 587 5903 Mss.
610 5851 726 5901 mliti
751 5866 885 5912 vero,
911 5851 1036 5904 unde
1059 5851 1249 5905 tribuat.

333 5912 355 5946 ⁸
384 5914 477 5966 Soli
498 5915 638 5978 editi,
661 5927 910 5967 terrenum.

1645 418 1849 477 LIBER
1884 417 1977 479 ΠΝ
1984 420 2086 479 US.

3408 439 3520 504 530

1932 541 2283 618 peccandum,
2305 544 2513 604 etiamsi
2537 547 2680 605 aliud
2701 550 2769 606 sit
2789 548 3111 623 damnabile,
3136 555 3277 616 aliud
3301 560 3515 618 venialc

1929 637 2239 705 peccatum?
2271 638 2422 696 Nunc
2464 651 2639 698 autem
2680 645 3003 715 quierimus,
3033 648 3077 704 si
3118 648 3221 706 hoc
3259 663 3351 707 aut
3379 652 3513 709 illud

1929 731 2155 802 quisque
2175 733 2377 804 fecerit,
2400 735 2517 810 quis
2543 750 2649 792 non
2676 738 2936 809 peccabit,
2964 740 3077 798 sive
3103 742 3377 813 peccabit;
3402 760 3512 803 non

1929 822 2049 893 quis
2073 825 2285 894 gravius
2315 825 2551 882 leviusvc
2579 829 2835 900 peccabit.
2862 829 2994 886 Nam
3036 842 3090 889 et
3128 834 3241 906 ipsa
3270 834 3412 892 furta
3436 835 3516 892 Ie-

1928 916 2046 972 vius
2075 919 2255 990 utique
2282 921 2569 991 puniuntur
2591 921 2729 994 lege,
2753 939 2911 995 quam
2936 934 3119 999 stupra
3144 944 3157 981 :
3180 938 3304 984 sunt
3329 937 3513 985 autem

1929 1018 2153 1081 utraque
2176 1021 2411 1082 peccata,
2438 1014 2683 1086 quamvis
2707 1014 2810 1069 alia
2847 1015 3065 1085 leviora,
3097 1018 3198 1073 alia
3225 1020 3513 1090 graviora;

1930 1102 2003 1158 ita
2045 1112 2104 1158 ut
2143 1104 2311 1161 levius
2350 1105 2607 1163 habeatur
2645 1106 2843 1164 furtum
2881 1111 3023 1181 quod
3058 1112 3511 1184 concupiscendo,

1929 1210 2087 1265 quam
2120 1205 2361 1267 stuprum
2388 1198 2530 1271 quod
2558 1199 2921 1257 subvenicudo
2940 1203 3308 1259 committitur.
3332 1204 3390 1260 In
3412 1218 3513 1263 suo

1929 1288 2123 1360 quippe
2151 1304 2345 1360 genere
2383 1290 2501 1346 aliis
2529 1289 2769 1362 ejusdem
2799 1293 3010 1363 generis
3037 1296 3273 1366 peccatis
3310 1296 3513 1353 leviora

1931 1381 2080 1448 fiunt,
2108 1398 2226 1453 qure
2258 1382 2400 1439 bono
2432 1384 2611 1442 animo
2639 1385 2883 1441 videntur
2909 1385 3151 1455 admitti;
3179 1402 3301 1444 cum
3332 1397 3514 1448 tamen

1930 1484 1984 1530 et
2010 1475 2123 1544 ipsa
2152 1475 2371 1531 alterius
2398 1476 2611 1548 generis
2640 1478 2874 1549 peccatis
2913 1479 3031 1550 ipso
3067 1494 3165 1535 suo
3199 1496 3394 1552 genere
3436 1482 3517 1538 le»

1929 1566 2169 1623 vioribus
2197 1567 2531 1624 inveniantur
2556 1584 2678 1626 esse
2706 1572 2969 1642 graviora.
3000 1570 3228 1628 Gravius
3254 1582 3338 1629 est
3366 1575 3512 1629 enim

1930 1660 2184 1728 avaritia,
2216 1676 2375 1732 quam
2414 1662 2778 1720 misericordia
2808 1660 3006 1720 furtum
3037 1664 3246 1733 facere;
3279 1666 3513 1737 itemque

1931 1762 2172 1823 stuprum
2200 1754 2415 1825 gravius
2440 1764 2523 1811 est
2550 1755 2781 1824 luxuria,
2810 1773 2969 1828 quam
2998 1758 3360 1815 misericordia
3390 1774 3515 1829 per-

1932 1857 2141 1919 petrare
2161 1866 2174 1903 :
2194 1857 2245 1904 et
2272 1858 2444 1905 tamen
2466 1852 2676 1922 gravius
2697 1860 2780 1907 est
2798 1851 3096 1908 adulterare
3119 1851 3509 1921 misericordia,

1931 1954 2092 2012 quam
2132 1942 2298 1996 furari
2335 1942 2572 1997 avaritia.
2596 1941 2778 2014 Neque
2803 1959 2945 1999 nunc
2971 1944 3146 2015 agitur
3172 1943 3298 2015 quid
3327 1947 3398 1999 sit
3429 1944 3511 1998 le-

1930 2033 2047 2088 vius
2071 2033 2183 2089 sive
2209 2034 2443 2105 gravius,
2471 2035 2566 2091 sed
2594 2052 2711 2107 quae
2736 2036 2841 2093 sint
2875 2046 3093 2108 peccata
3122 2036 3208 2093 vel
3236 2051 3342 2093 non
3381 2036 3510 2094 sint.

1932 2121 2100 2179 Nemo
2124 2125 2265 2180 enim
2291 2124 2485 2181 dixerit
2514 2126 2759 2182 debuisse
2786 2126 3016 2198 peccari,
3046 2126 3134 2182 ubi
3154 2134 3364 2183 constat
3392 2142 3514 2189 esse

1933 2226 2208 2288 peccatum
2240 2234 2253 2272 :
2286 2217 2381 2274 sed
2406 2218 2602 2274 debere
2631 2218 2879 2286 dicimus,
2915 2219 2963 2275 si
3002 2218 3075 2274 ita
3103 2218 3188 2276 vel
3224 2219 3298 2276 ita
3327 2233 3515 2290 pecca-

1933 2316 2043 2364 tum
2070 2318 2167 2375 cst,
2196 2309 2394 2379 ignosci
2424 2310 2509 2364 vel
2537 2326 2642 2365 non
2672 2311 2897 2381 ignosci.

2003 2399 2229 2456 CAPUT
2267 2400 2357 2455 IX.
2386 2430 2457 2442 —
2480 2401 2570 2457 20.
2599 2400 2821 2457 Peccata
2856 2402 3228 2474 compensativa
3269 2418 3357 2457 nec
3401 2401 3516 2472 ipsa

1931 2491 2242 2546 admittenda
2271 2509 2393 2547 esse.
2413 2491 2627 2547 Factum
2644 2492 2775 2549 Loth
2803 2493 3059 2562 oﬂ'erentis
3085 2495 3220 2563 ﬁlias
3247 2512 3367 2551 suas
3391 2512 3512 2549 con—

1932 2582 2299 2653 stupratorihus
2328 2583 2625 2641 Sodomitis.
2659 2583 2966 2655 Exemplum
3001 2586 3133 2641 Loth
3174 2587 3352 2642 timore
3392 2597 3514 2642 tunc

1932 2676 2211 2746 perturbati
2246 2692 2347 2730 non
2390 2676 2707 2731 imitandum.
2748 2677 2859 2733 Nec
2887 2680 3171 2751 exentplum
3194 2678 3364 2735 David
3406 2697 3515 2752 pra:

1932 2768 2011 2823 ira
2034 2770 2281 2840 jurantis.
2313 2769 2448 2836 Quid
2472 2770 2663 2839 David,
2702 2771 2882 2843 quidve
2917 2772 3017 2845 ipsi
3054 2771 3185 2828 Loth
3228 2774 3518 2847 faciendum

1933 2862 2118 2933 fuerat.
2138 2861 2268 2918 Loth
2289 2880 2319 2916 a
2345 2873 2545 2935 peccato
2566 2865 2767 2935 defendi
2781 2866 3030 2936 quomodo
3049 2868 3134 2922 vix
3154 2868 3330 2939 possit.
3350 2866 3516 2922 Facta

1932 2972 1967 3010 α
2003 2956 2187 3011 sanctis
2232 2973 2335 3011 non
2375 2957 2545 3012 omnia
2590 2957 2643 3012 in
2684 2975 2845 3013 mores
2891 2959 3261 3029 transferenda.
3288 2958 3511 3027 Verum,

1933 3049 2077 3121 quod
2122 3049 2398 3106 fatendum
2445 3058 2549 3119 est,
2593 3051 2667 3106 ita
2711 3052 2973 3108 lmmanos
3014 3053 3223 3110 animos
3269 3054 3512 3126 quaadatn

1932 3142 2330 3213 compensativa
2361 3150 2578 3213 peccata
2608 3144 2951 3213 perturbant,
2984 3152 3044 3200 ut
3071 3144 3231 3200 etiam
3262 3154 3516 3216 putentur

1933 3231 2131 3288 debere
2157 3230 2384 3299 laudari,
2414 3247 2477 3288 ac
2522 3232 2696 3303 potius
2734 3241 2878 3288 recte
2915 3232 3055 3289 facta
3089 3234 3351 3291 dicantur.
3385 3235 3517 3304 Quis

1933 3323 2077 3380 enim
2119 3322 2325 3378 dubitet
2363 3337 2485 3379 esse
2525 3324 2726 3395 grande
2763 3333 3071 3396 peccatum,
3102 3327 3147 3381 si
3185 3336 3338 3397 pater
3377 3327 3517 3383 ﬁlias

1934 3427 2060 3469 suas
2097 3413 2380 3484 prostituat
2423 3412 2861 3469 fornicationibus
2895 3415 3215 3486 impiorum?
3242 3416 3308 3471 Et
3336 3428 3517 3473 tamen

1936 3504 2139 3561 exstitit
2165 3519 2323 3561 causa
2353 3520 2454 3575 qua
2480 3504 2583 3561 hoc
2607 3504 2688 3560 vir
2708 3504 2883 3575 justus
2902 3505 3097 3561 debere
3117 3521 3175 3561 se
3198 3506 3376 3563 facere
3401 3509 3516 3564 exi-

1936 3597 2203 3664 stimarct,
2240 3595 2452 3666 quando
2482 3595 2771 3651 Sodomita:
2809 3596 3012 3652 nefario
3046 3597 3276 3653 libidinis
3312 3600 3515 3669 impetu

1936 3686 2232 3758 hospitibus
2267 3687 2383 3758 ejus
2427 3687 2717 3743 irruebant.
2742 3688 2830 3743 Ait
2856 3688 2997 3743 enim
3029 3706 3041 3741 :
3077 3689 3210 3743 Sunt
3249 3689 3373 3743 mihi
3402 3690 3517 3744 dua

1938 3777 2061 3847 ﬁlia:
2101 3795 2215 3847 qua:
2257 3794 2357 3833 non
2394 3791 2725 3851 cognoverunt
2758 3779 2919 3834 virum
2941 3796 2960 3834 :
2984 3780 3258 3851 producam
3295 3781 3412 3836 illas
3450 3782 3518 3837 ad

1938 3886 2054 3938 ros,
2083 3880 2125 3925 et
2153 3871 2347 3925 utimini
2385 3873 2455 3926 eis
2488 3872 2736 3943 quomodo
2774 3872 3015 3943 placuerit
3050 3874 3223 3939 vobis;
3244 3883 3437 3930 tantum
3460 3876 3518 3930 in

1937 3964 2069 4019 viros
2107 3965 2228 4019 istos
2264 3981 2325 4019 ne
2361 3965 2561 4037 faciatis
2594 3965 2840 4035 iniquum,
2865 3978 3128 4035 propterea
3151 3968 3270 4040 quia
3294 3967 3515 4023 intrave-

1938 4068 2058 4113 runt
2085 4058 2175 4113 sub
2205 4068 2387 4113 tectum
2419 4059 2672 4130 tignorum
2697 4074 2921 4113 ineorum
2952 4057 3102 4128 (Gen.
3131 4074 3241 4127 xu,
3270 4058 3347 4131 8).
3378 4059 3520 4128 Quid

1939 4150 2026 4207 hic
2062 4152 2339 4207 dicemus?
2367 4151 2555 4209 Nonne
2594 4153 2664 4207 ita
2695 4152 2823 4208 illud
2860 4153 3037 4209 scelus
3066 4152 3206 4223 quod
3230 4152 3521 4211 Sodomita:

1939 4244 2236 4314 hospitibus
2255 4245 2394 4301 illius
2407 4247 2506 4301 viri
2525 4246 2651 4317 justi
2672 4245 2849 4303 facere
2868 4248 3200 4303 conabantur
3212 4246 3520 4313 horremus,

1941 4347 1999 4393 ut
2025 4337 2277 4410 quidquid
2306 4338 2457 4394 ﬁeret
2483 4354 2553 4394 ne
2582 4338 2684 4396 hoc
2711 4340 2883 4408 lieret,
2906 4339 3227 4396 arbitremur
3251 4337 3417 4395 fuisse
3442 4337 3522 4393 fa—

1941 4429 2222 4486 ciendum?
2262 4429 2437 4485 Movet
2480 4431 2640 4485 etiam
2686 4430 2917 4485 maxime
2963 4445 3191 4501 persona
3240 4429 3520 4496 facientis,

1941 4535 2060 4591 quae
2098 4520 2288 4576 merito
2322 4520 2539 4589 justitite
2580 4520 2905 4576 liberabatur
2927 4536 2958 4577 a
2982 4521 3228 4579 Sodomis
3258 4539 3273 4578 :
3303 4532 3362 4578 ut
3388 4537 3525 4593 quo-

1942 4612 2082 4666 niam
2122 4610 2298 4667 minus
2327 4610 2525 4665 malum
2555 4621 2636 4667 est
2680 4612 2904 4669 feminas
2941 4629 3096 4685 quam
3132 4613 3276 4671 viros
3313 4614 3522 4685 perpeti

1942 4714 2204 4774 stuprum,
2226 4704 2389 4759 etiam
2412 4705 2512 4760 hoc
2530 4705 2596 4760 ad
2612 4705 2868 4775 jusﬁtiam
2886 4706 3015 4778 justi
3041 4706 3180 4763 illius
3201 4708 3524 4780 pertinuisse

1943 4795 2169 4861 dicatur,
2212 4797 2352 4866 quod
2396 4796 2449 4851 in
2493 4796 2703 4853 filiabus
2744 4796 2848 4853 hoc
2887 4798 3073 4854 maluit
3113 4797 3226 4854 ﬁeri
3265 4812 3423 4869 quam
3467 4797 3521 4851 iu

1944 4888 2241 4960 hospitibus
2268 4889 2412 4955 suis;
2447 4905 2551 4945 non
2589 4897 2794 4945 tantum
2820 4889 2874 4947 id
2896 4889 3085 4946 volens
3109 4890 3309 4954 animo,
3334 4902 3521 4943 verum

1944 4989 1998 5036 et
2023 4979 2253 5036 oll‘erens
2281 4979 2466 5049 verbo,
2492 4980 2621 5037 etsi
2649 4980 2724 5036 illi
2767 4979 2972 5037 assensi
3008 4979 3232 5035 fuissent
3270 4975 3519 5046 impletu-

1944 5085 2038 5127 rus
2066 5078 2120 5127 et
2146 5070 2305 5127 facto.
2330 5070 2437 5127 Sed
2466 5071 2512 5126 si
2540 5070 2676 5127 hanc
2702 5069 2936 5142 peccatis
2970 5067 3334 5139 aperuerimus
3359 5064 3521 5133 viam,

1947 5170 2007 5218 ut
2046 5163 2441 5219 committamus
2466 5164 2671 5219 minora
2698 5177 2767 5219 ne
2795 5161 2881 5217 alii
2910 5160 3113 5230 majora
3150 5157 3520 5223 committant;

1948 5254 2055 5311 lato
2080 5255 2270 5323 limite,
2297 5255 2407 5312 imo
2432 5255 2580 5311 nullo
2605 5255 2789 5320 limite,
2817 5252 2913 5309 sed
2943 5249 3209 5307 convulsis
3228 5256 3285 5305 et
3302 5248 3524 5305 remotis

1948 5349 2197 5404 omnibus
2221 5346 2462 5404 terminis
2490 5346 2696 5403 infinito
2720 5344 2891 5415 spatio
2915 5350 3103 5398 cuncta
3144 5338 3418 5396 intrabunt
3438 5349 3525 5395 at-

1948 5453 2055 5510 que
2073 5439 2388 5511 regnabant.
2408 5436 2630 5506 Quando
2653 5435 2795 5491 enim
2820 5432 2981 5490 fuerit
3004 5432 3277 5489 definitum
3300 5445 3528 5504 peccan-

1951 5531 2075 5588 dum
2120 5546 2240 5588 esse
2281 5530 2483 5586 homini
2524 5528 2720 5594 minus,
2759 5541 2829 5582 ne
2866 5524 3003 5581 alius
3040 5531 3225 5595 peccet
3260 5522 3525 5593 amplius;

1951 5624 2189 5696 profecto
2228 5631 2284 5678 et
2323 5620 2474 5676 furtis
2513 5618 2711 5674 nostris
2747 5627 2930 5688 stupra
2971 5616 3305 5673 eavebuntur
3330 5613 3525 5678 aliena,

1952 5725 2007 5773 et
2031 5716 2229 5771 incesta
2255 5711 2487 5781 stupris;
2509 5718 2564 5765 et
2588 5708 2633 5763 si
2658 5724 2761 5780 qua
2789 5707 3033 5779 impietas
3054 5706 3167 5762 visa
3193 5705 3349 5762 fuerit
3366 5703 3529 5759 etiam

1955 5809 2104 5881 pejor
2154 5806 2402 5871 iuccsns,
2444 5802 2643 5859 incesta
2691 5817 2902 5874 quoque
2942 5800 3180 5858 facienda
3219 5799 3459 5855 dicentur
3495 5810 3531 5851 δ

1958 5902 2130 5970 nobis,
2162 5900 2207 5957 si
2232 5913 2300 5957 co
2325 5896 2484 5955 modo
2516 5896 2601 5973 agi
2626 5896 2918 5969 potuerint,
2953 5904 3008 5954 ut
3036 5893 3122 5953 illa
3150 5891 3399 5965 impietas
3418 5901 3528 5947 non
