4070 6334
960 398 977 417 ⁷7
1044 398 1233 417 *.,“”’“ῗ⁹«ι;ι“

965 414 1019 447 ﬁ...
1061 412 1199 429 ',:-v»-“"

507 462 605 530 53l

396 566 401 569 ἤ
504 578 869 645 committatur
893 585 962 645 ab
992 586 1147 644 aliis:
1174 592 1230 643 et
1257 584 1312 642 in
1341 581 1563 656 singulis
1591 581 1887 654 quibusque
1922 594 2090 652 gene-

503 680 656 739 ribus
685 690 1050 753 peccatorum,
1085 689 1141 737 ct
1180 679 1318 736 furta
1358 692 1458 751 pro
1500 676 1673 743 furtis,
1702 682 1758 732 et
1785 680 1969 747 stupra
1997 688 2094 746 pro

504 776 725 849 stupris,
748 784 804 833 et
832 776 1035 832 incesta
1061 788 1160 846 pro
1185 772 1424 841 incestis,
1452 779 1506 828 et
1546 770 1821 843 sacrilegia
1861 784 1959 840 pro
2004 782 2094 823 sa-

505 869 741 942 crilegiis
765 867 1007 926 facienda
1036 868 1397 941 putabuntur:
1422 875 1599 923 nostra
1633 881 1730 938 pro
1754 865 1964 932 alienis,
1987 878 2093 919 non

506 963 679 1017 solum
710 961 918 1018 minora
941 974 1039 1034 pro
1065 959 1376 1031 majoribus,
1405 974 1589 1013 verum
1621 956 1782 1012 etiam
1810 956 1855 1011 si
1884 954 1950 1010 ad
1979 955 2093 1025 ipsa

503 1073 715 1115 summa
753 1064 809 1115 et
847 1057 1077 1130 pessima
1114 1056 1377 1121 veniatur,
1407 1052 1654 1124 pauciora
1686 1066 1781 1122 pro
1818 1049 2092 1121 pluribus;

500 1153 549 1208 si
579 1168 638 1209 se
676 1152 752 1209 ita
781 1158 960 1209 rerum
994 1157 1174 1207 verset
1214 1147 1480 1214 incursus,
1512 1154 1571 1202 ut
1598 1145 1754 1201 aliter
1782 1145 1870 1199 alii
1900 1159 2005 1199 non
2035 1159 2096 1201 se

507 1238 811 1301 abstineant
828 1259 858 1299 a
880 1241 1135 1315 peccatis,
1158 1239 1261 1297 nisi
1282 1240 1458 1295 minus
1477 1238 1770 1311 aliquanto,
1794 1237 1887 1294 sed
1915 1244 2094 1292 tamen

500 1337 847 1409 peccantibus
859 1334 1039 1401 nobis;
1055 1332 1197 1391 itaut
1211 1332 1431 1390 omnino
1451 1329 2001 1389 ubidixeritinimicus
2018 1326 2093 1401 (α)

503 1429 595 1499 qui
625 1426 870 1485 habuerit
895 1425 1200 1498 hujusmodi
1227 1432 1545 1498 potestatem
1572 1423 1618 1490 ί,
1641 1421 1754 1478 Nisi
1781 1430 1837 1477 tu
1865 1423 2096 1478 scelera-

505 1529 593 1576 tus
624 1519 808 1589 fueris,
838 1533 939 1591 ego
968 1517 1279 1575 sceleratior
1307 1530 1423 1584 ero,
1455 1523 1547 1571 aut
1574 1515 1675 1570 nisi
1704 1524 1759 1569 tu
1787 1514 1890 1569 hoc
1916 1512 2093 1570 scelus

503 1612 719 1679 feceris,
743 1627 843 1684 ego
869 1611 993 1667 talia
1014 1610 1167 1683 plura
1192 1609 1417 1677 faciam;
1441 1607 1618 1664 scelus
1648 1606 1799 1663 nobis
1819 1606 2095 1662 videamur

502 1703 809 1773 admittere,
845 1704 890 1760 si
927 1703 1153 1759 velimus
1184 1702 1252 1758 ab
1282 1700 1484 1759 scelere
1514 1709 1831 1770 temperare.
1863 1698 1975 1754 Hoc
2008 1714 2093 1754 sa-

500 1811 634 1868 pcrc
674 1796 800 1868 quid
835 1804 938 1866 est,
980 1794 1081 1851 nisi
1123 1795 1390 1866 desipere,
1419 1792 1505 1851 vel
1534 1794 1709 1865 potius
1752 1792 2020 1849 insanire?
2050 1792 2093 1846 Α

502 1898 625 1944 mea
646 1887 841 1959 quippe
866 1887 1166 1959 iniquitate,
1191 1902 1299 1943 non
1325 1886 1393 1941 ab
1417 1886 1608 1951 aliena,
1637 1886 1750 1941 sive
1774 1885 1825 1940 in
1850 1900 1957 1953 me,
1982 1884 2095 1941 sive

501 1979 559 2035 in
589 1979 722 2036 alios
742 1988 1067 2053 perpetrata,
1091 1979 1222 2035 mihi
1243 1990 1325 2036 est
1346 1978 1580 2035 cavenda
1602 1976 1891 2032 damnatio.
1910 1976 2094 2031 Anima

499 2074 646 2132 enim
672 2091 785 2148 quae
809 2076 1108 2147 peccaverit,
1132 2076 1245 2148 ipsa
1269 2075 1510 2129 morietur
1539 2071 1750 2147 (Ezech.
1776 2087 1927 2140 xvtn,
1959 2069 2038 2143 4).

574 2165 665 2222 21.
705 2166 762 2224 Si
791 2183 920 2240 ergo
960 2182 1180 2239 peccare
1200 2210 1215 2237 ,
1256 2183 1323 2224 ne
1358 2167 1572 2239 gravius
1601 2166 1687 2222 vel
1715 2164 1768 2221 in
1798 2181 1897 2221 nos
1922 2163 2009 2221 vel
2040 2165 2093 2221 in

500 2259 774 2330 quoslibet
813 2260 904 2315 alii
946 2270 1191 2331 peccent,
1224 2260 1411 2331 procul
1450 2260 1612 2315 dubio
1653 2274 1757 2316 non
1796 2259 2087 2327 debemus;

502 2352 952 2408 considerandum
970 2363 1052 2409 est
1076 2354 1127 2408 in
1150 2367 1216 2409 eo
1236 2352 1374 2425 quod
1398 2351 1694 2421 fecitLoth,
1715 2363 1891 2409 utrum
1913 2369 2093 2411 exem-

502 2444 653 2517 plum
690 2444 761 2501 sit
798 2444 941 2517 quod
979 2445 1197 2514 imitari,
1226 2461 1295 2501 an
1319 2444 1497 2517 potius
1522 2446 1666 2518 quod
1692 2447 1861 2503 vitare
1898 2444 2094 2502 debea-

501 2552 645 2594 mus.
659 2536 823 2609 Magis
842 2538 985 2593 enim
1000 2537 1209 2593 videtur
1230 2538 1542 2595 intuendum
1565 2548 1620 2594 et
1638 2537 1950 2604 notandum,
1971 2553 2093 2593 cum

500 2637 611 2685 tam
650 2629 978 2687 horrendum
1016 2631 1214 2687 malum
1254 2648 1324 2688 ex
1364 2632 1637 2704 impietate
1680 2633 2092 2706 flagitiosissima

500 2720 901 2779 Sodomitarum
927 2722 1040 2779 suis
1067 2724 1400 2795 impenderet
1421 2724 1739 2795 hospitibus,
1765 2725 1907 2795 quod
1929 2741 2092 2796 cupe-

495 2821 584 2869 ret
602 2812 893 2885 depellere,
911 2830 1010 2871 nec
1030 2814 1251 2884 valeret,
1280 2815 1357 2871 sic
1381 2817 1541 2871 etiam
1568 2816 1696 2888 justi
1723 2816 1961 2872 animum
1988 2833 2090 2890 po-

502 2905 672 2963 tuisse
698 2906 920 2974 turbari,
958 2915 1018 2963 ut
1043 2908 1205 2965 vellet
1234 2908 1407 2965 facere
1442 2909 1585 2980 quod
1627 2925 1732 2964 non
1771 2910 1986 2965 humani
2027 2910 2091 2966 ti-

498 2998 669 3054 moris
697 2998 954 3057 nebulosa
984 3008 1291 3071 tempestas,
1324 3001 1417 3055 sed
1446 3000 1609 3056 divini
1636 3001 1774 3070 juris
1807 3003 2090 3073 tranquilla

499 3092 783 3160 serenitas,
824 3092 870 3148 si
908 3092 1217 3149 consulatur
1238 3108 1267 3147 a
1295 3092 1469 3161 nobis,
1506 3093 1805 3150 faciendum
1836 3111 1942 3151 non
1969 3112 2090 3154 esse

500 3184 787 3251 clamabit;
816 3192 875 3241 et
895 3184 1103 3256 jubebit
1141 3185 1317 3255 potius
1348 3194 1406 3241 ut
1433 3185 1511 3242 sic
1538 3197 1721 3243 nostra
1751 3197 1967 3259 peccata
1997 3205 2090 3245 ca-

499 3286 738 3345 veamus,
758 3292 825 3333 ne
870 3277 1099 3332 ullorum
1145 3293 1364 3348 prorsus
1406 3279 1702 3337 alienorum
1748 3291 2087 3353 peccatorum

502 3369 697 3425 timore
716 3384 1019 3440 peccemus.
1044 3371 1231 3427 Aliena
1256 3373 1452 3444 quippe
1480 3375 1567 3431 ille
1589 3376 1671 3430 vir
1690 3375 1867 3446 justus
1900 3378 2091 3435 timcn-

501 3460 570 3517 do
591 3472 830 3533 peccata,
853 3478 972 3534 qua:
989 3462 1089 3519 nisi
1112 3466 1511 3522 consentientes
1536 3467 1812 3539 inquinare
1832 3485 1938 3525 non
1959 3485 2087 3543 pos-

499 3562 645 3624 sunt,
671 3555 1010 3626 perturbatus
1040 3572 1145 3611 non
1176 3557 1404 3613 attendit
1424 3574 1602 3628 suum,
1627 3576 1732 3630 quo
1763 3561 1927 3617 voluit
1955 3564 2086 3619 sub-

499 3647 630 3705 dere
659 3649 793 3705 filias
821 3649 1129 3705 libidinibus
1156 3650 1460 3721 impiorum.
1481 3651 1608 3707 llaec
1628 3654 1841 3721 quando
1864 3656 1915 3709 in
1939 3657 2086 3711 Scri-

502 3740 672 3808 pturis
697 3741 896 3796 sanctis
925 3741 1171 3811 legimus,
1201 3757 1306 3797 non
1347 3741 1468 3797 ideo
1502 3741 1626 3812 quia
1656 3743 1790 3799 facta
1820 3747 2089 3804 credimus

499 3827 661 3884 etiam
686 3828 929 3884 facienda
954 3829 1237 3886 credamus
1256 3847 1270 3896 ;
1295 3846 1363 3886 ne
1381 3831 1637 3888 violemus
1656 3844 1941 3906 prtucepta,
1960 3836 2088 3893 dum

499 3920 698 3993 passim
727 3930 992 3978 sectamur
1016 3922 1280 3994 exempla.
1300 3923 1380 3979 An
1403 3938 1531 3980 vero
1555 3923 1678 3995 quia
1706 3924 1903 3995 juravit
1923 3928 2089 3986 David

456 4042 459 4045 -
496 4030 560 4071 se
604 4014 907 4070 occisurum
952 4030 1072 4072 esse
1115 4015 1300 4082 Nabal,
1350 4026 1403 4072 et
1449 4016 1735 4072 clementia
1778 4019 2087 4076 considera-

496 4106 633 4161 tiorc
658 4107 680 4137 ²
705 4122 813 4163 non
840 4106 967 4164 fecit
990 4109 1035 4178 (l
1063 4109 1190 4180 Reg.
1222 4126 1356 4176 xxv,
1382 4108 1601 4182 22-55),
1631 4120 1911 4181 propterea
1938 4114 2087 4170 illum

495 4198 812 4256 imitandum
842 4216 961 4257 csse
980 4200 1243 4270 dicemus,
1273 4208 1331 4256 ut
1359 4209 1561 4258 temere
1585 4203 1826 4273 juremus
1848 4220 1943 4260 nos
1968 4221 2087 4262 esse

493 4290 750 4359 facturos,
780 4290 922 4363 quod
960 4305 1065 4346 non
1091 4306 1210 4348 esse
1236 4291 1536 4349 faciendum
1565 4303 1749 4365 postea
1774 4296 2086 4352 videamus?

496 4381 605 4438 Sed
632 4381 771 4439 sicut
796 4382 945 4438 illum
975 4382 1155 4451 timor,
1183 4393 1243 4440 ut
1270 4386 1593 4457 prostituere
1622 4386 1758 4443 filias
1787 4389 1975 4455 vellet;
2008 4388 2085 4445 sic
2123 4400 2133 4410 '

498 4475 683 4545 istum,
711 4486 771 4533 ut
799 4486 998 4535 temere
1020 4477 1260 4550 juraret,
1297 4479 1376 4536 ira
1404 4481 1655 4538 turbavit.
1680 4483 1918 4555 Denique
1946 4485 1989 4539 si
2017 4484 2086 4542 de

494 4568 758 4625 ambobus
785 4568 1162 4643 interrogando
1191 4581 1249 4630 ut
1278 4574 1519 4630 dicerent
1556 4591 1650 4632 cur
1688 4575 1803 4634 luce
1841 4578 2079 4647 fecerint,

494 4662 577 4719 fas
623 4664 776 4720 nobis
826 4675 973 4723 esset
1015 4666 1316 4738 inquirere,
1364 4677 1549 4740 posset
1593 4669 1683 4727 ille
1730 4672 2080 4743 respondere,

493 4755 671 4813 Timor
698 4766 745 4813 et
775 4767 961 4814 tremor
987 4770 1227 4816 venerunt
1252 4778 1405 4833 super
1433 4779 1532 4831 me,
1562 4772 1609 4819 et
1647 4775 1969 4824 contexerant
2004 4786 2084 4824 me

494 4852 710 4907 tenebrae
748 4851 918 4924 (Psal.
942 4868 1049 4923 Liv,
1080 4853 1167 4931 6);
1195 4864 1375 4927 posset
1403 4857 1562 4913 etiam
1591 4858 1773 4916 dicere
1799 4859 1920 4930 iste,
1949 4860 2082 4919 Tur-

494 4942 643 4999 batus
662 4953 735 4999 est
756 4960 862 5016 pra:
884 4945 963 4999 ira
982 4946 1158 5002 oculus
1183 4963 1321 5003 meus
1345 4946 1518 5020 (Psal.
1541 4965 1616 5020 vr,
1640 4950 1697 5024 8)
1722 4971 1735 5007 :
1760 4961 1818 5008 ut
1843 4969 1947 5009 non
1976 4955 2078 5008 mi-

493 5048 738 5090 raremur
761 5036 841 5092 vel
862 5036 1009 5092 illum
1039 5038 1092 5094 in
1120 5039 1329 5097 timoris
1350 5042 1605 5109 tenebris,
1629 5045 1716 5101 vel
1745 5046 1903 5101 istum
1923 5047 2080 5103 oculo

494 5124 710 5182 turbato
738 5142 843 5184 non
874 5129 1071 5187 vidisse
1095 5132 1238 5203 quod
1265 5132 1552 5192 videndum
1582 5135 1680 5193 fuit
1700 5177 1716 5205 ,
1748 5153 1817 5194 ne
1840 5136 2082 5195 facerent

487 5218 634 5288 quod
663 5217 964 5278 faciendum
992 5238 1099 5279 non
1127 5222 1247 5281 fuit.

559 5308 652 5365 22.
694 5309 764 5368 Et
809 5322 994 5369 saneto
1043 5314 1257 5386 quidem
1302 5314 1468 5371 David
1510 5315 1707 5387 justius
1750 5319 1853 5376 dici
1904 5324 2080 5393 potuit

492 5401 635 5470 quod
675 5416 779 5458 nec
817 5402 975 5461 irasci
1004 5405 1207 5475 debuit,
1240 5408 1483 5479 quamvis
1520 5408 1729 5481 ingrato
1756 5420 1812 5468 et
1836 5413 2078 5473 reddenti

409 5553 415 5559 η
493 5495 632 5550 mala
661 5511 759 5566 pro
782 5496 969 5567 bonis;
992 5500 1088 5557 sed
1114 5502 1212 5558 etsi
1241 5510 1300 5559 ut
1318 5503 1520 5562 homini
1546 5505 1624 5561 ira
1651 5506 1940 5580 subrepsit,
1969 5525 2076 5566 non

487 5586 675 5657 utique
703 5595 909 5645 tantum
939 5591 1123 5648 debuit
1150 5597 1461 5666 praevalere,
1502 5607 1561 5655 ut
1601 5614 1662 5656 se
1698 5600 1961 5657 facturum
1986 5602 2076 5672 ju-

490 5687 658 5747 raret,
687 5681 829 5752 quod
854 5691 945 5739 aut
969 5686 1239 5744 saeviendo
1266 5689 1488 5760 faceret,
1520 5700 1612 5748 aut
1640 5694 1931 5764 pejerando
1969 5711 2074 5751 non

487 5773 690 5832 faceret
715 5793 728 5830 :
754 5775 832 5832 illi
857 5786 1037 5834 autem
1063 5780 1201 5838 inter
1227 5783 1539 5842 libidinosas
1565 5786 1801 5846 insanias
1829 5788 2078 5847 Sodomi-

549 5869 567 5936 ξ
601 5868 821 5936 Nonnulli
842 5868 1053 5936 codices,
1076 5870 1219 5936 hujus
1241 5879 1423 5928 mundi.

549 5931 569 6005 ξ
591 5931 793 6005 sic_uss.
819 5938 875 6005 At
895 5931 1281 6003 editi,ch
1301 5939 1699 5993 consideratione.

548 5992 620 6054 (ai
653 6001 813 6059 Forte,
834 5992 1044 6059 iniquus.

2182 370 2263 380 η--.
2310 368 2359 378 -.η
2404 364 2431 377 φ

1533 466 1806 525 CONTRA
1847 463 2268 535 MENDACIUM,
2312 466 2371 526 S.
2412 467 2779 527 AUGUSTINI

2203 588 2376 638 tarum
2407 582 2696 639 constituto
2722 582 2841 655 quis
2867 582 3087 642 auderet
3115 582 3316 653 dicere,
3340 584 3563 643 Etiamsi
3592 588 3667 644 tui
3693 589 3795 644 ho—

2207 676 2372 748 spites
2400 676 2453 731 in
2484 684 2572 732 tua
2598 676 2782 747 domo,
2820 694 2925 750 quo
2963 693 3057 736 eos
3100 680 3300 736 intrare
3329 678 3658 739 humanitate
3683 683 3799 740 vio-

2205 768 2497 825 lentissima
2550 769 2887 842 compulisti,
2926 772 2992 829 ab
3040 772 3324 844 impudicis
3370 774 3691 847 apprehensi
3745 786 3803 836 ct

2205 861 2447 934 oppressi
2472 861 2752 919 muliebria
2772 864 3061 934 patiantur,
3078 864 3209 920 nihil
3233 865 3445 934 timeas,
3466 865 3596 921 nihil
3618 883 3796 936 cures,

2203 968 2310 1009 non
2349 969 2691 1025 expavescas,
2726 970 2830 1011 non
2862 955 3173 1024 horrescas,
3215 974 3320 1012 non
3361 962 3792 1017 contremiscas?

2203 1047 2321 1118 quis
2353 1048 2466 1103 haec
2494 1048 2576 1103 vel
2606 1048 2819 1105 illorum
2860 1050 3243 1105 sceleratorum
3276 1051 3453 1106 socius
3484 1051 3678 1123 hospiti
3711 1054 3800 1123 pio

2202 1142 2381 1198 dicere
2422 1142 2679 1199 auderet?
2704 1142 2810 1200 Sed
2842 1143 3001 1215 plane
3041 1144 3340 1201 rectissime
3366 1144 3655 1215 diceretur,
3687 1148 3801 1219 Age

2202 1234 2455 1306 quidquid
2482 1221 2655 1306 potes,
2686 1252 2755 1293 ne
2781 1237 2875 1292 fiat
2898 1234 3040 1307 quod
3066 1238 3259 1294 merito
3282 1238 3440 1294 times
3466 1258 3479 1293 :
3503 1239 3597 1296 sed
3616 1255 3722 1295 non
3748 1251 3803 1296 te

2204 1326 2363 1382 timor
2389 1327 2489 1383 iste
2514 1328 2819 1398 compellat,
2854 1336 2913 1383 ut
2948 1328 3112 1385 facias
3138 1327 3282 1401 quod
3326 1329 3384 1385 in
3427 1346 3488 1388 se
3530 1331 3653 1388 filiae
3693 1342 3801 1390 tuze

2202 1418 2317 1475 fieri
2360 1419 2407 1476 si
2444 1420 2730 1489 voluerint,
2777 1421 2977 1477 facient
3022 1436 3142 1477 cum
3172 1421 3464 1480 Sodomitis
3496 1433 3548 1480 te
3577 1434 3803 1484 auctore

2200 1512 2488 1584 nequitiam
2512 1529 2525 1581 ;
2555 1512 2601 1568 si
2624 1522 2801 1569 autem
2830 1514 3122 1583 noluerint,
3153 1514 3421 1585 patientur
3446 1531 3475 1569 a
3504 1514 3801 1574 Sodomitis

2201 1612 2254 1661 te
2299 1613 2519 1661 auctore
2561 1606 2893 1662 violentiam.
2935 1605 3054 1662 Noli
3100 1606 3281 1663 facere
3325 1624 3576 1679 magnum
3618 1611 3801 1666 scelus

2201 1706 2369 1765 tuum,
2398 1697 2525 1753 dum
2556 1697 2727 1769 majus
2757 1699 2774 1730 ⁸
2804 1698 3075 1754 horrescis
3100 1698 3329 1755 alienum
3363 1720 3376 1755 :
3406 1701 3801 1772 quantumlibet

2200 1796 2343 1850 enim
2371 1793 2535 1850 distet
2561 1794 2700 1850 inter
2730 1804 2878 1850 tuum
2907 1803 2962 1851 et
2989 1795 3247 1861 alienum,
3276 1794 3379 1852 hoc
3404 1795 3507 1851 erit
3536 1804 3710 1865 tuum,
3735 1798 3799 1853 il-

2199 1885 2288 1942 lud
2325 1886 2577 1941 alienum.
2601 1885 2712 1941 Nisi
2742 1885 2879 1941 forte
2904 1901 3002 1956 pro
3039 1886 3353 1943 defensione
3397 1885 3556 1959 hujus
3595 1887 3695 1942 viri
3741 1887 3799 1944 in

2199 1992 2292 2033 eas
2315 1992 2372 2034 se
2394 1978 2659 2050 quispiam
2682 1986 2921 2034 coarctet
2942 1979 3234 2050 angustias,
3258 1991 3316 2034 ut
3337 1979 3479 2035 dicat
3498 1999 3511 2034 :
3530 1980 3799 2048 Quoniam

2198 2072 2444 2143 accipere
2471 2088 2630 2144 quam
2664 2071 2841 2129 facere
2870 2082 3091 2144 praestat
3125 2073 3395 2144 injuriam,
3427 2074 3665 2145 hOSpitcs
3699 2090 3799 2130 au-

2200 2172 2306 2220 tem
2352 2164 2427 2219 illi
2467 2180 2574 2219 non
2611 2174 2764 2220 erant
2799 2166 2984 2237 utique
3021 2166 3209 2221 facturi
3251 2166 3519 2237 injuriam,
3548 2167 3640 2223 sed
3668 2184 3799 2239 pas-

2199 2256 2307 2311 suri
2332 2274 2346 2324 ;
2374 2256 2556 2312 maluit
2586 2257 2667 2311 vir
2690 2256 2866 2328 justus
2898 2256 3035 2313 filias
3060 2272 3184 2313 suas
3209 2257 3456 2328 injuriam
3483 2260 3612 2330 pati,
3632 2276 3799 2331 quam

2198 2350 2437 2420 hospites
2466 2364 2612 2418 suos,
2639 2364 2706 2406 eo
2739 2349 2859 2423 jure
2885 2366 2993 2422 quo
3021 2350 3249 2407 filiarum
3276 2351 3522 2407 dominus
3556 2360 3708 2420 erat;
3741 2362 3802 2411 ct

2197 2451 2419 2499 noverat
2448 2458 2553 2498 non
2581 2458 2673 2498 eas
2702 2458 2960 2516 peccare,
2991 2443 3035 2498 si
3065 2443 3118 2499 id
3150 2444 3322 2512 fieret,
3353 2445 3478 2515 quia
3508 2455 3800 2516 peccantes

2198 2535 2395 2605 potius,
2421 2535 2617 2606 quibus
2644 2551 2751 2591 non
2777 2537 3163 2603 consentirent,
3188 2536 3304 2593 sine
3333 2547 3552 2608 peccato
3574 2542 3799 2610 pmprio

2196 2627 2543 2683 sustinerent.
2575 2626 2815 2698 Denique
2841 2643 2950 2682 non
2982 2642 3043 2684 se
3074 2629 3203 2698 ipsa:
3234 2628 3574 2700 stuprandas,
3608 2645 3802 2702 quam-

2195 2720 2276 2775 vis
2300 2734 2398 2791 pro
2425 2719 2680 2776 masculis
2708 2720 2953 2788 feminas,
2987 2736 3083 2792 pro
3111 2720 3215 2777 illis
3244 2722 3545 2792 hospitibus
3580 2723 3801 2781 obtule-

2195 2822 2339 2881 runt,
2365 2828 2433 2869 ne
2460 2828 2583 2870 reas
2609 2828 2701 2870 eas
2730 2814 2929 2870 faceret
2955 2830 3061 2869 non
3088 2815 3365 2886 perpessio
3391 2815 3623 2873 libidinis
3656 2818 3799 2874 alie-

2195 2922 2299 2975 nae,
2319 2905 2411 2963 sed
2428 2920 2539 2963 sum
2555 2906 2837 2962 consensio
2854 2905 3163 2961 voluntatis.
3185 2905 3300 2963 Nec
3321 2916 3471 2980 pater
3486 2924 3670 2964 earum
3687 2908 3800 2967 hoc

2194 3002 2249 3059 in
2293 3017 2354 3059 se
2395 3002 2512 3060 fieri
2551 3002 2915 3074 permittebat,
2945 3018 3067 3060 cum
3109 3003 3212 3061 hoc
3250 3004 3427 3062 facere
3462 3018 3798 3066 conarentur

2193 3094 2389 3167 quibus
2427 3094 2667 3166 hospites
2710 3110 2820 3153 non
2863 3096 3155 3168 prodebat;
3183 3100 3420 3168 quamvis
3445 3098 3623 3155 minus
3652 3102 3798 3159 mali

2193 3197 2335 3244 esset
2376 3185 2520 3259 quod
2568 3187 2624 3242 in
2669 3203 2797 3255 uno,
2834 3204 2995 3259 quam
3042 3190 3087 3245 si
3128 3188 3277 3244 ﬁeret
3320 3188 3376 3244 in
3415 3188 3801 3249 duobuszsed

2192 3289 2449 3352 quantum
2481 3288 2693 3352 poterat
2731 3280 3038 3350 resistebat,
3078 3297 3148 3338 ne
3186 3281 3359 3352 ipsum
3397 3298 3610 3354 quoque
3647 3284 3798 3342 ullus

2193 3373 2442 3443 pr0prius
2471 3373 2767 3429 macularet
2794 3388 3066 3441 assensus,
3094 3390 3255 3445 quem
3283 3374 3600 3432 libidinosus
3639 3376 3798 3435 furor

2194 3468 2407 3523 etiamsi
2461 3468 2833 3540 prmvaluisset
2882 3468 3125 3539 corporis
3170 3468 3407 3537 viribus,
3453 3478 3628 3526 tamen
3678 3488 3796 3529 non

2192 3560 2616 3616 consentientem
2644 3576 2751 3616 non
2779 3560 3100 3618 maculasset
3128 3561 3357 3618 alienus.
3380 3562 3437 3618 ln
3464 3564 3674 3620 ﬁliabus
3693 3580 3798 3622 au-

2193 3661 2302 3709 tem
2326 3669 2431 3708 non
2456 3653 2798 3723 peccantibus
2826 3668 2926 3710 nec
2953 3655 3068 3725 ipse
3098 3656 3372 3726 peccabat,
3406 3658 3530 3729 quia
3557 3673 3663 3715 non
3693 3674 3796 3716 cas

2192 3763 2416 3819 peccare
2445 3748 2491 3803 si
2518 3748 2951 3819 opprimerentur
2977 3749 3178 3818 invitm,
3206 3749 3301 3805 sed
3337 3760 3617 3820 peccantes
3642 3750 3796 3809 ferre

2192 3841 2416 3897 faciebat
2444 3859 2458 3897 :
2486 3850 2738 3912 tanquam
2766 3841 2811 3897 si
2834 3840 2903 3897 ab
2932 3840 3192 3913 improbis
3218 3849 3276 3897 ut
3302 3843 3387 3898 sui
3428 3844 3570 3899 servi
3607 3844 3796 3902 caede-

2192 3943 2377 3989 rentur
2400 3932 2640 4001 ofl‘crret,
2672 3949 2741 3991 ne
2765 3934 3006 4006 hospites
3030 3934 3146 4006 ejus
3175 3943 3481 4006 paterentur
3505 3935 3665 3992 credis
3701 3937 3796 3992 ina

2188 4026 2402 4096 juriam.
2428 4026 2503 4082 De
2531 4042 2635 4097 qua
2683 4042 2744 4083 re
2792 4041 2899 4083 non
2925 4027 3229 4098 disputabo,
3255 4027 3379 4100 quia
3420 4027 3633 4098 longum
3674 4039 3790 4095 est,

2190 4128 2370 4175 utrum
2401 4120 2483 4175 vel
2512 4120 2762 4176 dominus
2783 4120 2906 4191 jure
2933 4136 3045 4177 suae
3068 4120 3348 4193 potestatis
3373 4127 3518 4177 recte
3553 4120 3633 4176 sic
3663 4131 3791 4177 uta-

2192 4222 2277 4267 tur
2306 4212 2359 4267 in
2388 4228 2567 4281 servo,
2588 4221 2873 4269 utservum
2898 4228 3053 4268 suum
3079 4212 3213 4268 caedi
3238 4212 3395 4269 faciat
3419 4212 3789 4281 innocentem,

2190 4323 2259 4363 ne
2299 4308 2502 4363 amicus
2541 4306 2658 4377 ejus
2689 4307 2850 4363 etiam
2881 4307 2995 4377 ipse
3032 4305 3292 4362 innocens
3328 4305 3382 4360 in
3418 4305 3577 4361 domo
3605 4305 3724 4376 ejus
3758 4323 3795 4362 a

2188 4400 2438 4456 violentis
2487 4400 2746 4471 improbis
2794 4400 3026 4471 vapulet.
3066 4398 3173 4455 Sed
3225 4406 3374 4454 certe
3417 4398 3584 4454 David
3633 4399 3792 4454 nullo

2187 4493 2352 4549 modo
2381 4500 2527 4549 recte
2554 4492 2750 4549 dicitur
2768 4493 2951 4565 jurare
2978 4492 3227 4548 debuisse
3253 4506 3313 4548 se
3340 4506 3461 4548 esse
3490 4490 3789 4560 facturum,

2186 4584 2329 4657 quod
2370 4594 2557 4656 postea
2597 4595 2849 4641 cerneret
2896 4600 2957 4641 se
3003 4583 3183 4641 facere
3230 4599 3339 4641 non
3383 4584 3597 4641 debere.
3626 4584 3792 4643 Unde

2186 4688 2396 4737 constat
2421 4680 2562 4752 quod
2589 4694 2695 4736 non
2722 4679 2902 4735 omnia
2930 4692 3052 4751 qum
3081 4693 3110 4734 a
3136 4679 3337 4736 sanctis
3356 4678 3440 4734 vel
3461 4678 3621 4750 justis
3652 4678 3792 4735 viris

2187 4773 2412 4843 legimus
2461 4771 2635 4841 facta,
2681 4771 2972 4828 transferre
3021 4771 3280 4827 debemus
3326 4771 3380 4825 iu
3428 4784 3639 4837 mores;
3684 4770 3791 4826 sed

2186 4869 2346 4924 etiam
2370 4868 2494 4923 hinc
2513 4866 2720 4924 discere
2741 4882 2899 4937 quam
2930 4866 3039 4922 late
3067 4874 3264 4935 pateat,
3288 4873 3342 4920 et
3362 4862 3428 4919 ad
3454 4879 3588 4935 quos
3608 4878 3793 4934 usque

2184 4961 2462 5031 perveniat
2487 4959 2630 5030 quod
2657 4957 2951 5028 Apostolus
2975 4958 3087 5013 ait:
3114 4957 3343 5022 Fratres,
3372 4966 3419 5010 et
3442 4958 3488 5011 si
3516 4970 3789 5027 pmaccu-

2184 5062 2331 5125 patus
2371 5055 2523 5124 fuerit
2551 5053 2702 5108 homo
2729 5052 2784 5106 in
2814 5051 2988 5119 aliqua
3014 5051 3218 5118 delicto,
3248 5066 3333 5105 vos
3365 5051 3452 5121 qui
3489 5049 3791 5121 spiritualcs

2184 5147 2324 5213 estis,
2360 5145 2592 5200 instruite
2631 5144 2923 5211 huiusmodi
2950 5144 3003 5199 in
3028 5144 3211 5216 spiritu
3236 5143 3480 5210 lenitatis,
3513 5143 3790 5199 intendens

2185 5248 2232 5294 te
2262 5240 2449 5309 ipsum,
2482 5253 2543 5291 ne
2566 5246 2614 5291 et
2645 5247 2699 5290 tu
2726 5238 2925 5293 tenteris
2959 5238 2977 5309 (
3003 5235 3173 5293 Galat.
3196 5253 3272 5304 vr,
3302 5238 3325 5291 1
3359 5234 3400 5308 ).
3432 5237 3761 5307 Ρτωοοουρει

2184 5332 2354 5387 tiones
2402 5328 2543 5384 enim
2598 5337 2724 5385 sunt
2780 5329 2898 5385 istm
2946 5329 3001 5385 in
3041 5329 3237 5400 quibus
3275 5328 3623 5400 delinquitur,
3652 5328 3792 5384 dum

2181 5422 2307 5494 quid
2336 5420 2635 5478 faciendum
2673 5423 2746 5478 sit
2771 5430 2866 5477 aut
2891 5421 2960 5478 ad
2989 5422 3177 5479 horam
3206 5436 3313 5478 non
3342 5422 3575 5487 videtur,
3604 5430 3698 5477 aut
3726 5431 3793 5478 et

2180 5516 2272 5587 qui
2321 5515 2513 5571 viderit
2558 5515 2818 5581 vincitur;
2852 5523 2914 5570 ut
2948 5513 3154 5570 scilicet
3193 5512 3287 5568 fiat
3325 5522 3630 5583 peccatum,
3655 5527 3791 5568 eum

2180 5609 2268 5665 vel
2297 5609 2425 5666 latet
2455 5610 2673 5675 veritas,
2697 5609 2778 5666 vel
2806 5606 3081 5678 compellit
3105 5606 3412 5662 inﬁrmitas.

2252 5704 2477 5761 CAPUT
2510 5705 2576 5759 Χ.
2622 5733 2695 5745 --
2718 5703 2808 5758 2'5.
2851 5700 3104 5772 Euntpla
3129 5716 3221 5769 pro
3269 5698 3531 5753 mendacio
3563 5696 3791 5767 quesita

2180 5800 2233 5854 in
2262 5798 2541 5867 Scripturis
2582 5794 2927 5866 expendenda.
2968 5792 3121 5847 Aliud
3161 5800 3234 5845 est
3277 5792 3531 5845 occultare
3594 5790 3791 5843 verita—

2187 5899 2301 5955 tem,
2330 5890 2471 5943 aliud
2482 5891 2725 5961 proferre
2761 5885 3096 5940 mendacium.
3124 5883 3379 5937 Abraham
3423 5893 3467 5937 et
3498 5880 3646 5937 Isaac
3684 5881 3792 5936 de-

2251 6005 2268 6036 ι
2301 6005 2373 6053 sic
2394 6011 2494 6053 Am.
2521 6009 2573 6054 et
2596 6008 2699 6052 Mss.
2724 6005 2781 6051 At
2802 6005 2877 6050 Er.
2904 6004 2956 6051 et
2976 6003 3107 6061 t.ov.,
3130 5996 3299 6061 magis.
