4070 6334
276 397 373 457 555
1691 383 1879 440 LIBEF

1988 383 2138 441 NUS.

280 513 543 587 tenduntur
567 524 602 563 a
653 505 935 561 mendacio.
980 502 1199 559 Factum
1214 496 1377 558 Iacob
1396 516 1499 557 non
1519 512 1626 557 me
1654 501 1863 555 menda-

277 611 420 664 cium.
441 604 602 674 Trapi
620 618 721 657 non
738 611 854 656 sunt
869 599 1153 654 mendacia.
1176 596 1500 668 Metapliora.
1520 594 1860 664 Antiphraais.

279 699 427 769 Tropi
471 698 527 750 in
569 694 857 766 Scripturis
882 698 1054 765 quare.
1086 690 1145 746 in
1170 688 1421 745 omnibus
1457 695 1634 743 autem
1660 686 1864 741 actibus

279 792 468 848 nostris
512 790 754 845 maxime
794 787 954 843 etiam
994 787 1165 842 bonos
1212 784 1427 840 turbant
1466 780 1865 853 eompensativa

273 892 486 958 peccata
512 898 528 948 ;
559 883 635 937 ita
662 889 722 937 ut
749 895 847 937 nec
872 887 1090 952 peccata
1137 877 1532 943 existimentur,
1560 876 1606 932 si
1636 875 1867 931 habeant

275 980 407 1035 tales
433 990 629 1033 causas
652 980 875 1047 propter
903 982 1035 1046 quas
1059 972 1221 1041 ﬁant,
1251 978 1305 1028 et
1330 972 1382 1028 in
1407 972 1598 1043 quibus
1621 970 1867 1027 videatur

275 1071 483 1145 peccari
514 1070 694 1142 potius
715 1069 760 1125 si
791 1078 896 1124 non
919 1066 1068 1123 ﬁant.
1100 1065 1167 1122 Et
1188 1052 1456 1137 praecipue
1481 1064 1550 1121 de
1575 1064 1867 1120 mendaciis

274 1166 374 1222 hoe
402 1164 457 1220 in
482 1162 767 1219 hominum
803 1161 1056 1233 opinione
1083 1158 1367 1231 praevaluit
1385 1200 1399 1226 ,
1431 1166 1489 1213 ut
1514 1167 1729 1229 peccata
1758 1171 1867 1211 non

272 1265 527 1330 putentur
553 1256 643 1311 illa
686 1254 962 1310 mendacia
986 1296 1003 1321 ,
1039 1251 1282 1323 quinimo
1321 1258 1376 1306 et
1403 1257 1551 1306 recte
1586 1248 1722 1304 facta
1749 1261 1870 1303 esse

273 1349 583 1414 credantur,
612 1345 824 1417 quando
851 1345 1079 1417 quisque
1116 1356 1215 1414 pro
1244 1341 1361 1413 ejus
1403 1341 1488 1398 cui
1521 1340 1630 1395 falli
1655 1337 1871 1410 espedit

272 1440 509 1498 utilitate
560 1440 818 1496 mentitur
836 1481 852 1507 ,
881 1445 972 1491 aut
996 1450 1066 1492 ne
1109 1434 1229 1491 aliis
1258 1440 1448 1491 noceat
1473 1434 1562 1505 qui
1594 1434 1870 1488 nociturus

273 1533 507 1601 videtur,
540 1532 645 1589 nisi
686 1529 980 1588 mendaciis
1008 1528 1258 1584 evitetur.
1294 1526 1376 1583 Ad
1409 1527 1524 1581 hzec
1567 1525 1873 1581 mendacio-

275 1641 389 1683 rum
421 1638 621 1696 geuera
671 1618 1007 1679 defendenda
1029 1663 1042 1687 ,
1069 1620 1297 1693 plurima
1337 1619 1406 1675 de
1434 1618 1721 1689 Scripturis
1750 1630 1872 1672 san-

274 1724 371 1775 ctis
397 1717 679 1789 suffragari
724 1723 977 1786 putantur
1005 1713 1267 1783 exempla.
1298 1711 1417 1765 Non
1438 1718 1615 1765 autem
1646 1710 1747 1764 hoc
1790 1716 1874 1764 est

275 1812 547 1868 occultare
576 1809 875 1873 veritatem,
910 1806 1053 1879 quod
1102 1813 1184 1861 est
1232 1803 1473 1876 proferre
1512 1802 1868 1857 mendacium.

275 1904 529 1975 Quamvis
553 1903 698 1959 enim
744 1900 922 1957 omnis
965 1900 1055 1972 qui
1079 1899 1334 1957 mentitur
1361 1898 1489 1954 velit
1527 1898 1705 1954 celare
1728 1895 1872 1967 quod

274 2011 458 2052 venint
484 2002 607 2063 est,
639 2008 745 2049 non
787 2000 965 2048 tamen
1008 1991 1183 2047 omnis
1227 1991 1319 2061 qui
1346 1989 1461 2045 vult
1493 1989 1635 2061 quod
1682 2003 1872 2043 verum

276 2096 358 2142 est
384 2086 565 2142 celare
591 2084 870 2140 mentitur.
898 2081 1220 2153 Plerumque
1266 2081 1407 2136 enim
1433 2095 1560 2135 vera
1585 2095 1690 2134 non
1722 2094 1876 2134 men-

277 2178 464 2235 tiendo
485 2176 780 2235 occulimus
801 2219 815 2242 ,
841 2176 934 2231 sed
962 2174 1209 2232 tacendo.
1240 2174 1425 2245 Neque
1446 2174 1588 2230 enim
1621 2173 1875 2229 mentitus

278 2280 366 2328 est
396 2271 653 2327 Dominus
673 2314 689 2339 ,
718 2271 810 2326 ubi
834 2271 948 2325 ait:
981 2269 1152 2324 Multa
1179 2271 1336 2325 habeo
1380 2270 1517 2325 vobis
1554 2270 1720 2323 dicere
1740 2311 1754 2332 ,
1785 2267 1876 2323 sed

277 2382 379 2420 non
410 2364 620 2435 potestis
665 2363 760 2418 illa
790 2372 991 2434 portare
1020 2364 1171 2418 modo
1199 2363 1219 2433 (
1234 2361 1390 2417 Joan.
1426 2378 1516 2417 xvi
1537 2405 1551 2429 ,
1576 2360 1644 2417 12
1663 2359 1705 2434 ).
1736 2360 1876 2416 Vera

281 2457 479 2524 tacuit,
501 2471 614 2511 non
643 2454 773 2511 falsa
803 2455 1010 2511 locutus
1039 2463 1155 2522 est;
1187 2456 1383 2526 quibus
1409 2455 1548 2511 veris
1594 2454 1876 2511 audiendis

279 2564 371 2606 eos
404 2551 585 2606 minus
612 2550 836 2606 idoneos
861 2550 1136 2621 judicavit.
1169 2550 1322 2619 Quod
1370 2549 1415 2605 si
1464 2549 1542 2606 eis
1570 2550 1674 2607 hoc
1701 2551 1875 2621 ipsum

283 2659 387 2698 non
432 2643 725 2699 indicasset
747 2685 762 2710 ,
791 2642 846 2698 id
889 2653 1005 2710 est,
1035 2658 1142 2697 non
1190 2657 1284 2698 eos
1313 2655 1473 2712 posse
1518 2649 1733 2712 portare
1758 2657 1878 2712 quae

281 2735 458 2792 dicere
487 2735 695 2802 noluit,
730 2735 1023 2790 occultaret
1046 2733 1261 2803 quidem
1296 2732 1643 2787 nihilominus
1677 2732 1879 2804 aliquid

282 2831 542 2898 veritatis,
556 2829 649 2885 sed
673 2843 831 2900 posse
856 2828 958 2884 hoc
978 2836 1124 2883 recte
1142 2826 1259 2882 ﬁeri
1286 2825 1507 2881 forsitan
1524 2826 1875 2894 nesciremus,

282 2930 368 2978 aut
393 2938 501 2977 non
556 2928 705 2976 tanto
735 2920 1074 2975 ﬁrmarentur
1113 2917 1381 2987 exemplo.
1424 2916 1573 2973 Unde
1601 2918 1688 2988 qui
1732 2932 1883 2973 asse-

284 3022 405 3070 runt
434 3011 728 3085 aliquando
769 3025 890 3068 esse
926 3008 1327 3072 mentiendum,
1363 3023 1469 3063 non
1497 3010 1883 3065 convenienter

286 3112 713 3162 commemorant
762 3102 1033 3159 Abraham
1078 3101 1179 3156 hoc
1210 3100 1400 3156 fecisse
1426 3100 1647 3155 de-Sara
1674 3142 1688 3168 ,
1720 3115 1879 3171 quam

285 3210 528 3257 sororem
559 3212 713 3255 suam
748 3196 902 3252 dixit.
931 3195 1047 3250 Non
1095 3195 1237 3250 enim
1281 3193 1447 3259 dixit,
1475 3192 1589 3247 Non
1635 3202 1717 3248 est
1747 3210 1883 3249 uxor

285 3307 432 3359 mea;
454 3288 554 3346 sed
575 3289 747 3356 dixit,
775 3287 935 3344 Soror
959 3301 1073 3341 mea
1104 3294 1176 3340 est
1204 3301 1222 3340 :
1246 3284 1389 3356 quod
1417 3293 1534 3339 erat
1561 3294 1747 3340 revera
1773 3294 1879 3341 tam

287 3383 582 3455 propinqua
610 3394 826 3453 genere,
847 3387 906 3435 ut
931 3392 1088 3434 soror
1106 3393 1212 3433 non
1240 3376 1569 3433 mendaciter
1590 3376 1877 3433 diceretur.

285 3475 435 3545 Quod
487 3484 544 3532 et
592 3483 775 3545 postea
801 3473 912 3544 jam
958 3471 1060 3527 sibi
1112 3472 1181 3527 ab
1226 3470 1318 3526 illo
1350 3471 1438 3540 qui
1478 3470 1780 3526 abduxerat
1818 3486 1881 3527 ea

287 3567 491 3625 reddita
542 3565 915 3631 conﬁrmavit,
960 3562 1294 3633 respondens
1343 3562 1416 3616 illi
1468 3571 1516 3617 et
1562 3562 1781 3629 dicens,
1814 3562 1887 3617 Et

286 3680 392 3719 vere
415 3678 561 3717 soror
586 3677 696 3715 mea
725 3669 798 3715 est
822 3658 885 3714 de
904 3668 1045 3729 patre
1063 3700 1077 3725 ,
1106 3674 1209 3713 non
1236 3656 1298 3711 de
1321 3664 1481 3710 matre
1509 3655 1660 3726 (Gen.
1684 3672 1755 3709 xx
1782 3699 1795 3721 ,
1823 3657 1881 3724 ἓ,

288 3757 377 3828 1?.)
412 3774 426 3809 :
457 3756 562 3811 hoc
587 3763 669 3810 est
715 3753 781 3807 de
819 3761 1043 3821 paterno
1080 3765 1313 3820 genere,
1364 3762 1470 3803 non
1512 3749 1579 3803 de
1618 3757 1879 3803 materno.

288 3848 500 3921 Aliquid
524 3862 651 3919 ergo
668 3846 779 3901 veri
809 3844 992 3912 tacuit,
1014 3858 1121 3897 non
1148 3842 1262 3897 falsi
1277 3840 1474 3912 aliquid
1492 3841 1645 3907 dixit,
1670 3842 1884 3912 quando

287 3946 450 4000 tacuit
477 3957 722 4011 uxorem,
749 3940 885 3996 dixit
924 3954 1187 3995 sororem.
1221 3936 1336 3993 Hoc
1361 3945 1415 3994 et
1436 3937 1577 3993 ﬁlius
1608 3938 1724 4007 ejus
1757 3937 1884 3994 fecit

288 4035 439 4092 Isaac
471 4053 485 4092 :
514 4050 634 4090 nam
651 4042 705 4090 et
732 4032 904 4103 ipsum
925 4032 1173 4086 novimus
1199 4030 1549 4099 propinquam
1577 4044 1728 4083 suam
1757 4042 1884 4082 conv

286 4128 467 4201 jugem
518 4127 686 4184 fuisse
741 4124 990 4181 sortitum
1041 4120 1152 4195 (Id.
1182 4128 1309 4177 sim
1331 4161 1346 4188 ,
1373 4121 1439 4186 '1,
1470 4131 1516 4175 et
1559 4118 1736 4192 xxiv).
1768 4120 1883 4175 Non

290 4234 372 4279 est
398 4235 530 4293 ergo
555 4216 894 4276 mendacium
916 4229 1039 4271 cum
1071 4213 1280 4269 silendo
1304 4211 1651 4269 absconditur
1674 4226 1880 4278 verum,

290 4313 383 4372 sed
413 4328 537 4369 cum
563 4308 834 4382 loquendo
852 4307 1118 4381 promitur
1142 4304 1359 4361 falsum.

355 4406 449 4462 24.
476 4404 643 4462 Jacob
667 4412 846 4459 autem
889 4400 1032 4473 quod
1056 4407 1232 4455 matre
1266 4397 1392 4455 fecit
1421 4405 1640 4454 auctore
1663 4440 1678 4465 ,
1705 4406 1764 4453 ut
1794 4396 1911 4469 pa-'

293 4508 425 4557 trem
450 4496 637 4555 fallere
657 4492 930 4552 videretur
949 4537 963 4561 ,
992 4492 1039 4549 si
1065 4492 1351 4564 diligenter
1377 4502 1431 4548 et
1456 4491 1684 4547 ﬁdeliter
1712 4498 1885 4547 atten-

292 4598 468 4665 datur,
501 4606 612 4649 non
657 4598 741 4648 est
767 4586 1104 4646 mendacium
1126 4629 1141 4655 ,
1189 4585 1283 4642 sed
1316 4586 1650 4657 mysterium.
1684 4584 1814 4653 Quae
1840 4585 1885 4640 si

292 4685 573 4745 mendacia
602 4684 1117 4749 dixerimus,omnes
1140 4680 1301 4735 etiam
1322 4678 1587 4749 parabolae
1610 4694 1672 4732 ac
1701 4678 1885 4749 iigurm

295 4778 764 4853 signiﬁcandarum
804 4785 1263 4847 quarumcumque
1312 4778 1514 4835 rerum,
1549 4784 1665 4839 qum
1694 4784 1797 4823 non
1821 4769 1886 4823 ad

296 4876 677 4947 proprietatem
716 4867 1041 4941 accipiendae
1092 4872 1255 4929 sunt,
1285 4863 1379 4918 scd
1406 4863 1459 4917 iu
1508 4862 1587 4917 eis
1639 4861 1782 4916 aliud
1821 4876 1889 4917 ex

297 4970 395 5024 alio
428 4975 515 5023 est
538 4962 964 5036 intelligendum,
985 4959 1229 5015 dicentur
1253 4971 1374 5013 esse
1402 4954 1677 5011 mendacia
1706 4973 1717 5009 :
1747 4955 1889 5025 quod

296 5061 431 5117 absit
455 5059 699 5115 omnino.
730 5055 863 5111 Nam
889 5054 981 5125 qui
1008 5052 1110 5108 hoc
1134 5058 1311 5123 putat,
1347 5050 1563 5121 tropicis
1593 5049 1753 5105 etiam
1782 5061 1888 5104 tam

299 5154 480 5209 multis
520 5149 880 5207 locutio'nibus
924 5145 1171 5202 omnibus
1210 5151 1385 5215 potest
1416 5143 1553 5198 hanc
1600 5143 1892 5213 importare

299 5244 644 5312 calumniam;
667 5244 740 5298 ita
764 5249 823 5297 ut
851 5248 906 5297 et
934 5240 1047 5311 ipsa
1078 5254 1195 5309 quae
1225 5237 1520 5308 appellatur
1544 5236 1853 5306 metaphora
1872 5280 1885 5302 ,

302 5337 399 5393 hoc
426 5346 512 5393 est
538 5336 608 5392 de
632 5350 692 5391 re
720 5334 937 5407 propria
959 5331 1026 5387 ad
1057 5346 1169 5388 rem
1197 5345 1303 5386 non
1327 5329 1595 5401 prapriam
1622 5330 1768 5385 verbi
1805 5329 1894 5383 ali-

303 5446 451 5500 cujus
482 5435 740 5499 usurpata
767 5423 1070 5490 translatio,
1109 5421 1279 5493 possit
1297 5422 1399 5477 ista
1442 5422 1651 5478 ratione
1676 5421 1893 5477 menda-

303 5535 436 5578 clum
464 5518 784 5591 nuncupari.
814 5517 949 5574 Cum
972 5517 1116 5572 enim
1136 5516 1360 5571 dicimus
1385 5513 1644 5570 ﬂuctuare
1664 5524 1890 5587 segetes,

304 5628 573 5684 gemmare
606 5611 748 5666 vites
770 5652 786 5679 ,
818 5608 1064 5665 ﬂoridam
1113 5609 1443 5680 juventutem
1466 5650 1479 5675 ,
1510 5607 1715 5661 niveam
1747 5609 1893 5662 cani-

304 5708 447 5774 tiem;
478 5704 669 5777 procul
695 5702 858 5759 dubio
883 5704 1078 5759 ﬂuctus
1097 5742 1110 5768 ,
1143 5716 1401 5772 gemmas,
1433 5699 1642 5767 ﬂorem,
1675 5702 1850 5757 nivem
1876 5747 1890 5772 ,

305 5801 420 5873 quia
450 5799 507 5855 in
547 5797 635 5853 bis
662 5797 824 5852 rebus
848 5810 955 5851 non
985 5796 1306 5863 invenimus,
1339 5795 1391 5848 in
1418 5807 1551 5864 quas
1591 5794 1706 5851 haec
1732 5798 1897 5854 verba

300 5894 515 5959 aliunde
561 5888 1068 5971 traustuiimus,_ab
1093 5889 1206 5973 istis
1233 5887 1504 5948 mendacia
1550 5890 1895 5960 putabuntur.

3461 398 3577 462 531

1976 500 2046 557 Et
2075 508 2223 571 petra
2260 501 2501 561 Christus
2531 504 2591 579 (i
2617 506 2732 563 Cor.
2761 510 2928 582 x,’4),
2957 519 3015 567 et
3054 514 3447 587 cor‘lapideum
3473 517 3571 575 Juv

1976 594 2212 652 (imorum
2243 596 2661 667 (Ezeclt.xxxv1,
2690 602 2785 673 26)
2810 621 2823 657 :
2844 605 2970 661 item
2998 606 3080 662 leo
3108 607 3348 666 Christus
3377 611 3566 685 (Apoc.

1976 704 2027 753 v,
2061 690 2146 759 5),
2177 699 2231 745 et
2260 691 2347 746 leo
2373 691 2615 749 diabolus
2642 693 2695 767 (Ι
2726 694 2868 752 Petr.
2897 714 2950 761 v,
2977 698 3056 768 8),
3079 708 3135 755 et
3160 701 3565 763 innumerabilia

1977 782 2100 835 talia
2127 781 2368 838 dicentur
2408 798 2528 840 esse
2558 785 2854 844 mendacia.
2885 788 3025 857 Quid
3050 790 3193 862 quod
3221 791 3334 848 haec
3361 796 3566 867 tropica

1980 874 2179 930 locutio
2202 890 2370 949 usque
2407 878 2474 933 ad
2500 892 2620 935 eam
2651 882 2930 951 pervenit,
2958 898 3077 955 qua
3103 885 3403 956 appellatur
3428 889 3570 942 anti-

1976 967 2183 1039 phrasis
2210 1011 2225 1036 ,
2261 980 2317 1025 ut
2339 971 2546 1028 dicatur
2568 972 2839 1031 abundare
2877 977 3019 1047 quod
3062 993 3169 1033 non
3218 988 3333 1047 est,
3361 979 3573 1036 dicatur

1977 1058 2131 1118 dulce
2183 1064 2324 1133 quod
2380 1064 2590 1120 acidum
2633 1075 2752 1134 est;
2800 1066 2952 1124 lucus
2995 1069 3139 1139 quod
3194 1084 3299 1127 non
3353 1072 3567 1140 luceat,

1978 1152 2159 1210 Parem
2182 1155 2323 1226 quod
2346 1168 2452 1213 non
2483 1168 2721 1228 parcant.
2750 1158 2904 1216 Unde
2932 1160 3061 1217 illud
3084 1171 3167 1217 est
3194 1164 3247 1217 in
3277 1164 3572 1235 Scripturis

1977 1248 2209 1315 sanctis,
2243 1248 2304 1304 Si
2332 1265 2432 1304 non
2470 1251 2522 1305 in
2551 1251 2730 1321 facient
2756 1250 3060 1308 benedixerit
3088 1255 3176 1309 tibi
3208 1254 3332 1327 (Job
3358 1271 3434 1324 ιι,
3462 1258 3517 1328 5)
3552 1273 3569 1308 :

1978 1339 2120 1409 quod
2148 1340 2393 1396 diabolus
2438 1342 2512 1398 ait
2556 1338 2783 1399 Domino
2806 1342 2874 1399 de
2916 1355 3103 1403 sancto
3126 1346 3260 1414 Job,
3290 1357 3345 1404 et
3370 1349 3574 1403 intelli-

1979 1432 2139 1502 gitur,
2171 1432 2515 1503 Maledixerit.
2557 1435 2673 1503 Quo
2704 1436 2868 1493 verbo
2896 1438 3235 1496 etNabuthei
3262 1441 3441 1496 ﬁctum
3462 1443 3573 1498 cri-

1980 1540 2101 1580 men
2145 1541 2176 1580 a
2228 1527 2675 1585 calumniantibus
2717 1528 3045 1587 nummatum
3098 1540 3199 1588 est.
3232 1533 3440 1589 Dictum
3489 1541 3575 1589 est

1980 1618 2124 1673 enim
2163 1621 2303 1689 quod
2358 1620 2685 1677 benedixerit
2729 1623 2838 1694 regi
2870 1621 2959 1697 (Ill
2986 1624 3112 1696 Reg.
3146 1641 3236 1682 xxi
3260 1667 3276 1694 ,
3305 1627 3432 1698 i5);
3470 1626 3576 1683 hoc

1981 1718 2096 1776 est,
2139 1710 2495 1767 maledixerit.
2546 1713 2608 1767 iii
2649 1728 2835 1769 omnes
2879 1716 3025 1770 modi
3060 1715 3387 1773 locutionum
3416 1732 3577 1773 men-

1983 1801 2128 1858 dacia
2152 1805 2493 1874 putabuntur,
2528 1807 2572 1861 si
2602 1805 2801 1862 locutio
2821 1807 2903 1863 vel
2928 1807 3068 1863 actio
3096 1808 3319 1881 ﬁgurata
3345 1810 3398 1866 in
3424 1826 3578 1867 men-

1982 1895 2136 1952 dacio
2188 1897 2545 1967 deputabitur.
2599 1898 2655 1954 Si
2698 1908 2875 1955 autem
2925 1914 3033 1955 non
3076 1910 3157 1957 est
3200 1903 3575 1972 mendacium,

1981 1989 2196 2059 quando
2234 1989 2297 2044 ad
2326 1978 2732 2062 intelligentiam
2765 1992 3007 2048 veritatis
3028 1992 3170 2048 aliud
3198 2009 3265 2049 ex
3285 1994 3389 2049 alio
3408 1994 3579 2065 signia-

1982 2083 2196 2139 ﬁcantia
2225 2084 2561 2151 referuntur;
2593 2085 2829 2156 profecto
2860 2100 2964 2141 non
2991 2086 3165 2143 solum
3197 2086 3249 2143 id
3280 2088 3420 2160 quod
3448 2088 3579 2145 fecit

1983 2186 2075 2231 aut
2098 2176 2228 2231 dixit
2245 2175 2410 2232 Iacob
2435 2178 2569 2248 patri
2594 2187 2652 2233 ut
2674 2176 3100 2248 benediceretur,
3121 2179 3217 2238 sed
3246 2196 3418 2252 neque
3446 2181 3581 2239 illud

1983 2269 2124 2340 quod
2150 2268 2345 2339 Joseph
2363 2270 2508 2325 velut
2526 2270 2808 2326 illudcndis
2825 2270 3030 2328 loeutus
3049 2280 3132 2328 est
3152 2271 3402 2330 fratribus
3417 2273 3577 2345 (Gen.

1984 2363 2122 2434 χιιι)
2147 2403 2162 2431 ,
2191 2378 2362 2435 neque
2394 2362 2535 2433 quod
2565 2362 2729 2420 David
2769 2364 3038 2420 simulavit
3070 2365 3331 2421 insaniam
3362 2366 3419 2439 (Ι
3445 2367 3581 2440 Reg.

1986 2473 2087 2514 xxI
2111 2501 2126 2525 ,
2156 2457 2267 2530 15),
2302 2472 2400 2513 nec
2430 2466 2624 2513 cratera
2654 2456 2974 2532 hujusmodi,
2996 2459 3273 2516 mendacia
3296 2460 3583 2531 judicanda

1985 2558 2144 2615 sunt,
2192 2548 2291 2604 sed
2338 2550 2632 2605 locutiones
2660 2551 3007 2622 actionesque
3036 2550 3362 2622 propheticus
3404 2552 3471 2607 ad
3516 2554 3581 2609 ea

1985 2656 2104 2711 qua:
2128 2655 2252 2697 vera
2279 2650 2403 2697 sunt
2429 2641 2768 2713 intelligenda
2798 2642 3111 2700 referendae.
3142 2646 3273 2712 Qua:
3296 2646 3581 2715 propterea

1987 2730 2226 2805 ﬁguratis
2267 2734 2411 2789 velut
2452 2735 2732 2792 amictibus
2781 2736 3122 2808 obteguntur,
3151 2746 3209 2793 ut
3253 2752 3466 2794 sensum
3495 2739 3584 2811 pic

1987 2828 2275 2899 quaerentis
2318 2838 2639 2899 exerceant,
2684 2838 2736 2885 et
2776 2845 2844 2886 ne
2886 2829 3026 2886 nuda
3061 2844 3125 2886 ac
3164 2841 3409 2902 prompta
3448 2831 3581 2889 vile:

1986 2926 2156 2975 scant.
2206 2918 2459 2987 Quamvis
2486 2936 2603 2992 quae
2642 2920 2761 2975 aliis
2790 2920 2921 2977 locis
2967 2931 3152 2992 aperte
3194 2936 3258 2977 ac
3304 2922 3585 2979 manifeste

1988 3002 2127 3065 dicta
2153 3008 2436 3067 didicimus
2456 3054 2470 3077 ,
2500 3028 2617 3066 cum
2650 3027 2711 3067 ca
2743 3013 2852 3083 ipsa
2878 3012 2946 3069 de
2985 3012 3178 3068 abditis
3206 3022 3484 3083 eruuntur,
3528 3015 3588 3073 in

1989 3113 2175 3157 nostra
2212 3102 2441 3174 quodam
2474 3102 2634 3159 modo
2676 3105 2979 3174 cognitione
3006 3115 3371 3175 renovantur,
3402 3116 3456 3163 et
3497 3121 3588 3162 reo

1989 3203 2180 3249 novata
2207 3196 2541 3251 dulcescunt.
2581 3194 2691 3250 Nec
2731 3193 3035 3251 invidentur
3062 3195 3412 3264 discentibus,
3440 3192 3585 3269 quod

1989 3286 2074 3342 his
2104 3288 2275 3344 modis
2322 3288 2714 3344 obscurantur:
2746 3289 2839 3345 sed
2888 3290 3329 3347 commendantur
3373 3292 3541 3364 magis
3564 3334 3584 3362 ,

1990 3391 2048 3437 ut
2076 3381 2226 3452 quasi
2276 3382 2542 3438 subtracta
2597 3381 2969 3438 desiderentur
3014 3382 3323 3452 ardentius,
3355 3394 3409 3443 et
3438 3386 3585 3441 inve-

1991 3475 2205 3529 niantur
2242 3473 2541 3530 desiderata
2577 3474 2878 3546 jucundius.
2908 3475 3106 3531 Tamen
3144 3491 3291 3544 vera,
3320 3493 3426 3533 non
3454 3478 3585 3533 falsa

1992 3567 2259 3635 dicuntur;
2292 3568 2542 3639 quoniam
2570 3585 2692 3625 vera
2716 3612 2730 3635 ,
2763 3586 2865 3624 non
2900 3570 3029 3627 falsa
3073 3570 3458 3643 signiﬁcantur,
3489 3588 3587 3629 seu

1990 3659 2155 3715 verbo
2185 3676 2278 3715 seu
2307 3659 2443 3715 facto
2472 3679 2483 3714 :
2509 3678 2627 3730 qua:
2648 3661 3012 3732 signiﬁcantur
3045 3662 3187 3717 enim
3207 3705 3220 3729 ,
3251 3665 3431 3735 utique
3470 3665 3589 3735 ipsa

1991 3750 2258 3807 dicuntur.
2293 3752 2554 3808 Putantur
2579 3762 2755 3810 autem
2784 3755 3080 3822 mendacia,
3117 3756 3367 3827 quoniam
3391 3774 3495 3811 non
3519 3773 3585 3811 ea

1990 3860 2109 3915 qugc
2132 3860 2254 3899 vera
2270 3846 2285 3875 ι
2307 3844 2691 3916 signiﬁcantur,
2706 3845 2843 3902 dicta
2866 3846 3227 3919 intelliguntur
3244 3866 3258 3914 ;
3273 3848 3367 3904 sed
3388 3864 3447 3904 ea
3466 3852 3583 3920 qua!

1992 3932 2122 3989 falsa
2144 3942 2297 4000 sunt,
2336 3934 2474 3989 dicta
2502 3951 2622 3991 esse
2648 3936 2954 3992 creduntur.
2988 3938 3101 3993 Iloc
3129 3947 3184 3992 ut
3209 3939 3467 4009 exemplis
3497 3939 3587 3993 ﬁat

1991 4026 2200 4097 planius
2223 4069 2238 4094 ,
2271 4027 2499 4098 idipsum
2531 4028 2672 4100 quod
2702 4029 2867 4085 Jacob
2891 4029 3013 4085 fecit
3033 4072 3049 4098 ,
3077 4030 3312 4087 attende.
3347 4031 3584 4086 ilmdinis

1990 4131 2137 4177 certe
2166 4120 2390 4191 pellibus
2414 4123 2650 4178 membra
2676 4124 2910 4179 contexit
2938 4144 2950 4179 :
2979 4125 3024 4180 si
3050 4140 3263 4180 causam
3287 4126 3586 4196 proximam

1992 4216 2323 4287 requiramus
2344 4258 2357 4282 ,
2400 4218 2676 4273 mentitum
2720 4219 3051 4288 putabimus;
3081 4218 3183 4275 hoc
3210 4219 3349 4274 enim
3378 4220 3498 4275 fecit
3529 4228 3589 4273 ut

1991 4318 2267 4379 putaretur
2295 4324 2413 4365 esse
2440 4310 2528 4380 qui
2557 4327 2661 4365 non
2692 4319 2807 4366 erat
2837 4330 2851 4365 :
2884 4312 2929 4366 si
2955 4320 3131 4367 autem
3159 4311 3259 4367 hoc
3301 4310 3495 4367 factum
3517 4311 3587 4368 ad

1992 4401 2122 4457 illud
2153 4412 2370 4474 propter
2397 4402 2538 4473 quod
2585 4402 2989 4474 signiﬁcandum
3034 4419 3218 4459 revera
3264 4404 3457 4460 factum
3499 4413 3584 4459 est

1992 4494 2286 4561 referatur;
2328 4510 2422 4563 per
2446 4490 2684 4550 hrcdinas
2708 4495 2873 4565 pelles
2900 4505 3112 4565 peccata
3135 4538 3150 4565 ,
3184 4512 3278 4567 per
3306 4511 3427 4552 eum
3455 4506 3581 4555 vero

1994 4587 2085 4657 qui
2114 4587 2191 4642 eis
2216 4602 2274 4641 se
2313 4588 2554 4657 operuit,
2587 4588 2675 4643 ille
2703 4588 3031 4659 signiﬁcatus
3068 4600 3151 4645 est
3180 4592 3268 4661 qui
3297 4606 3403 4645 non
3452 4605 3544 4645 sua
3564 4635 3578 4657 ,

1993 4678 2087 4733 sed
2136 4677 2307 4732 aliena
2356 4690 2571 4748 peccata
2614 4681 2862 4750 portavit.
2899 4680 3069 4737 Verax
3112 4697 3243 4754 ergo
3270 4681 3577 4753 signiﬁcatis

1994 4770 2142 4826 nullo
2182 4769 2342 4825 modo
2389 4770 2722 4827 mendacium
2765 4782 2911 4829 recte
2936 4773 3038 4828 dici
3071 4783 3263 4843 potest.
3298 4772 3366 4829 Ut
3405 4780 3579 4827 autem

1995 4864 2048 4919 in
2078 4864 2234 4931 facto,
2259 4864 2330 4918 ita
2360 4875 2412 4920 et
2454 4864 2504 4919 in
2534 4865 2718 4921 verbo.
2748 4865 2879 4921 Nam
2903 4882 3022 4922 cum
3052 4867 3102 4922 ei
3147 4876 3297 4937 pater
3320 4863 3579 4929 dixisset,

2000 4956 2125 5023 Quis
2151 4974 2201 5012 es
2226 4967 2277 5012 tu
2298 5001 2311 5025 ,
2350 4959 2426 5028 ﬁli
2447 4958 2471 5012 ?
2498 4959 2584 5015 ille
2623 4960 2927 5030 respondit,
2958 4958 3069 5032 Ego
3095 4977 3205 5014 sum
3230 4959 3364 5012 Esau
3390 4957 3581 5027 primo-

1996 5051 2194 5121 genitae
2220 5060 2332 5105 tuus
2364 5051 2515 5121 (Gen.
2542 5069 2689 5107 xxvu
2714 5095 2728 5118 ,
2765 5053 2977 5122 16-19).
3014 5053 3125 5107 Hoc
3163 5051 3207 5104 si
3236 5049 3496 5104 referatur
3516 5050 3585 5103 ad

1997 5138 2132 5196 duos
2171 5141 2285 5195 illos
2313 5143 2555 5212 geminos
2576 5185 2590 5210 ,
2621 5143 2953 5199 mendacium
2983 5142 3245 5197 videbitur
3279 5158 3291 5192 :
3322 5140 3366 5195 si
3405 5149 3585 5194 autem

1998 5235 2065 5290 ad
2093 5236 2221 5291 illud
2256 5247 2471 5306 pr0pter
2506 5238 2643 5308 quod
2672 5236 3073 5307 signiﬁcandum
3115 5235 3212 5288 ista
3239 5244 3386 5305 gesta
3414 5234 3585 5288 dicta-

1998 5344 2104 5400 que
2128 5330 2425 5400 conscripta
2447 5340 2601 5395 sunt,
2630 5332 2717 5385 ille
2755 5338 2838 5385 cst
2879 5330 2964 5384 hic
2984 5328 3357 5399 intelligendus
3388 5330 3437 5383 in
3466 5344 3587 5385 cor-

2001 5435 2129 5492 pore
2177 5437 2307 5487 suo,
2351 5422 2493 5492 quod
2528 5430 2610 5495 est
2634 5422 2750 5492 ejus
2788 5421 3044 5487 Ecclesia,
3075 5420 3162 5490 qui
3194 5420 3260 5475 de
3288 5420 3385 5475 hac
3416 5437 3474 5477 re
3504 5421 3588 5475 lo-

2000 5527 2170 5584 quens
2199 5514 2271 5569 ait
2296 5555 2311 5579 ,
2342 5513 2467 5569 Cum
2494 5514 2712 5568 videritis
2740 5513 3025 5579 Abraham,
3055 5523 3101 5568 et
3132 5513 3303 5580 Isaac,
3336 5524 3383 5568 et
3404 5513 3586 5579 λιιι-οὑ,

2002 5616 2048 5661 et
2067 5623 2237 5661 omnes
2272 5606 2552 5675 Prop/tetas
2575 5607 2627 5659 in
2657 5623 2807 5678 regno
2840 5606 2964 5671 Dei,
2998 5624 3082 5663 vos
3105 5619 3275 5663 autent
3301 5609 3485 5680 expelli
3506 5608 3589 5675 [0-
3668 5652 3673 5656 .

2002 5716 2106 5752 ras.
2140 5699 2207 5752 Et
2232 5699 2422 5753 venient
2443 5699 2505 5752 ab
2533 5700 2721 5754 oriente
2744 5711 2789 5754 et
2814 5702 3069 5757 occidente
3097 5712 3144 5757 et
3169 5704 3402 5773 aquilone
3428 5711 3472 5755 et
3497 5718 3591 5752 au-

2005 5801 2128 5858 stro,
2160 5801 2203 5845 et
2230 5792 2515 5844 accumbent
2545 5792 2595 5844 in
2619 5809 2769 5864 regno
2813 5794 2904 5850 Dei
2932 5812 2950 5850 :
2976 5806 3023 5852 et
3050 5813 3162 5853 ecce
3194 5806 3313 5853 sunt
3338 5794 3594 5851 novissimi

1956 5974 1972 5984 .
2076 5903 2093 5934 ³
2127 5900 2229 5953 Sola
2255 5901 2400 5955 editio
2422 5910 2550 5969 Lov.,
2577 5917 2704 5959 vere.
