4070 6334
433 505 523 577 qui
548 506 689 558 erant
713 496 894 570 primi,
920 501 967 552 et
990 499 1109 551 sunt
1128 490 1281 565 primi
1301 489 1388 563 qui
1412 498 1556 545 erant
1570 486 1827 544 novissimi
1859 484 2009 558 (Luc.

432 613 529 655 xui
551 638 566 662 ,
588 591 801 661 18-50).
828 589 916 646 Sic
959 588 1101 643 enim
1146 584 1375 655 quodam
1413 582 1572 639 modo
1598 581 1774 637 minor
1798 578 2015 648 majoris

431 690 717 760 primatum
744 682 906 736 frater
928 677 1143 734 abstulit
1170 675 1408 746 atquein
1439 689 1500 731 se
1524 672 1790 729 transtulit
1810 671 2009 728 fratris.

431 778 567 833 Cum
596 775 754 847 igitur
781 781 887 828 tam
934 784 1060 825 vera
1094 775 1307 837 tamque
1337 764 1697 835 significentur
1720 762 2012 829 veraciter,

433 868 560 938 quid
573 866 658 920 hic
671 863 828 919 debet
844 860 1013 932 putari
1029 859 1223 915 factum
1238 857 1503 912 dictumve
1513 852 1870 910 mendaciter?
1883 852 2015 908 Cum

434 960 576 1015 enim
597 972 715 1027 qua:
732 954 1114 1025 signiﬁcantur,
1133 964 1237 1004 non
1254 947 1434 1018 utique
1448 962 1553 1002 non
1565 954 1689 1001 sunt
1702 947 1753 999 in
1769 944 2013 1009 veritate,

432 1048 526 1104 sed
549 1056 671 1104 sunt
696 1062 790 1102 seu
810 1042 1097 1115 praeterita,
1124 1055 1218 1096 seu
1236 1037 1643 1109 praesentia,seu
1668 1036 1869 1101 futura;
1889 1049 2018 1105 pro-

431 1141 521 1196 cul
540 1140 701 1195 dubio
727 1152 849 1193 vera
874 1133 1185 1206 signiﬁcatio
1208 1140 1313 1201 est,
1331 1130 1637 1199 nullumque
1657 1128 2012 1185 mendacium.

433 1232 540 1289 Sed
571 1232 727 1287 nimis
747 1230 960 1299 longum
1002 1234 1085 1283 est
1112 1225 1166 1280 in
1207 1224 1306 1279 hac
1352 1220 1735 1293 signiﬁcatione
1778 1218 2011 1290 prophe-

435 1326 539 1379 tica
592 1321 867 1377 enucleate
907 1326 1097 1375 cuncta
1128 1315 1339 1382 rimari,
1368 1315 1421 1369 in
1446 1313 1636 1384 quibus
1658 1312 1889 1382 palmam
1922 1325 2017 1367 ve-

432 1415 564 1469 ritas
592 1413 782 1478 habet,
811 1410 934 1481 quia
972 1417 1031 1464 ut
1072 1404 1418 1478 signiﬁcando
1467 1404 1816 1475 pramuntiata
1857 1410 2013 1470 sunt,

432 1504 507 1562 ita
558 1503 930 1574 consequendo
963 1502 1289 1558 claruerunt.

506 1593 732 1651 CAPUT
771 1593 861 1653 XI.
884 1622 955 1633 —-
978 1592 1069 1647 25.
1104 1590 1385 1660 Tripartita
1414 1589 1546 1644 ratio
1589 1588 1880 1661 disputandi
1917 1587 2015 1643 ad-

434 1703 609 1743 versus
627 1701 713 1742 eos
731 1686 816 1754 qui
841 1684 1131 1755 Scripturtts
1152 1681 1348 1736 divinas
1361 1680 1635 1735 mendaciis
1655 1680 1757 1734 suis
1780 1678 2017 1735 adhibere

433 1788 678 1850 patronos
704 1776 895 1831 volunt.
922 1774 1104 1846 Neque
1124 1773 1177 1829 id
1206 1774 1309 1829 isto
1333 1787 1577 1829 sermone
1601 1772 1845 1842 suscepi,
1874 1770 2016 1842 quod

432 1868 504 1923 ad
534 1876 585 1923 te
624 1867 789 1938 magis
817 1867 1079 1937 pertinet,
1120 1865 1209 1936 qui
1235 1863 1754 1923 Priscillianistarum
1784 1862 2014 1918 latebras

432 1962 724 2037 aperuisti,
765 1967 1019 2032 quantum
1053 1958 1119 2014 ad
1162 1972 1347 2014 eorum
1392 1956 1580 2012 attinet
1613 1956 1856 2026 dogmata
1879 1955 2012 2009 falsa

431 2061 596 2124 atque
620 2067 889 2123 perversa;
912 2066 981 2109 ne
1004 2050 1075 2106 ita
1103 2049 1414 2120 investigata
1431 2048 1706 2104 videantur
1742 2047 1891 2119 quasi
1922 2046 2019 2102 do-

431 2143 603 2200 cenda
626 2143 859 2209 fuerint,
889 2150 945 2197 et
985 2156 1093 2196 non
1118 2138 1501 2210 redarguenda.
1539 2139 1703 2208 Magis
1736 2152 1863 2208 ergo
1891 2138 1907 2168 ¹
1936 2137 2016 2192 fac

430 2245 495 2292 ut
518 2243 813 2306 expugnata
846 2233 1058 2305 jaceant
1080 2274 1094 2301 ,
1120 2248 1241 2303 quae
1267 2232 1433 2286 fecisti
1464 2240 1519 2284 ut
1541 2229 1743 2301 prodita
1764 2236 2014 2299 pateant:

432 2344 507 2387 ne
548 2328 674 2385 dum
698 2327 941 2383 volumus
976 2326 1044 2381 ad
1084 2324 1385 2396 indaginem
1426 2323 1703 2379 hominum
1750 2320 2018 2376 fallacium

431 2419 717 2493 pervenire
736 2460 751 2487 ,
783 2419 924 2487 ipsas
962 2416 1220 2473 falsitates
1259 2416 1496 2471 sinamus
1520 2424 1767 2485 tanquam
1798 2414 2017 2483 insupe-

430 2510 630 2569 rabiles
662 2524 1008 2581 permanere;
1037 2523 1157 2564 cum
1181 2508 1356 2579 potius
1382 2507 1665 2562 debeamus
1688 2516 1741 2561 et
1771 2506 1824 2560 in
1851 2504 2019 2560 loton-

429 2603 567 2660 tium
611 2600 858 2658 cordibus
905 2600 1180 2655 destruere
1219 2597 1509 2663 falsitates,
1550 2612 1707 2667 quam
1750 2593 2017 2669 parcendo

429 2694 751 2754 falsitatibus
779 2693 1021 2750 invenire
1047 2691 1279 2747 fallaces.
1298 2690 1466 2745 Porro
1492 2689 1633 2744 inter
1656 2688 1746 2744 illa
1769 2687 2016 2758 dogmata

431 2803 620 2844 eorum
640 2828 657 2854 ,
688 2802 806 2857 qua:
834 2784 1187 2841 subvertenda
1226 2790 1379 2850 sunt,
1411 2782 1568 2837 etiam
1600 2780 1703 2836 hoc
1725 2790 1807 2835 est
1835 2779 2014 2849 utique

431 2862 579 2949 quod
616 2876 1007 2948 tlogmalizant,
1034 2875 1101 2930 ad
1143 2872 1510 2930 occultandam
1551 2871 1858 2942 religionem
1884 2869 2016 2926 reli-

432 2970 613 3041 giosos
638 2967 835 3024 debere
878 2964 1123 3033 mentiri,
1159 2965 1212 3019 in
1243 2972 1441 3019 tantum
1485 2969 1544 3017 ut
1584 2978 1691 3017 non
1732 2961 1904 3018 solum
1949 2959 2017 3016 de

431 3059 553 3119 aliis
582 3059 744 3115 rebus
761 3058 829 3113 ad
852 3056 1146 3114 doctrinam
1176 3054 1447 3126 religionis
1466 3069 1573 3109 non
1603 3052 2011 3124 pertinentibus,

430 3149 532 3211 80d
558 3150 626 3207 de
655 3150 767 3220 ipsa
796 3163 1006 3221 quoque
1029 3146 1282 3217 religione
1313 3144 1670 3201 mentiendum
1697 3144 1801 3211 sit,
1826 3159 1894 3199 ne
1924 3158 2015 3213 pa-

430 3249 606 3297 tescat
632 3240 848 3307 alienis;
876 3248 935 3294 ut
961 3238 1203 3294 videlicet
1235 3236 1506 3307 negandus
1535 3236 1603 3290 sit
1629 3235 1888 3300 Christus,
1913 3248 2018 3305 quo

428 3332 607 3404 possit
632 3333 769 3387 inter
808 3329 1051 3385 inimicos
1096 3342 1221 3384 suos
1250 3327 1415 3383 latere
1450 3324 1788 3382 Christianus.
1844 3325 2015 3380 Etiam

432 3423 577 3490 hoc,
606 3424 827 3479 obsecro
869 3429 960 3490 te,
988 3421 1177 3493 dogma
1220 3419 1436 3489 impium
1486 3417 1847 3488 ncfariumque
1889 3416 2016 3472 sub-

429 3525 605 3584 verte,
639 3524 855 3587 prepter
897 3513 1038 3583 quod
1094 3510 1437 3566 astruendum
1480 3516 1907 3579 argumentantes
1949 3506 2015 3563 de

434 3606 724 3677 Scripturis
750 3605 1004 3674 colligunt
1032 3601 1331 3658 testimonia
1351 3641 1363 3665 ,
1394 3598 1587 3670 quibus
1612 3598 1890 3654 videantur
1910 3612 2013 3654 non

434 3699 611 3754 solum
640 3695 958 3766 ignoscenda
986 3694 1069 3747 vel
1098 3691 1369 3748 toleranda
1388 3732 1402 3758 ,
1427 3706 1609 3745 verum
1634 3698 1687 3745 et
1708 3690 2015 3745 honoranda

436 3788 733 3845 mendacia.
767 3786 843 3839 Ad
871 3794 921 3838 te
949 3783 1105 3853 igitur
1136 3783 1361 3852 pertinet
1385 3822 1399 3846 ,
1427 3789 1622 3835 sectam
1650 3779 2015 3833 detestabilem

439 3896 563 3937 cum
594 3877 812 3945 refellis,
833 3877 909 3932 sic
936 3873 1239 3945 accipienda
1262 3880 1560 3928 monstrare
1587 3871 1684 3925 ista
1716 3871 2015 3927 testimonia

435 3975 853 4045 Scripturarum,
882 3984 940 4028 ut
965 3972 1045 4027 vel
1074 3970 1266 4028 doceas
1301 3984 1409 4025 non
1458 3984 1575 4025 csse
1612 3984 1729 4041 qua!
1770 3978 2019 4040 putantur

437 4082 562 4121 esse
603 4064 874 4120 mendacia
894 4104 909 4131 ,
940 4064 1072 4119 sieo
1091 4063 1250 4117 modo
1278 4061 1631 4131 intelligantur
1649 4102 1663 4127 ,
1691 4076 1795 4131 quo
1820 4061 2018 4119 intelli-

437 4160 612 4228 genda
650 4162 800 4221 sunt;
835 4153 921 4208 vel
956 4152 1206 4207 imitanda
1233 4168 1339 4207 non
1364 4166 1485 4207 esse
1525 4153 1681 4206 etiam
1708 4167 1825 4221 qua:
1852 4154 2020 4208 mani-

434 4251 636 4308 festum
658 4259 739 4307 est
767 4264 886 4306 esse
907 4248 1216 4315 mendacia;
1244 4249 1325 4304 vel
1364 4259 1509 4306 certe
1531 4250 1598 4304 ad
1629 4260 1924 4306 extremum
1951 4252 2018 4306 de

438 4342 529 4400 liis
557 4343 744 4399 saltem
778 4342 938 4397 rebus
986 4357 1103 4412 qua:
1127 4340 1194 4397 ad
1225 4340 1517 4396 doctrinam
1556 4341 1827 4412 religionis
1854 4342 2011 4412 perti~

436 4440 573 4490 nent
594 4474 609 4499 ,
638 4433 783 4488 nullo
811 4432 970 4487 modo
1013 4446 1134 4487 esse
1176 4430 1562 4487 mentiendum.
1606 4431 1693 4488 Sic
1719 4433 1859 4488 enim
1895 4447 2021 4488 vere

441 4522 683 4579 funditus
712 4531 1040 4591 evertuntur,
1070 4522 1195 4578 dum
1249 4522 1506 4579 evertitur
1543 4523 1632 4579 ubi
1657 4522 2015 4580 delitescunt:

437 4626 500 4673 ut
521 4632 585 4672 eo
615 4616 727 4685 ipso
754 4615 971 4672 minime
1016 4615 1255 4671 sectandi
1288 4624 1343 4671 et
1367 4616 1595 4672 maxime
1631 4617 1850 4672 cavendi
1875 4616 2019 4687 judi-

439 4717 651 4775 ccntur,
681 4724 785 4779 quo
809 4723 869 4763 se
906 4708 974 4762 ad
1010 4706 1373 4762 occultandam
1402 4708 1647 4763 bteresim
1678 4722 1825 4762 suam
1856 4708 2020 4778 proﬁ-

441 4809 625 4856 tentur
649 4815 768 4856 esse
816 4799 1120 4855 mendaces.
1149 4796 1261 4854 Iloc
1286 4798 1338 4853 in
1371 4799 1450 4853 eis
1475 4808 1556 4854 est
1585 4799 1826 4870 primitus
1853 4815 2019 4870 expu-

440 4892 731 4963 gnandum,
779 4891 880 4945 hoc
926 4905 1111 4946 eorum
1153 4889 1297 4944 velut
1332 4888 1582 4945 idoneum
1636 4890 2019 4946 munimentum

438 4983 679 5039 veritatis
706 4982 896 5036 ictibus
914 4980 1203 5035 feriendum
1231 4989 1387 5051 atque
1412 4979 1781 5051 dejiciendum.
1814 4979 1922 5037 Nec
1942 4981 2019 5037 eis

440 5091 601 5146 quam
630 5089 735 5129 non
759 5071 1063 5136 habebant,
1093 5070 1193 5126 alia
1230 5071 1429 5126 latebra
1465 5085 1570 5141 quo
1596 5070 1901 5141 confugiant
1938 5080 2022 5127 est

443 5164 731 5235 pra‘bcnda
754 5180 765 5216 :
792 5171 849 5218 ut
877 5163 921 5217 si
948 5161 1084 5217 forte
1112 5160 1179 5215 ab
1209 5161 1288 5216 his
1312 5161 1608 5231 produntur
1630 5203 1644 5229 ,
1673 5177 1807 5231 quos
1845 5163 2019 5218 conati

441 5257 643 5310 fuerint
667 5256 921 5311 seducere
938 5296 951 5320 ,
979 5269 1075 5309 nec
1095 5252 1386 5323 potuerint,
1418 5252 1627 5320 dicant,
1651 5253 1878 5308 Tentare
1905 5253 2021 5309 illos

445 5348 744 5410 voluimus,
774 5345 1019 5415 quoniam
1048 5344 1331 5414 prudentes
1355 5344 1916 5401 catholicidocucrunt
1952 5345 2019 5400 ad

447 5436 793 5491 inveniendos
849 5435 1125 5491 haereticos
1174 5434 1227 5489 id
1256 5449 1373 5490 esse
1415 5435 1731 5491 faciendum.
1772 5434 1877 5492 Sed
1925 5435 2022 5490 ali-

447 5533 647 5595 quanto
672 5524 1088 5583 commendatius
1115 5534 1323 5598 oportet
1344 5536 1399 5581 ut
1423 5526 1614 5593 dicam,
1645 5541 1740 5581 cur
1768 5527 1865 5582 ista
1891 5526 2021 5582 mihi

450 5614 698 5671 videatur
723 5616 979 5685 tripartita
1002 5620 1140 5673 ratio
1176 5619 1481 5689 disputandi
1520 5618 1773 5674 adversus
1813 5632 1914 5673 cos-
1932 5619 2019 5689 qui

450 5716 702 5786 patronus
728 5707 1014 5765 mendaciis
1036 5710 1143 5766 suis
1169 5712 1353 5766 volunt
1373 5710 1623 5765 adhibere
1648 5708 1849 5765 divinas
1878 5708 2021 5767 Seri-

516 5844 531 5879 ³
567 5844 851 5897 Sorbonicus
872 5850 974 5910 Ms,
991 5851 1036 5896 ct
1058 5856 1149 5896 non
1168 5847 1321 5911 magis
1343 5846 1693 5913 redarguenda.
1717 5855 1853 5913 Ergo,
1879 5856 1973 5902 etc.

1416 371 1688 433 CONTRA
1732 364 2151 437 MENDACIUM,
2191 366 2251 423 S.
2282 360 2646 424 AUGUSTINI

2120 491 2338 555 pturas:
2370 491 2428 538 ut
2452 481 2597 551 prius
2623 479 2964 538 ostendamus
2983 478 3235 536 nonnulla
3261 492 3379 551 qua:
3395 480 3467 537 ibi
3495 492 3689 553 petam

2119 585 2205 631 tur
2227 591 2344 633 esse
2367 575 2638 631 mendacia
2654 615 2668 641 ,
2697 590 2802 630 non
2848 589 2968 631 esse
2995 572 3136 645 quod
3161 582 3440 645 putantur,
3466 576 3513 631 si
3541 586 3691 636 recte

2118 666 2502 737 intelligantur;
2527 665 2748 734 deinde,
2773 666 2820 723 si
2846 681 2948 738 qua
2989 666 3061 722 ibi
3094 666 3368 722 mendacia
3403 668 3690 726 manifesta

2117 767 2267 825 sunt,
2299 757 2551 813 imitanda
2577 773 2683 815 non
2728 772 2886 823 esse;
2918 758 3107 826 tertio,
3135 765 3323 814 contra
3363 774 3553 815 omnes
3575 776 3697 817 om-

2117 851 2260 907 nium
2286 850 2590 921 opiniones,
2619 850 2809 921 quibus
2847 848 3052 906 videtur
3069 848 3137 904 ad
3166 849 3266 903 viri
3307 848 3434 905 boni
3453 849 3695 907 ofﬁcium

2117 944 2381 1013 pertinere
2407 941 2688 1012 aliquando
2716 941 2960 1008 mentiri,
2987 941 3135 997 omni
3169 940 3329 997 modo
3360 942 3650 998 tenendum
3675 981 3696 1011 ,

2117 1033 2172 1090 in
2204 1034 2443 1090 doctrina
2471 1035 2737 1105 religionis
2760 1035 2908 1091 nullo
2944 1035 3102 1091 modo
3144 1049 3265 1092 esse
3300 1036 3696 1092 mentiendum.

2118 1126 2243 1182 llaec
2265 1127 2406 1183 enim
2428 1128 2526 1183 tria
2556 1127 2648 1183 tibi
2670 1128 2689 1161 ί
2715 1128 3048 1200 exsequenda
3072 1128 3232 1200 paulo
3259 1138 3382 1203 ante
3420 1144 3700 1189 commena

2118 1216 2236 1273 davi
2257 1260 2272 1286 ,
2299 1228 2353 1274 et
2374 1220 2603 1291 quodam
2627 1220 2785 1277 modo
2809 1221 3031 1291 injunxi.

2190 1311 2412 1369 CAPUT
2452 1314 2566 1369 XII.
2594 1344 2665 1354 -—
2686 1313 2776 1369 26.
2804 1312 3054 1385 Exempla
3080 1316 3347 1387 mentiendi
3371 1320 3607 1388 quedam
3630 1334 3699 1374 ea:

2118 1404 2357 1461 veteribus
2394 1405 2674 1476 Scripturis
2710 1423 2822 1462 vere
2858 1406 3014 1473 talia,
3052 1406 3292 1462 ear-Novo
3316 1418 3483 1463 autem
3510 1408 3700 1465 Testa-

2117 1505 2283 1551 mento
2311 1497 2453 1553 nulla
2482 1498 2716 1567 proferri.
2750 1498 3021 1554 Simulatio
3056 1497 3199 1553 Petri
3236 1508 3283 1553 et
3308 1499 3558 1555 Barnabas
3589 1517 3699 1556 me-

2117 1590 2214 1644 rito
2254 1591 2555 1660 reprehensa
2594 1607 2625 1644 a
2670 1589 2861 1645 Paulo.
2909 1590 3029 1645 Non
3074 1591 3381 1647 mendaciter
3421 1593 3701 1649 observata:

2116 1697 2150 1736 a
2176 1680 2344 1737 Paulo
2377 1682 2527 1754 Legis
2562 1683 2794 1754 quoniam
2830 1683 3156 1737 cwrentonite.
3188 1682 3383 1738 Paulus
3416 1700 3518 1738 non
3547 1702 3696 1740 men-

2119 1773 2306 1841 tiendo,
2334 1774 2422 1828 sed
2446 1773 2792 1844 compatiendo
2818 1775 3047 1829 omnibus
3070 1775 3240 1829 omnia
3264 1777 3447 1846 factus.
3477 1774 3698 1830 Munda-

2118 1863 2250 1916 cium
2277 1864 2398 1933 quid
2424 1865 2506 1918 sit.
2538 1864 2619 1919 Ad
2655 1863 2981 1920 ostendenda
3017 1878 3146 1935 ergo
3174 1864 3417 1936 qumdam
3443 1881 3563 1936 qua:
3589 1882 3695 1936 pu-

2119 1961 2298 2010 tantur
2322 1956 2375 2010 in
2400 1956 2684 2027 Scripturis
2708 1971 2827 2012 esse
2851 1956 3149 2024 mendacia,
3176 1971 3284 2012 non
3312 1971 3376 2012 ea
3402 1971 3522 2013 esse
3549 1957 3715 2028 quod‘

2119 2056 2401 2117 putantur,
2428 2048 2475 2103 si
2512 2058 2656 2104 recte
2690 2048 3081 2120 intelligantur;
3123 2063 3230 2103 non
3269 2049 3361 2104 tibi
3388 2063 3574 2119 parum
3600 2048 3700 2105 ad-

2118 2153 2304 2196 versus
2334 2140 2465 2196 istos
2489 2140 2663 2196 valere
2685 2140 2946 2209 videatur,
2975 2140 3118 2212 quod
3141 2155 3248 2196 non
3276 2140 3344 2198 de
3367 2142 3696 2212 apostolicis,

2118 2231 2215 2287 sed
2256 2232 2322 2287 de
2360 2232 2682 2303 propheticis
2715 2232 2931 2289 Litteris
2967 2230 3257 2289 inveniunt
3278 2234 3421 2290 velut
3451 2237 3700 2307 exempla

2118 2324 2429 2381 mentiendi.
2456 2325 2548 2381 Illa
2573 2326 2765 2397 quippe
2786 2326 2962 2382 omnia
2987 2342 3104 2397 qua:
3128 2328 3438 2383 nominatim
3458 2343 3697 2385 commc-

2118 2426 2330 2473 merant
2355 2417 2441 2472 ubi
2466 2417 2535 2472 sit
2557 2418 2780 2488 quisque
2803 2419 3083 2485 mentitus,
3112 2420 3167 2474 in
3195 2419 3275 2476 eis
3304 2419 3475 2475 Libris
3503 2420 3697 2491 legun-

2119 2519 2234 2578 tur,
2265 2511 2319 2565 in
2355 2510 2546 2583 quibus
2582 2527 2690 2567 non
2718 2512 2888 2567 solum
2917 2512 3087 2581 dicta,
3132 2528 3318 2569 verum
3358 2514 3514 2569 etiam
3556 2512 3700 2570 facta

2117 2606 2283 2663 multa
2308 2608 2528 2679 ﬁgurata
2551 2610 2851 2678 conscripta
2876 2616 2999 2663 sunt
3017 2610 3060 2675 ³,
3086 2608 3209 2680 quia
3233 2616 3287 2664 ct
3310 2608 3528 2679 ﬁgurate
3547 2615 3700 2679 gesta

2118 2707 2264 2757 sunt.
2289 2700 2346 2756 In
2369 2700 2547 2771 ﬁguris
2565 2709 2741 2758 autem
2766 2701 2907 2772 quod
2928 2701 3071 2757 velut
3088 2702 3423 2758 mendacium
3441 2701 3461 2732 ³
3479 2701 3696 2766 dicitur,

2117 2789 2256 2846 bene
2290 2789 2615 2847 intellectum
2656 2806 2839 2847 verum
2878 2791 3160 2847 invenitur.
3193 2791 3432 2863 Apostoli
3470 2804 3597 2846 vero
3640 2791 3699 2847 in

2118 2885 2371 2957 Epistolis
2399 2884 2508 2940 suis
2545 2883 2700 2941 aliter
2735 2884 2896 2940 locuti
2933 2892 3088 2951 sunt,
3114 2882 3373 2954 aliterque
3408 2882 3702 2953 conscripti

2118 2979 2283 3036 Actus
2301 2976 2699 3047 Apostolorum,
2720 2975 2832 3046 jam
2846 2974 3089 3032 videlicet
3108 2974 3339 3031 revelato
3355 2974 3702 3031 Testamento

2118 3069 2287 3136 Novo,
2310 3066 2449 3137 quod
2472 3066 2576 3121 illis
2597 3066 2780 3136 ﬁguris
2799 3064 3124 3137 propheticis
3142 3064 3428 3120 velabatur.
3452 3063 3698 3134 Denique

2118 3162 2173 3217 in
2200 3169 2277 3217 tot
2302 3156 2552 3229 Epistolis
2578 3156 2881 3227 apostolicis
2904 3197 2919 3224 ,
2958 3165 3114 3227 atque
3151 3155 3202 3211 in
3231 3156 3345 3226 ipso
3372 3165 3477 3211 tam
3500 3155 3698 3225 grandi

2118 3258 2256 3314 libro
2278 3260 2330 3314 in
2353 3274 2458 3330 quo
2480 3266 2627 3316 actus
2649 3273 2834 3314 eorum
2862 3257 3116 3313 canonica
3142 3257 3364 3312 veritate
3388 3264 3697 3323 narrantur,

2118 3365 2226 3406 non
2252 3350 2517 3406 invenitur
2542 3350 2661 3405 talis
2683 3350 2873 3421 aliquis
2897 3349 3182 3416 mentiens,
3206 3356 3265 3403 ut
3288 3348 3356 3404 de
3379 3348 3469 3404 illo
3491 3347 3559 3404 ab
3578 3348 3703 3405 istis

2119 3440 2187 3496 ad
2212 3439 2498 3496 mentiendi
2528 3439 2793 3496 licentiam
2822 3447 3149 3510 proponatur
3172 3439 3492 3508 exemplum.
3516 3438 3702 3505 Quan-

2120 3530 2404 3601 doquidem
2430 3531 2516 3586 illa
2548 3531 2687 3586 Petri
2718 3538 2773 3585 et
2798 3530 3052 3585 Barnabas
3078 3529 3343 3585 simulatio
3373 3544 3471 3599 qua
3497 3529 3702 3586 Gentes

2115 3623 2386 3694 judaizare
2414 3624 2691 3694 cogebant,
2722 3622 2911 3679 merito
2936 3623 3257 3693 reprehensa
3281 3631 3439 3692 atque
3457 3631 3698 3678 correcta

2119 3724 2201 3770 est
2219 3756 2232 3780 ,
2263 3724 2317 3769 et
2345 3730 2411 3769 ne
2440 3724 2563 3769 tunc
2590 3723 2834 3781 noceret,
2865 3723 2919 3770 et
2944 3730 3010 3770 nc
3035 3714 3260 3784 posteris
3289 3714 3355 3768 ad
3382 3711 3699 3769 imitandum

2120 3808 2339 3862 valeret.
2365 3805 2496 3860 Cum
2521 3806 2661 3860 enim
2688 3806 2908 3861 vidisset
2929 3806 3197 3877 apostolus
3222 3805 3415 3860 Paulus
3440 3807 3558 3875 quia
3585 3818 3699 3860 non

2119 3909 2264 3957 recte
2293 3899 2658 3969 ingrediuntur
2684 3900 2750 3955 ad
2774 3900 3045 3955 veritatem
3070 3900 3357 3970 Evangelii,
3384 3898 3515 3954 dixit
3535 3898 3700 3955 Petro

2120 4008 2299 4050 coram
2325 3993 2570 4050 omnibus
2600 4012 2613 4048 :
2643 3993 2705 4049 Si
2734 4003 2790 4048 tu
2821 4011 2936 4049 cum
2969 3995 3038 4049 sis
3074 3994 3288 4048 Judazus
3307 4032 3322 4059 ,
3365 3992 3627 4047 Gentiliter
3651 4000 3702 4046 et

2120 4104 2223 4142 non
2266 4085 2482 4142 Judaice
2530 4086 2687 4153 vivis;
2738 4086 2987 4155 quentodo
3031 4078 3210 4142 Gentes
3252 4086 3391 4157 cogis
3432 4084 3702 4155 iudaizare

2122 4180 2316 4253 (Galat.
2338 4196 2396 4247 ιι,
2421 4180 2507 4247 15,
2539 4178 2669 4250 ﬂ)?
2694 4178 2752 4235 Id
2775 4187 2951 4235 autem
2979 4178 3122 4251 quod
3148 4178 3263 4250 ipse
3287 4176 3431 4245 fecit,
3459 4185 3515 4231 ut
3536 4190 3703 4246 quas-

2121 4273 2244 4330 dam
2293 4273 2692 4330 observationes
2743 4273 3006 4344 legitimas
3048 4271 3259 4343 judaica
3312 4268 3703 4327 consuetudine

2122 4366 2400 4425 retinendo
2424 4375 2478 4423 et
2498 4366 2703 4438 agendo
2727 4381 2834 4422 non
2859 4379 2920 4422 se
2943 4365 3213 4420 inimicum
3236 4363 3363 4435 Legi
3389 4362 3705 4433 Prophctis-

2120 4474 2226 4530 que
2247 4467 2586 4523 monstraret,
2615 4458 2754 4515 absit
2780 4467 2839 4513 ut
2866 4455 3193 4513 mendaciter
3216 4471 3341 4513 eum
3368 4454 3558 4511 fecisse
3579 4468 3706 4511 cre-

2123 4550 2328 4607 damus.
2357 4550 2431 4605 De
2453 4550 2553 4605 hac
2574 4550 2770 4621 quippe
2793 4564 2851 4605 re
2874 4549 3003 4605 satis
3028 4556 3111 4605 est
3134 4548 3247 4619 ejus
3268 4558 3391 4604 nota
3409 4547 3703 4615 sententia,

2123 4657 2225 4715 qua
2254 4642 2422 4697 fuerat
2449 4642 2814 4709 constitutum,
2843 4655 2943 4697 nec
2965 4640 3179 4697 Judaeos
3202 4641 3291 4713 qui
3318 4650 3441 4696 tunc
3466 4640 3521 4696 in
3546 4638 3708 4695 Chri-

2122 4747 2262 4796 stum
2287 4738 2574 4795 credebant
2595 4737 2957 4810 prohibendos
2984 4753 3102 4795 esse
3129 4753 3161 4793 a
3186 4736 3422 4808 paternis
3454 4735 3705 4791 traditio-

2123 4830 2299 4898 nibus,
2322 4845 2422 4886 nec
2436 4829 2508 4893 ad
2530 4845 2623 4886 eas
2640 4830 2880 4887 Gentiles
2899 4845 3018 4885 cum
3039 4829 3321 4884 Christiani
3348 4828 3556 4895 fierent,
3579 4841 3707 4884 esse

2123 4923 2390 4995 cogendos
2419 4941 2432 4977 :
2461 4930 2519 4978 ut
2544 4922 2635 4977 illa
2659 4929 2989 4977 sacramenta
3016 4936 3136 4991 qua:
3162 4920 3413 4976 divinitus
3437 4929 3700 4991 percepta

2123 5030 2243 5072 esse
2270 5022 2569 5082 constaret,
2606 5028 2714 5069 non
2755 5021 3002 5082 tanquam
3041 5012 3315 5083 sacrilegia
3353 5012 3703 5085 fugerentur;

2124 5122 2225 5164 nec
2249 5114 2423 5162 tamen
2449 5114 2759 5177 putarentur
2780 5104 2858 5160 sic
2886 5104 3184 5162 necessaria
3206 5103 3319 5175 jam
3345 5105 3491 5161 Novo
3510 5106 3705 5161 Testa-

2125 5209 2306 5256 mento
2334 5200 2589 5266 revelato,
2622 5206 2870 5269 tanquam
2899 5198 3016 5254 sine
3042 5197 3109 5253 iis
3136 5197 3451 5268 quicumque
3478 5209 3709 5251 conver-

2125 5298 2367 5346 terentur
2390 5290 2456 5346 ad
2481 5291 2648 5345 Deum
2671 5289 2802 5345 salvi
2827 5304 2946 5345 esse
2977 5304 3081 5344 non
3111 5298 3346 5359 possent.
3369 5287 3537 5343 Erant
3559 5287 3709 5344 enim

2124 5382 2215 5455 qui
2244 5380 2343 5437 hoc
2367 5380 2623 5452 putabant
2644 5389 2804 5452 atque
2828 5381 3207 5451 praedicabant,
3228 5379 3469 5451 quamvis
3486 5378 3598 5449 jam
3620 5393 3708 5434 re-

2126 5483 2279 5545 cepto
2309 5472 2503 5530 Christi
2524 5472 2831 5544 Evangelio,
2859 5483 2916 5529 et
2941 5473 3018 5529 eis
3046 5472 3291 5529 simulate
3322 5478 3713 5528 consenserant

2127 5568 2313 5625 Petrus
2341 5575 2392 5623 et
2417 5565 2720 5631 Barnabas;
2759 5564 2984 5636 ideoque
3015 5564 3274 5635 cogebant
3302 5562 3498 5622 Gentes
3524 5560 3709 5633 iudai-

2191 5727 2207 5757 ί
2242 5733 2370 5787 l.ov.,
2400 5725 2493 5777 tria
2618 5727 2702 5776 Alii
2726 5727 2933 5785 codices,
2959 5726 3062 5777 tibi.

2190 5791 2211 5853 ξ
2245 5796 2344 5838 Duo
2365 5797 2490 5850 Mss,
2516 5787 2724 5853 ﬁgurate
2747 5789 3015 5853 conscripta
3038 5790 3163 5837 sunt.

2088 5862 2131 5883 ιλ
2192 5852 2212 5883 ³
2245 5861 2344 5903 Am.
2370 5858 2442 5903 Et.
2472 5850 2527 5904 ct
2545 5850 2712 5919 plures
2735 5860 2859 5913 Mss,
2886 5850 3011 5923 velut
3032 5850 3274 5903 mendum.
