4070 6334
250 418 362 481 τη

257 548 395 594 rare.
415 528 475 589 Id
495 536 618 588 erat
633 526 777 587 enim
796 539 1008 600 cogere,
1028 524 1108 583 sic
1125 536 1189 582 ea
1207 522 1507 582 necessaria
1524 521 1844 595 praedicare,

259 636 509 698 tanquam
548 631 607 681 et
631 629 848 694 recepto
875 617 1165 692 Evangelio
1207 618 1355 674 nulla
1399 616 1517 672 sine
1557 615 1663 671 illis
1701 615 1848 671 salus

259 726 399 778 esset
426 717 483 772 in
509 714 746 772 Christo.
779 713 892 769 Hoc
916 725 1070 769 error
1096 709 1446 783 quorumdam
1474 707 1714 781 putabat,
1745 708 1847 763 hoc

260 812 417 868 timor
437 807 585 866 Petri
606 805 909 872 simulabat,
935 804 1040 860 hoc
1057 803 1277 861 libertas
1296 803 1449 859 Pauli
1471 800 1845 873 redarguebat.

259 900 408 969 Quod
434 913 569 971 ergo
597 899 707 966 ait,
741 895 985 952 Omnibus
1013 895 1184 951 omnia
1221 897 1388 968 factus
1423 910 1564 960 sum,
1595 902 1651 947 ut
1676 908 1849 948 omnes

259 992 645 1062 tacrifacerem;
672 987 1047 1060 compaticndo
1084 987 1138 1043 id
1175 986 1333 1054 fecit,
1372 1000 1477 1042 non
1517 983 1846 1044 mentiendo.

258 1085 343 1140 Fit
376 1082 526 1139 enim
563 1081 793 1154 quisque
836 1090 1084 1152 tanquam
1128 1079 1220 1136 ille
1267 1078 1353 1135 cui
1390 1077 1504 1135 vult
1543 1076 1845 1143 subvenire,

255 1176 471 1247 quando
502 1184 649 1231 tanta
674 1172 1039 1231 misericordia
1066 1171 1342 1238 subvenit,
1375 1178 1569 1242 quanta
1595 1170 1694 1225 sibi
1719 1167 1849 1224 sub-

256 1269 427 1326 veniri
455 1269 639 1335 vellet,
665 1267 713 1323 si
736 1274 879 1324 esset
907 1266 1022 1337 ipse
1049 1268 1103 1321 in
1130 1264 1318 1321 eadem
1346 1263 1561 1320 miseria
1586 1262 1848 1318 constitu-

258 1370 360 1418 tus.
393 1360 578 1432 Itaque
607 1360 668 1415 ﬁt
695 1368 947 1430 tanquam
975 1358 1085 1426 ille,
1112 1373 1221 1414 non
1245 1357 1367 1428 quia
1394 1356 1527 1411 fallit
1553 1356 1724 1423 illum,
1755 1355 1849 1411 sed

254 1455 374 1527 quia
401 1470 462 1510 se
490 1454 690 1524 cogitat
726 1454 865 1510 sicut
900 1453 1072 1508 illum.
1105 1451 1258 1508 Unde
1284 1450 1413 1506 illud
1441 1460 1525 1505 est
1563 1450 1681 1520 ejus
1715 1464 1850 1521 apo-

253 1548 375 1605 stoli
395 1587 413 1613 ,
443 1545 588 1616 quod
624 1545 737 1616 jam
773 1560 932 1614 supra
972 1542 1388 1599 commemoravi
1418 1559 1432 1597 :
1460 1540 1668 1596 Fratres
1687 1581 1701 1607 ,
1730 1549 1776 1595 et
1805 1540 1850 1596 si

253 1646 640 1710 meum
666 1637 816 1707 fuerit
840 1636 989 1691 homo
1014 1636 1067 1689 in
1091 1634 1260 1705 aliqua
1286 1633 1491 1700 delicto,
1516 1647 1605 1687 uos
1628 1632 1715 1702 qui
1742 1632 1851 1702 spi-

254 1736 463 1790 rituales
502 1735 652 1800 estis,
682 1733 913 1788 instruite
940 1731 1233 1803 hujusmodi
1268 1730 1322 1785 in
1352 1729 1531 1801 spiritu
1560 1735 1849 1784 mansuetu-

255 1827 407 1893 dinis,
426 1827 693 1893 intendens
712 1836 760 1881 te
784 1828 972 1897 ipsum,
989 1843 1053 1880 ne
1074 1835 1120 1880 ct
1145 1835 1199 1879 tu
1227 1824 1428 1879 tenteris
1457 1822 1653 1893 (Galat.
1677 1837 1747 1889 vi,
1770 1823 1845 1892 l).

253 1919 385 1977 Nam
412 1920 459 1974 si
487 1927 774 1990 propterea
803 1918 925 1988 quia
953 1917 1121 1983 dixit,
1154 1916 1347 1971 Factus
1376 1932 1486 1972 sum
1513 1914 1708 1970 luditis
1731 1924 1848 1969 tan-

255 2030 407 2084 quam
435 2011 651 2066 Juda'us
671 2053 687 2080 ,
715 2021 764 2066 et
791 2011 854 2066 iis
880 2012 966 2082 qui
993 2012 1086 2065 sub
1114 2009 1247 2081 Lege
1276 2017 1419 2063 erant
1438 2051 1452 2076 ,
1483 2017 1721 2077 tanquam
1757 2006 1849 2060 sub

255 2104 391 2176 Lege
421 2104 464 2176 (ι
488 2103 609 2159 Cor.
636 2119 712 2170 ix,
734 2100 958 2173 20—22);
984 2101 1105 2157 ideo
1128 2100 1394 2170 putandus
1420 2108 1502 2155 est
1522 2096 1851 2153 mendaciter

254 2196 559 2265 suscepisse
589 2193 747 2265 Legis
779 2192 974 2249 veteris
1008 2199 1340 2247 sacramenta
1370 2207 1383 2245 :
1415 2189 1598 2246 debuit
1625 2196 1680 2244 et
1707 2187 1850 2245 Gen-

256 2289 394 2345 tium
423 2287 777 2344 idololatriam
806 2286 996 2342 eodem
1026 2284 1186 2341 modo
1214 2283 1524 2340 mentiendo
1551 2282 1846 2354 suscipere,

256 2382 379 2453 quia
410 2380 545 2436 dixit
567 2382 729 2436 etiam
756 2380 823 2436 iis
848 2379 939 2450 qui
968 2380 1086 2435 sine
1107 2379 1249 2450 Lege
1275 2387 1429 2435 erant
1455 2386 1705 2449 tanquam
1731 2376 1850 2433 sine

258 2472 398 2544 Lege
420 2486 480 2528 se
507 2471 728 2539 factum,
754 2480 813 2526 ut
838 2485 934 2527 eos
959 2469 1296 2526 lucrifaceret
1323 2486 1338 2524 :
1367 2469 1509 2540 quod
1533 2469 1716 2539 utique
1741 2484 1850 2525 non

257 2565 400 2620 facit.
421 2562 543 2619 Non
568 2563 713 2619 enim
738 2562 933 2618 alicubi
958 2561 1278 2619 sacriﬁcavit
1300 2560 1476 2628 idolis,
1499 2568 1590 2617 aut
1609 2559 1850 2617 adoravit

257 2660 343 2717 illa
370 2660 660 2731 ﬁgmenta;
702 2672 767 2713 ac
793 2672 900 2713 non
930 2656 1106 2727 potius
1149 2656 1316 2712 libere
1360 2665 1607 2726 tanquam
1647 2662 1851 2725 martyr

258 2751 453 2808 Christi
491 2748 811 2806 detestanda
853 2757 908 2804 et
947 2746 1161 2803 vitanda
1204 2746 1536 2803 monstravit.
1579 2746 1654 2801 De
1692 2745 1849 2803 nullis

257 2843 415 2916 igitur
458 2841 771 2913 apostolicis
812 2840 1020 2897 actibus
1061 2840 1175 2896 sive
1215 2840 1553 2897 sermonibus
1596 2840 1681 2895 isti
1720 2854 1849 2911 pro-

258 2937 431 2993 ferunt
470 2933 731 2991 imitanda
773 2933 1019 3004 exempla
1058 2932 1373 2989 mentiendi.
1418 2932 1494 2988 De
1522 2931 1850 3002 propheticis

259 3043 384 3099 ergo
418 3027 576 3083 factis
613 3041 711 3082 seu
743 3025 902 3082 dictis
928 3024 1051 3080 ideo
1074 3024 1177 3080 sibi
1206 3023 1454 3080 videntur
1478 3022 1680 3079 habere
1706 3023 1848 3093 quod

260 3119 568 3192 proferant,
612 3118 737 3189 quia
781 3118 978 3188 ﬁguras
1018 3115 1454 3189 praenuntiativas
1499 3124 1686 3185 putant
1728 3128 1851 3171 esse

259 3214 529 3271 mendacia
552 3255 568 3281 ,
613 3227 682 3269 eo
722 3210 864 3282 quod
904 3210 1197 3267 mendaciis
1234 3209 1340 3265 sint
1375 3207 1659 3276 aliquando
1697 3205 1848 3261 simi-

259 3309 324 3365 lia
344 3308 446 3379 (α).
473 3306 584 3364 Sed
623 3321 749 3363 cum
790 3304 1094 3362 referuntur
1133 3303 1201 3359 ad
1239 3317 1333 3360 eas
1359 3317 1447 3358 res
1474 3310 1691 3374 propter
1717 3315 1851 3371 quas

256 3399 636 3473 signiﬁeandas
663 3399 737 3454 ita
766 3396 906 3453 facta
933 3396 1021 3452 vel
1047 3396 1190 3451 dicta
1218 3402 1375 3460 sunt,
1408 3393 1746 3464 reperiuntur
1772 3392 1850 3448 si-

258 3493 628 3563 gniﬁcationes
647 3505 769 3547 esse
790 3504 1028 3555 veraces,
1054 3503 1117 3545 ac
1144 3503 1239 3560 per
1259 3487 1362 3542 hoc
1384 3485 1532 3541 nullo
1554 3484 1712 3540 modo
1731 3498 1851 3541 esse

259 3584 553 3640 mendacia.
599 3580 930 3638 Mendacium
979 3589 1061 3636 est
1108 3580 1304 3650 quippe
1355 3577 1484 3632 falsa
1532 3575 1849 3646 signiﬁcatio

258 3695 372 3736 cum
408 3678 683 3733 voluntate
724 3674 960 3731 fallendi.
991 3673 1108 3728 Non
1148 3680 1231 3729 cst
1269 3679 1444 3726 autem
1488 3668 1621 3724 falsa
1650 3666 1850 3739 signiﬁ-

257 3770 425 3834 catio,
455 3768 548 3823 ubi
589 3766 691 3822 etsi
732 3764 873 3820 aliud
913 3780 980 3820 ex
1018 3764 1123 3819 alio
1151 3762 1513 3832 signiﬁcatur,
1544 3773 1729 3814 verum
1766 3766 1850 3814 cst

259 3870 432 3917 tamen
458 3860 603 3931 quod
629 3856 977 3929 signiﬁcatur,
1007 3856 1050 3910 si
1080 3863 1227 3912 recte
1258 3853 1599 3921 intelligatur.
1650 3870 1653 3875 ·
1686 3886 1715 3913 .

321 3954 551 4012 CAPUT
578 3951 718 4009 XIII.
741 3980 813 3992 —
835 3951 925 4006 9.7.
950 3949 1302 4004 Discutiuntur
1322 3948 1434 4001 loca
1456 3945 1716 4016 Evangelii
1736 3960 1848 4015 qua:

258 4048 489 4103 uidentur
517 4044 831 4116 patrocinari
854 4041 1137 4097 mendacio.
1165 4039 1395 4096 Christus
1421 4039 1636 4109 ﬁgurate
1660 4038 1849 4092 nescire

256 4155 309 4193 se
348 4138 498 4208 ﬁnxit
537 4137 675 4207 quod
715 4135 922 4191 sciebat.
963 4132 1098 4191 Item
1137 4130 1427 4203 prophetice
1462 4139 1509 4184 et
1546 4129 1761 4201 ﬁgurate
1795 4144 1849 4184 se

258 4232 403 4300 ﬁnxit
432 4230 634 4301 longius
671 4229 764 4284 ire.
797 4226 934 4283 Sunt
969 4224 1212 4297 qumdam
1252 4221 1514 4294 ejusmodi
1543 4220 1702 4277 ctiam
1728 4219 1846 4277 Sal-

259 4325 456 4381 vatoris
482 4323 538 4380 in
565 4320 874 4393 Evangelio,
903 4320 1031 4390 quia
1057 4326 1113 4374 et
1135 4318 1249 4389 ipse
1274 4315 1533 4372 Dominus
1554 4313 1849 4385 Propheta-

258 4432 373 4473 rum
409 4413 680 4485 Propheta
717 4427 841 4470 esse
867 4412 1118 4483 dignatus
1144 4418 1246 4465 est.
1278 4407 1425 4463 Talia
1455 4415 1580 4462 sunt
1608 4405 1727 4471 illa,
1758 4403 1847 4459 ubi

259 4507 323 4565 dc
342 4508 572 4564 muliere
590 4521 712 4577 qua:
730 4504 933 4562 fluxum
960 4502 1233 4573 sanguinis
1257 4500 1571 4572 patiebatur,
1599 4498 1694 4566 ait,
1721 4497 1848 4565 Quis

259 4619 335 4657 nte
360 4603 523 4673 tetigit
551 4599 704 4671 (Luc.
731 4612 827 4654 vm
847 4639 862 4663 ,
890 4597 982 4667 45)
1001 4598 1025 4651 ?
1046 4605 1102 4652 et
1123 4594 1192 4651 de
1214 4594 1449 4659 Lazaro,
1485 4591 1583 4646 Ubi
1611 4588 1846 4663 posuistis

262 4710 368 4749 eum
398 4692 582 4766 (Ioan.
613 4707 707 4758 st,
746 4690 875 4760 34)?
914 4689 1004 4744 Sic
1040 4688 1238 4758 quippe
1279 4684 1656 4753 interrogavit,
1698 4681 1849 4753 quasi

261 4786 506 4842 nesciens
543 4783 688 4855 quod
729 4782 912 4853 utique
949 4779 1172 4837 sciebat.
1201 4778 1280 4833 Ac
1308 4774 1530 4847 pcr~boc
1556 4773 1765 4829 nescire
1788 4787 1849 4829 se

262 4878 443 4945 ﬁnxit,
472 4886 533 4933 ut
561 4874 759 4947 aliquid
784 4874 928 4930 aliud
954 4873 1042 4928 illa
1071 4872 1217 4928 velut
1244 4868 1538 4940 ignorantia
1565 4880 1661 4922 sua
1686 4865 1848 4937 signi-

262 4971 446 5028 licaret
471 4988 486 5026 :
514 4985 636 5040 quze
677 4968 996 5040 signiﬁcatio
1038 4964 1289 5037 quoniam
1329 4977 1488 5018 verax
1516 4968 1665 5028 erat,
1695 4974 1848 5015 men-

262 5063 470 5121 dacium
494 5061 737 5136 profecto
763 5075 870 5117 non
899 5067 1033 5115 erat.
1074 5057 1182 5114 Eos
1208 5070 1434 5127 namque
1460 5052 1846 5124 signiﬁcabant,

260 5156 368 5212 sive
395 5156 486 5211 illa
514 5154 719 5210 fluxum
753 5150 1028 5221 sanguinis
1066 5148 1305 5219 patiens,
1345 5146 1459 5202 sive
1495 5145 1582 5200 ille
1609 5152 1851 5200 mortuus

263 5246 644 5317 quatriduanus
662 5286 679 5313 ,
707 5257 844 5315 quos
868 5242 1030 5299 etiam
1059 5240 1151 5312 qui
1178 5247 1367 5296 cuncta
1397 5238 1598 5294 sciebat
1620 5237 1850 5307 quodam

265 5339 420 5395 modo
465 5335 761 5395 nesciebat.
805 5334 937 5390 Nam
984 5342 1039 5389 ct
1080 5332 1168 5387 illa
1207 5338 1391 5403 typum
1431 5329 1650 5400 gerebat
1682 5328 1852 5399 plebis

266 5429 545 5497 Gentium,
575 5427 720 5484 unde
746 5425 1020 5499 praemissa
1060 5422 1233 5479 fuerat
1262 5420 1541 5494 prophetia
1560 5463 1577 5489 ,
1619 5420 1853 5489 Populus

269 5537 406 5591 quem
443 5536 545 5576 non
579 5517 828 5591 cognovi,
866 5514 1066 5572 sentivit
1103 5512 1228 5568 milii
1270 5512 1440 5583 (Psal.
1469 5527 1608 5579 xvn,
1637 5510 1729 5582 45)
1759 5529 1772 5564 :
1800 5521 1854 5568 et

270 5611 499 5670 Lazarus
521 5619 764 5670 remotus
784 5625 816 5665 a
836 5608 1133 5665 viventibus
1157 5615 1406 5679 tanquam
1432 5606 1503 5661 ibi
1524 5604 1736 5676 jacebat
1760 5620 1853 5675 per

270 5705 673 5779 signiﬁeativam
711 5700 1141 5767 similitudinem,
1184 5698 1275 5755 ubi
1312 5698 1404 5754 ille
1438 5695 1590 5769 cujus
1618 5711 1719 5752 vox
1748 5704 1851 5765 est,

329 5865 400 5928 (ιι)
425 5860 881 5928 t-‘oﬂqlcgcudum
906 5895 920 5924 ,
957 5870 1012 5911 eo
1051 5857 1177 5925 quod
1213 5853 1477 5914 mendaciis
1531 5852 1625 5907 sint
1687 5851 1852 5917 aliqua

1681 405 1888 468 LIBER
1924 404 2124 470 UNUS.
2476 412 2511 455 ’³
2566 354 2571 357 Δ

1954 522 2225 620 I’rojcctus
2242 542 2354 585 sum
2371 545 2404 585 a
2424 530 2555 602 [acie
2573 533 2835 589 oculorum
2854 542 3056 593 tuorum
3074 537 3245 613 (Psat.
3263 557 3391 616 xxx,
3410 547 3509 620 25)
3520 590 3536 606 .

1954 618 2026 675 Et
2060 620 2183 677 ideo
2219 631 2468 694 tanquam
2511 625 2806 681 nesciretur
2846 642 2879 682 a
2923 628 3171 701 Christo,
3208 643 3263 690 et
3296 637 3384 692 illa
3415 618 3539 709 quae

1954 710 2144 780 fuerit,
2172 721 2228 769 et
2250 714 2352 771 istc
2379 715 2466 770 ubi
2498 718 2701 787 positus
2726 718 2916 787 fuerit,
2944 722 3122 779 verbis
3159 724 3538 798 interrogantis

1953 812 2038 860 est
2062 806 2368 875 ﬁguratum,
2403 817 2458 864 et
2491 821 2653 866 omne
2688 811 2911 868 vitatum
2946 816 3124 872 veraci
3150 816 3538 888 signiﬁcatione

1953 896 2309 952 mendacium.

2005 964 2114 1054 @8.
2146 988 2280 1046 Hinc
2316 1000 2397 1047 cst
2433 993 2590 1048 etiam
2629 993 2759 1051 illud
2798 997 2939 1067 quod
2978 1002 3407 1058 commemorasti
3444 1017 3539 1059 eos

1952 1079 2152 1149 dicere,
2182 1082 2460 1139 Dominum
2485 1084 2687 1151 Iesum,
2716 1097 3058 1161 posteaquam
3086 1093 3398 1160 resurrexit,
3424 1109 3539 1149 am-

1954 1173 2166 1232 bulasse
2194 1176 2247 1230 in
2276 1176 2464 1233 itinere
2505 1192 2625 1233 cum
2668 1180 2872 1237 duobus
2909 1182 3213 1254 discipulis;
3243 1194 3291 1240 et
3324 1186 3540 1257 propin-

1953 1268 2237 1338 quantibus
2264 1269 2342 1325 eis
2368 1271 2588 1327 castello
2614 1287 2719 1343 quo
2745 1274 2919 1341 ibant,
2952 1274 3100 1330 illum
3128 1276 3335 1347 longius
3361 1292 3420 1334 se
3456 1278 3539 1335 iro

1954 1359 2173 1417 ﬁnxisse
2203 1379 2218 1416 :
2246 1361 2333 1417 ubi
2370 1363 2688 1434 evangelista
2726 1364 2936 1433 dicens,
2966 1364 3090 1438 Ipse
3115 1377 3281 1423 autem
3309 1385 3362 1423 se
3388 1369 3538 1439 ﬁnait

1954 1451 2153 1524 longius
2180 1454 2253 1507 ire
2281 1453 2430 1524 (Luc.
2452 1471 2602 1520 xxiv,
2630 1455 2754 1529 28);
2786 1457 2948 1513 etiam
2976 1458 3148 1529 ipsum
3176 1459 3397 1515 verbum
3435 1474 3539 1530 po.

1954 1546 2094 1614 suit,
2123 1562 2228 1618 quo
2258 1549 2540 1605 mendaces
2567 1550 2788 1606 nimium
2827 1551 3190 1617 delectantur,
3227 1562 3286 1608 ut
3320 1552 3539 1624 impune

1954 1639 2278 1695 mentiantur
2301 1659 2313 1694 :
2337 1643 2487 1712 quasi
2508 1643 2839 1699 mendacium
2867 1645 2936 1700 sit
2959 1661 3119 1702 omne
3136 1645 3280 1716 quod
3300 1645 3537 1717 ﬁngitur,

1953 1747 2075 1788 cum
2116 1735 2374 1789 veraciter
2415 1736 2555 1791 aliud
2601 1752 2666 1791 ex
2709 1737 2812 1793 alio
2857 1738 3184 1808 signiﬁcandi
3226 1755 3386 1796 causa
3429 1750 3538 1798 tam

1953 1829 2121 1903 multa
2145 1827 2424 1899 ﬁngantur.
2456 1829 2511 1885 Si
2536 1845 2662 1901 ergo
2690 1831 2822 1885 nihil
2847 1830 2989 1887 aliud
3014 1831 3364 1903 signiﬁcasset
3381 1832 3538 1889 Iesus

1954 1920 2007 1976 in
2048 1934 2114 1975 eo
2151 1921 2291 1991 quod
2332 1921 2538 1994 longius
2580 1923 2657 1979 ire
2694 1936 2753 1978 se
2787 1923 2967 1991 ﬁnxit,
2998 1924 3188 1980 merito
3213 1923 3537 1993 judicaretur

1953 2024 2073 2067 esse
2092 2011 2423 2067 mendacium
2451 2031 2463 2066 :
2488 2028 2647 2084 porro
2672 2023 2848 2069 autem
2878 2014 2924 2069 si
2950 2013 3089 2070 bene
3116 2015 3456 2085 intelligatur,
3482 2024 3540 2071 et

1952 2105 2020 2173 ad
2049 2105 2101 2160 id
2131 2106 2269 2176 quod
2294 2107 2461 2161 voluit
2485 2107 2785 2178 signiﬁcare
2814 2106 3095 2174 referatur,
3128 2107 3393 2164 invenitur
3415 2122 3540 2164 esse

1953 2197 2286 2267 mysterium.
2310 2198 2556 2269 Alioquin
2575 2209 2735 2255 erunt
2753 2188 2943 2255 cuncta
2963 2199 3259 2267 mendacia,
3281 2216 3400 2270 quae
3420 2216 3541 2270 prec

1953 2299 2072 2361 pter
2098 2290 2380 2361 quamdam
2410 2306 2588 2347 rerum
2619 2291 3085 2363 signiﬁcandarum
3115 2292 3538 2359 similitudinem,

1952 2374 2076 2438 cum
2096 2391 2243 2450 gesta
2265 2397 2368 2437 non
2390 2364 2516 2450 sint,
2536 2392 2783 2452 tanquam
2801 2390 2950 2452 gesta
2968 2390 3269 2438 narrantur.
3287 2381 3442 2440 Unde
3459 2392 3543 2439 est

1953 2473 2041 2530 illa
2069 2473 2370 2530 dc'duobus
2394 2475 2549 2541 unius
2575 2474 2807 2530 hominis
2832 2474 2975 2545 ﬁliis,
3008 2477 3210 2545 majore
3233 2476 3322 2547 qui
3348 2476 3545 2532 mansit

1948 2568 2322 2643 apudpatrem
2351 2582 2528 2636 suum,
2560 2576 2616 2624 ct
2643 2569 2849 2625 minore
2875 2570 2967 2640 qui
2995 2569 3150 2639 longe
3175 2570 3543 2640 peregrinatus

1952 2671 2055 2729 cst,
2092 2672 2196 2718 tam
2226 2663 2428 2735 prolixa
2458 2662 2693 2719 narratio
2719 2662 2832 2733 (Id.
2863 2678 2956 2732 xv,
2985 2664 3201 2734 υνδε).
3230 2663 3286 2718 In
3316 2679 3422 2734 quo
3450 2678 3542 2734 ge-

1951 2770 2081 2811 nere
2105 2754 2333 2827 ﬁngcndi
2364 2755 2596 2811 humana
2622 2757 2782 2811 etiam
2814 2755 2950 2811 facta
2979 2754 3058 2810 vel
3086 2755 3230 2811 dicta
3258 2755 3540 2813 irrationa-

1953 2845 2093 2902 libus
2119 2846 2474 2903 animantibus
2502 2856 2557 2903 ct
2586 2846 2749 2902 rebus
2775 2860 2936 2902 sensu
2965 2845 3268 2901 carentibus
3297 2845 3542 2902 homines

1952 2937 2289 3006 addiderunt,
2316 2945 2376 2993 ut
2398 2938 2657 3009 ejusmodi
2685 2938 2820 2993 ﬁctis
2841 2936 3249 3003 narrationibus,
3273 2937 3366 2992 sed
3390 2952 3542 2993 vera-

1952 3032 2103 3088 cilius
2147 3032 2654 3103 signiﬁcationibus,
2705 3032 2846 3102 quod
2883 3031 3081 3087 vellent
3121 3030 3541 3087 commendatins

1953 3123 2277 3179 intimarent.
2327 3124 2434 3179 Nec
2479 3123 2619 3193 apud
2667 3132 2913 3178 auctores
2957 3130 3161 3177 tantum
3204 3122 3540 3176 smcularium

1954 3217 2281 3283 litterarum,
2314 3225 2372 3271 ut
2399 3215 2539 3286 apud
2568 3215 2865 3282 Iloratium,
2897 3230 3016 3269 mus
3040 3214 3275 3285 loquitur
3299 3213 3458 3280 muri,
3486 3222 3538 3268 ct

1953 3308 2179 3363 mustela
2208 3306 2501 3378 vulpeculae
2520 3348 2536 3373 ,
2566 3315 2624 3361 ut
2665 3320 2759 3377 per
2798 3304 3155 3360 narrationem
3186 3304 3361 3359 ﬁctam
3389 3303 3455 3359 ad
3487 3304 3541 3359 id

1952 3399 2093 3471 quod
2119 3399 2312 3470 agitur,
2343 3414 2468 3454 vera
2496 3398 2810 3470 signiﬁcatio
2835 3398 3095 3453 referatur
3127 3396 3338 3470 (Horat.
3366 3397 3537 3453 Serm.

1955 3491 2042 3545 lib.
2064 3489 2118 3556 2,
2147 3500 2244 3545 sat.
2269 3492 2338 3556 6;
2369 3499 2413 3544 et
2440 3490 2606 3560 Epist.
2633 3490 2720 3544 lib.
2745 3490 2798 3556 I,
2825 3490 2972 3558 epist.
2995 3489 3086 3561 7);
3113 3488 3255 3544 unde
3282 3497 3333 3544 et
3353 3487 3539 3558 Αἰδορὶ

1954 3584 2085 3640 tales
2114 3583 2319 3639 fabulas
2347 3583 2414 3638 ad
2440 3599 2563 3637 cum
2596 3583 2752 3638 ﬁnem
2781 3582 2995 3650 relatas,
3025 3582 3204 3637 nullus
3230 3590 3337 3636 tam
3365 3582 3541 3637 incru-

1952 3676 2091 3730 ditus
2130 3674 2261 3743 fuit,
2294 3674 2382 3744 qui
2412 3664 2619 3744 putaret
2656 3673 2967 3744 appellanda
3008 3672 3279 3728 mendacia
3314 3691 3328 3727 :
3359 3674 3452 3728 sed
3485 3674 3538 3729 in

1951 3766 2168 3835 Litteris
2196 3781 2409 3836 quoque
2437 3766 2637 3832 sacris,
2670 3766 2805 3822 sicut
2844 3765 2895 3820 in
2939 3754 3367 3820 Libro’Judicum
3399 3765 3539 3835 ligna

1951 3859 2054 3937 sibi
2083 3874 2261 3930 regem
2292 3859 2602 3929 requirunt,
2634 3868 2689 3914 ct
2727 3859 3009 3929 loquuntur
3045 3858 3111 3913 ad
3140 3858 3347 3926 oleam,
3379 3867 3432 3912 ct
3470 3857 3541 3915 ad

1952 3954 2147 4017 ﬁcum,
2177 3961 2231 4007 ct
2266 3950 2335 4007 ad
2374 3950 2556 4017 vitem,
2599 3960 2652 4007 et
2688 3951 2754 4005 ad
2795 3951 2982 4006 rubum
3022 3949 3217 4020 (Judic.
3247 3966 3329 4017 ix,
3359 3949 3538 4022 8-15).

1951 4042 2101 4113 Quod
2127 4042 2307 4112 utique
2332 4051 2498 4098 totum
2524 4041 2756 4112 ﬁngitur,
2782 4049 2838 4096 ut
2857 4040 2923 4096 ad
2949 4057 3061 4097 rem
3087 4057 3205 4120 qua:
3228 4040 3538 4109 intenditur,

1952 4136 2072 4191 ﬁcta
2097 4135 2311 4206 quidem
2342 4120 2667 4203 narratione,
2696 4148 2801 4189 non
2832 4133 3073 4189 mendaci
3102 4142 3301 4201 tamen,
3328 4131 3424 4188 sed
3449 4148 3539 4188 ve-

1950 4214 2059 4285 raci
2083 4226 2468 4299 signiﬁcatione
2490 4225 2753 4282 veniatur.
2783 4224 2909 4280 llmc
2935 4223 3045 4279 dixi
3074 4234 3289 4295 propter
3319 4206 3541 4295 id‘quod

1949 4321 2204 4390 scriptum
2232 4326 2316 4376 est
2342 4318 2410 4374 de
2434 4317 2559 4374 Jesu
2580 4358 2596 4385 ,
2622 4317 2691 4372 Et
2715 4319 2822 4390 ipse
2848 4333 2901 4372 se
2928 4302 3073 4387 ﬁnait
3098 4317 3296 4388 longius
3323 4317 3396 4371 ire
3425 4332 3445 4371 :
3468 4332 3541 4374 no

1950 4414 2230 4484 quisquam
2257 4426 2328 4468 ex
2358 4409 2461 4466 hoc
2490 4409 2673 4476 verbo,
2705 4408 2842 4465 sicut
2870 4407 3303 4477 Priscillianistu‘,
3334 4408 3538 4466 licitum

1949 4504 2135 4560 volens
2175 4502 2376 4558 habere
2416 4500 2784 4568 mendacium,
2827 4500 3045 4571 insuper
3080 4500 3239 4555 etiam
3263 4498 3537 4556 Christum

1949 4596 2239 4655 contendat
2261 4588 2425 4651 fuisse
2442 4595 2741 4650 mentitum.
2766 4594 3014 4665 Quisquis
3033 4602 3211 4649 autem
3238 4593 3349 4649 vult
3375 4592 3536 4650 intel-

1952 4692 2116 4763 ligere
2146 4688 2274 4744 illud
2303 4687 2548 4758 ﬁngendo
2575 4686 2702 4758 quid
2733 4686 3115 4758 praeﬁgurarit,
3140 4684 3377 4741 attendat
3408 4684 3536 4757 quid

1951 4786 2157 4859 agendo
2201 4782 2503 4856 perfecerit.
2534 4782 2767 4852 Longius
2795 4796 3024 4852 namque
3057 4790 3243 4850 postea
3270 4778 3538 4850 profectus

1951 4894 2112 4952 super
2156 4891 2343 4934 omnes
2384 4876 2579 4939 cwlos,
2608 4889 2716 4930 non
2764 4882 2939 4929 tamen
2978 4871 3212 4929 deseruit
3249 4869 3537 4940 discipulos

1953 4986 2099 5029 suos.
2128 4970 2351 5041 Propter
2374 4968 2475 5024 hoc
2501 4966 2906 5039 signiﬁcandum
2934 4965 3170 5020 futurum
3188 4960 3440 5018 divinitus
3460 4960 3536 5015 fa-

1952 5076 2125 5135 ctum,
2147 5064 2215 5119 ad
2242 5077 2479 5135 praesens
2506 5061 2635 5117 illud
2661 5069 2744 5117 est
2776 5044 3080 5115 humanitus
3104 5057 3302 5112 ﬁctum.
3326 5053 3392 5109 Et
3414 5052 3538 5109 idco

1952 5155 2269 5229 signiﬁcatio
2307 5169 2467 5210 verax
2507 5153 2560 5208 in
2599 5151 2688 5207 illa
2725 5160 2808 5206 est
2838 5150 3048 5206 ﬁctione
3076 5145 3349 5217 praemissa
3371 5185 3388 5215 ,
3413 5145 3535 5216 quia

1955 5249 2007 5308 iu
2029 5250 2130 5304 hac
2154 5245 2481 5319 profectione
2503 5243 2648 5300 illius
2671 5250 2755 5298 est
2776 5237 3172 5311 signiﬁcationis
3197 5235 3392 5293 veritas
3412 5234 3538 5292 sub-

1956 5351 2159 5405 secuta.
2189 5339 2284 5396 Ille
2309 5338 2470 5410 igitur
2493 5332 2781 5394 contendat
2803 5330 3071 5386 Christum
3104 5327 3381 5383 mentitnm
3418 5341 3540 5385 esse

1956 5439 2236 5512 ﬁngendo,
2266 5435 2357 5509 qui
2386 5441 2544 5506 negat
2578 5445 2700 5489 eum
2728 5426 2869 5500 quod
2896 5421 3212 5498 signiﬁcavit
3235 5422 3540 5496 implevisse

1956 5532 2254 5691 ἠιεὲῗὲῧῖ
2284 5619 2421 5677 XIV.
2457 5648 2529 5663 -—
2559 5618 2649 5673 29.
2682 5614 2933 5686 Exempla
2957 5612 3238 5686 Scriptura:
3261 5613 3467 5680 ueteris,
3496 5612 3542 5670 si

1957 5734 2069 5791 qum
2094 5718 2163 5771 ibi
2187 5723 2459 5770 narrantur
2488 5710 2745 5765 hominum
2773 5708 3050 5776 mendacia,
3084 5725 3186 5762 non
3211 5725 3315 5764 esse
3339 5708 3543 5785 imitan-

1959 5812 2048 5865 da.
2079 5809 2144 5863 Ut
2167 5824 2264 5861 non
2286 5803 2530 5860 imitanda
2549 5801 2700 5857 Iuda:
2720 5801 3004 5874 fornicatio,
3028 5801 3100 5854 ita
3121 5817 3208 5855 nec
3228 5799 3543 5853 mendacium

1964 5903 2205 5961 Thamar.
2233 5898 2368 5968 Quia
2398 5909 2524 5972 ergo
2554 5910 2660 5955 non
2689 5895 2963 5958 inveniunt
2996 5891 3279 5952 mendaces
3306 5886 3545 5951 hmrctiei
