  <div class='ocr_page' id='page_1' title='image "/cluster/home/n/w/nwhite01/storage/ocr_20150623/40/hvd.32044024147290/275.png"; bbox 0 0 4070 6334; ppageno 0'>
   <div class='ocr_carea' id='block_1_1' title="bbox 496 502 2082 577">
    <p class='ocr_par' dir='ltr' id='par_1_1' title="bbox 496 502 2082 577">
     <span class='ocr_line' id='line_1_1' title="bbox 496 502 2082 577; baseline -0.009 -4"><span class='ocrx_word' id='word_1_1' title='bbox 496 517 548 573; x_wconf 91' lang='lat' dir='ltr'><strong>in</strong></span> <span class='ocrx_word' id='word_1_2' title='bbox 578 511 907 573; x_wconf 80' lang='lat' dir='ltr'><strong>Testamenti</strong></span> <span class='ocrx_word' id='word_1_3' title='bbox 930 509 1063 569; x_wconf 84' lang='lat' dir='ltr'><strong>Novi</strong></span> <span class='ocrx_word' id='word_1_4' title='bbox 1089 509 1280 568; x_wconf 77' lang='lat' dir='ltr'><strong>litteris</strong></span> <span class='ocrx_word' id='word_1_5' title='bbox 1307 506 1560 566; x_wconf 88' lang='lat' dir='ltr'><strong>imitanda</strong></span> <span class='ocrx_word' id='word_1_6' title='bbox 1588 506 1833 577; x_wconf 79' lang='lat' dir='ltr'><strong>exempla</strong></span> <span class='ocrx_word' id='word_1_7' title='bbox 1858 502 2082 562; x_wconf 81' lang='lat' dir='ltr'><strong>menda-</strong></span> 
     </span>
    </p>
   </div>
   <div class='ocr_carea' id='block_1_2' title="bbox 493 598 2083 678">
    <p class='ocr_par' dir='ltr' id='par_1_2' title="bbox 493 598 2083 678">
     <span class='ocr_line' id='line_1_2' title="bbox 493 598 2083 678; baseline -0.006 -14"><span class='ocrx_word' id='word_1_8' title='bbox 493 607 583 674; x_wconf 89' lang='lat' dir='ltr'><strong>cii,</strong></span> <span class='ocrx_word' id='word_1_9' title='bbox 612 606 1010 678; x_wconf 86' lang='lat' dir='ltr'><strong>copiosissimos</strong></span> <span class='ocrx_word' id='word_1_10' title='bbox 1047 616 1109 660; x_wconf 85' lang='lat' dir='ltr'><strong>se</strong></span> <span class='ocrx_word' id='word_1_11' title='bbox 1144 618 1265 661; x_wconf 89' lang='lat' dir='ltr'><strong>esse</strong></span> <span class='ocrx_word' id='word_1_12' title='bbox 1301 601 1607 659; x_wconf 80' lang='lat' dir='ltr'><strong>existimant</strong></span> <span class='ocrx_word' id='word_1_13' title='bbox 1633 600 1687 655; x_wconf 92' lang='lat' dir='ltr'><strong>in</strong></span> <span class='ocrx_word' id='word_1_14' title='bbox 1716 599 1816 655; x_wconf 89' lang='lat' dir='ltr'><strong>bac</strong></span> <span class='ocrx_word' id='word_1_15' title='bbox 1843 598 2083 669; x_wconf 87' lang='lat' dir='ltr'><strong>disputa-</strong></span> 
     </span>
    </p>
   </div>
   <div class='ocr_carea' id='block_1_3' title="bbox 441 690 2082 772">
    <p class='ocr_par' dir='ltr' id='par_1_3' title="bbox 441 690 2082 772">
     <span class='ocr_line' id='line_1_3' title="bbox 441 690 2082 772; baseline -0.005 -15"><span class='ocrx_word' id='word_1_16' title='bbox 441 690 445 695; x_wconf 20' lang='lat'><em>.</em></span> <span class='ocrx_word' id='word_1_17' title='bbox 496 701 664 769; x_wconf 91' lang='lat' dir='ltr'><strong>tione,</strong></span> <span class='ocrx_word' id='word_1_18' title='bbox 693 714 798 772; x_wconf 88' lang='lat' dir='ltr'><strong>qua</strong></span> <span class='ocrx_word' id='word_1_19' title='bbox 836 699 1120 770; x_wconf 88' lang='lat' dir='ltr'><strong>opinantur</strong></span> <span class='ocrx_word' id='word_1_20' title='bbox 1157 712 1277 752; x_wconf 86' lang='lat' dir='ltr'><strong>esse</strong></span> <span class='ocrx_word' id='word_1_21' title='bbox 1315 694 1713 762; x_wconf 88' lang='lat' dir='ltr'><strong>mentiendum,</strong></span> <span class='ocrx_word' id='word_1_22' title='bbox 1746 708 1867 749; x_wconf 90' lang='lat' dir='ltr'><strong>cum</strong></span> <span class='ocrx_word' id='word_1_23' title='bbox 1896 692 1963 747; x_wconf 88' lang='lat' dir='ltr'><strong>de</strong></span> <span class='ocrx_word' id='word_1_24' title='bbox 1988 706 2082 749; x_wconf 86' lang='lat' dir='ltr'><strong>ve-</strong></span> 
     </span>
    </p>
   </div>
   <div class='ocr_carea' id='block_1_4' title="bbox 494 785 2081 864">
    <p class='ocr_par' dir='ltr' id='par_1_4' title="bbox 494 785 2081 864">
     <span class='ocr_line' id='line_1_4' title="bbox 494 785 2081 864; baseline -0.006 -13"><span class='ocrx_word' id='word_1_25' title='bbox 494 793 695 851; x_wconf 88' lang='lat' dir='ltr'><strong>teribus</strong></span> <span class='ocrx_word' id='word_1_26' title='bbox 721 791 1045 864; x_wconf 76' lang='lat' dir='ltr'><strong>propheticis</strong></span> <span class='ocrx_word' id='word_1_27' title='bbox 1074 789 1276 857; x_wconf 86' lang='lat' dir='ltr'><strong>Libris,</strong></span> <span class='ocrx_word' id='word_1_28' title='bbox 1306 789 1429 859; x_wconf 86' lang='lat' dir='ltr'><strong>quia</strong></span> <span class='ocrx_word' id='word_1_29' title='bbox 1467 802 1573 842; x_wconf 89' lang='lat' dir='ltr'><strong>non</strong></span> <span class='ocrx_word' id='word_1_30' title='bbox 1613 786 1687 841; x_wconf 85' lang='lat' dir='ltr'><strong>ibi</strong></span> <span class='ocrx_word' id='word_1_31' title='bbox 1723 794 1942 857; x_wconf 83' lang='lat' dir='ltr'><strong>apparet</strong></span> <span class='ocrx_word' id='word_1_32' title='bbox 1980 785 2081 841; x_wconf 82' lang='lat' dir='ltr'><strong>nisi</strong></span> 
     </span>
    </p>
   </div>
   <div class='ocr_carea' id='block_1_5' title="bbox 492 878 2079 957">
    <p class='ocr_par' dir='ltr' id='par_1_5' title="bbox 492 878 2079 957">
     <span class='ocr_line' id='line_1_5' title="bbox 492 878 2079 957; baseline -0.005 -15"><span class='ocrx_word' id='word_1_33' title='bbox 492 884 912 957; x_wconf 77' lang='lat' dir='ltr'><strong>intelligentibus</strong></span> <span class='ocrx_word' id='word_1_34' title='bbox 934 882 1114 954; x_wconf 88' lang='lat' dir='ltr'><strong>paucis</strong></span> <span class='ocrx_word' id='word_1_35' title='bbox 1136 896 1238 953; x_wconf 90' lang='lat' dir='ltr'><strong>quo</strong></span> <span class='ocrx_word' id='word_1_36' title='bbox 1260 881 1556 936; x_wconf 87' lang='lat' dir='ltr'><strong>referantur</strong></span> <span class='ocrx_word' id='word_1_37' title='bbox 1576 879 1919 952; x_wconf 82' lang='lat' dir='ltr'><strong>significativa</strong></span> <span class='ocrx_word' id='word_1_38' title='bbox 1939 878 2079 934; x_wconf 88' lang='lat' dir='ltr'><strong>dicta</strong></span> 
     </span>
    </p>
   </div>
   <div class='ocr_carea' id='block_1_6' title="bbox 491 974 2079 1045">
    <p class='ocr_par' dir='ltr' id='par_1_6' title="bbox 491 974 2079 1045">
     <span class='ocr_line' id='line_1_6' title="bbox 491 974 2079 1045; baseline -0.004 -11"><span class='ocrx_word' id='word_1_39' title='bbox 491 978 577 1035; x_wconf 85' lang='lat' dir='ltr'><strong>vel</strong></span> <span class='ocrx_word' id='word_1_40' title='bbox 606 979 741 1034; x_wconf 86' lang='lat' dir='ltr'><strong>facta</strong></span> <span class='ocrx_word' id='word_1_41' title='bbox 766 977 996 1045; x_wconf 77' lang='lat' dir='ltr'><strong>veracia,</strong></span> <span class='ocrx_word' id='word_1_42' title='bbox 1024 976 1186 1032; x_wconf 91' lang='lat' dir='ltr'><strong>multa</strong></span> <span class='ocrx_word' id='word_1_43' title='bbox 1211 975 1311 1031; x_wconf 87' lang='lat' dir='ltr'><strong>sibi</strong></span> <span class='ocrx_word' id='word_1_44' title='bbox 1339 974 1584 1031; x_wconf 81' lang='lat' dir='ltr'><strong>videntur</strong></span> <span class='ocrx_word' id='word_1_45' title='bbox 1608 974 1845 1030; x_wconf 87' lang='lat' dir='ltr'><strong>invenire</strong></span> <span class='ocrx_word' id='word_1_46' title='bbox 1868 987 1932 1028; x_wconf 89' lang='lat' dir='ltr'><strong>ac</strong></span> <span class='ocrx_word' id='word_1_47' title='bbox 1957 987 2079 1042; x_wconf 86' lang='lat' dir='ltr'><strong>pro-</strong></span> 
     </span>
    </p>
   </div>
   <div class='ocr_carea' id='block_1_7' title="bbox 489 1066 2079 1138">
    <p class='ocr_par' dir='ltr' id='par_1_7' title="bbox 489 1066 2079 1138">
     <span class='ocr_line' id='line_1_7' title="bbox 489 1066 2079 1138; baseline -0.002 -13"><span class='ocrx_word' id='word_1_48' title='bbox 489 1070 632 1126; x_wconf 84' lang='lat' dir='ltr'><strong>ferre</strong></span> <span class='ocrx_word' id='word_1_49' title='bbox 651 1069 948 1126; x_wconf 79' lang='lat' dir='ltr'><strong>mendacia.</strong></span> <span class='ocrx_word' id='word_1_50' title='bbox 965 1067 1072 1125; x_wconf 89' lang='lat' dir='ltr'><strong>Sed</strong></span> <span class='ocrx_word' id='word_1_51' title='bbox 1094 1067 1290 1124; x_wconf 87' lang='lat' dir='ltr'><strong>habere</strong></span> <span class='ocrx_word' id='word_1_52' title='bbox 1310 1068 1586 1138; x_wconf 83' lang='lat' dir='ltr'><strong>cupientes</strong></span> <span class='ocrx_word' id='word_1_53' title='bbox 1607 1066 1799 1137; x_wconf 85' lang='lat' dir='ltr'><strong>quibus</strong></span> <span class='ocrx_word' id='word_1_54' title='bbox 1818 1079 1877 1121; x_wconf 89' lang='lat' dir='ltr'><strong>se</strong></span> <span class='ocrx_word' id='word_1_55' title='bbox 1900 1074 2079 1122; x_wconf 88' lang='lat' dir='ltr'><strong>tuean-</strong></span> 
     </span>
    </p>
   </div>
   <div class='ocr_carea' id='block_1_8' title="bbox 490 1158 2074 1233">
    <p class='ocr_par' dir='ltr' id='par_1_8' title="bbox 490 1158 2074 1233">
     <span class='ocr_line' id='line_1_8' title="bbox 490 1158 2074 1233; baseline -0.003 -15"><span class='ocrx_word' id='word_1_56' title='bbox 490 1170 577 1219; x_wconf 86' lang='lat' dir='ltr'><strong>tur</strong></span> <span class='ocrx_word' id='word_1_57' title='bbox 604 1164 749 1220; x_wconf 80' lang='lat' dir='ltr'><strong>velut</strong></span> <span class='ocrx_word' id='word_1_58' title='bbox 775 1161 1026 1218; x_wconf 92' lang='lat' dir='ltr'><strong>imitanda</strong></span> <span class='ocrx_word' id='word_1_59' title='bbox 1053 1162 1297 1233; x_wconf 83' lang='lat' dir='ltr'><strong>exempla</strong></span> <span class='ocrx_word' id='word_1_60' title='bbox 1336 1160 1551 1217; x_wconf 89' lang='lat' dir='ltr'><strong>fallendi</strong></span> <span class='ocrx_word' id='word_1_61' title='bbox 1572 1200 1588 1227; x_wconf 92' lang='lat'><strong>,</strong></span> <span class='ocrx_word' id='word_1_62' title='bbox 1616 1175 1674 1215; x_wconf 90' lang='lat' dir='ltr'><strong>se</strong></span> <span class='ocrx_word' id='word_1_63' title='bbox 1698 1160 1841 1230; x_wconf 89' lang='lat' dir='ltr'><strong>ipsos</strong></span> <span class='ocrx_word' id='word_1_64' title='bbox 1866 1158 2074 1226; x_wconf 87' lang='lat' dir='ltr'><strong>fallunt,</strong></span> 
     </span>
    </p>
   </div>
   <div class='ocr_carea' id='block_1_9' title="bbox 487 1250 2076 1329">
    <p class='ocr_par' dir='ltr' id='par_1_9' title="bbox 487 1250 2076 1329">
     <span class='ocr_line' id='line_1_9' title="bbox 487 1250 2076 1329; baseline -0.004 -15"><span class='ocrx_word' id='word_1_65' title='bbox 487 1267 543 1314; x_wconf 87' lang='lat' dir='ltr'><strong>et</strong></span> <span class='ocrx_word' id='word_1_66' title='bbox 565 1258 821 1314; x_wconf 81' lang='lat' dir='ltr'><strong>mentitur</strong></span> <span class='ocrx_word' id='word_1_67' title='bbox 846 1270 1031 1313; x_wconf 90' lang='lat' dir='ltr'><strong>eorum</strong></span> <span class='ocrx_word' id='word_1_68' title='bbox 1058 1257 1304 1327; x_wconf 78' lang='lat' dir='ltr'><strong>iniquitas</strong></span> <span class='ocrx_word' id='word_1_69' title='bbox 1330 1256 1429 1313; x_wconf 88' lang='lat' dir='ltr'><strong>sibi</strong></span> <span class='ocrx_word' id='word_1_70' title='bbox 1458 1253 1629 1329; x_wconf 76' lang='lat' dir='ltr'><strong>(Psat.</strong></span> <span class='ocrx_word' id='word_1_71' title='bbox 1652 1269 1807 1321; x_wconf 73' lang='lat' dir='ltr'><strong>xxvr,</strong></span> <span class='ocrx_word' id='word_1_72' title='bbox 1831 1250 1940 1325; x_wconf 75' lang='grc'><strong>12).</strong></span> <span class='ocrx_word' id='word_1_73' title='bbox 1965 1252 2076 1308; x_wconf 76' lang='lat' dir='ltr'><strong>like</strong></span> 
     </span>
    </p>
   </div>
   <div class='ocr_carea' id='block_1_10' title="bbox 487 1344 2074 1421">
    <p class='ocr_par' dir='ltr' id='par_1_10' title="bbox 487 1344 2074 1421">
     <span class='ocr_line' id='line_1_10' title="bbox 487 1344 2074 1421; baseline -0.003 -18"><span class='ocrx_word' id='word_1_74' title='bbox 487 1354 664 1405; x_wconf 82' lang='lat' dir='ltr'><strong>autem</strong></span> <span class='ocrx_word' id='word_1_75' title='bbox 691 1363 963 1421; x_wconf 78' lang='lat' dir='ltr'><strong>personae,</strong></span> <span class='ocrx_word' id='word_1_76' title='bbox 989 1360 1123 1420; x_wconf 84' lang='lat' dir='ltr'><strong>quas</strong></span> <span class='ocrx_word' id='word_1_77' title='bbox 1150 1347 1475 1403; x_wconf 90' lang='lat' dir='ltr'><strong>credendum</strong></span> <span class='ocrx_word' id='word_1_78' title='bbox 1504 1346 1574 1401; x_wconf 89' lang='lat' dir='ltr'><strong>ibi</strong></span> <span class='ocrx_word' id='word_1_79' title='bbox 1601 1361 1705 1401; x_wconf 89' lang='lat' dir='ltr'><strong>non</strong></span> <span class='ocrx_word' id='word_1_80' title='bbox 1732 1353 1815 1401; x_wconf 92' lang='lat' dir='ltr'><strong>est</strong></span> <span class='ocrx_word' id='word_1_81' title='bbox 1840 1344 2074 1415; x_wconf 74' lang='lat' dir='ltr'><strong>prophe-</strong></span> 
     </span>
    </p>
   </div>
   <div class='ocr_carea' id='block_1_11' title="bbox 486 1436 2076 1512">
    <p class='ocr_par' dir='ltr' id='par_1_11' title="bbox 486 1436 2076 1512">
     <span class='ocr_line' id='line_1_11' title="bbox 486 1436 2076 1512; baseline -0.004 -14"><span class='ocrx_word' id='word_1_82' title='bbox 486 1450 601 1501; x_wconf 87' lang='lat' dir='ltr'><strong>tare</strong></span> <span class='ocrx_word' id='word_1_83' title='bbox 626 1442 890 1508; x_wconf 85' lang='lat' dir='ltr'><strong>voluisse,</strong></span> <span class='ocrx_word' id='word_1_84' title='bbox 932 1443 978 1497; x_wconf 88' lang='lat' dir='ltr'><strong>si</strong></span> <span class='ocrx_word' id='word_1_85' title='bbox 1018 1441 1144 1512; x_wconf 90' lang='lat' dir='ltr'><strong>quid</strong></span> <span class='ocrx_word' id='word_1_86' title='bbox 1180 1440 1421 1496; x_wconf 86' lang='lat' dir='ltr'><strong>faciendo</strong></span> <span class='ocrx_word' id='word_1_87' title='bbox 1446 1439 1531 1495; x_wconf 85' lang='lat' dir='ltr'><strong>vel</strong></span> <span class='ocrx_word' id='word_1_88' title='bbox 1558 1437 1784 1495; x_wconf 91' lang='lat' dir='ltr'><strong>dicendo</strong></span> <span class='ocrx_word' id='word_1_89' title='bbox 1809 1436 2076 1493; x_wconf 77' lang='lat' dir='ltr'><strong>tinxerunt</strong></span> 
     </span>
    </p>
   </div>
   <div class='ocr_carea' id='block_1_12' title="bbox 485 1528 2073 1606">
    <p class='ocr_par' dir='ltr' id='par_1_12' title="bbox 485 1528 2073 1606">
     <span class='ocr_line' id='line_1_12' title="bbox 485 1528 2073 1606; baseline -0.003 -18"><span class='ocrx_word' id='word_1_90' title='bbox 485 1536 760 1591; x_wconf 81' lang='lat' dir='ltr'><strong>voluntate</strong></span> <span class='ocrx_word' id='word_1_91' title='bbox 783 1534 1029 1602; x_wconf 78' lang='lat' dir='ltr'><strong>fallendi;</strong></span> <span class='ocrx_word' id='word_1_92' title='bbox 1056 1534 1299 1606; x_wconf 81' lang='lat' dir='ltr'><strong>quamvis</strong></span> <span class='ocrx_word' id='word_1_93' title='bbox 1324 1548 1388 1589; x_wconf 80' lang='lat' dir='ltr'><strong>ex</strong></span> <span class='ocrx_word' id='word_1_94' title='bbox 1416 1532 1543 1603; x_wconf 86' lang='lat' dir='ltr'><strong>ipsis</strong></span> <span class='ocrx_word' id='word_1_95' title='bbox 1566 1545 1774 1602; x_wconf 90' lang='lat' dir='ltr'><strong>quoque</strong></span> <span class='ocrx_word' id='word_1_96' title='bbox 1804 1528 1953 1585; x_wconf 87' lang='lat' dir='ltr'><strong>factis</strong></span> <span class='ocrx_word' id='word_1_97' title='bbox 1977 1544 2073 1584; x_wconf 89' lang='lat' dir='ltr'><strong>ea-</strong></span> 
     </span>
    </p>
   </div>
   <div class='ocr_carea' id='block_1_13' title="bbox 485 1620 2070 1699">
    <p class='ocr_par' dir='ltr' id='par_1_13' title="bbox 485 1620 2070 1699">
     <span class='ocr_line' id='line_1_13' title="bbox 485 1620 2070 1699; baseline -0.004 -16"><span class='ocrx_word' id='word_1_98' title='bbox 485 1642 602 1683; x_wconf 87' lang='lat' dir='ltr'><strong>rttm</strong></span> <span class='ocrx_word' id='word_1_99' title='bbox 631 1629 747 1685; x_wconf 85' lang='lat' dir='ltr'><strong>sive</strong></span> <span class='ocrx_word' id='word_1_100' title='bbox 774 1628 931 1685; x_wconf 87' lang='lat' dir='ltr'><strong>dictis</strong></span> <span class='ocrx_word' id='word_1_101' title='bbox 965 1627 1162 1699; x_wconf 88' lang='lat' dir='ltr'><strong>aliquid</strong></span> <span class='ocrx_word' id='word_1_102' title='bbox 1204 1626 1569 1699; x_wconf 87' lang='lat' dir='ltr'><strong>prepheticum</strong></span> <span class='ocrx_word' id='word_1_103' title='bbox 1605 1623 1773 1695; x_wconf 89' lang='lat' dir='ltr'><strong>possit</strong></span> <span class='ocrx_word' id='word_1_104' title='bbox 1809 1620 2070 1691; x_wconf 82' lang='lat' dir='ltr'><strong>exsculpi,</strong></span> 
     </span>
    </p>
   </div>
   <div class='ocr_carea' id='block_1_14' title="bbox 483 1715 2073 1792">
    <p class='ocr_par' dir='ltr' id='par_1_14' title="bbox 483 1715 2073 1792">
     <span class='ocr_line' id='line_1_14' title="bbox 483 1715 2073 1792; baseline -0.004 -17"><span class='ocrx_word' id='word_1_105' title='bbox 483 1734 579 1792; x_wconf 83' lang='lat' dir='ltr'><strong>per</strong></span> <span class='ocrx_word' id='word_1_106' title='bbox 600 1721 739 1777; x_wconf 89' lang='lat' dir='ltr'><strong>illius</strong></span> <span class='ocrx_word' id='word_1_107' title='bbox 760 1722 901 1777; x_wconf 88' lang='lat' dir='ltr'><strong>omni</strong></span> <span class='ocrx_word' id='word_1_108' title='bbox 910 1721 1195 1791; x_wconf 84' lang='lat' dir='ltr'><strong>potentiam</strong></span> <span class='ocrx_word' id='word_1_109' title='bbox 1220 1718 1645 1790; x_wconf 72' lang='lat' dir='ltr'><strong>prrcseminatum</strong></span> <span class='ocrx_word' id='word_1_110' title='bbox 1668 1725 1824 1787; x_wconf 90' lang='lat' dir='ltr'><strong>atque</strong></span> <span class='ocrx_word' id='word_1_111' title='bbox 1843 1715 2073 1785; x_wconf 85' lang='lat' dir='ltr'><strong>disposi-</strong></span> 
     </span>
    </p>
   </div>
   <div class='ocr_carea' id='block_1_15' title="bbox 485 1811 2069 1887">
    <p class='ocr_par' dir='ltr' id='par_1_15' title="bbox 485 1811 2069 1887">
     <span class='ocr_line' id='line_1_15' title="bbox 485 1811 2069 1887; baseline -0.003 -16"><span class='ocrx_word' id='word_1_112' title='bbox 485 1824 617 1883; x_wconf 85' lang='lat' dir='ltr'><strong>tum,</strong></span> <span class='ocrx_word' id='word_1_113' title='bbox 645 1815 737 1887; x_wconf 85' lang='lat' dir='ltr'><strong>qui</strong></span> <span class='ocrx_word' id='word_1_114' title='bbox 761 1816 894 1871; x_wconf 86' lang='lat' dir='ltr'><strong>bene</strong></span> <span class='ocrx_word' id='word_1_115' title='bbox 920 1816 994 1871; x_wconf 92' lang='lat' dir='ltr'><strong>uti</strong></span> <span class='ocrx_word' id='word_1_116' title='bbox 1019 1815 1165 1870; x_wconf 85' lang='lat' dir='ltr'><strong>novit</strong></span> <span class='ocrx_word' id='word_1_117' title='bbox 1193 1814 1350 1870; x_wconf 86' lang='lat' dir='ltr'><strong>etiam</strong></span> <span class='ocrx_word' id='word_1_118' title='bbox 1378 1812 1532 1868; x_wconf 86' lang='lat' dir='ltr'><strong>malis</strong></span> <span class='ocrx_word' id='word_1_119' title='bbox 1557 1811 1863 1877; x_wconf 85' lang='lat' dir='ltr'><strong>hominum;</strong></span> <span class='ocrx_word' id='word_1_120' title='bbox 1887 1818 2069 1866; x_wconf 89' lang='lat' dir='ltr'><strong>tamen</strong></span> 
     </span>
    </p>
   </div>
   <div class='ocr_carea' id='block_1_16' title="bbox 483 1904 2070 1979">
    <p class='ocr_par' dir='ltr' id='par_1_16' title="bbox 483 1904 2070 1979">
     <span class='ocr_line' id='line_1_16' title="bbox 483 1904 2070 1979; baseline -0.003 -16"><span class='ocrx_word' id='word_1_121' title='bbox 483 1917 737 1979; x_wconf 86' lang='lat' dir='ltr'><strong>quantum</strong></span> <span class='ocrx_word' id='word_1_122' title='bbox 776 1909 841 1965; x_wconf 90' lang='lat' dir='ltr'><strong>ad</strong></span> <span class='ocrx_word' id='word_1_123' title='bbox 880 1909 1022 1979; x_wconf 86' lang='lat' dir='ltr'><strong>ipsas</strong></span> <span class='ocrx_word' id='word_1_124' title='bbox 1054 1907 1271 1973; x_wconf 86' lang='lat' dir='ltr'><strong>attinet,</strong></span> <span class='ocrx_word' id='word_1_125' title='bbox 1303 1909 1420 1962; x_wconf 90' lang='lat' dir='ltr'><strong>sine</strong></span> <span class='ocrx_word' id='word_1_126' title='bbox 1459 1905 1788 1961; x_wconf 87' lang='lat' dir='ltr'><strong>dubitatione</strong></span> <span class='ocrx_word' id='word_1_127' title='bbox 1832 1904 2070 1959; x_wconf 64' lang='lat' dir='ltr'><strong>mentita)</strong></span> 
     </span>
    </p>
   </div>
   <div class='ocr_carea' id='block_1_17' title="bbox 480 1996 2071 2068">
    <p class='ocr_par' dir='ltr' id='par_1_17' title="bbox 480 1996 2071 2068">
     <span class='ocr_line' id='line_1_17' title="bbox 480 1996 2071 2068; baseline -0.002 -12"><span class='ocrx_word' id='word_1_128' title='bbox 480 2010 624 2056; x_wconf 87' lang='lat' dir='ltr'><strong>sunt.</strong></span> <span class='ocrx_word' id='word_1_129' title='bbox 650 2000 755 2057; x_wconf 86' lang='lat' dir='ltr'><strong>Sed</strong></span> <span class='ocrx_word' id='word_1_130' title='bbox 784 2017 889 2057; x_wconf 90' lang='lat' dir='ltr'><strong>non</strong></span> <span class='ocrx_word' id='word_1_131' title='bbox 923 2001 1041 2057; x_wconf 90' lang='lat' dir='ltr'><strong>ideo</strong></span> <span class='ocrx_word' id='word_1_132' title='bbox 1079 2000 1275 2057; x_wconf 83' lang='lat' dir='ltr'><strong>debent</strong></span> <span class='ocrx_word' id='word_1_133' title='bbox 1302 1999 1552 2055; x_wconf 86' lang='lat' dir='ltr'><strong>imitanda</strong></span> <span class='ocrx_word' id='word_1_134' title='bbox 1582 1996 1904 2064; x_wconf 80' lang='lat' dir='ltr'><strong>existimari,</strong></span> <span class='ocrx_word' id='word_1_135' title='bbox 1946 1997 2071 2068; x_wconf 81' lang='lat' dir='ltr'><strong>quia</strong></span> 
     </span>
    </p>
   </div>
   <div class='ocr_carea' id='block_1_18' title="bbox 480 2091 2071 2168">
    <p class='ocr_par' dir='ltr' id='par_1_18' title="bbox 480 2091 2071 2168">
     <span class='ocr_line' id='line_1_18' title="bbox 480 2091 2071 2168; baseline -0.002 -18"><span class='ocrx_word' id='word_1_136' title='bbox 480 2096 533 2150; x_wconf 89' lang='lat' dir='ltr'><strong>in</strong></span> <span class='ocrx_word' id='word_1_137' title='bbox 564 2097 644 2153; x_wconf 90' lang='lat' dir='ltr'><strong>eis</strong></span> <span class='ocrx_word' id='word_1_138' title='bbox 674 2098 1010 2168; x_wconf 85' lang='lat' dir='ltr'><strong>reperiuntur</strong></span> <span class='ocrx_word' id='word_1_139' title='bbox 1035 2096 1150 2152; x_wconf 89' lang='lat' dir='ltr'><strong>Libt</strong></span> <span class='ocrx_word' id='word_1_140' title='bbox 1164 2096 1208 2151; x_wconf 91' lang='lat' dir='ltr'><strong>is</strong></span> <span class='ocrx_word' id='word_1_141' title='bbox 1245 2096 1333 2167; x_wconf 89' lang='lat' dir='ltr'><strong>qui</strong></span> <span class='ocrx_word' id='word_1_142' title='bbox 1372 2094 1540 2149; x_wconf 88' lang='lat' dir='ltr'><strong>sancti</strong></span> <span class='ocrx_word' id='word_1_143' title='bbox 1579 2101 1634 2148; x_wconf 89' lang='lat' dir='ltr'><strong>et</strong></span> <span class='ocrx_word' id='word_1_144' title='bbox 1669 2091 1835 2147; x_wconf 83' lang='lat' dir='ltr'><strong>divini</strong></span> <span class='ocrx_word' id='word_1_145' title='bbox 1875 2091 2071 2147; x_wconf 88' lang='lat' dir='ltr'><strong>merito</strong></span> 
     </span>
    </p>
   </div>
   <div class='ocr_carea' id='block_1_19' title="bbox 479 2186 2066 2259">
    <p class='ocr_par' dir='ltr' id='par_1_19' title="bbox 479 2186 2066 2259">
     <span class='ocr_line' id='line_1_19' title="bbox 479 2186 2066 2259; baseline -0.003 -14"><span class='ocrx_word' id='word_1_146' title='bbox 479 2192 838 2246; x_wconf 85' lang='lat' dir='ltr'><strong>nominantur.</strong></span> <span class='ocrx_word' id='word_1_147' title='bbox 867 2192 1073 2247; x_wconf 83' lang='lat' dir='ltr'><strong>Habent</strong></span> <span class='ocrx_word' id='word_1_148' title='bbox 1116 2192 1255 2247; x_wconf 92' lang='lat' dir='ltr'><strong>enim</strong></span> <span class='ocrx_word' id='word_1_149' title='bbox 1295 2190 1591 2259; x_wconf 85' lang='lat' dir='ltr'><strong>conscripta</strong></span> <span class='ocrx_word' id='word_1_150' title='bbox 1631 2195 1686 2243; x_wconf 90' lang='lat' dir='ltr'><strong>et</strong></span> <span class='ocrx_word' id='word_1_151' title='bbox 1722 2186 1861 2242; x_wconf 86' lang='lat' dir='ltr'><strong>mala</strong></span> <span class='ocrx_word' id='word_1_152' title='bbox 1889 2186 2066 2241; x_wconf 80' lang='lat' dir='ltr'><strong>homi-</strong></span> 
     </span>
    </p>
   </div>
   <div class='ocr_carea' id='block_1_20' title="bbox 479 2278 2067 2350">
    <p class='ocr_par' dir='ltr' id='par_1_20' title="bbox 479 2278 2067 2350">
     <span class='ocr_line' id='line_1_20' title="bbox 479 2278 2067 2350; baseline -0.001 -14"><span class='ocrx_word' id='word_1_153' title='bbox 479 2296 606 2337; x_wconf 85' lang='lat' dir='ltr'><strong>num</strong></span> <span class='ocrx_word' id='word_1_154' title='bbox 630 2290 685 2337; x_wconf 90' lang='lat' dir='ltr'><strong>et</strong></span> <span class='ocrx_word' id='word_1_155' title='bbox 710 2283 882 2349; x_wconf 88' lang='lat' dir='ltr'><strong>bona;</strong></span> <span class='ocrx_word' id='word_1_156' title='bbox 910 2283 999 2337; x_wconf 88' lang='lat' dir='ltr'><strong>illa</strong></span> <span class='ocrx_word' id='word_1_157' title='bbox 1023 2282 1234 2337; x_wconf 86' lang='lat' dir='ltr'><strong>vitanda</strong></span> <span class='ocrx_word' id='word_1_158' title='bbox 1255 2324 1269 2349; x_wconf 93' lang='lat'><strong>,</strong></span> <span class='ocrx_word' id='word_1_159' title='bbox 1299 2282 1399 2336; x_wconf 90' lang='lat' dir='ltr'><strong>ista</strong></span> <span class='ocrx_word' id='word_1_160' title='bbox 1426 2279 1675 2336; x_wconf 86' lang='lat' dir='ltr'><strong>sectanda</strong></span> <span class='ocrx_word' id='word_1_161' title='bbox 1699 2296 1715 2334; x_wconf 86' lang='lat'><strong>:</strong></span> <span class='ocrx_word' id='word_1_162' title='bbox 1743 2288 1799 2335; x_wconf 90' lang='lat' dir='ltr'><strong>et</strong></span> <span class='ocrx_word' id='word_1_163' title='bbox 1820 2278 2067 2350; x_wconf 82' lang='lat' dir='ltr'><strong>quaedam</strong></span> 
     </span>
    </p>
   </div>
   <div class='ocr_carea' id='block_1_21' title="bbox 480 2374 2065 2446">
    <p class='ocr_par' dir='ltr' id='par_1_21' title="bbox 480 2374 2065 2446">
     <span class='ocr_line' id='line_1_21' title="bbox 480 2374 2065 2446; baseline 0 -17"><span class='ocrx_word' id='word_1_164' title='bbox 480 2374 552 2429; x_wconf 89' lang='lat' dir='ltr'><strong>ita</strong></span> <span class='ocrx_word' id='word_1_165' title='bbox 582 2376 751 2444; x_wconf 88' lang='lat' dir='ltr'><strong>posita</strong></span> <span class='ocrx_word' id='word_1_166' title='bbox 778 2384 836 2431; x_wconf 91' lang='lat' dir='ltr'><strong>ut</strong></span> <span class='ocrx_word' id='word_1_167' title='bbox 860 2375 928 2431; x_wconf 89' lang='lat' dir='ltr'><strong>de</strong></span> <span class='ocrx_word' id='word_1_168' title='bbox 953 2376 1056 2431; x_wconf 87' lang='lat' dir='ltr'><strong>illis</strong></span> <span class='ocrx_word' id='word_1_169' title='bbox 1085 2376 1243 2431; x_wconf 89' lang='lat' dir='ltr'><strong>etiam</strong></span> <span class='ocrx_word' id='word_1_170' title='bbox 1270 2377 1473 2446; x_wconf 87' lang='lat' dir='ltr'><strong>prolata</strong></span> <span class='ocrx_word' id='word_1_171' title='bbox 1504 2376 1573 2430; x_wconf 89' lang='lat' dir='ltr'><strong>sit</strong></span> <span class='ocrx_word' id='word_1_172' title='bbox 1593 2374 1851 2430; x_wconf 87' lang='lat' dir='ltr'><strong>sententia</strong></span> <span class='ocrx_word' id='word_1_173' title='bbox 1870 2416 1883 2440; x_wconf 95' lang='lat'><strong>,</strong></span> <span class='ocrx_word' id='word_1_174' title='bbox 1913 2390 2065 2445; x_wconf 68' lang='lat' dir='ltr'><strong>quae-</strong></span> 
     </span>
    </p>
   </div>
   <div class='ocr_carea' id='block_1_22' title="bbox 477 2465 2061 2540">
    <p class='ocr_par' dir='ltr' id='par_1_22' title="bbox 477 2465 2061 2540">
     <span class='ocr_line' id='line_1_22' title="bbox 477 2465 2061 2540; baseline 0 -19"><span class='ocrx_word' id='word_1_175' title='bbox 477 2465 601 2522; x_wconf 87' lang='lat' dir='ltr'><strong>dam</strong></span> <span class='ocrx_word' id='word_1_176' title='bbox 626 2480 752 2522; x_wconf 91' lang='lat' dir='ltr'><strong>vero</strong></span> <span class='ocrx_word' id='word_1_177' title='bbox 779 2469 937 2523; x_wconf 89' lang='lat' dir='ltr'><strong>tacito</strong></span> <span class='ocrx_word' id='word_1_178' title='bbox 964 2468 1035 2524; x_wconf 92' lang='lat' dir='ltr'><strong>ibi</strong></span> <span class='ocrx_word' id='word_1_179' title='bbox 1054 2467 1257 2539; x_wconf 90' lang='lat' dir='ltr'><strong>judicio</strong></span> <span class='ocrx_word' id='word_1_180' title='bbox 1282 2469 1434 2523; x_wconf 91' lang='lat' dir='ltr'><strong>nobis</strong></span> <span class='ocrx_word' id='word_1_181' title='bbox 1455 2467 1737 2538; x_wconf 87' lang='lat' dir='ltr'><strong>judicanda</strong></span> <span class='ocrx_word' id='word_1_182' title='bbox 1765 2468 2061 2540; x_wconf 87' lang='lat' dir='ltr'><strong>permissa;</strong></span> 
     </span>
    </p>
   </div>
   <div class='ocr_carea' id='block_1_23' title="bbox 477 2561 2065 2631">
    <p class='ocr_par' dir='ltr' id='par_1_23' title="bbox 477 2561 2065 2631">
     <span class='ocr_line' id='line_1_23' title="bbox 477 2561 2065 2631; baseline 0.001 -16"><span class='ocrx_word' id='word_1_183' title='bbox 477 2561 729 2631; x_wconf 88' lang='lat' dir='ltr'><strong>quoniam</strong></span> <span class='ocrx_word' id='word_1_184' title='bbox 757 2577 862 2618; x_wconf 87' lang='lat' dir='ltr'><strong>non</strong></span> <span class='ocrx_word' id='word_1_185' title='bbox 892 2563 1067 2619; x_wconf 91' lang='lat' dir='ltr'><strong>solum</strong></span> <span class='ocrx_word' id='word_1_186' title='bbox 1099 2578 1197 2618; x_wconf 91' lang='lat' dir='ltr'><strong>nos</strong></span> <span class='ocrx_word' id='word_1_187' title='bbox 1227 2563 1415 2618; x_wconf 90' lang='lat' dir='ltr'><strong>nutriri</strong></span> <span class='ocrx_word' id='word_1_188' title='bbox 1444 2564 1736 2619; x_wconf 77' lang='lat' dir='ltr'><strong>manifestis</strong></span> <span class='ocrx_word' id='word_1_189' title='bbox 1756 2605 1769 2631; x_wconf 93' lang='lat'><strong>,</strong></span> <span class='ocrx_word' id='word_1_190' title='bbox 1799 2578 1985 2619; x_wconf 89' lang='lat' dir='ltr'><strong>verum</strong></span> <span class='ocrx_word' id='word_1_191' title='bbox 2009 2570 2065 2618; x_wconf 88' lang='lat' dir='ltr'><strong>et</strong></span> 
     </span>
    </p>
   </div>
   <div class='ocr_carea' id='block_1_24' title="bbox 474 2657 1310 2727">
    <p class='ocr_par' dir='ltr' id='par_1_24' title="bbox 474 2657 1310 2727">
     <span class='ocr_line' id='line_1_24' title="bbox 474 2657 1310 2727; baseline 0.001 -16"><span class='ocrx_word' id='word_1_192' title='bbox 474 2657 709 2713; x_wconf 78' lang='lat' dir='ltr'><strong>exerceri</strong></span> <span class='ocrx_word' id='word_1_193' title='bbox 737 2657 1017 2727; x_wconf 88' lang='lat' dir='ltr'><strong>oportebat</strong></span> <span class='ocrx_word' id='word_1_194' title='bbox 1051 2657 1310 2714; x_wconf 84' lang='lat' dir='ltr'><strong>obscuris.</strong></span> 
     </span>
    </p>
   </div>
   <div class='ocr_carea' id='block_1_25' title="bbox 546 2749 2063 2807">
    <p class='ocr_par' dir='ltr' id='par_1_25' title="bbox 546 2749 2063 2807">
     <span class='ocr_line' id='line_1_25' title="bbox 546 2749 2063 2807; baseline 0 -2"><span class='ocrx_word' id='word_1_195' title='bbox 546 2749 635 2805; x_wconf 77' lang='lat'><strong>&#39;50.</strong></span> <span class='ocrx_word' id='word_1_196' title='bbox 665 2749 774 2805; x_wconf 88' lang='lat' dir='ltr'><strong>Cur</strong></span> <span class='ocrx_word' id='word_1_197' title='bbox 799 2760 976 2805; x_wconf 89' lang='lat' dir='ltr'><strong>autem</strong></span> <span class='ocrx_word' id='word_1_198' title='bbox 1006 2750 1091 2806; x_wconf 89' lang='lat' dir='ltr'><strong>isti</strong></span> <span class='ocrx_word' id='word_1_199' title='bbox 1131 2750 1440 2806; x_wconf 84' lang='lat' dir='ltr'><strong>imitandam</strong></span> <span class='ocrx_word' id='word_1_200' title='bbox 1469 2750 1568 2806; x_wconf 90' lang='lat' dir='ltr'><strong>sibi</strong></span> <span class='ocrx_word' id='word_1_201' title='bbox 1599 2751 1832 2807; x_wconf 87' lang='lat' dir='ltr'><strong>Thamar</strong></span> <span class='ocrx_word' id='word_1_202' title='bbox 1874 2751 2063 2807; x_wconf 79' lang='lat' dir='ltr'><strong>existi-</strong></span> 
     </span>
    </p>
   </div>
   <div class='ocr_carea' id='block_1_26' title="bbox 473 2844 2059 2911">
    <p class='ocr_par' dir='ltr' id='par_1_26' title="bbox 473 2844 2059 2911">
     <span class='ocr_line' id='line_1_26' title="bbox 473 2844 2059 2911; baseline -0.001 -11"><span class='ocrx_word' id='word_1_203' title='bbox 473 2849 622 2900; x_wconf 88' lang='lat' dir='ltr'><strong>mant</strong></span> <span class='ocrx_word' id='word_1_204' title='bbox 644 2844 985 2900; x_wconf 86' lang='lat' dir='ltr'><strong>mentientem</strong></span> <span class='ocrx_word' id='word_1_205' title='bbox 1011 2887 1025 2911; x_wconf 95' lang='lat'><strong>,</strong></span> <span class='ocrx_word' id='word_1_206' title='bbox 1057 2852 1111 2900; x_wconf 89' lang='lat' dir='ltr'><strong>et</strong></span> <span class='ocrx_word' id='word_1_207' title='bbox 1144 2844 1456 2899; x_wconf 90' lang='lat' dir='ltr'><strong>imitandum</strong></span> <span class='ocrx_word' id='word_1_208' title='bbox 1500 2844 1690 2899; x_wconf 85' lang='lat' dir='ltr'><strong>Judam</strong></span> <span class='ocrx_word' id='word_1_209' title='bbox 1735 2859 1840 2900; x_wconf 89' lang='lat' dir='ltr'><strong>non</strong></span> <span class='ocrx_word' id='word_1_210' title='bbox 1870 2844 2059 2899; x_wconf 79' lang='lat' dir='ltr'><strong>existi-</strong></span> 
     </span>
    </p>
   </div>
   <div class='ocr_carea' id='block_1_27' title="bbox 473 2936 2055 3011">
    <p class='ocr_par' dir='ltr' id='par_1_27' title="bbox 473 2936 2055 3011">
     <span class='ocr_line' id='line_1_27' title="bbox 473 2936 2055 3011; baseline 0.001 -19"><span class='ocrx_word' id='word_1_211' title='bbox 473 2946 623 2993; x_wconf 86' lang='lat' dir='ltr'><strong>mant</strong></span> <span class='ocrx_word' id='word_1_212' title='bbox 648 2936 995 2993; x_wconf 88' lang='lat' dir='ltr'><strong>fornicantcm</strong></span> <span class='ocrx_word' id='word_1_213' title='bbox 1031 2937 1181 3011; x_wconf 87' lang='lat' dir='ltr'><strong>(Gen.</strong></span> <span class='ocrx_word' id='word_1_214' title='bbox 1230 2954 1473 3003; x_wconf 74' lang='lat' dir='ltr'><strong>XXXVIII,</strong></span> <span class='ocrx_word' id='word_1_215' title='bbox 1521 2938 1758 3009; x_wconf 55' lang='lat' dir='ltr'><strong>ill-18)?</strong></span> <span class='ocrx_word' id='word_1_216' title='bbox 1796 2939 1871 2993; x_wconf 91' lang='lat' dir='ltr'><strong>lbi</strong></span> <span class='ocrx_word' id='word_1_217' title='bbox 1912 2939 2055 2993; x_wconf 91' lang='lat' dir='ltr'><strong>enim</strong></span> 
     </span>
    </p>
   </div>
   <div class='ocr_carea' id='block_1_28' title="bbox 472 3030 2057 3102">
    <p class='ocr_par' dir='ltr' id='par_1_28' title="bbox 472 3030 2057 3102">
     <span class='ocr_line' id='line_1_28' title="bbox 472 3030 2057 3102; baseline 0 -16"><span class='ocrx_word' id='word_1_218' title='bbox 472 3037 757 3102; x_wconf 87' lang='lat' dir='ltr'><strong>utrumque</strong></span> <span class='ocrx_word' id='word_1_219' title='bbox 779 3030 1056 3102; x_wconf 82' lang='lat' dir='ltr'><strong>legerunt:</strong></span> <span class='ocrx_word' id='word_1_220' title='bbox 1087 3039 1141 3085; x_wconf 91' lang='lat' dir='ltr'><strong>et</strong></span> <span class='ocrx_word' id='word_1_221' title='bbox 1167 3030 1296 3085; x_wconf 87' lang='lat' dir='ltr'><strong>nihil</strong></span> <span class='ocrx_word' id='word_1_222' title='bbox 1326 3030 1514 3086; x_wconf 90' lang='lat' dir='ltr'><strong>horum</strong></span> <span class='ocrx_word' id='word_1_223' title='bbox 1537 3030 1810 3101; x_wconf 89' lang='lat' dir='ltr'><strong>Scriptura</strong></span> <span class='ocrx_word' id='word_1_224' title='bbox 1832 3030 1919 3085; x_wconf 92' lang='lat' dir='ltr'><strong>illa</strong></span> <span class='ocrx_word' id='word_1_225' title='bbox 1942 3030 2057 3086; x_wconf 89' lang='lat' dir='ltr'><strong>sive</strong></span> 
     </span>
    </p>
   </div>
   <div class='ocr_carea' id='block_1_29' title="bbox 470 3124 2073 3195">
    <p class='ocr_par' dir='ltr' id='par_1_29' title="bbox 470 3124 2073 3195">
     <span class='ocr_line' id='line_1_29' title="bbox 470 3124 2073 3195; baseline -0.001 -13"><span class='ocrx_word' id='word_1_226' title='bbox 470 3125 741 3195; x_wconf 87' lang='lat' dir='ltr'><strong>culpavit,</strong></span> <span class='ocrx_word' id='word_1_227' title='bbox 788 3126 900 3181; x_wconf 89' lang='lat' dir='ltr'><strong>sive</strong></span> <span class='ocrx_word' id='word_1_228' title='bbox 936 3125 1203 3192; x_wconf 84' lang='lat' dir='ltr'><strong>laudavit;</strong></span> <span class='ocrx_word' id='word_1_229' title='bbox 1238 3125 1331 3181; x_wconf 86' lang='lat' dir='ltr'><strong>sed</strong></span> <span class='ocrx_word' id='word_1_230' title='bbox 1362 3124 1727 3180; x_wconf 85' lang='lat' dir='ltr'><strong>tantummodo</strong></span> <span class='ocrx_word' id='word_1_231' title='bbox 1772 3124 2073 3195; x_wconf 73' lang='lat' dir='ltr'><strong>utrumque&#39;</strong></span> 
     </span>
    </p>
   </div>
   <div class='ocr_carea' id='block_1_30' title="bbox 470 3217 2056 3289">
    <p class='ocr_par' dir='ltr' id='par_1_30' title="bbox 470 3217 2056 3289">
     <span class='ocr_line' id='line_1_30' title="bbox 470 3217 2056 3289; baseline 0.002 -19"><span class='ocrx_word' id='word_1_232' title='bbox 470 3218 723 3285; x_wconf 89' lang='lat' dir='ltr'><strong>narravit,</strong></span> <span class='ocrx_word' id='word_1_233' title='bbox 750 3228 802 3273; x_wconf 91' lang='lat' dir='ltr'><strong>et</strong></span> <span class='ocrx_word' id='word_1_234' title='bbox 822 3217 1165 3287; x_wconf 86' lang='lat' dir='ltr'><strong>judicandum</strong></span> <span class='ocrx_word' id='word_1_235' title='bbox 1195 3218 1348 3274; x_wconf 91' lang='lat' dir='ltr'><strong>nobis</strong></span> <span class='ocrx_word' id='word_1_236' title='bbox 1371 3227 1653 3289; x_wconf 87' lang='lat' dir='ltr'><strong>utrumque</strong></span> <span class='ocrx_word' id='word_1_237' title='bbox 1685 3219 1887 3273; x_wconf 86' lang='lat' dir='ltr'><strong>dimisit</strong></span> <span class='ocrx_word' id='word_1_238' title='bbox 1914 3237 1926 3273; x_wconf 90' lang='lat'><strong>:</strong></span> <span class='ocrx_word' id='word_1_239' title='bbox 1960 3218 2056 3274; x_wconf 90' lang='lat' dir='ltr'><strong>sed</strong></span> 
     </span>
    </p>
   </div>
   <div class='ocr_carea' id='block_1_31' title="bbox 470 3309 2052 3382">
    <p class='ocr_par' dir='ltr' id='par_1_31' title="bbox 470 3309 2052 3382">
     <span class='ocr_line' id='line_1_31' title="bbox 470 3309 2052 3382; baseline 0.002 -20"><span class='ocrx_word' id='word_1_240' title='bbox 470 3310 666 3363; x_wconf 87' lang='lat' dir='ltr'><strong>mirum</strong></span> <span class='ocrx_word' id='word_1_241' title='bbox 696 3309 739 3363; x_wconf 90' lang='lat' dir='ltr'><strong>si</strong></span> <span class='ocrx_word' id='word_1_242' title='bbox 766 3310 963 3380; x_wconf 85' lang='lat' dir='ltr'><strong>aliquid</strong></span> <span class='ocrx_word' id='word_1_243' title='bbox 993 3309 1180 3364; x_wconf 88' lang='lat' dir='ltr'><strong>horum</strong></span> <span class='ocrx_word' id='word_1_244' title='bbox 1208 3310 1521 3365; x_wconf 91' lang='lat' dir='ltr'><strong>imitandum</strong></span> <span class='ocrx_word' id='word_1_245' title='bbox 1548 3310 1766 3381; x_wconf 90' lang='lat' dir='ltr'><strong>impune</strong></span> <span class='ocrx_word' id='word_1_246' title='bbox 1793 3312 2052 3382; x_wconf 88' lang='lat' dir='ltr'><strong>permisit.</strong></span> 
     </span>
    </p>
   </div>
   <div class='ocr_carea' id='block_1_32' title="bbox 470 3399 2053 3468">
    <p class='ocr_par' dir='ltr' id='par_1_32' title="bbox 470 3399 2053 3468">
     <span class='ocr_line' id='line_1_32' title="bbox 470 3399 2053 3468; baseline 0.003 -15"><span class='ocrx_word' id='word_1_247' title='bbox 470 3399 623 3468; x_wconf 87' lang='lat' dir='ltr'><strong>Quod</strong></span> <span class='ocrx_word' id='word_1_248' title='bbox 652 3399 792 3455; x_wconf 92' lang='lat' dir='ltr'><strong>cnim</strong></span> <span class='ocrx_word' id='word_1_249' title='bbox 828 3400 1060 3456; x_wconf 89' lang='lat' dir='ltr'><strong>Thamar</strong></span> <span class='ocrx_word' id='word_1_250' title='bbox 1096 3414 1199 3456; x_wconf 90' lang='lat' dir='ltr'><strong>non</strong></span> <span class='ocrx_word' id='word_1_251' title='bbox 1240 3402 1615 3457; x_wconf 88' lang='lat' dir='ltr'><strong>meretricandi</strong></span> <span class='ocrx_word' id='word_1_252' title='bbox 1655 3402 1876 3458; x_wconf 86' lang='lat' dir='ltr'><strong>libidine</strong></span> <span class='ocrx_word' id='word_1_253' title='bbox 1904 3445 1917 3467; x_wconf 90' lang='lat'><strong>,</strong></span> <span class='ocrx_word' id='word_1_254' title='bbox 1960 3402 2053 3458; x_wconf 90' lang='lat' dir='ltr'><strong>sed</strong></span> 
     </span>
    </p>
   </div>
   <div class='ocr_carea' id='block_1_33' title="bbox 468 3493 2057 3564">
    <p class='ocr_par' dir='ltr' id='par_1_33' title="bbox 468 3493 2057 3564">
     <span class='ocr_line' id='line_1_33' title="bbox 468 3493 2057 3564; baseline 0 -15"><span class='ocrx_word' id='word_1_255' title='bbox 468 3493 803 3564; x_wconf 91' lang='lat' dir='ltr'><strong>concipiendi</strong></span> <span class='ocrx_word' id='word_1_256' title='bbox 830 3494 1103 3550; x_wconf 86' lang='lat' dir='ltr'><strong>voluntate</strong></span> <span class='ocrx_word' id='word_1_257' title='bbox 1127 3496 1346 3551; x_wconf 89' lang='lat' dir='ltr'><strong>mentita</strong></span> <span class='ocrx_word' id='word_1_258' title='bbox 1371 3495 1459 3563; x_wconf 87' lang='lat' dir='ltr'><strong>sit,</strong></span> <span class='ocrx_word' id='word_1_259' title='bbox 1492 3495 1754 3551; x_wconf 87' lang='lat' dir='ltr'><strong>novimus.</strong></span> <span class='ocrx_word' id='word_1_260' title='bbox 1784 3496 1976 3551; x_wconf 89' lang='lat' dir='ltr'><strong>Verum</strong></span> <span class='ocrx_word' id='word_1_261' title='bbox 2002 3503 2057 3549; x_wconf 88' lang='lat' dir='ltr'><strong>et</strong></span> 
     </span>
    </p>
   </div>
   <div class='ocr_carea' id='block_1_34' title="bbox 468 3587 2055 3660">
    <p class='ocr_par' dir='ltr' id='par_1_34' title="bbox 468 3587 2055 3660">
     <span class='ocr_line' id='line_1_34' title="bbox 468 3587 2055 3660; baseline 0 -17"><span class='ocrx_word' id='word_1_262' title='bbox 468 3588 766 3655; x_wconf 90' lang='lat' dir='ltr'><strong>fornicatio,</strong></span> <span class='ocrx_word' id='word_1_263' title='bbox 791 3587 998 3643; x_wconf 89' lang='lat' dir='ltr'><strong>etiamsi</strong></span> <span class='ocrx_word' id='word_1_264' title='bbox 1022 3588 1171 3644; x_wconf 85' lang='lat' dir='ltr'><strong>Judae</strong></span> <span class='ocrx_word' id='word_1_265' title='bbox 1194 3590 1314 3645; x_wconf 90' lang='lat' dir='ltr'><strong>talis</strong></span> <span class='ocrx_word' id='word_1_266' title='bbox 1334 3605 1441 3645; x_wconf 91' lang='lat' dir='ltr'><strong>non</strong></span> <span class='ocrx_word' id='word_1_267' title='bbox 1464 3589 1585 3655; x_wconf 83' lang='lat' dir='ltr'><strong>fuit,</strong></span> <span class='ocrx_word' id='word_1_268' title='bbox 1611 3597 1787 3660; x_wconf 87' lang='lat' dir='ltr'><strong>potest</strong></span> <span class='ocrx_word' id='word_1_269' title='bbox 1812 3604 1930 3645; x_wconf 89' lang='lat' dir='ltr'><strong>esse</strong></span> <span class='ocrx_word' id='word_1_270' title='bbox 1956 3605 2055 3645; x_wconf 91' lang='lat' dir='ltr'><strong>cu-</strong></span> 
     </span>
    </p>
   </div>
   <div class='ocr_carea' id='block_1_35' title="bbox 461 3681 2052 3753">
    <p class='ocr_par' dir='ltr' id='par_1_35' title="bbox 461 3681 2052 3753">
     <span class='ocr_line' id='line_1_35' title="bbox 461 3681 2052 3753; baseline 0.001 -18"><span class='ocrx_word' id='word_1_271' title='bbox 461 3682 693 3753; x_wconf 80' lang='lat' dir='ltr'><strong>juspiam</strong></span> <span class='ocrx_word' id='word_1_272' title='bbox 714 3698 817 3752; x_wconf 89' lang='lat' dir='ltr'><strong>qua</strong></span> <span class='ocrx_word' id='word_1_273' title='bbox 839 3682 997 3737; x_wconf 89' lang='lat' dir='ltr'><strong>faciat</strong></span> <span class='ocrx_word' id='word_1_274' title='bbox 1025 3686 1081 3737; x_wconf 89' lang='lat' dir='ltr'><strong>ut</strong></span> <span class='ocrx_word' id='word_1_275' title='bbox 1102 3681 1261 3739; x_wconf 89' lang='lat' dir='ltr'><strong>homo</strong></span> <span class='ocrx_word' id='word_1_276' title='bbox 1282 3684 1556 3750; x_wconf 87' lang='lat' dir='ltr'><strong>liberetur,</strong></span> <span class='ocrx_word' id='word_1_277' title='bbox 1581 3683 1719 3739; x_wconf 89' lang='lat' dir='ltr'><strong>sicut</strong></span> <span class='ocrx_word' id='word_1_278' title='bbox 1739 3684 1876 3738; x_wconf 91' lang='lat' dir='ltr'><strong>illius</strong></span> <span class='ocrx_word' id='word_1_279' title='bbox 1898 3698 2052 3738; x_wconf 89' lang='lat' dir='ltr'><strong>men-</strong></span> 
     </span>
    </p>
   </div>
   <div class='ocr_carea' id='block_1_36' title="bbox 466 3770 2051 3845">
    <p class='ocr_par' dir='ltr' id='par_1_36' title="bbox 466 3770 2051 3845">
     <span class='ocr_line' id='line_1_36' title="bbox 466 3770 2051 3845; baseline 0.002 -19"><span class='ocrx_word' id='word_1_280' title='bbox 466 3770 676 3826; x_wconf 90' lang='lat' dir='ltr'><strong>dacium</strong></span> <span class='ocrx_word' id='word_1_281' title='bbox 704 3771 802 3826; x_wconf 88' lang='lat' dir='ltr'><strong>fuit</strong></span> <span class='ocrx_word' id='word_1_282' title='bbox 823 3781 883 3827; x_wconf 91' lang='lat' dir='ltr'><strong>ut</strong></span> <span class='ocrx_word' id='word_1_283' title='bbox 908 3772 1069 3827; x_wconf 91' lang='lat' dir='ltr'><strong>homo</strong></span> <span class='ocrx_word' id='word_1_284' title='bbox 1095 3775 1467 3844; x_wconf 88' lang='lat' dir='ltr'><strong>conciperetur</strong></span> <span class='ocrx_word' id='word_1_285' title='bbox 1486 3792 1497 3826; x_wconf 92' lang='lat'><strong>:</strong></span> <span class='ocrx_word' id='word_1_286' title='bbox 1516 3775 1772 3845; x_wconf 90' lang='lat' dir='ltr'><strong>numquid</strong></span> <span class='ocrx_word' id='word_1_287' title='bbox 1805 3786 2051 3845; x_wconf 88' lang='lat' dir='ltr'><strong>propter-</strong></span> 
     </span>
    </p>
   </div>
   <div class='ocr_carea' id='block_1_37' title="bbox 466 3864 2054 3937">
    <p class='ocr_par' dir='ltr' id='par_1_37' title="bbox 466 3864 2054 3937">
     <span class='ocr_line' id='line_1_37' title="bbox 466 3864 2054 3937; baseline 0.002 -18"><span class='ocrx_word' id='word_1_288' title='bbox 466 3876 529 3919; x_wconf 91' lang='lat' dir='ltr'><strong>ca</strong></span> <span class='ocrx_word' id='word_1_289' title='bbox 583 3864 742 3920; x_wconf 89' lang='lat' dir='ltr'><strong>etiam</strong></span> <span class='ocrx_word' id='word_1_290' title='bbox 777 3864 1143 3921; x_wconf 88' lang='lat' dir='ltr'><strong>fornicandum</strong></span> <span class='ocrx_word' id='word_1_291' title='bbox 1172 3876 1289 3933; x_wconf 90' lang='lat' dir='ltr'><strong>est,</strong></span> <span class='ocrx_word' id='word_1_292' title='bbox 1336 3866 1380 3920; x_wconf 89' lang='lat' dir='ltr'><strong>si</strong></span> <span class='ocrx_word' id='word_1_293' title='bbox 1410 3877 1627 3937; x_wconf 85' lang='lat' dir='ltr'><strong>propter</strong></span> <span class='ocrx_word' id='word_1_294' title='bbox 1666 3866 1797 3921; x_wconf 92' lang='lat' dir='ltr'><strong>illud</strong></span> <span class='ocrx_word' id='word_1_295' title='bbox 1838 3877 2054 3937; x_wconf 85' lang='lat' dir='ltr'><strong>putatur</strong></span> 
     </span>
    </p>
   </div>
   <div class='ocr_carea' id='block_1_38' title="bbox 467 3956 2049 4031">
    <p class='ocr_par' dir='ltr' id='par_1_38' title="bbox 467 3956 2049 4031">
     <span class='ocr_line' id='line_1_38' title="bbox 467 3956 2049 4031; baseline 0.004 -22"><span class='ocrx_word' id='word_1_296' title='bbox 467 3956 630 4012; x_wconf 85' lang='lat' dir='ltr'><strong>fuisse</strong></span> <span class='ocrx_word' id='word_1_297' title='bbox 662 3957 1069 4013; x_wconf 88' lang='lat' dir='ltr'><strong>mentiendum?</strong></span> <span class='ocrx_word' id='word_1_298' title='bbox 1108 3958 1221 4015; x_wconf 91' lang='lat' dir='ltr'><strong>Non</strong></span> <span class='ocrx_word' id='word_1_299' title='bbox 1268 3959 1335 4014; x_wconf 92' lang='lat' dir='ltr'><strong>de</strong></span> <span class='ocrx_word' id='word_1_300' title='bbox 1364 3961 1479 4015; x_wconf 88' lang='lat' dir='ltr'><strong>solo</strong></span> <span class='ocrx_word' id='word_1_301' title='bbox 1519 3959 1695 4031; x_wconf 82' lang='lat' dir='ltr'><strong>itaque</strong></span> <span class='ocrx_word' id='word_1_302' title='bbox 1734 3960 2012 4016; x_wconf 86' lang='lat' dir='ltr'><strong>mendacio</strong></span> <span class='ocrx_word' id='word_1_303' title='bbox 2036 4004 2049 4027; x_wconf 91' lang='lat'><strong>,</strong></span> 
     </span>
    </p>
   </div>
   <div class='ocr_carea' id='block_1_39' title="bbox 466 4050 2053 4123">
    <p class='ocr_par' dir='ltr' id='par_1_39' title="bbox 466 4050 2053 4123">
     <span class='ocr_line' id='line_1_39' title="bbox 466 4050 2053 4123; baseline 0.002 -17"><span class='ocrx_word' id='word_1_304' title='bbox 466 4050 561 4106; x_wconf 83' lang='lat' dir='ltr'><strong>sed</strong></span> <span class='ocrx_word' id='word_1_305' title='bbox 589 4050 655 4106; x_wconf 91' lang='lat' dir='ltr'><strong>de</strong></span> <span class='ocrx_word' id='word_1_306' title='bbox 682 4052 930 4106; x_wconf 90' lang='lat' dir='ltr'><strong>omnibus</strong></span> <span class='ocrx_word' id='word_1_307' title='bbox 957 4052 1205 4123; x_wconf 88' lang='lat' dir='ltr'><strong>operibus</strong></span> <span class='ocrx_word' id='word_1_308' title='bbox 1228 4053 1501 4107; x_wconf 88' lang='lat' dir='ltr'><strong>hominum</strong></span> <span class='ocrx_word' id='word_1_309' title='bbox 1528 4053 1581 4107; x_wconf 92' lang='lat' dir='ltr'><strong>in</strong></span> <span class='ocrx_word' id='word_1_310' title='bbox 1604 4054 1795 4123; x_wconf 83' lang='lat' dir='ltr'><strong>quibus</strong></span> <span class='ocrx_word' id='word_1_311' title='bbox 1821 4055 2053 4110; x_wconf 77' lang='lat' dir='ltr'><strong>existunt</strong></span> 
     </span>
    </p>
   </div>
   <div class='ocr_carea' id='block_1_40' title="bbox 465 4145 2051 4217">
    <p class='ocr_par' dir='ltr' id='par_1_40' title="bbox 465 4145 2051 4217">
     <span class='ocr_line' id='line_1_40' title="bbox 465 4145 2051 4217; baseline 0.001 -18"><span class='ocrx_word' id='word_1_312' title='bbox 465 4145 611 4200; x_wconf 89' lang='lat' dir='ltr'><strong>velut</strong></span> <span class='ocrx_word' id='word_1_313' title='bbox 636 4146 1030 4216; x_wconf 83' lang='lat' dir='ltr'><strong>compensativa</strong></span> <span class='ocrx_word' id='word_1_314' title='bbox 1057 4154 1294 4216; x_wconf 89' lang='lat' dir='ltr'><strong>peccata,</strong></span> <span class='ocrx_word' id='word_1_315' title='bbox 1322 4145 1767 4201; x_wconf 90' lang='lat' dir='ltr'><strong>considerandum</strong></span> <span class='ocrx_word' id='word_1_316' title='bbox 1790 4155 1869 4201; x_wconf 88' lang='lat' dir='ltr'><strong>cst</strong></span> <span class='ocrx_word' id='word_1_317' title='bbox 1893 4162 2051 4217; x_wconf 88' lang='lat' dir='ltr'><strong>quam</strong></span> 
     </span>
    </p>
   </div>
   <div class='ocr_carea' id='block_1_41' title="bbox 465 4234 2052 4309">
    <p class='ocr_par' dir='ltr' id='par_1_41' title="bbox 465 4234 2052 4309">
     <span class='ocr_line' id='line_1_41' title="bbox 465 4234 2052 4309; baseline 0.003 -19"><span class='ocrx_word' id='word_1_318' title='bbox 465 4234 783 4292; x_wconf 87' lang='lat' dir='ltr'><strong>sententiam</strong></span> <span class='ocrx_word' id='word_1_319' title='bbox 810 4235 1049 4307; x_wconf 85' lang='lat' dir='ltr'><strong>proferre</strong></span> <span class='ocrx_word' id='word_1_320' title='bbox 1075 4236 1365 4293; x_wconf 87' lang='lat' dir='ltr'><strong>debeamus</strong></span> <span class='ocrx_word' id='word_1_321' title='bbox 1389 4254 1402 4303; x_wconf 94' lang='lat'><strong>;</strong></span> <span class='ocrx_word' id='word_1_322' title='bbox 1432 4253 1498 4291; x_wconf 89' lang='lat' dir='ltr'><strong>ne</strong></span> <span class='ocrx_word' id='word_1_323' title='bbox 1524 4237 1825 4309; x_wconf 89' lang='lat' dir='ltr'><strong>aperiamus</strong></span> <span class='ocrx_word' id='word_1_324' title='bbox 1850 4239 2052 4295; x_wconf 89' lang='lat' dir='ltr'><strong>aditum</strong></span> 
     </span>
    </p>
   </div>
   <div class='ocr_carea' id='block_1_42' title="bbox 464 4330 2053 4402">
    <p class='ocr_par' dir='ltr' id='par_1_42' title="bbox 464 4330 2053 4402">
     <span class='ocr_line' id='line_1_42' title="bbox 464 4330 2053 4402; baseline 0.001 -17"><span class='ocrx_word' id='word_1_325' title='bbox 464 4344 573 4385; x_wconf 90' lang='lat' dir='ltr'><strong>non</strong></span> <span class='ocrx_word' id='word_1_326' title='bbox 602 4338 807 4385; x_wconf 88' lang='lat' dir='ltr'><strong>tantum</strong></span> <span class='ocrx_word' id='word_1_327' title='bbox 837 4331 1015 4402; x_wconf 79' lang='lat' dir='ltr'><strong>parvis</strong></span> <span class='ocrx_word' id='word_1_328' title='bbox 1055 4330 1353 4402; x_wconf 88' lang='lat' dir='ltr'><strong>quibusque</strong></span> <span class='ocrx_word' id='word_1_329' title='bbox 1379 4330 1612 4402; x_wconf 88' lang='lat' dir='ltr'><strong>peccatis</strong></span> <span class='ocrx_word' id='word_1_330' title='bbox 1632 4372 1647 4398; x_wconf 90' lang='lat'><strong>,</strong></span> <span class='ocrx_word' id='word_1_331' title='bbox 1676 4346 1861 4387; x_wconf 83' lang='lat' dir='ltr'><strong>verum</strong></span> <span class='ocrx_word' id='word_1_332' title='bbox 1891 4333 2053 4387; x_wconf 90' lang='lat' dir='ltr'><strong>etiam</strong></span> 
     </span>
    </p>
   </div>
   <div class='ocr_carea' id='block_1_43' title="bbox 465 4422 2052 4495">
    <p class='ocr_par' dir='ltr' id='par_1_43' title="bbox 465 4422 2052 4495">
     <span class='ocr_line' id='line_1_43' title="bbox 465 4422 2052 4495; baseline 0.001 -18"><span class='ocrx_word' id='word_1_333' title='bbox 465 4422 755 4479; x_wconf 87' lang='lat' dir='ltr'><strong>sceleribus</strong></span> <span class='ocrx_word' id='word_1_334' title='bbox 782 4425 1008 4491; x_wconf 91' lang='lat' dir='ltr'><strong>cunctis,</strong></span> <span class='ocrx_word' id='word_1_335' title='bbox 1034 4424 1347 4495; x_wconf 90' lang='lat' dir='ltr'><strong>nullumque</strong></span> <span class='ocrx_word' id='word_1_336' title='bbox 1377 4431 1651 4480; x_wconf 89' lang='lat' dir='ltr'><strong>remaneat</strong></span> <span class='ocrx_word' id='word_1_337' title='bbox 1686 4422 1914 4493; x_wconf 82' lang='lat' dir='ltr'><strong>facinus,</strong></span> <span class='ocrx_word' id='word_1_338' title='bbox 1956 4423 2052 4479; x_wconf 85' lang='lat' dir='ltr'><strong>fla-</strong></span> 
     </span>
    </p>
   </div>
   <div class='ocr_carea' id='block_1_44' title="bbox 464 4514 2050 4589">
    <p class='ocr_par' dir='ltr' id='par_1_44' title="bbox 464 4514 2050 4589">
     <span class='ocr_line' id='line_1_44' title="bbox 464 4514 2050 4589; baseline 0.004 -21"><span class='ocrx_word' id='word_1_339' title='bbox 464 4514 670 4586; x_wconf 82' lang='lat' dir='ltr'><strong>gitium,</strong></span> <span class='ocrx_word' id='word_1_340' title='bbox 696 4517 1053 4588; x_wconf 86' lang='lat' dir='ltr'><strong>sacrilegium,</strong></span> <span class='ocrx_word' id='word_1_341' title='bbox 1086 4517 1137 4571; x_wconf 92' lang='lat' dir='ltr'><strong>in</strong></span> <span class='ocrx_word' id='word_1_342' title='bbox 1165 4533 1270 4589; x_wconf 89' lang='lat' dir='ltr'><strong>quo</strong></span> <span class='ocrx_word' id='word_1_343' title='bbox 1295 4532 1454 4573; x_wconf 86' lang='lat' dir='ltr'><strong>causa</strong></span> <span class='ocrx_word' id='word_1_344' title='bbox 1480 4534 1582 4572; x_wconf 92' lang='lat' dir='ltr'><strong>non</strong></span> <span class='ocrx_word' id='word_1_345' title='bbox 1615 4518 1781 4589; x_wconf 83' lang='lat' dir='ltr'><strong>possit</strong></span> <span class='ocrx_word' id='word_1_346' title='bbox 1815 4517 2050 4575; x_wconf 83' lang='lat' dir='ltr'><strong>existere</strong></span> 
     </span>
    </p>
   </div>
   <div class='ocr_carea' id='block_1_45' title="bbox 463 4608 2051 4683">
    <p class='ocr_par' dir='ltr' id='par_1_45' title="bbox 463 4608 2051 4683">
     <span class='ocr_line' id='line_1_45' title="bbox 463 4608 2051 4683; baseline 0.003 -21"><span class='ocrx_word' id='word_1_347' title='bbox 463 4622 567 4678; x_wconf 88' lang='lat' dir='ltr'><strong>qua</strong></span> <span class='ocrx_word' id='word_1_348' title='bbox 588 4616 731 4663; x_wconf 91' lang='lat' dir='ltr'><strong>recte</strong></span> <span class='ocrx_word' id='word_1_349' title='bbox 756 4608 997 4664; x_wconf 88' lang='lat' dir='ltr'><strong>videatur</strong></span> <span class='ocrx_word' id='word_1_350' title='bbox 1016 4624 1134 4665; x_wconf 89' lang='lat' dir='ltr'><strong>esse</strong></span> <span class='ocrx_word' id='word_1_351' title='bbox 1156 4610 1472 4677; x_wconf 87' lang='lat' dir='ltr'><strong>faciendum,</strong></span> <span class='ocrx_word' id='word_1_352' title='bbox 1499 4610 1906 4683; x_wconf 87' lang='lat' dir='ltr'><strong>universamque</strong></span> <span class='ocrx_word' id='word_1_353' title='bbox 1929 4611 2051 4666; x_wconf 67' lang='lat' dir='ltr'><strong>vitrc</strong></span> 
     </span>
    </p>
   </div>
   <div class='ocr_carea' id='block_1_46' title="bbox 464 4698 1439 4772">
    <p class='ocr_par' dir='ltr' id='par_1_46' title="bbox 464 4698 1439 4772">
     <span class='ocr_line' id='line_1_46' title="bbox 464 4698 1439 4772; baseline 0.001 -17"><span class='ocrx_word' id='word_1_354' title='bbox 464 4698 783 4772; x_wconf 88' lang='lat' dir='ltr'><strong>probitatem</strong></span> <span class='ocrx_word' id='word_1_355' title='bbox 811 4702 991 4772; x_wconf 92' lang='lat' dir='ltr'><strong>opinio</strong></span> <span class='ocrx_word' id='word_1_356' title='bbox 1022 4703 1120 4757; x_wconf 88' lang='lat' dir='ltr'><strong>ista</strong></span> <span class='ocrx_word' id='word_1_357' title='bbox 1149 4703 1439 4757; x_wconf 85' lang='lat' dir='ltr'><strong>subvertat.</strong></span> 
     </span>
    </p>
   </div>
   <div class='ocr_carea' id='block_1_47' title="bbox 531 4790 2051 4867">
    <p class='ocr_par' dir='ltr' id='par_1_47' title="bbox 531 4790 2051 4867">
     <span class='ocr_line' id='line_1_47' title="bbox 531 4790 2051 4867; baseline 0.002 -20"><span class='ocrx_word' id='word_1_358' title='bbox 531 4790 758 4849; x_wconf 83' lang='lat' dir='ltr'><strong>CAPUT</strong></span> <span class='ocrx_word' id='word_1_359' title='bbox 797 4792 913 4848; x_wconf 83' lang='lat' dir='ltr'><strong>XV.</strong></span> <span class='ocrx_word' id='word_1_360' title='bbox 942 4825 1012 4833; x_wconf 94' lang='lat'><strong></strong></span> <span class='ocrx_word' id='word_1_361' title='bbox 1042 4794 1129 4850; x_wconf 80' lang='grc'><strong>51.</strong></span> <span class='ocrx_word' id='word_1_362' title='bbox 1172 4793 1496 4849; x_wconf 76' lang='lat' dir='ltr'><strong>Mendacium</strong></span> <span class='ocrx_word' id='word_1_363' title='bbox 1539 4812 1736 4867; x_wconf 80' lang='lat' dir='ltr'><strong>semper</strong></span> <span class='ocrx_word' id='word_1_364' title='bbox 1773 4814 1877 4851; x_wconf 80' lang='lat' dir='ltr'><strong>esse</strong></span> <span class='ocrx_word' id='word_1_365' title='bbox 1912 4797 2051 4867; x_wconf 83' lang='lat' dir='ltr'><strong>inju-</strong></span> 
     </span>
    </p>
   </div>
   <div class='ocr_carea' id='block_1_48' title="bbox 460 4886 2052 4957">
    <p class='ocr_par' dir='ltr' id='par_1_48' title="bbox 460 4886 2052 4957">
     <span class='ocr_line' id='line_1_48' title="bbox 460 4886 2052 4957; baseline 0.003 -18"><span class='ocrx_word' id='word_1_366' title='bbox 460 4894 593 4940; x_wconf 80' lang='lat' dir='ltr'><strong>atum</strong></span> <span class='ocrx_word' id='word_1_367' title='bbox 615 4926 631 4954; x_wconf 91' lang='lat'><strong>,</strong></span> <span class='ocrx_word' id='word_1_368' title='bbox 660 4902 773 4940; x_wconf 86' lang='lat' dir='ltr'><strong>cum</strong></span> <span class='ocrx_word' id='word_1_369' title='bbox 800 4886 865 4941; x_wconf 82' lang='lat' dir='ltr'><strong>sit</strong></span> <span class='ocrx_word' id='word_1_370' title='bbox 892 4896 1146 4957; x_wconf 80' lang='lat' dir='ltr'><strong>peccatum</strong></span> <span class='ocrx_word' id='word_1_371' title='bbox 1176 4897 1221 4942; x_wconf 88' lang='lat' dir='ltr'><strong>et</strong></span> <span class='ocrx_word' id='word_1_372' title='bbox 1259 4888 1456 4942; x_wconf 81' lang='lat' dir='ltr'><strong>veritati</strong></span> <span class='ocrx_word' id='word_1_373' title='bbox 1489 4889 1817 4944; x_wconf 85' lang='lat' dir='ltr'><strong>contrarium.</strong></span> <span class='ocrx_word' id='word_1_374' title='bbox 1850 4889 1917 4944; x_wconf 86' lang='lat' dir='ltr'><strong>In</strong></span> <span class='ocrx_word' id='word_1_375' title='bbox 1949 4889 2052 4944; x_wconf 71' lang='lat' dir='ltr'><strong>llr-</strong></span> 
     </span>
    </p>
   </div>
   <div class='ocr_carea' id='block_1_49' title="bbox 461 4978 2046 5056">
    <p class='ocr_par' dir='ltr' id='par_1_49' title="bbox 461 4978 2046 5056">
     <span class='ocr_line' id='line_1_49' title="bbox 461 4978 2046 5056; baseline 0.004 -25"><span class='ocrx_word' id='word_1_376' title='bbox 461 4978 608 5033; x_wconf 69' lang='lat' dir='ltr'><strong>brtms</strong></span> <span class='ocrx_word' id='word_1_377' title='bbox 659 4979 999 5035; x_wconf 77' lang='lat' dir='ltr'><strong>obstetricibus</strong></span> <span class='ocrx_word' id='word_1_378' title='bbox 1026 4990 1072 5036; x_wconf 87' lang='lat' dir='ltr'><strong>et</strong></span> <span class='ocrx_word' id='word_1_379' title='bbox 1103 4983 1156 5035; x_wconf 86' lang='lat' dir='ltr'><strong>in</strong></span> <span class='ocrx_word' id='word_1_380' title='bbox 1186 4982 1327 5037; x_wconf 81' lang='lat' dir='ltr'><strong>Raab</strong></span> <span class='ocrx_word' id='word_1_381' title='bbox 1354 4998 1452 5037; x_wconf 84' lang='lat' dir='ltr'><strong>non</strong></span> <span class='ocrx_word' id='word_1_382' title='bbox 1476 4995 1792 5038; x_wconf 86' lang='lat' dir='ltr'><strong>remunerata</strong></span> <span class='ocrx_word' id='word_1_383' title='bbox 1818 4985 2046 5056; x_wconf 77' lang='lat' dir='ltr'><strong>fallacia,</strong></span> 
     </span>
    </p>
   </div>
   <div class='ocr_carea' id='block_1_50' title="bbox 460 5071 2044 5146">
    <p class='ocr_par' dir='ltr' id='par_1_50' title="bbox 460 5071 2044 5146">
     <span class='ocr_line' id='line_1_50' title="bbox 460 5071 2044 5146; baseline 0.005 -21"><span class='ocrx_word' id='word_1_384' title='bbox 460 5072 549 5125; x_wconf 78' lang='lat' dir='ltr'><strong>sed</strong></span> <span class='ocrx_word' id='word_1_385' title='bbox 577 5071 934 5128; x_wconf 71' lang='lat' dir='ltr'><strong>benevolentia.</strong></span> <span class='ocrx_word' id='word_1_386' title='bbox 981 5073 1122 5129; x_wconf 87' lang='lat' dir='ltr'><strong>Nihil</strong></span> <span class='ocrx_word' id='word_1_387' title='bbox 1156 5083 1330 5130; x_wconf 90' lang='lat' dir='ltr'><strong>autem</strong></span> <span class='ocrx_word' id='word_1_388' title='bbox 1372 5076 1688 5146; x_wconf 90' lang='lat' dir='ltr'><strong>judicandus</strong></span> <span class='ocrx_word' id='word_1_389' title='bbox 1722 5086 1805 5132; x_wconf 91' lang='lat' dir='ltr'><strong>est</strong></span> <span class='ocrx_word' id='word_1_390' title='bbox 1833 5077 2010 5133; x_wconf 87' lang='lat' dir='ltr'><strong>dicere</strong></span> <span class='ocrx_word' id='word_1_391' title='bbox 2031 5122 2044 5145; x_wconf 92' lang='lat'><strong>,</strong></span> 
     </span>
    </p>
   </div>
   <div class='ocr_carea' id='block_1_51' title="bbox 460 5163 2045 5239">
    <p class='ocr_par' dir='ltr' id='par_1_51' title="bbox 460 5163 2045 5239">
     <span class='ocr_line' id='line_1_51' title="bbox 460 5163 2045 5239; baseline 0.005 -23"><span class='ocrx_word' id='word_1_392' title='bbox 460 5163 549 5232; x_wconf 88' lang='lat' dir='ltr'><strong>qui</strong></span> <span class='ocrx_word' id='word_1_393' title='bbox 582 5163 711 5218; x_wconf 86' lang='lat' dir='ltr'><strong>dicit</strong></span> <span class='ocrx_word' id='word_1_394' title='bbox 737 5165 911 5236; x_wconf 86' lang='lat' dir='ltr'><strong>aliqua</strong></span> <span class='ocrx_word' id='word_1_395' title='bbox 939 5166 1081 5236; x_wconf 87' lang='lat' dir='ltr'><strong>justa</strong></span> <span class='ocrx_word' id='word_1_396' title='bbox 1109 5181 1227 5221; x_wconf 89' lang='lat' dir='ltr'><strong>esse</strong></span> <span class='ocrx_word' id='word_1_397' title='bbox 1253 5167 1552 5234; x_wconf 88' lang='lat' dir='ltr'><strong>mendacia,</strong></span> <span class='ocrx_word' id='word_1_398' title='bbox 1584 5168 1685 5222; x_wconf 91' lang='lat' dir='ltr'><strong>nisi</strong></span> <span class='ocrx_word' id='word_1_399' title='bbox 1707 5168 1879 5239; x_wconf 88' lang='lat' dir='ltr'><strong>aliqua</strong></span> <span class='ocrx_word' id='word_1_400' title='bbox 1903 5170 2045 5239; x_wconf 86' lang='lat' dir='ltr'><strong>justa</strong></span> 
     </span>
    </p>
   </div>
   <div class='ocr_carea' id='block_1_52' title="bbox 457 5259 2047 5333">
    <p class='ocr_par' dir='ltr' id='par_1_52' title="bbox 457 5259 2047 5333">
     <span class='ocr_line' id='line_1_52' title="bbox 457 5259 2047 5333; baseline 0.005 -24"><span class='ocrx_word' id='word_1_401' title='bbox 457 5269 580 5310; x_wconf 90' lang='lat' dir='ltr'><strong>esse</strong></span> <span class='ocrx_word' id='word_1_402' title='bbox 618 5267 831 5326; x_wconf 78' lang='lat' dir='ltr'><strong>peceata</strong></span> <span class='ocrx_word' id='word_1_403' title='bbox 857 5301 871 5325; x_wconf 92' lang='lat'><strong>,</strong></span> <span class='ocrx_word' id='word_1_404' title='bbox 909 5274 971 5313; x_wconf 86' lang='lat' dir='ltr'><strong>ac</strong></span> <span class='ocrx_word' id='word_1_405' title='bbox 1000 5275 1093 5329; x_wconf 80' lang='lat' dir='ltr'><strong>per</strong></span> <span class='ocrx_word' id='word_1_406' title='bbox 1122 5260 1222 5315; x_wconf 87' lang='lat' dir='ltr'><strong>hoc</strong></span> <span class='ocrx_word' id='word_1_407' title='bbox 1248 5259 1423 5330; x_wconf 87' lang='lat' dir='ltr'><strong>aliqua</strong></span> <span class='ocrx_word' id='word_1_408' title='bbox 1445 5260 1586 5329; x_wconf 87' lang='lat' dir='ltr'><strong>justa</strong></span> <span class='ocrx_word' id='word_1_409' title='bbox 1618 5274 1735 5316; x_wconf 90' lang='lat' dir='ltr'><strong>esse</strong></span> <span class='ocrx_word' id='word_1_410' title='bbox 1766 5278 1884 5333; x_wconf 77' lang='lat' dir='ltr'><strong>quae</strong></span> <span class='ocrx_word' id='word_1_411' title='bbox 1909 5263 2047 5333; x_wconf 87' lang='lat' dir='ltr'><strong>inju-</strong></span> 
     </span>
    </p>
   </div>
   <div class='ocr_carea' id='block_1_53' title="bbox 458 5350 2045 5422">
    <p class='ocr_par' dir='ltr' id='par_1_53' title="bbox 458 5350 2045 5422">
     <span class='ocr_line' id='line_1_53' title="bbox 458 5350 2045 5422; baseline 0.006 -20"><span class='ocrx_word' id='word_1_412' title='bbox 458 5356 540 5402; x_wconf 87' lang='lat' dir='ltr'><strong>sta</strong></span> <span class='ocrx_word' id='word_1_413' title='bbox 568 5356 693 5405; x_wconf 91' lang='lat' dir='ltr'><strong>sunt</strong></span> <span class='ocrx_word' id='word_1_414' title='bbox 722 5369 734 5403; x_wconf 92' lang='lat'><strong>:</strong></span> <span class='ocrx_word' id='word_1_415' title='bbox 764 5366 869 5420; x_wconf 89' lang='lat' dir='ltr'><strong>quo</strong></span> <span class='ocrx_word' id='word_1_416' title='bbox 894 5351 1017 5422; x_wconf 89' lang='lat' dir='ltr'><strong>quid</strong></span> <span class='ocrx_word' id='word_1_417' title='bbox 1049 5350 1330 5407; x_wconf 87' lang='lat' dir='ltr'><strong>absurdius</strong></span> <span class='ocrx_word' id='word_1_418' title='bbox 1357 5351 1458 5407; x_wconf 90' lang='lat' dir='ltr'><strong>dici</strong></span> <span class='ocrx_word' id='word_1_419' title='bbox 1490 5354 1699 5422; x_wconf 86' lang='lat' dir='ltr'><strong>potest?</strong></span> <span class='ocrx_word' id='word_1_420' title='bbox 1725 5353 1877 5410; x_wconf 90' lang='lat' dir='ltr'><strong>Unde</strong></span> <span class='ocrx_word' id='word_1_421' title='bbox 1903 5357 2045 5411; x_wconf 90' lang='lat' dir='ltr'><strong>enim</strong></span> 
     </span>
    </p>
   </div>
   <div class='ocr_carea' id='block_1_54' title="bbox 457 5444 2048 5515">
    <p class='ocr_par' dir='ltr' id='par_1_54' title="bbox 457 5444 2048 5515">
     <span class='ocr_line' id='line_1_54' title="bbox 457 5444 2048 5515; baseline 0.004 -18"><span class='ocrx_word' id='word_1_422' title='bbox 457 5450 540 5497; x_wconf 91' lang='lat' dir='ltr'><strong>est</strong></span> <span class='ocrx_word' id='word_1_423' title='bbox 569 5452 868 5511; x_wconf 87' lang='lat' dir='ltr'><strong>peccatum,</strong></span> <span class='ocrx_word' id='word_1_424' title='bbox 901 5444 1001 5499; x_wconf 85' lang='lat' dir='ltr'><strong>nisi</strong></span> <span class='ocrx_word' id='word_1_425' title='bbox 1030 5445 1151 5515; x_wconf 88' lang='lat' dir='ltr'><strong>quia</strong></span> <span class='ocrx_word' id='word_1_426' title='bbox 1184 5444 1405 5513; x_wconf 62' lang='lat' dir='ltr'><strong>iustitiae</strong></span> <span class='ocrx_word' id='word_1_427' title='bbox 1444 5447 1769 5501; x_wconf 88' lang='lat' dir='ltr'><strong>contrarium</strong></span> <span class='ocrx_word' id='word_1_428' title='bbox 1808 5447 1934 5502; x_wconf 86' lang='lat' dir='ltr'><strong>cst?</strong></span> <span class='ocrx_word' id='word_1_429' title='bbox 1961 5449 2048 5503; x_wconf 90' lang='lat' dir='ltr'><strong>Di-</strong></span> 
     </span>
    </p>
   </div>
   <div class='ocr_carea' id='block_1_55' title="bbox 460 5537 2041 5613">
    <p class='ocr_par' dir='ltr' id='par_1_55' title="bbox 460 5537 2041 5613">
     <span class='ocr_line' id='line_1_55' title="bbox 460 5537 2041 5613; baseline 0.006 -24"><span class='ocrx_word' id='word_1_430' title='bbox 460 5541 651 5589; x_wconf 89' lang='lat' dir='ltr'><strong>cantur</strong></span> <span class='ocrx_word' id='word_1_431' title='bbox 680 5551 808 5606; x_wconf 79' lang='lat' dir='ltr'><strong>ergo</strong></span> <span class='ocrx_word' id='word_1_432' title='bbox 831 5537 932 5592; x_wconf 88' lang='lat' dir='ltr'><strong>alia</strong></span> <span class='ocrx_word' id='word_1_433' title='bbox 961 5552 1168 5609; x_wconf 80' lang='lat' dir='ltr'><strong>magna,</strong></span> <span class='ocrx_word' id='word_1_434' title='bbox 1194 5538 1296 5593; x_wconf 92' lang='lat' dir='ltr'><strong>alia</strong></span> <span class='ocrx_word' id='word_1_435' title='bbox 1320 5554 1480 5609; x_wconf 87' lang='lat' dir='ltr'><strong>parva</strong></span> <span class='ocrx_word' id='word_1_436' title='bbox 1505 5554 1624 5595; x_wconf 90' lang='lat' dir='ltr'><strong>esse</strong></span> <span class='ocrx_word' id='word_1_437' title='bbox 1649 5551 1895 5612; x_wconf 88' lang='lat' dir='ltr'><strong>peccata;</strong></span> <span class='ocrx_word' id='word_1_438' title='bbox 1921 5543 2041 5613; x_wconf 89' lang='lat' dir='ltr'><strong>quia</strong></span> 
     </span>
    </p>
   </div>
   <div class='ocr_carea' id='block_1_56' title="bbox 457 5629 2039 5705">
    <p class='ocr_par' dir='ltr' id='par_1_56' title="bbox 457 5629 2039 5705">
     <span class='ocr_line' id='line_1_56' title="bbox 457 5629 2039 5705; baseline 0.007 -26"><span class='ocrx_word' id='word_1_439' title='bbox 457 5632 643 5680; x_wconf 83' lang='lat' dir='ltr'><strong>verum</strong></span> <span class='ocrx_word' id='word_1_440' title='bbox 666 5634 766 5692; x_wconf 89' lang='lat' dir='ltr'><strong>est,</strong></span> <span class='ocrx_word' id='word_1_441' title='bbox 798 5643 897 5683; x_wconf 88' lang='lat' dir='ltr'><strong>nec</strong></span> <span class='ocrx_word' id='word_1_442' title='bbox 921 5629 1327 5685; x_wconf 89' lang='lat' dir='ltr'><strong>auscultandum</strong></span> <span class='ocrx_word' id='word_1_443' title='bbox 1358 5630 1552 5687; x_wconf 88' lang='lat' dir='ltr'><strong>Stoicis</strong></span> <span class='ocrx_word' id='word_1_444' title='bbox 1581 5634 1668 5703; x_wconf 88' lang='lat' dir='ltr'><strong>qui</strong></span> <span class='ocrx_word' id='word_1_445' title='bbox 1697 5635 1870 5688; x_wconf 89' lang='lat' dir='ltr'><strong>omnia</strong></span> <span class='ocrx_word' id='word_1_446' title='bbox 1894 5637 2039 5705; x_wconf 88' lang='lat' dir='ltr'><strong>paria</strong></span> 
     </span>
    </p>
   </div>
   <div class='ocr_carea' id='block_1_57' title="bbox 459 5719 2042 5798">
    <p class='ocr_par' dir='ltr' id='par_1_57' title="bbox 459 5719 2042 5798">
     <span class='ocr_line' id='line_1_57' title="bbox 459 5719 2042 5798; baseline 0.007 -25"><span class='ocrx_word' id='word_1_447' title='bbox 459 5729 580 5773; x_wconf 90' lang='lat' dir='ltr'><strong>esse</strong></span> <span class='ocrx_word' id='word_1_448' title='bbox 601 5719 929 5774; x_wconf 85' lang='lat' dir='ltr'><strong>contendunt</strong></span> <span class='ocrx_word' id='word_1_449' title='bbox 953 5739 966 5773; x_wconf 89' lang='lat'><strong>:</strong></span> <span class='ocrx_word' id='word_1_450' title='bbox 992 5721 1173 5779; x_wconf 86' lang='lat' dir='ltr'><strong>dicere</strong></span> <span class='ocrx_word' id='word_1_451' title='bbox 1194 5732 1370 5780; x_wconf 90' lang='lat' dir='ltr'><strong>autem</strong></span> <span class='ocrx_word' id='word_1_452' title='bbox 1394 5725 1635 5795; x_wconf 67' lang='lat' dir='ltr'><strong>qumdam</strong></span> <span class='ocrx_word' id='word_1_453' title='bbox 1660 5726 1729 5797; x_wconf 91' lang='lat' dir='ltr'><strong>inj</strong></span> <span class='ocrx_word' id='word_1_454' title='bbox 1740 5736 1870 5793; x_wconf 88' lang='lat' dir='ltr'><strong>usta,</strong></span> <span class='ocrx_word' id='word_1_455' title='bbox 1898 5744 2042 5798; x_wconf 71' lang='lat' dir='ltr'><strong>qure-</strong></span> 
     </span>
    </p>
   </div>
   <div class='ocr_carea' id='block_1_58' title="bbox 458 5810 2043 5892">
    <p class='ocr_par' dir='ltr' id='par_1_58' title="bbox 458 5810 2043 5892">
     <span class='ocr_line' id='line_1_58' title="bbox 458 5810 2043 5892; baseline 0.006 -26"><span class='ocrx_word' id='word_1_456' title='bbox 458 5810 579 5866; x_wconf 89' lang='lat' dir='ltr'><strong>dam</strong></span> <span class='ocrx_word' id='word_1_457' title='bbox 606 5812 745 5882; x_wconf 74' lang='lat' dir='ltr'><strong>iusta</strong></span> <span class='ocrx_word' id='word_1_458' title='bbox 785 5829 905 5870; x_wconf 90' lang='lat' dir='ltr'><strong>esse</strong></span> <span class='ocrx_word' id='word_1_459' title='bbox 930 5824 1168 5886; x_wconf 89' lang='lat' dir='ltr'><strong>peccata,</strong></span> <span class='ocrx_word' id='word_1_460' title='bbox 1212 5817 1336 5888; x_wconf 89' lang='lat' dir='ltr'><strong>quid</strong></span> <span class='ocrx_word' id='word_1_461' title='bbox 1380 5827 1461 5873; x_wconf 89' lang='lat' dir='ltr'><strong>cst</strong></span> <span class='ocrx_word' id='word_1_462' title='bbox 1498 5820 1641 5875; x_wconf 89' lang='lat' dir='ltr'><strong>aliud</strong></span> <span class='ocrx_word' id='word_1_463' title='bbox 1668 5836 1824 5892; x_wconf 87' lang='lat' dir='ltr'><strong>quam</strong></span> <span class='ocrx_word' id='word_1_464' title='bbox 1867 5822 2043 5877; x_wconf 88' lang='lat' dir='ltr'><strong>dicere</strong></span> 
     </span>
    </p>
   </div>
   <div class='ocr_carea' id='block_1_59' title="bbox 460 5906 2043 5986">
    <p class='ocr_par' dir='ltr' id='par_1_59' title="bbox 460 5906 2043 5986">
     <span class='ocr_line' id='line_1_59' title="bbox 460 5906 2043 5986; baseline 0.008 -26"><span class='ocrx_word' id='word_1_465' title='bbox 460 5906 719 5974; x_wconf 86' lang='lat' dir='ltr'><strong>quasdam</strong></span> <span class='ocrx_word' id='word_1_466' title='bbox 759 5921 877 5965; x_wconf 89' lang='lat' dir='ltr'><strong>esse</strong></span> <span class='ocrx_word' id='word_1_467' title='bbox 919 5908 1171 5981; x_wconf 83' lang='lat' dir='ltr'><strong>injustas,</strong></span> <span class='ocrx_word' id='word_1_468' title='bbox 1216 5909 1471 5980; x_wconf 89' lang='lat' dir='ltr'><strong>quasdam</strong></span> <span class='ocrx_word' id='word_1_469' title='bbox 1496 5912 1665 5982; x_wconf 80' lang='lat' dir='ltr'><strong>justas</strong></span> <span class='ocrx_word' id='word_1_470' title='bbox 1696 5913 2043 5986; x_wconf 85' lang='lat' dir='ltr'><strong>iniquitates?</strong></span> 
     </span>
    </p>
   </div>
   <div class='ocr_carea' id='block_1_60' title="bbox 1529 383 2753 456">
    <p class='ocr_par' dir='ltr' id='par_1_60' title="bbox 1529 383 2753 456">
     <span class='ocr_line' id='line_1_60' title="bbox 1529 383 2753 456; baseline 0.002 -8"><span class='ocrx_word' id='word_1_471' title='bbox 1529 389 1802 448; x_wconf 78' lang='lat' dir='ltr'><strong>CONTRA</strong></span> <span class='ocrx_word' id='word_1_472' title='bbox 1841 383 2259 456; x_wconf 72' lang='lat' dir='ltr'><strong>MENDAGIUM,</strong></span> <span class='ocrx_word' id='word_1_473' title='bbox 2287 388 2345 446; x_wconf 87' lang='lat' dir='ltr'><strong>S.</strong></span> <span class='ocrx_word' id='word_1_474' title='bbox 2386 390 2753 452; x_wconf 82' lang='lat' dir='ltr'><strong>AUGUSTINI</strong></span> 
     </span>
    </p>
   </div>
   <div class='ocr_carea' id='block_1_61' title="bbox 3620 406 3783 479">
    <p class='ocr_par' dir='ltr' id='par_1_61' title="bbox 3620 406 3783 479">
     <span class='ocr_line' id='line_1_61' title="bbox 3620 406 3783 479; baseline 0 0"><span class='ocrx_word' id='word_1_475' title='bbox 3620 406 3625 409; x_wconf 74' lang='grc'><em></em></span> <span class='ocrx_word' id='word_1_476' title='bbox 3667 408 3783 479; x_wconf 69' lang='grc' dir='ltr'><strong></strong></span> 
     </span>
    </p>
   </div>
   <div class='ocr_carea' id='block_1_62' title="bbox 2193 508 3775 597">
    <p class='ocr_par' dir='ltr' id='par_1_62' title="bbox 2193 508 3775 597">
     <span class='ocr_line' id='line_1_62' title="bbox 2193 508 3775 597; baseline 0.014 -35"><span class='ocrx_word' id='word_1_477' title='bbox 2193 520 2313 563; x_wconf 90' lang='lat' dir='ltr'><strong>cum</strong></span> <span class='ocrx_word' id='word_1_478' title='bbox 2343 508 2486 567; x_wconf 81' lang='lat' dir='ltr'><strong>dicat</strong></span> <span class='ocrx_word' id='word_1_479' title='bbox 2508 515 2780 584; x_wconf 83' lang='lat' dir='ltr'><strong>apostolus</strong></span> <span class='ocrx_word' id='word_1_480' title='bbox 2804 515 3067 587; x_wconf 81' lang='lat' dir='ltr'><strong>Joannes,</strong></span> <span class='ocrx_word' id='word_1_481' title='bbox 3097 518 3276 577; x_wconf 76' lang='lat' dir='ltr'><strong>Omnia</strong></span> <span class='ocrx_word' id='word_1_482' title='bbox 3304 522 3395 593; x_wconf 72' lang='lat' dir='ltr'><strong>qui</strong></span> <span class='ocrx_word' id='word_1_483' title='bbox 3432 522 3555 595; x_wconf 78' lang='lat' dir='ltr'><strong>facit</strong></span> <span class='ocrx_word' id='word_1_484' title='bbox 3586 536 3775 597; x_wconf 67' lang='lat' dir='ltr'><strong>pm</strong></span> 
     </span>
    </p>
   </div>
   <div class='ocr_carea' id='block_1_63' title="bbox 2187 604 3776 697">
    <p class='ocr_par' dir='ltr' id='par_1_63' title="bbox 2187 604 3776 697">
     <span class='ocr_line' id='line_1_63' title="bbox 2187 604 3776 697; baseline 0.016 -42"><span class='ocrx_word' id='word_1_485' title='bbox 2187 611 2313 697; x_wconf 78' lang='lat' dir='ltr'><strong>tum,</strong></span> <span class='ocrx_word' id='word_1_486' title='bbox 2346 604 2464 674; x_wconf 82' lang='lat' dir='ltr'><strong>facit</strong></span> <span class='ocrx_word' id='word_1_487' title='bbox 2488 616 2535 661; x_wconf 85' lang='lat' dir='ltr'><strong>et</strong></span> <span class='ocrx_word' id='word_1_488' title='bbox 2572 609 2923 679; x_wconf 65' lang='lat' dir='ltr'><strong>iniquitatem;</strong></span> <span class='ocrx_word' id='word_1_489' title='bbox 2962 622 3008 667; x_wconf 83' lang='lat' dir='ltr'><strong>et</strong></span> <span class='ocrx_word' id='word_1_490' title='bbox 3042 624 3299 685; x_wconf 78' lang='lat' dir='ltr'><strong>peccatum</strong></span> <span class='ocrx_word' id='word_1_491' title='bbox 3336 617 3576 690; x_wconf 71' lang='lat' dir='ltr'><strong>iniquitas</strong></span> <span class='ocrx_word' id='word_1_492' title='bbox 3600 630 3677 677; x_wconf 74' lang='lat' dir='ltr'><strong>est</strong></span> <span class='ocrx_word' id='word_1_493' title='bbox 3724 623 3776 697; x_wconf 83' lang='grc' dir='ltr'>(</span> 
     </span>
    </p>
   </div>
   <div class='ocr_carea' id='block_1_64' title="bbox 2184 696 3760 787">
    <p class='ocr_par' dir='ltr' id='par_1_64' title="bbox 2184 696 3760 787">
     <span class='ocr_line' id='line_1_64' title="bbox 2184 696 3760 787; baseline 0.015 -37"><span class='ocrx_word' id='word_1_494' title='bbox 2184 696 2337 753; x_wconf 70' lang='lat' dir='ltr'><strong>Joan.</strong></span> <span class='ocrx_word' id='word_1_495' title='bbox 2362 715 2448 767; x_wconf 87' lang='grc' dir='ltr'>,</span> <span class='ocrx_word' id='word_1_496' title='bbox 2478 701 2579 774; x_wconf 74' lang='grc' dir='ltr'><strong>4)</strong></span> <span class='ocrx_word' id='word_1_497' title='bbox 2618 702 2732 759; x_wconf 81' lang='lat' dir='ltr'><strong>Non</strong></span> <span class='ocrx_word' id='word_1_498' title='bbox 2755 720 2882 777; x_wconf 82' lang='lat' dir='ltr'><strong>ergo</strong></span> <span class='ocrx_word' id='word_1_499' title='bbox 2905 716 3080 778; x_wconf 84' lang='lat' dir='ltr'><strong>potest</strong></span> <span class='ocrx_word' id='word_1_500' title='bbox 3099 709 3303 780; x_wconf 80' lang='lat' dir='ltr'><strong>justum</strong></span> <span class='ocrx_word' id='word_1_501' title='bbox 3322 726 3443 768; x_wconf 85' lang='lat' dir='ltr'><strong>esse</strong></span> <span class='ocrx_word' id='word_1_502' title='bbox 3462 696 3760 787; x_wconf 68' lang='lat' dir='ltr'><strong>peccem</strong></span> 
     </span>
    </p>
   </div>
   <div class='ocr_carea' id='block_1_65' title="bbox 2146 791 3771 882">
    <p class='ocr_par' dir='ltr' id='par_1_65' title="bbox 2146 791 3771 882">
     <span class='ocr_line' id='line_1_65' title="bbox 2146 791 3771 882; baseline 0.014 -37"><span class='ocrx_word' id='word_1_503' title='bbox 2146 860 2149 867; x_wconf 21' lang='grc'><strong>1</strong></span> <span class='ocrx_word' id='word_1_504' title='bbox 2184 791 2283 847; x_wconf 89' lang='lat' dir='ltr'><strong>nisi</strong></span> <span class='ocrx_word' id='word_1_505' title='bbox 2316 808 2436 849; x_wconf 89' lang='lat' dir='ltr'><strong>eum</strong></span> <span class='ocrx_word' id='word_1_506' title='bbox 2482 799 2684 867; x_wconf 88' lang='lat' dir='ltr'><strong>peccati</strong></span> <span class='ocrx_word' id='word_1_507' title='bbox 2718 810 2913 856; x_wconf 84' lang='lat' dir='ltr'><strong>nomen</strong></span> <span class='ocrx_word' id='word_1_508' title='bbox 2951 802 3003 857; x_wconf 89' lang='lat' dir='ltr'><strong>in</strong></span> <span class='ocrx_word' id='word_1_509' title='bbox 3032 804 3133 859; x_wconf 88' lang='lat' dir='ltr'><strong>alia</strong></span> <span class='ocrx_word' id='word_1_510' title='bbox 3160 818 3220 860; x_wconf 86' lang='lat' dir='ltr'><strong>re</strong></span> <span class='ocrx_word' id='word_1_511' title='bbox 3249 806 3534 876; x_wconf 83' lang='lat' dir='ltr'><strong>ponimus,</strong></span> <span class='ocrx_word' id='word_1_512' title='bbox 3576 810 3632 865; x_wconf 90' lang='lat' dir='ltr'><strong>in</strong></span> <span class='ocrx_word' id='word_1_513' title='bbox 3660 826 3771 882; x_wconf 72' lang='lat' dir='ltr'><strong>qua</strong></span> 
     </span>
    </p>
   </div>
   <div class='ocr_carea' id='block_1_66' title="bbox 2181 885 3766 972">
    <p class='ocr_par' dir='ltr' id='par_1_66' title="bbox 2181 885 3766 972">
     <span class='ocr_line' id='line_1_66' title="bbox 2181 885 3766 972; baseline 0.013 -34"><span class='ocrx_word' id='word_1_514' title='bbox 2181 885 2410 957; x_wconf 90' lang='lat' dir='ltr'><strong>quisque</strong></span> <span class='ocrx_word' id='word_1_515' title='bbox 2432 902 2538 944; x_wconf 92' lang='lat' dir='ltr'><strong>non</strong></span> <span class='ocrx_word' id='word_1_516' title='bbox 2576 899 2781 959; x_wconf 85' lang='lat' dir='ltr'><strong>peccat,</strong></span> <span class='ocrx_word' id='word_1_517' title='bbox 2817 893 2911 949; x_wconf 86' lang='lat' dir='ltr'><strong>sed</strong></span> <span class='ocrx_word' id='word_1_518' title='bbox 2936 903 3026 949; x_wconf 86' lang='lat' dir='ltr'><strong>aut</strong></span> <span class='ocrx_word' id='word_1_519' title='bbox 3051 895 3174 951; x_wconf 84' lang='lat' dir='ltr'><strong>facit</strong></span> <span class='ocrx_word' id='word_1_520' title='bbox 3200 896 3400 968; x_wconf 80' lang='lat' dir='ltr'><strong>aliquid</strong></span> <span class='ocrx_word' id='word_1_521' title='bbox 3426 909 3520 956; x_wconf 90' lang='lat' dir='ltr'><strong>aut</strong></span> <span class='ocrx_word' id='word_1_522' title='bbox 3556 902 3766 972; x_wconf 84' lang='lat' dir='ltr'><strong>patitur</strong></span> 
     </span>
    </p>
   </div>
   <div class='ocr_carea' id='block_1_67' title="bbox 2180 980 3767 1062">
    <p class='ocr_par' dir='ltr' id='par_1_67' title="bbox 2180 980 3767 1062">
     <span class='ocr_line' id='line_1_67' title="bbox 2180 980 3767 1062; baseline 0.014 -34"><span class='ocrx_word' id='word_1_523' title='bbox 2180 990 2279 1045; x_wconf 88' lang='lat' dir='ltr'><strong>pro</strong></span> <span class='ocrx_word' id='word_1_524' title='bbox 2318 988 2554 1047; x_wconf 85' lang='lat' dir='ltr'><strong>peccato.</strong></span> <span class='ocrx_word' id='word_1_525' title='bbox 2586 980 2721 1037; x_wconf 87' lang='lat' dir='ltr'><strong>Nam</strong></span> <span class='ocrx_word' id='word_1_526' title='bbox 2765 992 2821 1039; x_wconf 88' lang='lat' dir='ltr'><strong>et</strong></span> <span class='ocrx_word' id='word_1_527' title='bbox 2859 986 3118 1043; x_wconf 82' lang='lat' dir='ltr'><strong>sacrificia</strong></span> <span class='ocrx_word' id='word_1_528' title='bbox 3146 1002 3243 1058; x_wconf 85' lang='lat' dir='ltr'><strong>pro</strong></span> <span class='ocrx_word' id='word_1_529' title='bbox 3275 991 3511 1060; x_wconf 88' lang='lat' dir='ltr'><strong>peccatis</strong></span> <span class='ocrx_word' id='word_1_530' title='bbox 3538 1002 3767 1062; x_wconf 78' lang='lat' dir='ltr'><strong>peccata</strong></span> 
     </span>
    </p>
   </div>
   <div class='ocr_carea' id='block_1_68' title="bbox 2180 1069 3769 1148">
    <p class='ocr_par' dir='ltr' id='par_1_68' title="bbox 2180 1069 3769 1148">
     <span class='ocr_line' id='line_1_68' title="bbox 2180 1069 3769 1148; baseline 0.013 -28"><span class='ocrx_word' id='word_1_531' title='bbox 2180 1069 2440 1138; x_wconf 88' lang='lat' dir='ltr'><strong>appellata</strong></span> <span class='ocrx_word' id='word_1_532' title='bbox 2469 1080 2632 1140; x_wconf 89' lang='lat' dir='ltr'><strong>sunt,</strong></span> <span class='ocrx_word' id='word_1_533' title='bbox 2675 1082 2731 1130; x_wconf 91' lang='lat' dir='ltr'><strong>et</strong></span> <span class='ocrx_word' id='word_1_534' title='bbox 2767 1090 2939 1145; x_wconf 66' lang='lat' dir='ltr'><strong>paenae</strong></span> <span class='ocrx_word' id='word_1_535' title='bbox 2980 1088 3318 1148; x_wconf 88' lang='lat' dir='ltr'><strong>peccatorum</strong></span> <span class='ocrx_word' id='word_1_536' title='bbox 3355 1080 3611 1139; x_wconf 85' lang='lat' dir='ltr'><strong>dicuntur</strong></span> <span class='ocrx_word' id='word_1_537' title='bbox 3651 1085 3769 1139; x_wconf 69' lang='lat' dir='ltr'><strong>ali-</strong></span> 
     </span>
    </p>
   </div>
   <div class='ocr_carea' id='block_1_69' title="bbox 2179 1163 3772 1250">
    <p class='ocr_par' dir='ltr' id='par_1_69' title="bbox 2179 1163 3772 1250">
     <span class='ocr_line' id='line_1_69' title="bbox 2179 1163 3772 1250; baseline 0.011 -33"><span class='ocrx_word' id='word_1_538' title='bbox 2179 1163 2391 1233; x_wconf 88' lang='lat' dir='ltr'><strong>quando</strong></span> <span class='ocrx_word' id='word_1_539' title='bbox 2413 1177 2647 1236; x_wconf 87' lang='lat' dir='ltr'><strong>peccata.</strong></span> <span class='ocrx_word' id='word_1_540' title='bbox 2672 1169 2795 1226; x_wconf 65' lang='lat' dir='ltr'><strong>Haec</strong></span> <span class='ocrx_word' id='word_1_541' title='bbox 2811 1173 2967 1242; x_wconf 86' lang='lat' dir='ltr'><strong>plane</strong></span> <span class='ocrx_word' id='word_1_542' title='bbox 2985 1182 3205 1244; x_wconf 89' lang='lat' dir='ltr'><strong>possunt</strong></span> <span class='ocrx_word' id='word_1_543' title='bbox 3232 1175 3456 1249; x_wconf 74' lang='lat' dir='ltr'><strong>intelligi</strong></span> <span class='ocrx_word' id='word_1_544' title='bbox 3472 1176 3614 1247; x_wconf 85' lang='lat' dir='ltr'><strong>justa</strong></span> <span class='ocrx_word' id='word_1_545' title='bbox 3636 1193 3772 1250; x_wconf 84' lang='lat' dir='ltr'><strong>pee-</strong></span> 
     </span>
    </p>
   </div>
   <div class='ocr_carea' id='block_1_70' title="bbox 2178 1259 3768 1343">
    <p class='ocr_par' dir='ltr' id='par_1_70' title="bbox 2178 1259 3768 1343">
     <span class='ocr_line' id='line_1_70' title="bbox 2178 1259 3768 1343; baseline 0.009 -32"><span class='ocrx_word' id='word_1_546' title='bbox 2178 1264 2315 1323; x_wconf 89' lang='lat' dir='ltr'><strong>cata,</strong></span> <span class='ocrx_word' id='word_1_547' title='bbox 2335 1272 2456 1313; x_wconf 83' lang='lat' dir='ltr'><strong>cum</strong></span> <span class='ocrx_word' id='word_1_548' title='bbox 2474 1259 2614 1330; x_wconf 88' lang='lat' dir='ltr'><strong>justa</strong></span> <span class='ocrx_word' id='word_1_549' title='bbox 2637 1262 2884 1320; x_wconf 89' lang='lat' dir='ltr'><strong>dicuntur</strong></span> <span class='ocrx_word' id='word_1_550' title='bbox 2902 1266 3181 1335; x_wconf 83' lang='lat' dir='ltr'><strong>sacrificia,</strong></span> <span class='ocrx_word' id='word_1_551' title='bbox 3206 1270 3291 1324; x_wconf 79' lang='lat' dir='ltr'><strong>vel</strong></span> <span class='ocrx_word' id='word_1_552' title='bbox 3310 1270 3449 1342; x_wconf 67' lang='lat' dir='ltr'><strong>iusta</strong></span> <span class='ocrx_word' id='word_1_553' title='bbox 3475 1272 3768 1343; x_wconf 86' lang='lat' dir='ltr'><strong>supplicia.</strong></span> 
     </span>
    </p>
   </div>
   <div class='ocr_carea' id='block_1_71' title="bbox 2178 1347 3769 1431">
    <p class='ocr_par' dir='ltr' id='par_1_71' title="bbox 2178 1347 3769 1431">
     <span class='ocr_line' id='line_1_71' title="bbox 2178 1347 3769 1431; baseline 0.013 -30"><span class='ocrx_word' id='word_1_554' title='bbox 2178 1347 2252 1402; x_wconf 87' lang='lat' dir='ltr'><strong>Ea</strong></span> <span class='ocrx_word' id='word_1_555' title='bbox 2284 1364 2413 1404; x_wconf 89' lang='lat' dir='ltr'><strong>vero</strong></span> <span class='ocrx_word' id='word_1_556' title='bbox 2443 1366 2562 1421; x_wconf 73' lang='lat' dir='ltr'><strong>quas</strong></span> <span class='ocrx_word' id='word_1_557' title='bbox 2588 1362 2770 1410; x_wconf 88' lang='lat' dir='ltr'><strong>contra</strong></span> <span class='ocrx_word' id='word_1_558' title='bbox 2799 1355 2969 1427; x_wconf 77' lang='lat' dir='ltr'><strong>legem</strong></span> <span class='ocrx_word' id='word_1_559' title='bbox 3010 1357 3104 1412; x_wconf 84' lang='lat' dir='ltr'><strong>Dei</strong></span> <span class='ocrx_word' id='word_1_560' title='bbox 3135 1358 3269 1415; x_wconf 83' lang='lat' dir='ltr'><strong>fiunt</strong></span> <span class='ocrx_word' id='word_1_561' title='bbox 3288 1401 3303 1426; x_wconf 95' lang='lat'><strong>,</strong></span> <span class='ocrx_word' id='word_1_562' title='bbox 3332 1361 3475 1431; x_wconf 70' lang='lat' dir='ltr'><strong>inata</strong></span> <span class='ocrx_word' id='word_1_563' title='bbox 3503 1376 3628 1419; x_wconf 80' lang='lat' dir='ltr'><strong>esse</strong></span> <span class='ocrx_word' id='word_1_564' title='bbox 3654 1378 3769 1421; x_wconf 70' lang='lat' dir='ltr'><strong>non</strong></span> 
     </span>
    </p>
   </div>
   <div class='ocr_carea' id='block_1_72' title="bbox 2178 1444 3771 1527">
    <p class='ocr_par' dir='ltr' id='par_1_72' title="bbox 2178 1444 3771 1527">
     <span class='ocr_line' id='line_1_72' title="bbox 2178 1444 3771 1527; baseline 0.011 -33"><span class='ocrx_word' id='word_1_565' title='bbox 2178 1450 2418 1510; x_wconf 90' lang='lat' dir='ltr'><strong>possunt.</strong></span> <span class='ocrx_word' id='word_1_566' title='bbox 2446 1444 2655 1501; x_wconf 90' lang='lat' dir='ltr'><strong>Dictum</strong></span> <span class='ocrx_word' id='word_1_567' title='bbox 2674 1456 2755 1503; x_wconf 90' lang='lat' dir='ltr'><strong>est</strong></span> <span class='ocrx_word' id='word_1_568' title='bbox 2780 1455 2957 1504; x_wconf 81' lang='lat' dir='ltr'><strong>autem</strong></span> <span class='ocrx_word' id='word_1_569' title='bbox 2984 1450 3113 1516; x_wconf 85' lang='lat' dir='ltr'><strong>Deo,</strong></span> <span class='ocrx_word' id='word_1_570' title='bbox 3136 1450 3247 1507; x_wconf 62' lang='lat' dir='ltr'><strong>[ex</strong></span> <span class='ocrx_word' id='word_1_571' title='bbox 3269 1462 3357 1507; x_wconf 87' lang='lat' dir='ltr'><strong>tua</strong></span> <span class='ocrx_word' id='word_1_572' title='bbox 3378 1455 3562 1510; x_wconf 78' lang='lat' dir='ltr'><strong>ueritas</strong></span> <span class='ocrx_word' id='word_1_573' title='bbox 3584 1455 3771 1527; x_wconf 74' lang='lat' dir='ltr'><strong>(Paci.</strong></span> 
     </span>
    </p>
   </div>
   <div class='ocr_carea' id='block_1_73' title="bbox 2176 1535 3773 1617">
    <p class='ocr_par' dir='ltr' id='par_1_73' title="bbox 2176 1535 3773 1617">
     <span class='ocr_line' id='line_1_73' title="bbox 2176 1535 3773 1617; baseline 0.01 -28"><span class='ocrx_word' id='word_1_574' title='bbox 2176 1548 2372 1605; x_wconf 72' lang='lat' dir='ltr'><strong>cum,</strong></span> <span class='ocrx_word' id='word_1_575' title='bbox 2402 1535 2549 1611; x_wconf 73' lang='grc'><strong>142).</strong></span> <span class='ocrx_word' id='word_1_576' title='bbox 2580 1539 2658 1595; x_wconf 85' lang='lat' dir='ltr'><strong>Ae</strong></span> <span class='ocrx_word' id='word_1_577' title='bbox 2681 1554 2777 1611; x_wconf 85' lang='lat' dir='ltr'><strong>per</strong></span> <span class='ocrx_word' id='word_1_578' title='bbox 2814 1540 2918 1598; x_wconf 84' lang='lat' dir='ltr'><strong>hoc</strong></span> <span class='ocrx_word' id='word_1_579' title='bbox 2944 1543 3086 1614; x_wconf 88' lang='lat' dir='ltr'><strong>quod</strong></span> <span class='ocrx_word' id='word_1_580' title='bbox 3114 1552 3198 1600; x_wconf 86' lang='lat' dir='ltr'><strong>est</strong></span> <span class='ocrx_word' id='word_1_581' title='bbox 3220 1554 3405 1603; x_wconf 89' lang='lat' dir='ltr'><strong>contra</strong></span> <span class='ocrx_word' id='word_1_582' title='bbox 3443 1547 3729 1603; x_wconf 77' lang='lat' dir='ltr'><strong>veritatem</strong></span> <span class='ocrx_word' id='word_1_583' title='bbox 3749 1588 3773 1617; x_wconf 90' lang='lat'><strong>,</strong></span> 
     </span>
    </p>
   </div>
   <div class='ocr_carea' id='block_1_74' title="bbox 2171 1627 3773 1704">
    <p class='ocr_par' dir='ltr' id='par_1_74' title="bbox 2171 1627 3773 1704">
     <span class='ocr_line' id='line_1_74' title="bbox 2171 1627 3773 1704; baseline 0.009 -23"><span class='ocrx_word' id='word_1_584' title='bbox 2171 1627 2373 1698; x_wconf 87' lang='lat' dir='ltr'><strong>justum</strong></span> <span class='ocrx_word' id='word_1_585' title='bbox 2394 1644 2512 1686; x_wconf 87' lang='lat' dir='ltr'><strong>esse</strong></span> <span class='ocrx_word' id='word_1_586' title='bbox 2531 1646 2640 1687; x_wconf 89' lang='lat' dir='ltr'><strong>non</strong></span> <span class='ocrx_word' id='word_1_587' title='bbox 2663 1642 2858 1704; x_wconf 88' lang='lat' dir='ltr'><strong>potest.</strong></span> <span class='ocrx_word' id='word_1_588' title='bbox 2881 1634 3012 1704; x_wconf 84' lang='lat' dir='ltr'><strong>Quis</strong></span> <span class='ocrx_word' id='word_1_589' title='bbox 3031 1645 3211 1693; x_wconf 86' lang='lat' dir='ltr'><strong>autem</strong></span> <span class='ocrx_word' id='word_1_590' title='bbox 3237 1638 3444 1695; x_wconf 82' lang='lat' dir='ltr'><strong>dubitet</strong></span> <span class='ocrx_word' id='word_1_591' title='bbox 3461 1648 3651 1695; x_wconf 83' lang='lat' dir='ltr'><strong>contra</strong></span> <span class='ocrx_word' id='word_1_592' title='bbox 3674 1656 3773 1696; x_wconf 83' lang='lat' dir='ltr'><strong>ve-</strong></span> 
     </span>
    </p>
   </div>
   <div class='ocr_carea' id='block_1_75' title="bbox 2174 1719 3772 1803">
    <p class='ocr_par' dir='ltr' id='par_1_75' title="bbox 2174 1719 3772 1803">
     <span class='ocr_line' id='line_1_75' title="bbox 2174 1719 3772 1803; baseline 0.01 -29"><span class='ocrx_word' id='word_1_593' title='bbox 2174 1719 2383 1775; x_wconf 88' lang='lat' dir='ltr'><strong>ritatem</strong></span> <span class='ocrx_word' id='word_1_594' title='bbox 2411 1736 2531 1778; x_wconf 90' lang='lat' dir='ltr'><strong>esse</strong></span> <span class='ocrx_word' id='word_1_595' title='bbox 2556 1725 2896 1782; x_wconf 89' lang='lat' dir='ltr'><strong>mendacium</strong></span> <span class='ocrx_word' id='word_1_596' title='bbox 2927 1729 3132 1783; x_wconf 87' lang='lat' dir='ltr'><strong>omne?</strong></span> <span class='ocrx_word' id='word_1_597' title='bbox 3171 1729 3384 1785; x_wconf 88' lang='lat' dir='ltr'><strong>Nullum</strong></span> <span class='ocrx_word' id='word_1_598' title='bbox 3408 1746 3537 1803; x_wconf 69' lang='lat' dir='ltr'><strong>ergo</strong></span> <span class='ocrx_word' id='word_1_599' title='bbox 3558 1732 3772 1803; x_wconf 86' lang='lat' dir='ltr'><strong>justum</strong></span> 
     </span>
    </p>
   </div>
   <div class='ocr_carea' id='block_1_76' title="bbox 2174 1816 3771 1883">
    <p class='ocr_par' dir='ltr' id='par_1_76' title="bbox 2174 1816 3771 1883">
     <span class='ocr_line' id='line_1_76' title="bbox 2174 1816 3771 1883; baseline 0.009 -17"><span class='ocrx_word' id='word_1_600' title='bbox 2174 1825 2293 1867; x_wconf 89' lang='lat' dir='ltr'><strong>esse</strong></span> <span class='ocrx_word' id='word_1_601' title='bbox 2309 1821 2485 1883; x_wconf 90' lang='lat' dir='ltr'><strong>potest</strong></span> <span class='ocrx_word' id='word_1_602' title='bbox 2495 1816 2851 1873; x_wconf 87' lang='lat' dir='ltr'><strong>mendacium.</strong></span> <span class='ocrx_word' id='word_1_603' title='bbox 2867 1820 2996 1875; x_wconf 89' lang='lat' dir='ltr'><strong>Item</strong></span> <span class='ocrx_word' id='word_1_604' title='bbox 3013 1820 3100 1876; x_wconf 92' lang='lat' dir='ltr'><strong>cui</strong></span> <span class='ocrx_word' id='word_1_605' title='bbox 3117 1836 3223 1878; x_wconf 90' lang='lat' dir='ltr'><strong>non</strong></span> <span class='ocrx_word' id='word_1_606' title='bbox 3238 1822 3439 1880; x_wconf 83' lang='lat' dir='ltr'><strong>clareat</strong></span> <span class='ocrx_word' id='word_1_607' title='bbox 3452 1838 3520 1880; x_wconf 80' lang='lat' dir='ltr'><strong>ex</strong></span> <span class='ocrx_word' id='word_1_608' title='bbox 3536 1826 3771 1882; x_wconf 82' lang='lat' dir='ltr'><strong>veritate</strong></span> 
     </span>
    </p>
   </div>
   <div class='ocr_carea' id='block_1_77' title="bbox 2173 1910 3768 1985">
    <p class='ocr_par' dir='ltr' id='par_1_77' title="bbox 2173 1910 3768 1985">
     <span class='ocr_line' id='line_1_77' title="bbox 2173 1910 3768 1985; baseline 0.009 -25"><span class='ocrx_word' id='word_1_609' title='bbox 2173 1920 2295 1962; x_wconf 89' lang='lat' dir='ltr'><strong>esse</strong></span> <span class='ocrx_word' id='word_1_610' title='bbox 2319 1922 2478 1963; x_wconf 90' lang='lat' dir='ltr'><strong>omne</strong></span> <span class='ocrx_word' id='word_1_611' title='bbox 2506 1910 2648 1979; x_wconf 90' lang='lat' dir='ltr'><strong>quod</strong></span> <span class='ocrx_word' id='word_1_612' title='bbox 2669 1910 2872 1981; x_wconf 83' lang='lat' dir='ltr'><strong>justum</strong></span> <span class='ocrx_word' id='word_1_613' title='bbox 2901 1913 3026 1968; x_wconf 78' lang='lat' dir='ltr'><strong>est?</strong></span> <span class='ocrx_word' id='word_1_614' title='bbox 3048 1913 3258 1969; x_wconf 89' lang='lat' dir='ltr'><strong>Clamat</strong></span> <span class='ocrx_word' id='word_1_615' title='bbox 3277 1923 3459 1971; x_wconf 86' lang='lat' dir='ltr'><strong>autem</strong></span> <span class='ocrx_word' id='word_1_616' title='bbox 3482 1916 3722 1974; x_wconf 75' lang='lat' dir='ltr'><strong>Joannes</strong></span> <span class='ocrx_word' id='word_1_617' title='bbox 3748 1958 3768 1985; x_wconf 89' lang='lat'><strong>,</strong></span> 
     </span>
    </p>
   </div>
   <div class='ocr_carea' id='block_1_78' title="bbox 2177 1995 3767 2081">
    <p class='ocr_par' dir='ltr' id='par_1_78' title="bbox 2177 1995 3767 2081">
     <span class='ocr_line' id='line_1_78' title="bbox 2177 1995 3767 2081; baseline 0.008 -31"><span class='ocrx_word' id='word_1_618' title='bbox 2177 1995 2339 2053; x_wconf 85' lang='lat' dir='ltr'><strong>Omne</strong></span> <span class='ocrx_word' id='word_1_619' title='bbox 2363 2000 2683 2056; x_wconf 85' lang='lat' dir='ltr'><strong>mendacium</strong></span> <span class='ocrx_word' id='word_1_620' title='bbox 2707 2019 2809 2057; x_wconf 80' lang='lat' dir='ltr'><strong>non</strong></span> <span class='ocrx_word' id='word_1_621' title='bbox 2835 2012 2910 2058; x_wconf 77' lang='lat' dir='ltr'><strong>est</strong></span> <span class='ocrx_word' id='word_1_622' title='bbox 2939 2020 3003 2059; x_wconf 76' lang='lat' dir='ltr'><strong>ea:</strong></span> <span class='ocrx_word' id='word_1_623' title='bbox 3033 2006 3239 2061; x_wconf 82' lang='lat' dir='ltr'><strong>veritate</strong></span> <span class='ocrx_word' id='word_1_624' title='bbox 3278 2005 3325 2076; x_wconf 87' lang='lat' dir='ltr'><strong>(l</strong></span> <span class='ocrx_word' id='word_1_625' title='bbox 3350 2005 3509 2062; x_wconf 78' lang='lat' dir='ltr'><strong>Joan.</strong></span> <span class='ocrx_word' id='word_1_626' title='bbox 3544 2024 3613 2076; x_wconf 88' lang='lat' dir='ltr'><strong>ll,</strong></span> <span class='ocrx_word' id='word_1_627' title='bbox 3640 2008 3767 2081; x_wconf 73' lang='lat'><strong>2|).</strong></span> 
     </span>
    </p>
   </div>
   <div class='ocr_carea' id='block_1_79' title="bbox 2172 2090 3766 2171">
    <p class='ocr_par' dir='ltr' id='par_1_79' title="bbox 2172 2090 3766 2171">
     <span class='ocr_line' id='line_1_79' title="bbox 2172 2090 3766 2171; baseline 0.007 -25"><span class='ocrx_word' id='word_1_628' title='bbox 2172 2090 2343 2149; x_wconf 88' lang='lat' dir='ltr'><strong>Omne</strong></span> <span class='ocrx_word' id='word_1_629' title='bbox 2379 2108 2507 2165; x_wconf 84' lang='lat' dir='ltr'><strong>ergo</strong></span> <span class='ocrx_word' id='word_1_630' title='bbox 2535 2095 2870 2152; x_wconf 89' lang='lat' dir='ltr'><strong>mendacium</strong></span> <span class='ocrx_word' id='word_1_631' title='bbox 2908 2113 3015 2154; x_wconf 92' lang='lat' dir='ltr'><strong>non</strong></span> <span class='ocrx_word' id='word_1_632' title='bbox 3053 2105 3139 2155; x_wconf 88' lang='lat' dir='ltr'><strong>est</strong></span> <span class='ocrx_word' id='word_1_633' title='bbox 3160 2099 3384 2171; x_wconf 88' lang='lat' dir='ltr'><strong>justum.</strong></span> <span class='ocrx_word' id='word_1_634' title='bbox 3419 2100 3766 2171; x_wconf 84' lang='lat' dir='ltr'><strong>Quapropter</strong></span> 
     </span>
    </p>
   </div>
   <div class='ocr_carea' id='block_1_80' title="bbox 2171 2187 3766 2267">
    <p class='ocr_par' dir='ltr' id='par_1_80' title="bbox 2171 2187 3766 2267">
     <span class='ocr_line' id='line_1_80' title="bbox 2171 2187 3766 2267; baseline 0.007 -26"><span class='ocrx_word' id='word_1_635' title='bbox 2171 2187 2383 2256; x_wconf 87' lang='lat' dir='ltr'><strong>quando</strong></span> <span class='ocrx_word' id='word_1_636' title='bbox 2410 2189 2563 2245; x_wconf 89' lang='lat' dir='ltr'><strong>nobis</strong></span> <span class='ocrx_word' id='word_1_637' title='bbox 2587 2189 2656 2246; x_wconf 91' lang='lat' dir='ltr'><strong>de</strong></span> <span class='ocrx_word' id='word_1_638' title='bbox 2692 2188 2982 2261; x_wconf 90' lang='lat' dir='ltr'><strong>Scripturis</strong></span> <span class='ocrx_word' id='word_1_639' title='bbox 3009 2193 3207 2249; x_wconf 86' lang='lat' dir='ltr'><strong>sanctis</strong></span> <span class='ocrx_word' id='word_1_640' title='bbox 3233 2194 3527 2249; x_wconf 87' lang='lat' dir='ltr'><strong>mentiendi</strong></span> <span class='ocrx_word' id='word_1_641' title='bbox 3556 2210 3766 2267; x_wconf 85' lang='lat' dir='ltr'><strong>propo-</strong></span> 
     </span>
    </p>
   </div>
   <div class='ocr_carea' id='block_1_81' title="bbox 2171 2281 3765 2359">
    <p class='ocr_par' dir='ltr' id='par_1_81' title="bbox 2171 2281 3765 2359">
     <span class='ocr_line' id='line_1_81' title="bbox 2171 2281 3765 2359; baseline 0.009 -28"><span class='ocrx_word' id='word_1_642' title='bbox 2171 2286 2369 2334; x_wconf 85' lang='lat' dir='ltr'><strong>nuntur</strong></span> <span class='ocrx_word' id='word_1_643' title='bbox 2412 2281 2680 2352; x_wconf 84' lang='lat' dir='ltr'><strong>exempla,</strong></span> <span class='ocrx_word' id='word_1_644' title='bbox 2724 2290 2816 2337; x_wconf 88' lang='lat' dir='ltr'><strong>aut</strong></span> <span class='ocrx_word' id='word_1_645' title='bbox 2852 2282 3129 2339; x_wconf 88' lang='lat' dir='ltr'><strong>mendacia</strong></span> <span class='ocrx_word' id='word_1_646' title='bbox 3169 2300 3278 2341; x_wconf 90' lang='lat' dir='ltr'><strong>non</strong></span> <span class='ocrx_word' id='word_1_647' title='bbox 3315 2295 3474 2354; x_wconf 87' lang='lat' dir='ltr'><strong>sunt,</strong></span> <span class='ocrx_word' id='word_1_648' title='bbox 3519 2289 3615 2343; x_wconf 83' lang='lat' dir='ltr'><strong>sed</strong></span> <span class='ocrx_word' id='word_1_649' title='bbox 3658 2302 3765 2359; x_wconf 43' lang='lat' dir='ltr'><strong>pus</strong></span> 
     </span>
    </p>
   </div>
   <div class='ocr_carea' id='block_1_82' title="bbox 2172 2376 3761 2450">
    <p class='ocr_par' dir='ltr' id='par_1_82' title="bbox 2172 2376 3761 2450">
     <span class='ocr_line' id='line_1_82' title="bbox 2172 2376 3761 2450; baseline 0.007 -21"><span class='ocrx_word' id='word_1_650' title='bbox 2172 2381 2352 2430; x_wconf 90' lang='lat' dir='ltr'><strong>tantur</strong></span> <span class='ocrx_word' id='word_1_651' title='bbox 2389 2389 2509 2431; x_wconf 89' lang='lat' dir='ltr'><strong>esse</strong></span> <span class='ocrx_word' id='word_1_652' title='bbox 2550 2376 2675 2431; x_wconf 91' lang='lat' dir='ltr'><strong>dum</strong></span> <span class='ocrx_word' id='word_1_653' title='bbox 2717 2392 2824 2433; x_wconf 88' lang='lat' dir='ltr'><strong>non</strong></span> <span class='ocrx_word' id='word_1_654' title='bbox 2863 2377 3229 2450; x_wconf 79' lang='lat' dir='ltr'><strong>intelliguntur</strong></span> <span class='ocrx_word' id='word_1_655' title='bbox 3252 2395 3267 2447; x_wconf 88' lang='lat'><strong>;</strong></span> <span class='ocrx_word' id='word_1_656' title='bbox 3290 2388 3383 2436; x_wconf 86' lang='lat' dir='ltr'><strong>aut</strong></span> <span class='ocrx_word' id='word_1_657' title='bbox 3403 2381 3449 2436; x_wconf 88' lang='lat' dir='ltr'><strong>si</strong></span> <span class='ocrx_word' id='word_1_658' title='bbox 3470 2380 3761 2441; x_wconf 77' lang='lat' dir='ltr'><strong>mendacia</strong></span> 
     </span>
    </p>
   </div>
   <div class='ocr_carea' id='block_1_83' title="bbox 2168 2468 3759 2545">
    <p class='ocr_par' dir='ltr' id='par_1_83' title="bbox 2168 2468 3759 2545">
     <span class='ocr_line' id='line_1_83' title="bbox 2168 2468 3759 2545; baseline 0.005 -22"><span class='ocrx_word' id='word_1_659' title='bbox 2168 2475 2312 2534; x_wconf 89' lang='lat' dir='ltr'><strong>sunt,</strong></span> <span class='ocrx_word' id='word_1_660' title='bbox 2337 2468 2589 2524; x_wconf 88' lang='lat' dir='ltr'><strong>imitanda</strong></span> <span class='ocrx_word' id='word_1_661' title='bbox 2613 2484 2721 2525; x_wconf 90' lang='lat' dir='ltr'><strong>non</strong></span> <span class='ocrx_word' id='word_1_662' title='bbox 2741 2480 2899 2539; x_wconf 91' lang='lat' dir='ltr'><strong>sunt,</strong></span> <span class='ocrx_word' id='word_1_663' title='bbox 2923 2472 3047 2543; x_wconf 89' lang='lat' dir='ltr'><strong>quia</strong></span> <span class='ocrx_word' id='word_1_664' title='bbox 3066 2472 3208 2544; x_wconf 80' lang='lat' dir='ltr'><strong>iusta</strong></span> <span class='ocrx_word' id='word_1_665' title='bbox 3229 2488 3351 2530; x_wconf 83' lang='lat' dir='ltr'><strong>esse</strong></span> <span class='ocrx_word' id='word_1_666' title='bbox 3364 2488 3477 2543; x_wconf 84' lang='lat' dir='ltr'><strong>non</strong></span> <span class='ocrx_word' id='word_1_667' title='bbox 3500 2483 3759 2545; x_wconf 51' lang='lat' dir='ltr'><strong>possunt;</strong></span> 
     </span>
    </p>
   </div>
   <div class='ocr_carea' id='block_1_84' title="bbox 2237 2557 3761 2632">
    <p class='ocr_par' dir='ltr' id='par_1_84' title="bbox 2237 2557 3761 2632">
     <span class='ocr_line' id='line_1_84' title="bbox 2237 2557 3761 2632; baseline 0.006 -19"><span class='ocrx_word' id='word_1_668' title='bbox 2237 2557 2326 2613; x_wconf 73' lang='grc'><strong>52.</strong></span> <span class='ocrx_word' id='word_1_669' title='bbox 2356 2557 2462 2615; x_wconf 88' lang='lat' dir='ltr'><strong>Sed</strong></span> <span class='ocrx_word' id='word_1_670' title='bbox 2490 2560 2632 2631; x_wconf 88' lang='lat' dir='ltr'><strong>quod</strong></span> <span class='ocrx_word' id='word_1_671' title='bbox 2660 2562 2915 2632; x_wconf 87' lang='lat' dir='ltr'><strong>scriptum</strong></span> <span class='ocrx_word' id='word_1_672' title='bbox 2947 2572 3028 2619; x_wconf 88' lang='lat' dir='ltr'><strong>est</strong></span> <span class='ocrx_word' id='word_1_673' title='bbox 3049 2563 3191 2620; x_wconf 86' lang='lat' dir='ltr'><strong>bene</strong></span> <span class='ocrx_word' id='word_1_674' title='bbox 3215 2562 3384 2621; x_wconf 90' lang='lat' dir='ltr'><strong>Deum</strong></span> <span class='ocrx_word' id='word_1_675' title='bbox 3414 2564 3607 2621; x_wconf 79' lang='lat' dir='ltr'><strong>fecisse</strong></span> <span class='ocrx_word' id='word_1_676' title='bbox 3630 2578 3761 2622; x_wconf 82' lang='lat' dir='ltr'><strong>cum</strong></span> 
     </span>
    </p>
   </div>
   <div class='ocr_carea' id='block_1_85' title="bbox 2166 2649 3766 2728">
    <p class='ocr_par' dir='ltr' id='par_1_85' title="bbox 2166 2649 3766 2728">
     <span class='ocr_line' id='line_1_85' title="bbox 2166 2649 3766 2728; baseline 0.007 -23"><span class='ocrx_word' id='word_1_677' title='bbox 2166 2649 2406 2707; x_wconf 79' lang='lat' dir='ltr'><strong>Hebraeis</strong></span> <span class='ocrx_word' id='word_1_678' title='bbox 2435 2652 2812 2709; x_wconf 90' lang='lat' dir='ltr'><strong>obstetricibus</strong></span> <span class='ocrx_word' id='word_1_679' title='bbox 2838 2653 3030 2728; x_wconf 74' lang='lat' dir='ltr'><strong>(Exod.</strong></span> <span class='ocrx_word' id='word_1_680' title='bbox 3062 2671 3114 2724; x_wconf 90' lang='grc' dir='ltr'>,</span> <span class='ocrx_word' id='word_1_681' title='bbox 3146 2656 3343 2728; x_wconf 66' lang='lat'><strong>47-20),</strong></span> <span class='ocrx_word' id='word_1_682' title='bbox 3375 2665 3432 2713; x_wconf 89' lang='lat' dir='ltr'><strong>et</strong></span> <span class='ocrx_word' id='word_1_683' title='bbox 3458 2673 3578 2714; x_wconf 82' lang='lat' dir='ltr'><strong>cum</strong></span> <span class='ocrx_word' id='word_1_684' title='bbox 3606 2658 3766 2716; x_wconf 78' lang='lat' dir='ltr'><strong>Raab</strong></span> 
     </span>
    </p>
   </div>
   <div class='ocr_carea' id='block_1_86' title="bbox 2164 2744 3763 2821">
    <p class='ocr_par' dir='ltr' id='par_1_86' title="bbox 2164 2744 3763 2821">
     <span class='ocr_line' id='line_1_86' title="bbox 2164 2744 3763 2821; baseline 0.004 -21"><span class='ocrx_word' id='word_1_685' title='bbox 2164 2744 2531 2801; x_wconf 80' lang='lat' dir='ltr'><strong>Jerichuntina</strong></span> <span class='ocrx_word' id='word_1_686' title='bbox 2558 2747 2841 2803; x_wconf 89' lang='lat' dir='ltr'><strong>meretrice</strong></span> <span class='ocrx_word' id='word_1_687' title='bbox 2867 2746 3049 2819; x_wconf 67' lang='lat' dir='ltr'><strong>(locus</strong></span> <span class='ocrx_word' id='word_1_688' title='bbox 3075 2765 3112 2804; x_wconf 87' lang='grc' dir='ltr'><strong></strong></span> <span class='ocrx_word' id='word_1_689' title='bbox 3141 2760 3189 2803; x_wconf 82' lang='lat' dir='ltr'><strong>et</strong></span> <span class='ocrx_word' id='word_1_690' title='bbox 3213 2763 3265 2804; x_wconf 76' lang='lat' dir='ltr'><strong>vr</strong></span> <span class='ocrx_word' id='word_1_691' title='bbox 3284 2791 3299 2818; x_wconf 96' lang='lat'><strong>,</strong></span> <span class='ocrx_word' id='word_1_692' title='bbox 3327 2748 3421 2821; x_wconf 72' lang='lat'><strong>25)</strong></span> <span class='ocrx_word' id='word_1_693' title='bbox 3449 2790 3465 2817; x_wconf 93' lang='lat'><strong>,</strong></span> <span class='ocrx_word' id='word_1_694' title='bbox 3493 2765 3600 2806; x_wconf 89' lang='lat' dir='ltr'><strong>non</strong></span> <span class='ocrx_word' id='word_1_695' title='bbox 3628 2750 3763 2807; x_wconf 76' lang='lat' dir='ltr'><strong>ideo</strong></span> 
     </span>
    </p>
   </div>
   <div class='ocr_carea' id='block_1_87' title="bbox 2165 2835 3761 2912">
    <p class='ocr_par' dir='ltr' id='par_1_87' title="bbox 2165 2835 3761 2912">
     <span class='ocr_line' id='line_1_87' title="bbox 2165 2835 3761 2912; baseline 0.006 -21"><span class='ocrx_word' id='word_1_696' title='bbox 2165 2835 2361 2892; x_wconf 90' lang='lat' dir='ltr'><strong>factum</strong></span> <span class='ocrx_word' id='word_1_697' title='bbox 2392 2847 2473 2892; x_wconf 91' lang='lat' dir='ltr'><strong>est</strong></span> <span class='ocrx_word' id='word_1_698' title='bbox 2498 2838 2621 2908; x_wconf 89' lang='lat' dir='ltr'><strong>quia</strong></span> <span class='ocrx_word' id='word_1_699' title='bbox 2649 2840 2885 2895; x_wconf 64' lang='lat' dir='ltr'><strong>mentitae</strong></span> <span class='ocrx_word' id='word_1_700' title='bbox 2909 2850 3034 2896; x_wconf 86' lang='lat' dir='ltr'><strong>sunt</strong></span> <span class='ocrx_word' id='word_1_701' title='bbox 3056 2882 3072 2909; x_wconf 97' lang='lat'><strong>,</strong></span> <span class='ocrx_word' id='word_1_702' title='bbox 3113 2841 3212 2897; x_wconf 86' lang='lat' dir='ltr'><strong>sed</strong></span> <span class='ocrx_word' id='word_1_703' title='bbox 3240 2842 3362 2912; x_wconf 86' lang='lat' dir='ltr'><strong>quia</strong></span> <span class='ocrx_word' id='word_1_704' title='bbox 3406 2842 3461 2897; x_wconf 86' lang='lat' dir='ltr'><strong>in</strong></span> <span class='ocrx_word' id='word_1_705' title='bbox 3503 2841 3761 2903; x_wconf 62' lang='lat' dir='ltr'><strong>hemina</strong></span> 
     </span>
    </p>
   </div>
   <div class='ocr_carea' id='block_1_88' title="bbox 2164 2928 3763 3006">
    <p class='ocr_par' dir='ltr' id='par_1_88' title="bbox 2164 2928 3763 3006">
     <span class='ocr_line' id='line_1_88' title="bbox 2164 2928 3763 3006; baseline 0.004 -22"><span class='ocrx_word' id='word_1_706' title='bbox 2164 2928 2258 2984; x_wconf 92' lang='lat' dir='ltr'><strong>Dei</strong></span> <span class='ocrx_word' id='word_1_707' title='bbox 2283 2929 2658 2988; x_wconf 86' lang='lat' dir='ltr'><strong>misericordes</strong></span> <span class='ocrx_word' id='word_1_708' title='bbox 2683 2929 2917 2989; x_wconf 74' lang='lat' dir='ltr'><strong>fuerunt.</strong></span> <span class='ocrx_word' id='word_1_709' title='bbox 2942 2932 3059 2990; x_wconf 77' lang='lat' dir='ltr'><strong>Non</strong></span> <span class='ocrx_word' id='word_1_710' title='bbox 3086 2941 3170 2990; x_wconf 81' lang='lat' dir='ltr'><strong>est</strong></span> <span class='ocrx_word' id='word_1_711' title='bbox 3194 2934 3374 3006; x_wconf 88' lang='lat' dir='ltr'><strong>itaque</strong></span> <span class='ocrx_word' id='word_1_712' title='bbox 3393 2934 3449 2990; x_wconf 91' lang='lat' dir='ltr'><strong>in</strong></span> <span class='ocrx_word' id='word_1_713' title='bbox 3471 2935 3550 2991; x_wconf 80' lang='lat' dir='ltr'><strong>eis</strong></span> <span class='ocrx_word' id='word_1_714' title='bbox 3570 2948 3763 2991; x_wconf 73' lang='lat' dir='ltr'><strong>remu-t</strong></span> 
     </span>
    </p>
   </div>
   <div class='ocr_carea' id='block_1_89' title="bbox 2163 3020 3763 3099">
    <p class='ocr_par' dir='ltr' id='par_1_89' title="bbox 2163 3020 3763 3099">
     <span class='ocr_line' id='line_1_89' title="bbox 2163 3020 3763 3099; baseline 0.005 -21"><span class='ocrx_word' id='word_1_715' title='bbox 2163 3033 2346 3079; x_wconf 89' lang='lat' dir='ltr'><strong>nerata</strong></span> <span class='ocrx_word' id='word_1_716' title='bbox 2376 3023 2582 3081; x_wconf 81' lang='lat' dir='ltr'><strong>fallacia</strong></span> <span class='ocrx_word' id='word_1_717' title='bbox 2599 3067 2613 3091; x_wconf 89' lang='lat'><strong>,</strong></span> <span class='ocrx_word' id='word_1_718' title='bbox 2641 3026 2735 3082; x_wconf 90' lang='lat' dir='ltr'><strong>sed</strong></span> <span class='ocrx_word' id='word_1_719' title='bbox 2761 3020 3161 3094; x_wconf 87' lang='lat' dir='ltr'><strong>benevolentia;</strong></span> <span class='ocrx_word' id='word_1_720' title='bbox 3187 3028 3489 3099; x_wconf 76' lang='lat' dir='ltr'><strong>benignitas</strong></span> <span class='ocrx_word' id='word_1_721' title='bbox 3511 3029 3715 3085; x_wconf 76' lang='lat' dir='ltr'><strong>mentis</strong></span> <span class='ocrx_word' id='word_1_722' title='bbox 3735 3064 3763 3098; x_wconf 59' lang='grc' dir='ltr'><em></em></span> 
     </span>
    </p>
   </div>
   <div class='ocr_carea' id='block_1_90' title="bbox 2161 3116 3757 3189">
    <p class='ocr_par' dir='ltr' id='par_1_90' title="bbox 2161 3116 3757 3189">
     <span class='ocr_line' id='line_1_90' title="bbox 2161 3116 3757 3189; baseline 0.005 -19"><span class='ocrx_word' id='word_1_723' title='bbox 2161 3130 2268 3171; x_wconf 76' lang='lat' dir='ltr'><strong>non</strong></span> <span class='ocrx_word' id='word_1_724' title='bbox 2316 3116 2565 3189; x_wconf 84' lang='lat' dir='ltr'><strong>iniquitas</strong></span> <span class='ocrx_word' id='word_1_725' title='bbox 2601 3120 2928 3175; x_wconf 89' lang='lat' dir='ltr'><strong>mentientis.</strong></span> <span class='ocrx_word' id='word_1_726' title='bbox 2972 3119 3121 3178; x_wconf 86' lang='lat' dir='ltr'><strong>Sicut</strong></span> <span class='ocrx_word' id='word_1_727' title='bbox 3145 3121 3285 3176; x_wconf 90' lang='lat' dir='ltr'><strong>enim</strong></span> <span class='ocrx_word' id='word_1_728' title='bbox 3316 3121 3509 3177; x_wconf 86' lang='lat' dir='ltr'><strong>mirum</strong></span> <span class='ocrx_word' id='word_1_729' title='bbox 3548 3122 3757 3178; x_wconf 54' lang='lat' dir='ltr'><strong>absura</strong></span> 
     </span>
    </p>
   </div>
   <div class='ocr_carea' id='block_1_91' title="bbox 2160 3209 3759 3285">
    <p class='ocr_par' dir='ltr' id='par_1_91' title="bbox 2160 3209 3759 3285">
     <span class='ocr_line' id='line_1_91' title="bbox 2160 3209 3759 3285; baseline 0.004 -20"><span class='ocrx_word' id='word_1_730' title='bbox 2160 3209 2395 3281; x_wconf 88' lang='lat' dir='ltr'><strong>dumque</strong></span> <span class='ocrx_word' id='word_1_731' title='bbox 2423 3224 2529 3266; x_wconf 92' lang='lat' dir='ltr'><strong>non</strong></span> <span class='ocrx_word' id='word_1_732' title='bbox 2556 3220 2699 3268; x_wconf 90' lang='lat' dir='ltr'><strong>esset</strong></span> <span class='ocrx_word' id='word_1_733' title='bbox 2723 3213 2768 3268; x_wconf 93' lang='lat' dir='ltr'><strong>si</strong></span> <span class='ocrx_word' id='word_1_734' title='bbox 2794 3213 2900 3268; x_wconf 90' lang='lat' dir='ltr'><strong>alio</strong></span> <span class='ocrx_word' id='word_1_735' title='bbox 2926 3214 3073 3285; x_wconf 89' lang='lat' dir='ltr'><strong>prius</strong></span> <span class='ocrx_word' id='word_1_736' title='bbox 3101 3222 3334 3284; x_wconf 88' lang='lat' dir='ltr'><strong>tempore</strong></span> <span class='ocrx_word' id='word_1_737' title='bbox 3358 3214 3650 3271; x_wconf 86' lang='lat' dir='ltr'><strong>commissa</strong></span> <span class='ocrx_word' id='word_1_738' title='bbox 3675 3216 3759 3273; x_wconf 77' lang='lat' dir='ltr'><strong>ab</strong></span> 
     </span>
    </p>
   </div>
   <div class='ocr_carea' id='block_1_92' title="bbox 2162 3300 3754 3377">
    <p class='ocr_par' dir='ltr' id='par_1_92' title="bbox 2162 3300 3754 3377">
     <span class='ocr_line' id='line_1_92' title="bbox 2162 3300 3754 3377; baseline 0.004 -20"><span class='ocrx_word' id='word_1_739' title='bbox 2162 3300 2241 3358; x_wconf 89' lang='lat' dir='ltr'><strong>eis</strong></span> <span class='ocrx_word' id='word_1_740' title='bbox 2284 3303 2458 3373; x_wconf 88' lang='lat' dir='ltr'><strong>aliqua</strong></span> <span class='ocrx_word' id='word_1_741' title='bbox 2488 3316 2651 3375; x_wconf 81' lang='lat' dir='ltr'><strong>Opera</strong></span> <span class='ocrx_word' id='word_1_742' title='bbox 2677 3305 2815 3359; x_wconf 85' lang='lat' dir='ltr'><strong>mala</strong></span> <span class='ocrx_word' id='word_1_743' title='bbox 2846 3306 2986 3361; x_wconf 87' lang='lat' dir='ltr'><strong>Deus</strong></span> <span class='ocrx_word' id='word_1_744' title='bbox 3015 3314 3233 3377; x_wconf 87' lang='lat' dir='ltr'><strong>propter</strong></span> <span class='ocrx_word' id='word_1_745' title='bbox 3259 3305 3554 3377; x_wconf 84' lang='lat' dir='ltr'><strong>posteriora</strong></span> <span class='ocrx_word' id='word_1_746' title='bbox 3579 3320 3754 3377; x_wconf 80' lang='lat' dir='ltr'><strong>opera</strong></span> 
     </span>
    </p>
   </div>
   <div class='ocr_carea' id='block_1_93' title="bbox 2159 3395 3755 3469">
    <p class='ocr_par' dir='ltr' id='par_1_93' title="bbox 2159 3395 3755 3469">
     <span class='ocr_line' id='line_1_93' title="bbox 2159 3395 3755 3469; baseline 0.004 -19"><span class='ocrx_word' id='word_1_747' title='bbox 2159 3396 2299 3450; x_wconf 86' lang='lat' dir='ltr'><strong>bona</strong></span> <span class='ocrx_word' id='word_1_748' title='bbox 2325 3395 2483 3450; x_wconf 90' lang='lat' dir='ltr'><strong>vellet</strong></span> <span class='ocrx_word' id='word_1_749' title='bbox 2510 3396 2814 3467; x_wconf 85' lang='lat' dir='ltr'><strong>ignoscere;</strong></span> <span class='ocrx_word' id='word_1_750' title='bbox 2860 3398 2931 3451; x_wconf 91' lang='lat' dir='ltr'><strong>ita</strong></span> <span class='ocrx_word' id='word_1_751' title='bbox 2976 3396 3277 3453; x_wconf 88' lang='lat' dir='ltr'><strong>mirandum</strong></span> <span class='ocrx_word' id='word_1_752' title='bbox 3320 3412 3429 3454; x_wconf 89' lang='lat' dir='ltr'><strong>non</strong></span> <span class='ocrx_word' id='word_1_753' title='bbox 3475 3406 3561 3455; x_wconf 85' lang='lat' dir='ltr'><strong>est</strong></span> <span class='ocrx_word' id='word_1_754' title='bbox 3602 3400 3755 3469; x_wconf 79' lang='lat' dir='ltr'><strong>quod</strong></span> 
     </span>
    </p>
   </div>
   <div class='ocr_carea' id='block_1_94' title="bbox 2160 3488 3755 3562">
    <p class='ocr_par' dir='ltr' id='par_1_94' title="bbox 2160 3488 3755 3562">
     <span class='ocr_line' id='line_1_94' title="bbox 2160 3488 3755 3562; baseline 0.002 -20"><span class='ocrx_word' id='word_1_755' title='bbox 2160 3500 2271 3542; x_wconf 87' lang='lat' dir='ltr'><strong>uno</strong></span> <span class='ocrx_word' id='word_1_756' title='bbox 2313 3494 2558 3558; x_wconf 90' lang='lat' dir='ltr'><strong>tempore</strong></span> <span class='ocrx_word' id='word_1_757' title='bbox 2588 3488 2641 3542; x_wconf 90' lang='lat' dir='ltr'><strong>in</strong></span> <span class='ocrx_word' id='word_1_758' title='bbox 2668 3501 2773 3542; x_wconf 91' lang='lat' dir='ltr'><strong>una</strong></span> <span class='ocrx_word' id='word_1_759' title='bbox 2816 3502 2976 3543; x_wconf 89' lang='lat' dir='ltr'><strong>causa</strong></span> <span class='ocrx_word' id='word_1_760' title='bbox 3014 3488 3157 3544; x_wconf 82' lang='lat' dir='ltr'><strong>Deus</strong></span> <span class='ocrx_word' id='word_1_761' title='bbox 3200 3498 3484 3561; x_wconf 89' lang='lat' dir='ltr'><strong>utrumque</strong></span> <span class='ocrx_word' id='word_1_762' title='bbox 3525 3492 3755 3562; x_wconf 81' lang='lat' dir='ltr'><strong>conspi-</strong></span> 
     </span>
    </p>
   </div>
   <div class='ocr_carea' id='block_1_95' title="bbox 2158 3578 3754 3654">
    <p class='ocr_par' dir='ltr' id='par_1_95' title="bbox 2158 3578 3754 3654">
     <span class='ocr_line' id='line_1_95' title="bbox 2158 3578 3754 3654; baseline 0.001 -19"><span class='ocrx_word' id='word_1_763' title='bbox 2158 3579 2328 3647; x_wconf 87' lang='lat' dir='ltr'><strong>ciens,</strong></span> <span class='ocrx_word' id='word_1_764' title='bbox 2353 3580 2404 3635; x_wconf 93' lang='lat' dir='ltr'><strong>id</strong></span> <span class='ocrx_word' id='word_1_765' title='bbox 2427 3589 2529 3647; x_wconf 91' lang='lat' dir='ltr'><strong>est,</strong></span> <span class='ocrx_word' id='word_1_766' title='bbox 2561 3578 2759 3635; x_wconf 89' lang='lat' dir='ltr'><strong>factum</strong></span> <span class='ocrx_word' id='word_1_767' title='bbox 2784 3580 3227 3650; x_wconf 90' lang='lat' dir='ltr'><strong>misericorditer,</strong></span> <span class='ocrx_word' id='word_1_768' title='bbox 3257 3578 3563 3654; x_wconf 88' lang='lat' dir='ltr'><strong>factumque</strong></span> <span class='ocrx_word' id='word_1_769' title='bbox 3586 3581 3754 3637; x_wconf 85' lang='lat' dir='ltr'><strong>falla-</strong></span> 
     </span>
    </p>
   </div>
   <div class='ocr_carea' id='block_1_96' title="bbox 2160 3673 3753 3745">
    <p class='ocr_par' dir='ltr' id='par_1_96' title="bbox 2160 3673 3753 3745">
     <span class='ocr_line' id='line_1_96' title="bbox 2160 3673 3753 3745; baseline 0.003 -18"><span class='ocrx_word' id='word_1_770' title='bbox 2160 3673 2311 3736; x_wconf 90' lang='lat' dir='ltr'><strong>citer,</strong></span> <span class='ocrx_word' id='word_1_771' title='bbox 2342 3681 2396 3728; x_wconf 89' lang='lat' dir='ltr'><strong>et</strong></span> <span class='ocrx_word' id='word_1_772' title='bbox 2423 3673 2621 3729; x_wconf 91' lang='lat' dir='ltr'><strong>bonum</strong></span> <span class='ocrx_word' id='word_1_773' title='bbox 2648 3673 3039 3741; x_wconf 85' lang='lat' dir='ltr'><strong>remuneravit,</strong></span> <span class='ocrx_word' id='word_1_774' title='bbox 3071 3681 3126 3729; x_wconf 87' lang='lat' dir='ltr'><strong>et</strong></span> <span class='ocrx_word' id='word_1_775' title='bbox 3153 3682 3374 3745; x_wconf 89' lang='lat' dir='ltr'><strong>propter</strong></span> <span class='ocrx_word' id='word_1_776' title='bbox 3404 3674 3509 3731; x_wconf 91' lang='lat' dir='ltr'><strong>hoc</strong></span> <span class='ocrx_word' id='word_1_777' title='bbox 3543 3675 3753 3731; x_wconf 87' lang='lat' dir='ltr'><strong>bonum</strong></span> 
     </span>
    </p>
   </div>
   <div class='ocr_carea' id='block_1_97' title="bbox 2159 3763 3757 3837">
    <p class='ocr_par' dir='ltr' id='par_1_97' title="bbox 2159 3763 3757 3837">
     <span class='ocr_line' id='line_1_97' title="bbox 2159 3763 3757 3837; baseline 0.003 -19"><span class='ocrx_word' id='word_1_778' title='bbox 2159 3764 2358 3818; x_wconf 88' lang='lat' dir='ltr'><strong>malum</strong></span> <span class='ocrx_word' id='word_1_779' title='bbox 2402 3763 2529 3819; x_wconf 92' lang='lat' dir='ltr'><strong>illud</strong></span> <span class='ocrx_word' id='word_1_780' title='bbox 2558 3765 2777 3835; x_wconf 83' lang='lat' dir='ltr'><strong>ignovit.</strong></span> <span class='ocrx_word' id='word_1_781' title='bbox 2822 3764 2880 3821; x_wconf 91' lang='lat' dir='ltr'><strong>Si</strong></span> <span class='ocrx_word' id='word_1_782' title='bbox 2914 3765 3058 3820; x_wconf 90' lang='lat' dir='ltr'><strong>enim</strong></span> <span class='ocrx_word' id='word_1_783' title='bbox 3101 3773 3319 3835; x_wconf 84' lang='lat' dir='ltr'><strong>peccata</strong></span> <span class='ocrx_word' id='word_1_784' title='bbox 3365 3782 3484 3837; x_wconf 71' lang='lat' dir='ltr'><strong>qua:</strong></span> <span class='ocrx_word' id='word_1_785' title='bbox 3523 3775 3757 3837; x_wconf 85' lang='lat' dir='ltr'><strong>propter</strong></span> 
     </span>
    </p>
   </div>
   <div class='ocr_carea' id='block_1_98' title="bbox 2159 3856 3755 3928">
    <p class='ocr_par' dir='ltr' id='par_1_98' title="bbox 2159 3856 3755 3928">
     <span class='ocr_line' id='line_1_98' title="bbox 2159 3856 3755 3928; baseline 0.003 -17"><span class='ocrx_word' id='word_1_786' title='bbox 2159 3856 2335 3911; x_wconf 86' lang='lat' dir='ltr'><strong>carnis</strong></span> <span class='ocrx_word' id='word_1_787' title='bbox 2364 3856 2854 3927; x_wconf 89' lang='lat' dir='ltr'><strong>concupiscentiam</strong></span> <span class='ocrx_word' id='word_1_788' title='bbox 2875 3899 2891 3926; x_wconf 97' lang='lat'><strong>,</strong></span> <span class='ocrx_word' id='word_1_789' title='bbox 2921 3871 3027 3912; x_wconf 89' lang='lat' dir='ltr'><strong>non</strong></span> <span class='ocrx_word' id='word_1_790' title='bbox 3060 3866 3278 3928; x_wconf 88' lang='lat' dir='ltr'><strong>propter</strong></span> <span class='ocrx_word' id='word_1_791' title='bbox 3319 3858 3755 3915; x_wconf 84' lang='lat' dir='ltr'><strong>misericordiam</strong></span> 
     </span>
    </p>
   </div>
   <div class='ocr_carea' id='block_1_99' title="bbox 2159 3950 3752 4023">
    <p class='ocr_par' dir='ltr' id='par_1_99' title="bbox 2159 3950 3752 4023">
     <span class='ocr_line' id='line_1_99' title="bbox 2159 3950 3752 4023; baseline 0.002 -18"><span class='ocrx_word' id='word_1_792' title='bbox 2159 3950 2328 4018; x_wconf 87' lang='lat' dir='ltr'><strong>fltmt,</strong></span> <span class='ocrx_word' id='word_1_793' title='bbox 2369 3961 2590 4022; x_wconf 90' lang='lat' dir='ltr'><strong>propter</strong></span> <span class='ocrx_word' id='word_1_794' title='bbox 2626 3953 2922 4023; x_wconf 90' lang='lat' dir='ltr'><strong>posteriora</strong></span> <span class='ocrx_word' id='word_1_795' title='bbox 2960 3966 3123 4023; x_wconf 91' lang='lat' dir='ltr'><strong>opera</strong></span> <span class='ocrx_word' id='word_1_796' title='bbox 3161 3950 3545 4008; x_wconf 63' lang='lat' dir='ltr'><strong>misericordias</strong></span> <span class='ocrx_word' id='word_1_797' title='bbox 3572 3954 3752 4009; x_wconf 53' lang='lat' dir='ltr'><strong>dimit.</strong></span> 
     </span>
    </p>
   </div>
   <div class='ocr_carea' id='block_1_100' title="bbox 2160 4046 3747 4116">
    <p class='ocr_par' dir='ltr' id='par_1_100' title="bbox 2160 4046 3747 4116">
     <span class='ocr_line' id='line_1_100' title="bbox 2160 4046 3747 4116; baseline 0 -14"><span class='ocrx_word' id='word_1_798' title='bbox 2160 4054 2377 4111; x_wconf 89' lang='lat' dir='ltr'><strong>tuntur;</strong></span> <span class='ocrx_word' id='word_1_799' title='bbox 2411 4060 2508 4101; x_wconf 90' lang='lat' dir='ltr'><strong>cur</strong></span> <span class='ocrx_word' id='word_1_800' title='bbox 2548 4061 2654 4101; x_wconf 91' lang='lat' dir='ltr'><strong>non</strong></span> <span class='ocrx_word' id='word_1_801' title='bbox 2699 4048 2888 4102; x_wconf 90' lang='lat' dir='ltr'><strong>merito</strong></span> <span class='ocrx_word' id='word_1_802' title='bbox 2930 4046 3314 4103; x_wconf 69' lang='lat' dir='ltr'><strong>misericordiae</strong></span> <span class='ocrx_word' id='word_1_803' title='bbox 3360 4047 3747 4116; x_wconf 84' lang='lat' dir='ltr'><strong>dimittuntur,</strong></span> 
     </span>
    </p>
   </div>
   <div class='ocr_carea' id='block_1_101' title="bbox 2157 4138 3757 4212">
    <p class='ocr_par' dir='ltr' id='par_1_101' title="bbox 2157 4138 3757 4212">
     <span class='ocr_line' id='line_1_101' title="bbox 2157 4138 3757 4212; baseline 0.001 -18"><span class='ocrx_word' id='word_1_804' title='bbox 2157 4154 2276 4212; x_wconf 70' lang='lat' dir='ltr'><strong>qua:</strong></span> <span class='ocrx_word' id='word_1_805' title='bbox 2303 4140 2697 4212; x_wconf 89' lang='lat' dir='ltr'><strong>propteripsam</strong></span> <span class='ocrx_word' id='word_1_806' title='bbox 2709 4139 3128 4197; x_wconf 88' lang='lat' dir='ltr'><strong>misericordiam</strong></span> <span class='ocrx_word' id='word_1_807' title='bbox 3146 4140 3591 4197; x_wconf 79' lang='lat' dir='ltr'><strong>committuntur?</strong></span> <span class='ocrx_word' id='word_1_808' title='bbox 3611 4138 3757 4196; x_wconf 78' lang='lat' dir='ltr'><strong>Gra-</strong></span> 
     </span>
    </p>
   </div>
   <div class='ocr_carea' id='block_1_102' title="bbox 2157 4232 3751 4304">
    <p class='ocr_par' dir='ltr' id='par_1_102' title="bbox 2157 4232 3751 4304">
     <span class='ocr_line' id='line_1_102' title="bbox 2157 4232 3751 4304; baseline -0.001 -17"><span class='ocrx_word' id='word_1_809' title='bbox 2157 4232 2274 4288; x_wconf 85' lang='lat' dir='ltr'><strong>vius</strong></span> <span class='ocrx_word' id='word_1_810' title='bbox 2302 4241 2384 4289; x_wconf 91' lang='lat' dir='ltr'><strong>cst</strong></span> <span class='ocrx_word' id='word_1_811' title='bbox 2408 4232 2551 4288; x_wconf 90' lang='lat' dir='ltr'><strong>enim</strong></span> <span class='ocrx_word' id='word_1_812' title='bbox 2579 4240 2857 4304; x_wconf 87' lang='lat' dir='ltr'><strong>peccatum</strong></span> <span class='ocrx_word' id='word_1_813' title='bbox 2886 4232 3029 4304; x_wconf 88' lang='lat' dir='ltr'><strong>quod</strong></span> <span class='ocrx_word' id='word_1_814' title='bbox 3057 4232 3238 4289; x_wconf 82' lang='lat' dir='ltr'><strong>animo</strong></span> <span class='ocrx_word' id='word_1_815' title='bbox 3264 4232 3509 4289; x_wconf 83' lang='lat' dir='ltr'><strong>nocentis</strong></span> <span class='ocrx_word' id='word_1_816' title='bbox 3528 4271 3544 4299; x_wconf 93' lang='lat'><strong>,</strong></span> <span class='ocrx_word' id='word_1_817' title='bbox 3583 4244 3751 4302; x_wconf 81' lang='lat' dir='ltr'><strong>quam</strong></span> 
     </span>
    </p>
   </div>
   <div class='ocr_carea' id='block_1_103' title="bbox 2158 4324 3751 4396">
    <p class='ocr_par' dir='ltr' id='par_1_103' title="bbox 2158 4324 3751 4396">
     <span class='ocr_line' id='line_1_103' title="bbox 2158 4324 3751 4396; baseline 0 -16"><span class='ocrx_word' id='word_1_818' title='bbox 2158 4326 2299 4393; x_wconf 85' lang='lat' dir='ltr'><strong>quod</strong></span> <span class='ocrx_word' id='word_1_819' title='bbox 2329 4326 2507 4381; x_wconf 87' lang='lat' dir='ltr'><strong>animo</strong></span> <span class='ocrx_word' id='word_1_820' title='bbox 2532 4326 2894 4383; x_wconf 90' lang='lat' dir='ltr'><strong>subvenientis</strong></span> <span class='ocrx_word' id='word_1_821' title='bbox 2918 4326 3165 4383; x_wconf 84' lang='lat' dir='ltr'><strong>efficitur.</strong></span> <span class='ocrx_word' id='word_1_822' title='bbox 3195 4331 3274 4381; x_wconf 78' lang='lat' dir='ltr'><strong>Ac</strong></span> <span class='ocrx_word' id='word_1_823' title='bbox 3301 4340 3396 4396; x_wconf 86' lang='lat' dir='ltr'><strong>per</strong></span> <span class='ocrx_word' id='word_1_824' title='bbox 3420 4324 3525 4381; x_wconf 89' lang='lat' dir='ltr'><strong>hoc</strong></span> <span class='ocrx_word' id='word_1_825' title='bbox 3548 4324 3593 4379; x_wconf 87' lang='lat' dir='ltr'><strong>si</strong></span> <span class='ocrx_word' id='word_1_826' title='bbox 3614 4324 3751 4380; x_wconf 81' lang='lat' dir='ltr'><strong>illud</strong></span> 
     </span>
    </p>
   </div>
   <div class='ocr_carea' id='block_1_104' title="bbox 2157 4419 3755 4491">
    <p class='ocr_par' dir='ltr' id='par_1_104' title="bbox 2157 4419 3755 4491">
     <span class='ocr_line' id='line_1_104' title="bbox 2157 4419 3755 4491; baseline -0.003 -16"><span class='ocrx_word' id='word_1_827' title='bbox 2157 4419 2367 4476; x_wconf 88' lang='lat' dir='ltr'><strong>deletur</strong></span> <span class='ocrx_word' id='word_1_828' title='bbox 2392 4435 2554 4490; x_wconf 87' lang='lat' dir='ltr'><strong>opere</strong></span> <span class='ocrx_word' id='word_1_829' title='bbox 2582 4420 2962 4476; x_wconf 66' lang='lat' dir='ltr'><strong>misericordiae</strong></span> <span class='ocrx_word' id='word_1_830' title='bbox 2992 4426 3179 4491; x_wconf 91' lang='lat' dir='ltr'><strong>postea</strong></span> <span class='ocrx_word' id='word_1_831' title='bbox 3207 4419 3568 4488; x_wconf 85' lang='lat' dir='ltr'><strong>subsequente</strong></span> <span class='ocrx_word' id='word_1_832' title='bbox 3586 4456 3602 4481; x_wconf 93' lang='lat'><strong>,</strong></span> <span class='ocrx_word' id='word_1_833' title='bbox 3647 4429 3755 4472; x_wconf 86' lang='lat' dir='ltr'><strong>cur</strong></span> 
     </span>
    </p>
   </div>
   <div class='ocr_carea' id='block_1_105' title="bbox 2158 4507 3749 4583">
    <p class='ocr_par' dir='ltr' id='par_1_105' title="bbox 2158 4507 3749 4583">
     <span class='ocr_line' id='line_1_105' title="bbox 2158 4507 3749 4583; baseline -0.002 -18"><span class='ocrx_word' id='word_1_834' title='bbox 2158 4509 2262 4566; x_wconf 86' lang='lat' dir='ltr'><strong>hoc</strong></span> <span class='ocrx_word' id='word_1_835' title='bbox 2295 4511 2437 4582; x_wconf 90' lang='lat' dir='ltr'><strong>quod</strong></span> <span class='ocrx_word' id='word_1_836' title='bbox 2461 4520 2544 4567; x_wconf 90' lang='lat' dir='ltr'><strong>est</strong></span> <span class='ocrx_word' id='word_1_837' title='bbox 2566 4513 2755 4580; x_wconf 80' lang='lat' dir='ltr'><strong>levius,</strong></span> <span class='ocrx_word' id='word_1_838' title='bbox 2799 4527 2905 4568; x_wconf 91' lang='lat' dir='ltr'><strong>non</strong></span> <span class='ocrx_word' id='word_1_839' title='bbox 2936 4512 3146 4569; x_wconf 87' lang='lat' dir='ltr'><strong>deletur</strong></span> <span class='ocrx_word' id='word_1_840' title='bbox 3174 4512 3289 4583; x_wconf 87' lang='lat' dir='ltr'><strong>ipsa</strong></span> <span class='ocrx_word' id='word_1_841' title='bbox 3318 4510 3547 4564; x_wconf 82' lang='lat' dir='ltr'><strong>liomlnls</strong></span> <span class='ocrx_word' id='word_1_842' title='bbox 3571 4507 3749 4563; x_wconf 63' lang='lat' dir='ltr'><strong>misoo</strong></span> 
     </span>
    </p>
   </div>
   <div class='ocr_carea' id='block_1_106' title="bbox 2157 4604 3751 4677">
    <p class='ocr_par' dir='ltr' id='par_1_106' title="bbox 2157 4604 3751 4677">
     <span class='ocr_line' id='line_1_106' title="bbox 2157 4604 3751 4677; baseline -0.003 -17"><span class='ocrx_word' id='word_1_843' title='bbox 2157 4604 2405 4674; x_wconf 89' lang='lat' dir='ltr'><strong>ricordia,</strong></span> <span class='ocrx_word' id='word_1_844' title='bbox 2438 4612 2494 4661; x_wconf 90' lang='lat' dir='ltr'><strong>et</strong></span> <span class='ocrx_word' id='word_1_845' title='bbox 2519 4605 2855 4677; x_wconf 76' lang='lat' dir='ltr'><strong>praecedente</strong></span> <span class='ocrx_word' id='word_1_846' title='bbox 2882 4614 2940 4661; x_wconf 90' lang='lat' dir='ltr'><strong>ut</strong></span> <span class='ocrx_word' id='word_1_847' title='bbox 2968 4614 3184 4676; x_wconf 89' lang='lat' dir='ltr'><strong>peccet,</strong></span> <span class='ocrx_word' id='word_1_848' title='bbox 3222 4613 3276 4661; x_wconf 88' lang='lat' dir='ltr'><strong>et</strong></span> <span class='ocrx_word' id='word_1_849' title='bbox 3306 4604 3595 4661; x_wconf 89' lang='lat' dir='ltr'><strong>comitante</strong></span> <span class='ocrx_word' id='word_1_850' title='bbox 3621 4615 3751 4657; x_wconf 82' lang='lat' dir='ltr'><strong>eum</strong></span> 
     </span>
    </p>
   </div>
   <div class='ocr_carea' id='block_1_107' title="bbox 2156 4693 3752 4769">
    <p class='ocr_par' dir='ltr' id='par_1_107' title="bbox 2156 4693 3752 4769">
     <span class='ocr_line' id='line_1_107' title="bbox 2156 4693 3752 4769; baseline -0.001 -16"><span class='ocrx_word' id='word_1_851' title='bbox 2156 4696 2378 4769; x_wconf 87' lang='lat' dir='ltr'><strong>peccat?</strong></span> <span class='ocrx_word' id='word_1_852' title='bbox 2408 4695 2481 4752; x_wconf 90' lang='lat' dir='ltr'><strong>lta</strong></span> <span class='ocrx_word' id='word_1_853' title='bbox 2509 4698 2723 4769; x_wconf 90' lang='lat' dir='ltr'><strong>quidem</strong></span> <span class='ocrx_word' id='word_1_854' title='bbox 2755 4697 2919 4754; x_wconf 86' lang='lat' dir='ltr'><strong>videri</strong></span> <span class='ocrx_word' id='word_1_855' title='bbox 2947 4705 3123 4768; x_wconf 86' lang='lat' dir='ltr'><strong>potest</strong></span> <span class='ocrx_word' id='word_1_856' title='bbox 3156 4715 3170 4752; x_wconf 91' lang='lat'><strong><em>:</em></strong></span> <span class='ocrx_word' id='word_1_857' title='bbox 3201 4704 3571 4753; x_wconf 81' lang='lat' dir='ltr'><strong>verumtamen</strong></span> <span class='ocrx_word' id='word_1_858' title='bbox 3599 4693 3752 4751; x_wconf 85' lang='lat' dir='ltr'><strong>aliud</strong></span> 
     </span>
    </p>
   </div>
   <div class='ocr_carea' id='block_1_108' title="bbox 2155 4787 3752 4861">
    <p class='ocr_par' dir='ltr' id='par_1_108' title="bbox 2155 4787 3752 4861">
     <span class='ocr_line' id='line_1_108' title="bbox 2155 4787 3752 4861; baseline -0.003 -15"><span class='ocrx_word' id='word_1_859' title='bbox 2155 4799 2238 4846; x_wconf 89' lang='lat' dir='ltr'><strong>est</strong></span> <span class='ocrx_word' id='word_1_860' title='bbox 2265 4790 2441 4847; x_wconf 90' lang='lat' dir='ltr'><strong>dicere</strong></span> <span class='ocrx_word' id='word_1_861' title='bbox 2461 4833 2475 4856; x_wconf 90' lang='lat'><strong>,</strong></span> <span class='ocrx_word' id='word_1_862' title='bbox 2508 4790 2737 4846; x_wconf 89' lang='lat' dir='ltr'><strong>Peccare</strong></span> <span class='ocrx_word' id='word_1_863' title='bbox 2761 4789 2975 4861; x_wconf 88' lang='lat' dir='ltr'><strong>quidem</strong></span> <span class='ocrx_word' id='word_1_864' title='bbox 3007 4803 3111 4845; x_wconf 91' lang='lat' dir='ltr'><strong>non</strong></span> <span class='ocrx_word' id='word_1_865' title='bbox 3134 4788 3313 4856; x_wconf 89' lang='lat' dir='ltr'><strong>debui,</strong></span> <span class='ocrx_word' id='word_1_866' title='bbox 3337 4787 3433 4844; x_wconf 89' lang='lat' dir='ltr'><strong>sed</strong></span> <span class='ocrx_word' id='word_1_867' title='bbox 3456 4802 3620 4859; x_wconf 84' lang='lat' dir='ltr'><strong>opera</strong></span> <span class='ocrx_word' id='word_1_868' title='bbox 3642 4788 3752 4842; x_wconf 89' lang='lat' dir='ltr'><strong>mi-</strong></span> 
     </span>
    </p>
   </div>
   <div class='ocr_carea' id='block_1_109' title="bbox 2155 4882 3751 4955">
    <p class='ocr_par' dir='ltr' id='par_1_109' title="bbox 2155 4882 3751 4955">
     <span class='ocr_line' id='line_1_109' title="bbox 2155 4882 3751 4955; baseline -0.002 -16"><span class='ocrx_word' id='word_1_869' title='bbox 2155 4884 2458 4941; x_wconf 69' lang='lat' dir='ltr'><strong>sericordia:</strong></span> <span class='ocrx_word' id='word_1_870' title='bbox 2485 4885 2692 4951; x_wconf 89' lang='lat' dir='ltr'><strong>faciam,</strong></span> <span class='ocrx_word' id='word_1_871' title='bbox 2716 4884 2905 4955; x_wconf 88' lang='lat' dir='ltr'><strong>quibus</strong></span> <span class='ocrx_word' id='word_1_872' title='bbox 2930 4884 3137 4941; x_wconf 88' lang='lat' dir='ltr'><strong>deleam</strong></span> <span class='ocrx_word' id='word_1_873' title='bbox 3164 4884 3306 4955; x_wconf 86' lang='lat' dir='ltr'><strong>quod</strong></span> <span class='ocrx_word' id='word_1_874' title='bbox 3334 4891 3461 4939; x_wconf 85' lang='lat' dir='ltr'><strong>ante</strong></span> <span class='ocrx_word' id='word_1_875' title='bbox 3487 4882 3705 4955; x_wconf 86' lang='lat' dir='ltr'><strong>peccavi</strong></span> <span class='ocrx_word' id='word_1_876' title='bbox 3733 4898 3751 4949; x_wconf 89' lang='lat'><strong>;</strong></span> 
     </span>
    </p>
   </div>
   <div class='ocr_carea' id='block_1_110' title="bbox 2154 4977 3752 5049">
    <p class='ocr_par' dir='ltr' id='par_1_110' title="bbox 2154 4977 3752 5049">
     <span class='ocr_line' id='line_1_110' title="bbox 2154 4977 3752 5049; baseline -0.003 -15"><span class='ocrx_word' id='word_1_877' title='bbox 2154 4984 2211 5034; x_wconf 88' lang='lat' dir='ltr'><strong>et</strong></span> <span class='ocrx_word' id='word_1_878' title='bbox 2234 4979 2375 5034; x_wconf 87' lang='lat' dir='ltr'><strong>aliud</strong></span> <span class='ocrx_word' id='word_1_879' title='bbox 2406 4987 2486 5034; x_wconf 92' lang='lat' dir='ltr'><strong>est</strong></span> <span class='ocrx_word' id='word_1_880' title='bbox 2515 4977 2693 5034; x_wconf 88' lang='lat' dir='ltr'><strong>dicere</strong></span> <span class='ocrx_word' id='word_1_881' title='bbox 2713 5021 2727 5044; x_wconf 95' lang='lat'><strong>,</strong></span> <span class='ocrx_word' id='word_1_882' title='bbox 2763 4980 2991 5035; x_wconf 87' lang='lat' dir='ltr'><strong>Peccare</strong></span> <span class='ocrx_word' id='word_1_883' title='bbox 3018 4979 3210 5045; x_wconf 88' lang='lat' dir='ltr'><strong>debeo,</strong></span> <span class='ocrx_word' id='word_1_884' title='bbox 3239 4980 3359 5049; x_wconf 88' lang='lat' dir='ltr'><strong>quia</strong></span> <span class='ocrx_word' id='word_1_885' title='bbox 3390 4992 3495 5033; x_wconf 91' lang='lat' dir='ltr'><strong>non</strong></span> <span class='ocrx_word' id='word_1_886' title='bbox 3527 4986 3752 5047; x_wconf 85' lang='lat' dir='ltr'><strong>possum</strong></span> 
     </span>
    </p>
   </div>
   <div class='ocr_carea' id='block_1_111' title="bbox 2153 5066 3755 5141">
    <p class='ocr_par' dir='ltr' id='par_1_111' title="bbox 2153 5066 3755 5141">
     <span class='ocr_line' id='line_1_111' title="bbox 2153 5066 3755 5141; baseline -0.003 -16"><span class='ocrx_word' id='word_1_887' title='bbox 2153 5070 2309 5125; x_wconf 90' lang='lat' dir='ltr'><strong>aliter</strong></span> <span class='ocrx_word' id='word_1_888' title='bbox 2337 5071 2591 5125; x_wconf 90' lang='lat' dir='ltr'><strong>misereri.</strong></span> <span class='ocrx_word' id='word_1_889' title='bbox 2625 5069 2781 5125; x_wconf 85' lang='lat' dir='ltr'><strong>Aliud</strong></span> <span class='ocrx_word' id='word_1_890' title='bbox 2822 5080 2922 5136; x_wconf 87' lang='lat' dir='ltr'><strong>est,</strong></span> <span class='ocrx_word' id='word_1_891' title='bbox 2952 5071 3164 5141; x_wconf 85' lang='lat' dir='ltr'><strong>inquam</strong></span> <span class='ocrx_word' id='word_1_892' title='bbox 3185 5110 3200 5137; x_wconf 94' lang='lat'><strong>,</strong></span> <span class='ocrx_word' id='word_1_893' title='bbox 3229 5069 3407 5124; x_wconf 88' lang='lat' dir='ltr'><strong>dicere</strong></span> <span class='ocrx_word' id='word_1_894' title='bbox 3432 5112 3445 5137; x_wconf 91' lang='lat'><strong>,</strong></span> <span class='ocrx_word' id='word_1_895' title='bbox 3476 5068 3608 5137; x_wconf 89' lang='lat' dir='ltr'><strong>Quia</strong></span> <span class='ocrx_word' id='word_1_896' title='bbox 3634 5066 3755 5137; x_wconf 87' lang='lat' dir='ltr'><strong>jam</strong></span> 
     </span>
    </p>
   </div>
   <div class='ocr_carea' id='block_1_112' title="bbox 2154 5159 3757 5233">
    <p class='ocr_par' dir='ltr' id='par_1_112' title="bbox 2154 5159 3757 5233">
     <span class='ocr_line' id='line_1_112' title="bbox 2154 5159 3757 5233; baseline -0.002 -15"><span class='ocrx_word' id='word_1_897' title='bbox 2154 5164 2508 5233; x_wconf 88' lang='lat' dir='ltr'><strong>peccavimus,</strong></span> <span class='ocrx_word' id='word_1_898' title='bbox 2540 5163 2973 5229; x_wconf 88' lang='lat' dir='ltr'><strong>benefaciamus;</strong></span> <span class='ocrx_word' id='word_1_899' title='bbox 3005 5172 3057 5218; x_wconf 89' lang='lat' dir='ltr'><strong>et</strong></span> <span class='ocrx_word' id='word_1_900' title='bbox 3084 5162 3224 5217; x_wconf 90' lang='lat' dir='ltr'><strong>aliud</strong></span> <span class='ocrx_word' id='word_1_901' title='bbox 3256 5170 3337 5218; x_wconf 92' lang='lat' dir='ltr'><strong>cst</strong></span> <span class='ocrx_word' id='word_1_902' title='bbox 3369 5161 3566 5227; x_wconf 88' lang='lat' dir='ltr'><strong>dicere,</strong></span> <span class='ocrx_word' id='word_1_903' title='bbox 3616 5159 3757 5215; x_wconf 83' lang='lat' dir='ltr'><strong>Pee-</strong></span> 
     </span>
    </p>
   </div>
   <div class='ocr_carea' id='block_1_113' title="bbox 2153 5253 3755 5322">
    <p class='ocr_par' dir='ltr' id='par_1_113' title="bbox 2153 5253 3755 5322">
     <span class='ocr_line' id='line_1_113' title="bbox 2153 5253 3755 5322; baseline -0.002 -12"><span class='ocrx_word' id='word_1_904' title='bbox 2153 5270 2356 5322; x_wconf 89' lang='lat' dir='ltr'><strong>ccmus,</strong></span> <span class='ocrx_word' id='word_1_905' title='bbox 2386 5263 2441 5309; x_wconf 91' lang='lat' dir='ltr'><strong>ut</strong></span> <span class='ocrx_word' id='word_1_906' title='bbox 2474 5254 2881 5309; x_wconf 89' lang='lat' dir='ltr'><strong>benefaciamus.</strong></span> <span class='ocrx_word' id='word_1_907' title='bbox 2911 5254 2985 5310; x_wconf 91' lang='lat' dir='ltr'><strong>lbi</strong></span> <span class='ocrx_word' id='word_1_908' title='bbox 3015 5255 3226 5320; x_wconf 90' lang='lat' dir='ltr'><strong>dicitur,</strong></span> <span class='ocrx_word' id='word_1_909' title='bbox 3260 5254 3539 5310; x_wconf 81' lang='lat' dir='ltr'><strong>Faciamus</strong></span> <span class='ocrx_word' id='word_1_910' title='bbox 3580 5253 3755 5320; x_wconf 87' lang='lat' dir='ltr'><strong>bona,</strong></span> 
     </span>
    </p>
   </div>
   <div class='ocr_carea' id='block_1_114' title="bbox 2152 5349 3757 5420">
    <p class='ocr_par' dir='ltr' id='par_1_114' title="bbox 2152 5349 3757 5420">
     <span class='ocr_line' id='line_1_114' title="bbox 2152 5349 3757 5420; baseline -0.001 -17"><span class='ocrx_word' id='word_1_911' title='bbox 2152 5349 2274 5420; x_wconf 91' lang='lat' dir='ltr'><strong>quia</strong></span> <span class='ocrx_word' id='word_1_912' title='bbox 2302 5349 2517 5404; x_wconf 83' lang='lat' dir='ltr'><strong>fecimus</strong></span> <span class='ocrx_word' id='word_1_913' title='bbox 2540 5350 2676 5404; x_wconf 89' lang='lat' dir='ltr'><strong>mala</strong></span> <span class='ocrx_word' id='word_1_914' title='bbox 2707 5369 2721 5406; x_wconf 90' lang='lat'>:</span> <span class='ocrx_word' id='word_1_915' title='bbox 2751 5350 2838 5406; x_wconf 88' lang='lat' dir='ltr'><strong>hic</strong></span> <span class='ocrx_word' id='word_1_916' title='bbox 2866 5359 3066 5419; x_wconf 88' lang='lat' dir='ltr'><strong>autem,</strong></span> <span class='ocrx_word' id='word_1_917' title='bbox 3096 5349 3371 5407; x_wconf 78' lang='lat' dir='ltr'><strong>Faciamus</strong></span> <span class='ocrx_word' id='word_1_918' title='bbox 3400 5353 3557 5418; x_wconf 86' lang='lat' dir='ltr'><strong>mala,</strong></span> <span class='ocrx_word' id='word_1_919' title='bbox 3588 5359 3645 5403; x_wconf 82' lang='lat' dir='ltr'><strong>ut</strong></span> <span class='ocrx_word' id='word_1_920' title='bbox 3674 5364 3757 5403; x_wconf 77' lang='lat' dir='ltr'><strong>ve-</strong></span> 
     </span>
    </p>
   </div>
   <div class='ocr_carea' id='block_1_115' title="bbox 2152 5442 3751 5516">
    <p class='ocr_par' dir='ltr' id='par_1_115' title="bbox 2152 5442 3751 5516">
     <span class='ocr_line' id='line_1_115' title="bbox 2152 5442 3751 5516; baseline 0.001 -20"><span class='ocrx_word' id='word_1_921' title='bbox 2152 5443 2292 5496; x_wconf 85' lang='lat' dir='ltr'><strong>niant</strong></span> <span class='ocrx_word' id='word_1_922' title='bbox 2322 5443 2450 5496; x_wconf 85' lang='lat' dir='ltr'><strong>bona</strong></span> <span class='ocrx_word' id='word_1_923' title='bbox 2489 5442 2662 5515; x_wconf 86' lang='lat' dir='ltr'><strong>(Rom.</strong></span> <span class='ocrx_word' id='word_1_924' title='bbox 2689 5459 2781 5512; x_wconf 88' lang='grc' dir='ltr'>,</span> <span class='ocrx_word' id='word_1_925' title='bbox 2814 5444 2893 5515; x_wconf 90' lang='grc'><strong>8).</strong></span> <span class='ocrx_word' id='word_1_926' title='bbox 2926 5446 3005 5500; x_wconf 83' lang='lat' dir='ltr'><strong>Ac</strong></span> <span class='ocrx_word' id='word_1_927' title='bbox 3034 5460 3130 5516; x_wconf 90' lang='lat' dir='ltr'><strong>per</strong></span> <span class='ocrx_word' id='word_1_928' title='bbox 3157 5445 3259 5501; x_wconf 94' lang='lat' dir='ltr'><strong>hoc</strong></span> <span class='ocrx_word' id='word_1_929' title='bbox 3288 5446 3358 5501; x_wconf 90' lang='lat' dir='ltr'><strong>ibi</strong></span> <span class='ocrx_word' id='word_1_930' title='bbox 3384 5442 3751 5501; x_wconf 81' lang='lat' dir='ltr'><strong>exbaurienda</strong></span> 
     </span>
    </p>
   </div>
   <div class='ocr_carea' id='block_1_116' title="bbox 2152 5536 3751 5609">
    <p class='ocr_par' dir='ltr' id='par_1_116' title="bbox 2152 5536 3751 5609">
     <span class='ocr_line' id='line_1_116' title="bbox 2152 5536 3751 5609; baseline -0.001 -17"><span class='ocrx_word' id='word_1_931' title='bbox 2152 5544 2233 5592; x_wconf 91' lang='lat' dir='ltr'><strong>est</strong></span> <span class='ocrx_word' id='word_1_932' title='bbox 2254 5537 2455 5591; x_wconf 86' lang='lat' dir='ltr'><strong>sentina</strong></span> <span class='ocrx_word' id='word_1_933' title='bbox 2484 5538 2707 5608; x_wconf 87' lang='lat' dir='ltr'><strong>peccati,</strong></span> <span class='ocrx_word' id='word_1_934' title='bbox 2731 5537 2817 5593; x_wconf 87' lang='lat' dir='ltr'><strong>hic</strong></span> <span class='ocrx_word' id='word_1_935' title='bbox 2835 5537 3069 5594; x_wconf 88' lang='lat' dir='ltr'><strong>cavenda</strong></span> <span class='ocrx_word' id='word_1_936' title='bbox 3092 5548 3175 5596; x_wconf 88' lang='lat' dir='ltr'><strong>est</strong></span> <span class='ocrx_word' id='word_1_937' title='bbox 3194 5538 3433 5595; x_wconf 89' lang='lat' dir='ltr'><strong>doctrina</strong></span> <span class='ocrx_word' id='word_1_938' title='bbox 3467 5536 3751 5609; x_wconf 86' lang='lat' dir='ltr'><strong>peccandi.</strong></span> 
     </span>
    </p>
   </div>
   <div class='ocr_carea' id='block_1_117' title="bbox 2224 5628 3759 5703">
    <p class='ocr_par' dir='ltr' id='par_1_117' title="bbox 2224 5628 3759 5703">
     <span class='ocr_line' id='line_1_117' title="bbox 2224 5628 3759 5703; baseline -0.003 -17"><span class='ocrx_word' id='word_1_939' title='bbox 2224 5631 2311 5686; x_wconf 79' lang='grc'><strong>55.</strong></span> <span class='ocrx_word' id='word_1_940' title='bbox 2366 5629 2553 5685; x_wconf 86' lang='lat' dir='ltr'><strong>Restat</strong></span> <span class='ocrx_word' id='word_1_941' title='bbox 2607 5630 2785 5701; x_wconf 90' lang='lat' dir='ltr'><strong>itaque</strong></span> <span class='ocrx_word' id='word_1_942' title='bbox 2832 5637 2891 5685; x_wconf 89' lang='lat' dir='ltr'><strong>ut</strong></span> <span class='ocrx_word' id='word_1_943' title='bbox 2944 5631 3307 5703; x_wconf 84' lang='lat' dir='ltr'><strong>intelligamus</strong></span> <span class='ocrx_word' id='word_1_944' title='bbox 3350 5630 3454 5686; x_wconf 90' lang='lat' dir='ltr'><strong>illis</strong></span> <span class='ocrx_word' id='word_1_945' title='bbox 3505 5628 3759 5684; x_wconf 85' lang='lat' dir='ltr'><strong>mulieri-</strong></span> 
     </span>
    </p>
   </div>
   <div class='ocr_carea' id='block_1_118' title="bbox 2150 5723 3759 5797">
    <p class='ocr_par' dir='ltr' id='par_1_118' title="bbox 2150 5723 3759 5797">
     <span class='ocr_line' id='line_1_118' title="bbox 2150 5723 3759 5797; baseline -0.003 -14"><span class='ocrx_word' id='word_1_946' title='bbox 2150 5727 2279 5793; x_wconf 88' lang='lat' dir='ltr'><strong>bus,</strong></span> <span class='ocrx_word' id='word_1_947' title='bbox 2321 5728 2403 5781; x_wconf 83' lang='lat' dir='ltr'><strong>vel</strong></span> <span class='ocrx_word' id='word_1_948' title='bbox 2449 5728 2502 5780; x_wconf 92' lang='lat' dir='ltr'><strong>in</strong></span> <span class='ocrx_word' id='word_1_949' title='bbox 2542 5726 2790 5797; x_wconf 64' lang='lat' dir='ltr'><strong>Egypto,</strong></span> <span class='ocrx_word' id='word_1_950' title='bbox 2833 5727 2916 5782; x_wconf 88' lang='lat' dir='ltr'><strong>vel</strong></span> <span class='ocrx_word' id='word_1_951' title='bbox 2961 5726 3013 5783; x_wconf 91' lang='lat' dir='ltr'><strong>in</strong></span> <span class='ocrx_word' id='word_1_952' title='bbox 3058 5726 3272 5782; x_wconf 84' lang='lat' dir='ltr'><strong>Jericho</strong></span> <span class='ocrx_word' id='word_1_953' title='bbox 3299 5767 3315 5792; x_wconf 89' lang='lat'><strong>,</strong></span> <span class='ocrx_word' id='word_1_954' title='bbox 3362 5740 3460 5795; x_wconf 89' lang='lat' dir='ltr'><strong>pro</strong></span> <span class='ocrx_word' id='word_1_955' title='bbox 3503 5723 3759 5779; x_wconf 86' lang='lat' dir='ltr'><strong>humani-</strong></span> 
     </span>
    </p>
   </div>
   <div class='ocr_carea' id='block_1_119' title="bbox 2152 5817 3758 5876">
    <p class='ocr_par' dir='ltr' id='par_1_119' title="bbox 2152 5817 3758 5876">
     <span class='ocr_line' id='line_1_119' title="bbox 2152 5817 3758 5876; baseline -0.002 -2"><span class='ocrx_word' id='word_1_956' title='bbox 2152 5829 2257 5874; x_wconf 86' lang='lat' dir='ltr'><strong>tate</strong></span> <span class='ocrx_word' id='word_1_957' title='bbox 2305 5829 2358 5873; x_wconf 82' lang='lat' dir='ltr'><strong>et</strong></span> <span class='ocrx_word' id='word_1_958' title='bbox 2394 5819 2756 5875; x_wconf 89' lang='lat' dir='ltr'><strong>misericordia</strong></span> <span class='ocrx_word' id='word_1_959' title='bbox 2794 5820 3053 5876; x_wconf 90' lang='lat' dir='ltr'><strong>redditam</strong></span> <span class='ocrx_word' id='word_1_960' title='bbox 3090 5819 3253 5875; x_wconf 88' lang='lat' dir='ltr'><strong>fuisse</strong></span> <span class='ocrx_word' id='word_1_961' title='bbox 3294 5817 3595 5874; x_wconf 87' lang='lat' dir='ltr'><strong>mercedem</strong></span> <span class='ocrx_word' id='word_1_962' title='bbox 3641 5819 3758 5872; x_wconf 86' lang='lat' dir='ltr'><strong>uti-</strong></span> 
     </span>
    </p>
   </div>
   <div class='ocr_carea' id='block_1_120' title="bbox 2153 5909 3758 5986">
    <p class='ocr_par' dir='ltr' id='par_1_120' title="bbox 2153 5909 3758 5986">
     <span class='ocr_line' id='line_1_120' title="bbox 2153 5909 3758 5986; baseline -0.001 -16"><span class='ocrx_word' id='word_1_963' title='bbox 2153 5930 2258 5986; x_wconf 90' lang='lat' dir='ltr'><strong>que</strong></span> <span class='ocrx_word' id='word_1_964' title='bbox 2310 5912 2675 5983; x_wconf 77' lang='lat' dir='ltr'><strong>temporalem,</strong></span> <span class='ocrx_word' id='word_1_965' title='bbox 2711 5927 2831 5984; x_wconf 79' lang='lat' dir='ltr'><strong>qute</strong></span> <span class='ocrx_word' id='word_1_966' title='bbox 2863 5912 3076 5984; x_wconf 90' lang='lat' dir='ltr'><strong>quidem</strong></span> <span class='ocrx_word' id='word_1_967' title='bbox 3120 5921 3174 5968; x_wconf 90' lang='lat' dir='ltr'><strong>et</strong></span> <span class='ocrx_word' id='word_1_968' title='bbox 3210 5912 3325 5983; x_wconf 91' lang='lat' dir='ltr'><strong>ipsa</strong></span> <span class='ocrx_word' id='word_1_969' title='bbox 3354 5919 3613 5967; x_wconf 67' lang='lat' dir='ltr'><strong>aeternum</strong></span> <span class='ocrx_word' id='word_1_970' title='bbox 3643 5909 3758 5969; x_wconf 77' lang='lat' dir='ltr'><strong>ali-</strong></span> 
     </span>
    </p>
   </div>
  </div>
