4070 6334
38 850 45 1017 l

264 479 353 539 ut
888 423 902 435 ﬁ
948 422 973 434 id
1054 444 1057 447 ’
1685 464 1888 521 LIBER
1930 462 2123 519 nxus.
3098 432 3104 437 ’
3441 470 3547 533 ω

263 597 382 672 quid
407 596 574 655 etiam
605 594 712 654 illis
738 592 1098 653 nescientibus
1124 591 1431 666 prOpbetica
1459 588 1850 663 signiﬁcatione

264 694 529 766 ﬁguraret.
574 688 766 748 Utrum
803 700 982 747 autem
1023 690 1093 746 sit
1117 686 1398 759 aliquando
1438 686 1520 742 vel
1551 700 1647 756 pro
1675 685 1853 754 cujus-

219 826 229 875 !
264 801 415 858 quam
442 784 614 841 salute
638 783 1022 850 mentiendum,
1054 798 1174 840 cum
1198 781 1422 854 qucestio
1444 780 1512 836 sit
1535 780 1587 834 in
1618 794 1718 850 qua
1744 777 1852 834 dis-

214 872 227 903 ·⁷
262 878 512 937 solvenda
537 878 699 937 etiam
740 876 1035 934 doctissimi
1075 874 1363 948 fatigantur
1387 916 1402 942 ,
1444 872 1598 929 valde
1641 872 1852 927 illarum

262 972 696 1030 muliercularum
728 972 780 1027 in
807 970 913 1028 illis
952 970 1161 1043 populis
1203 968 1609 1025 constitutarum
1650 975 1703 1022 et
1747 964 1851 1020 illis

259 1067 498 1124 moribus
524 1074 858 1122 aSSnetaram
885 1064 1176 1122 excedebat
1206 1063 1443 1120 modum.
1490 1062 1672 1133 Itaque
1718 1060 1854 1115 hanc

262 1173 444 1215 earum
474 1157 852 1230 ignorantiam,
885 1157 1022 1213 sicut
1041 1156 1265 1212 aliarum
1291 1170 1469 1211 rerum
1498 1169 1629 1225 quas
1655 1151 1853 1225 pariter

263 1252 592 1319 nesciebant,
617 1251 714 1309 sed
739 1251 967 1308 scienda:
992 1259 1115 1307 sunt
1137 1265 1163 1304 a
1190 1249 1307 1304 ﬁliis
1333 1263 1438 1305 non
1463 1246 1621 1318 hujus
1650 1243 1846 1311 saeculi,

262 1344 353 1402 sed
380 1344 585 1411 futuri,
616 1342 710 1400 Del
756 1343 1011 1416 patientia
1057 1340 1394 1398 sustinebat:
1428 1341 1516 1412 qui
1561 1348 1736 1395 tamen
1775 1338 1853 1394 eis

260 1458 356 1516 pro
384 1441 713 1514 benignitate
738 1441 989 1507 humana,
1014 1454 1172 1511 quam
1199 1437 1409 1493 famulis
1434 1436 1555 1519 ejus.
1580 1434 1855 1507 impende-

263 1543 423 1602 rant,
463 1533 709 1607 quamvis
736 1532 955 1590 caeleste
984 1529 1182 1601 aliquid
1215 1528 1565 1601 signiﬁcantia
1589 1570 1604 1597 ,
1636 1527 1855 1599 praemia

263 1638 474 1684 terrena
508 1624 784 1681 reddebat.
816 1623 887 1679 Et
922 1623 1069 1680 Raab
1110 1622 1323 1694 quidem
1362 1638 1426 1679 ex
1468 1621 1683 1678 Jericbo
1722 1621 1855 1677 libe-

262 1729 394 1787 rata,
428 1717 483 1773 in
512 1714 611 1774 Dei
642 1716 896 1789 populum
922 1715 1201 1772 transitum
1234 1714 1358 1770 fecit
1385 1757 1400 1781 ,
1442 1712 1529 1769 ubi
1567 1712 1852 1785 proﬁciens

264 1818 442 1881 posset
482 1808 551 1864 ad
591 1818 791 1864 interna
830 1816 883 1864 et
927 1807 1245 1862 immortalia
1275 1822 1498 1863 munera
1540 1805 1848 1877 pervenire,

262 1919 376 1974 quae
405 1902 557 1957 nullo
584 1909 711 1957 sunt
738 1899 1023 1973 quaerenda
1053 1899 1351 1956 mendacio.

327 1993 559 2052 CAPUT
592 1993 736 2049 XVI.
762 2025 832 2035 —
858 1993 1005 2049 Sitne
1028 1992 1145 2047 boni
1166 1993 1383 2048 hominis
1407 1990 1683 2066 aliquando
1724 2007 1855 2046 men-

262 2085 341 2141 tiri
369 2102 463 2158 pro
494 2086 705 2140 alterius
733 2085 914 2140 salute.
944 2084 1091 2141 Tunc
1119 2097 1298 2140 tamen
1326 2084 1538 2156 quando
1564 2082 1693 2138 illud
1720 2098 1855 2153 opus

262 2180 457 2236 bonum
488 2188 543 2235 et
568 2195 666 2251 pro
695 2194 805 2234 suae
832 2179 951 2234 vita:
982 2179 1287 2235 conditione
1312 2178 1575 2234 laudabile
1603 2176 1855 2233 lsraclitis

262 2271 688 2344 exploratoribus
720 2270 995 2343 prtestitit,
1028 2269 1265 2326 nondum
1311 2279 1427 2326 erat
1468 2269 1587 2324 talis
1618 2277 1673 2323 ut
1702 2269 1767 2324 ab
1792 2284 1853 2324 ea

264 2364 582 2436 exigeretur,
630 2364 713 2419 Sit
756 2364 819 2419 in.
849 2380 935 2418 ore
985 2374 1185 2432 vestro,
1238 2363 1351 2429 Est,
1402 2373 1509 2429 est;
1562 2361 1706 2431 Non,
1754 2380 1855 2418 non

266 2455 473 2527 (Matth.
508 2471 577 2525 v,
605 2455 718 2528 57).
750 2455 1073 2513 Obstetrices
1116 2464 1294 2513 autem
1331 2457 1434 2513 illa:
1461 2457 1702 2528 quamvis
1744 2456 1853 2511 lle-

265 2550 418 2605 linea:
439 2593 453 2617 ,
487 2549 533 2605 si
565 2548 857 2606 secundum
886 2565 1101 2606 carnem
1129 2549 1499 2606 tantummodo
1524 2558 1815 2620 sapuerunt
1835 2590 1852 2617 ,

264 2642 384 2715 quid
420 2653 513 2699 aut
540 2652 797 2716 quantum
838 2652 921 2699 est
962 2643 1101 2715 quod
1132 2644 1210 2699 eis
1253 2642 1453 2715 profuit
1496 2643 1856 2699 remuneratio

266 2738 592 2808 temporalis,
621 2735 743 2809 quia
767 2736 1008 2793 fecerunt
1035 2737 1134 2792 sibi
1160 2735 1369 2803 domos,
1397 2736 1497 2790 nisi
1523 2735 1855 2807 proﬁciendo

266 2830 618 2900 pertinuerint
661 2828 728 2884 ad
768 2844 886 2886 eam
929 2829 1145 2886 domum
1174 2829 1240 2885 de
1278 2846 1381 2902 qua
1424 2829 1532 2886 Deo
1572 2839 1854 2896 cantatur,

267 2921 406 2977 Beati
436 2923 525 2993 qui
551 2922 777 2977 habitant
816 2924 870 2978 in
909 2924 1058 2978 domo
1090 2934 1212 2989 tua;
1241 2922 1295 2977 in
1332 2923 1517 2978 uacula
1555 2923 1858 2978 saeculorum

266 3016 544 3071 laudabunt
569 3026 615 3070 te
641 3014 810 3087 (Psal.
835 3032 1065 3083 LXXXIII,
1099 3016 1196 3088 5)?
1225 3015 1446 3072 Multum
1473 3024 1652 3072 autem
1680 3015 1856 3073 faten-

267 3108 389 3164 dum
416 3118 501 3166 est
521 3111 881 3182 pr0pinquare
899 3110 1145 3181 justitiaa,
1168 3119 1221 3166 et
1245 3112 1487 3182 quamvis
1508 3126 1567 3166 re
1588 3111 1701 3181 ipsa
1726 3128 1859 3167 nou-

267 3200 421 3269 dum,
448 3203 559 3273 jam
586 3211 763 3258 tamen
795 3217 890 3273 spe
919 3211 1079 3274 atque
1109 3203 1289 3258 indole
1316 3202 1555 3258 animum
1582 3218 1702 3259 esse
1740 3203 1857 3258 lau-

267 3292 519 3362 dandum,
554 3294 645 3364 qui
676 3308 943 3366 nunquam
975 3294 1076 3349 nisi
1107 3294 1208 3351 hac
1237 3295 1534 3351 intentione
1564 3296 1854 3362 mentitur,

266 3400 367 3458 qua
394 3386 508 3441 vult
551 3385 807 3457 prodesse
833 3386 991 3442 alicui
1014 3428 1030 3455 ,
1061 3402 1258 3443 nocere
1287 3396 1466 3444 autem
1497 3388 1717 3444 nemini.
1751 3388 1858 3446 Sed

267 3493 362 3534 nos
381 3493 504 3535 cum
529 3477 818 3550 quaerimus
843 3478 982 3536 sitne
1002 3478 1125 3534 boni
1147 3478 1378 3535 hominis
1406 3480 1690 3551 aliquando
1709 3496 1858 3537 men-

267 3572 385 3639 tiri,
428 3587 539 3628 non
564 3571 634 3627 de
658 3570 875 3627 homine
900 3572 1189 3642 quaerimus
1217 3571 1391 3627 adhuc
1420 3572 1487 3628 ad
1530 3571 1818 3649 A’igyptu‘m
1838 3615 1856 3641 ,

269 3664 349 3719 vel
384 3662 457 3719 ad
494 3663 746 3731 Jericho,
792 3662 877 3719 vel
914 3663 979 3719 ad
1011 3663 1356 3737 Babyloniam
1402 3664 1731 3736 pertinente,
1774 3666 1859 3721 vel

268 3757 442 3813 adhuc
470 3757 540 3812 ad
571 3758 740 3829 ipsam
768 3755 1064 3812 Jerusalem
1095 3764 1378 3822 terrenam,
1409 3773 1527 3828 quae
1549 3757 1714 3813 servit
1737 3774 1858 3814 cum

272 3850 391 3905 ﬁliis
416 3850 566 3915 suis;
605 3847 700 3905 sed
728 3847 796 3905 de
820 3850 937 3905 cive
971 3848 1113 3905 illius
1138 3849 1366 3905 civitatis
1395 3866 1511 3922 quae
1538 3866 1747 3906 sursum
1778 3860 1860 3907 est

271 3945 433 4000 libera
464 3953 640 4000 mater
670 3953 851 3999 nostra
882 3952 1085 3999 :eterna
1117 3944 1169 4000 in
1200 3944 1350 4000 caelis
1389 3943 1583 4018 (Galat.
1618 3961 1668 4000 iv
1690 3986 1704 4012 ,
1753 3944 1856 4015 25,

269 4037 386 4108 26).
419 4036 486 4091 Et
513 4036 869 4107 respondetur
893 4036 1254 4107 quaerentibus
1285 4035 1440 4091 nobis
1474 4055 1487 4091 ι
1520 4036 1680 4090 Omne
1717 4054 1858 4092 men-

270 4128 472 4183 dacium
490 4144 593 4183 non
630 4137 703 4184 est
736 4144 798 4183 ex
824 4128 1048 4186 veritate.
1077 4127 1195 4183 Filii
1224 4137 1399 4183 autem
1424 4129 1563 4185 illius
1590 4128 1819 4186 civitatis
1840 4171 1857 4198 ,

270 4222 361 4277 ﬁlii
388 4233 512 4277 sunt
547 4223 728 4294 utique
767 4222 1024 4287 veritatis.
1078 4223 1204 4294 Ejus
1249 4222 1477 4279 civitatis
1516 4223 1606 4279 ﬁlii
1637 4232 1762 4280 sunt
1794 4224 1861 4280 de

271 4316 461 4388 quibus
500 4316 760 4388 scriptum
797 4324 907 4383 est,
943 4316 1009 4371 In
1037 4332 1122 4372 ore
1150 4334 1321 4372 eorum
1347 4334 1447 4372 non
1493 4327 1566 4373 est
1608 4318 1862 4373 inventum

271 4410 592 4465 mendacium
616 4410 798 4484 (Apoc.
826 4426 921 4465 xw
943 4452 959 4479 ,
990 4411 1048 4482 5)
1077 4428 1090 4464 :
1124 4411 1240 4482 ejus
1264 4412 1493 4468 civitatis
1519 4413 1659 4470 ﬁlius
1686 4422 1769 4470 est
1794 4413 1862 4470 de

270 4517 375 4573 quo
398 4503 527 4559 item
554 4503 811 4574 scriptum
837 4512 938 4569 est,
972 4502 1189 4558 Verbum
1217 4504 1496 4577 suscipiens
1524 4507 1664 4576 filius
1692 4523 1725 4559 a
1751 4523 1864 4576 per-

271 4594 457 4649 ditione
485 4594 635 4665 longe
660 4593 817 4650 aberit
843 4610 861 4649 :
887 4595 1140 4667 excipiens
1163 4605 1334 4651 autem
1361 4599 1554 4668 excepit
1582 4599 1712 4653 illud
1736 4598 1858 4666 sibi,

272 4695 319 4739 et
349 4686 477 4741 nihil
500 4685 626 4757 [alti
649 4702 713 4742 ea:
741 4688 849 4759 ejus
878 4703 963 4743 ore
991 4688 1215 4759 procedit
1241 4688 1420 4759 (Prov.
1450 4705 1602 4758 χχιχ,
1625 4690 1742 4762 27).
1771 4690 1864 4746 llis

272 4777 393 4833 liliis
427 4793 679 4849 superna:
712 4777 1006 4835 Jerusalem
1049 4789 1103 4835 et
1150 4788 1347 4835 sanctae
1385 4780 1612 4836 civitatis
1650 4789 1864 4836 aeternae

271 4870 316 4925 si
354 4869 568 4942 quando
594 4879 652 4926 ut
688 4869 993 4926 lianinibus
1034 4870 1244 4942 obrepit
1284 4871 1667 4944 qualecumque
1710 4887 1864 4927 men-

270 4961 482 5019 dacium
506 5003 523 5031 ,
566 4972 794 5035 poscunt
828 4963 1098 5021 humiliter
1124 4965 1369 5033 veniam,
1402 4980 1507 5020 non
1551 4965 1675 5024 inde
1716 4983 1863 5039 quae-

270 5064 393 5110 runt
425 5055 646 5125 insuper
670 5054 914 5126 gloriam.

342 5145 571 5204 CAPUT
612 5146 774 5205 XVII.
802 5178 872 5188 —
897 5150 985 5205 54.
1031 5148 1329 5206 Obstetrices
1367 5149 1597 5207 llebm'te
1634 5162 1678 5207 et
1720 5152 1864 5207 Raab

267 5258 391 5294 num
419 5242 655 5314 fecissent
683 5242 882 5310 melius,
906 5242 1122 5297 nolendo
1149 5244 1369 5298 mentiri.
1406 5244 1602 5316 Regula
1628 5246 1695 5300 ad
1714 5264 1865 5316 quam

267 5334 549 5405 redigenda
574 5349 688 5404 qua:
715 5349 777 5387 ex
803 5333 1083 5405 Scripturis
1112 5339 1442 5406 proferuntur
1468 5336 1597 5390 velut
1637 5339 1867 5407 exempla

268 5426 569 5481 mentiendi.
596 5424 703 5482 Sed
733 5424 872 5482 dicet
896 5426 1089 5498 aliquis
1119 5444 1132 5481 :
1164 5426 1379 5498 Ergone
1416 5427 1732 5485 obstetrices
1762 5430 1866 5486 illa:

263 5528 427 5589 atque
461 5514 612 5573 Raab
636 5516 825 5573 melius
848 5517 1118 5586 fecissent,
1147 5519 1193 5574 si
1223 5520 1420 5576 nullam
1443 5522 1864 5579 misericordiam

264 5609 687 5680 praestitissent,
735 5609 967 5666 nolendo
997 5612 1252 5668 mentiri?
1297 5612 1410 5670 lmo
1439 5629 1571 5671 vero
1600 5615 1705 5671 illic
1750 5633 1867 5672 mu-

266 5701 432 5757 lieres
466 5701 731 5768 Hebraere,
764 5701 810 5758 si
834 5712 1015 5760 essent
1041 5704 1176 5762 tales
1205 5705 1272 5763 de
1304 5707 1550 5778 qualibus
1574 5709 1865 5779 qumrimus

264 5803 452 5849 utrum
479 5794 550 5850 sit
577 5793 657 5850 eis
677 5795 963 5867 aliquando
989 5799 1374 5867 mentiendum,
1406 5816 1505 5857 nec
1525 5802 1721 5873 aliquid
1746 5804 1864 5859 falsi

263 5885 536 5951 dicerent,
566 5895 620 5942 et
646 5886 786 5943 foeda
812 5890 1104 5947 ministeria
1128 5892 1195 5949 de
1218 5893 1449 5963 parvulis
1471 5894 1774 5950 occidendis
1804 5897 1865 5950 li-

264 5982 507 6037 berrime
537 5992 866 6039 recusarent.
903 5982 1027 6051 Sed,
1073 5984 1280 6055 inquies
1303 6027 1318 6053 ,
1352 5984 1480 6058 ipsa:
1506 5997 1858 6046 morerentur.

1959 585 2028 641 At
2054 583 2173 641 vide
2202 584 2325 655 quid
2351 592 2622 657 sequatur.
2654 584 2986 643 Morerentur
3014 587 3155 643 enim
3184 589 3416 650 caelestis
3443 593 3542 651 hac

1957 678 2226 735 bitationis
2256 679 2739 750 incomparabiliter
2764 681 3020 752 ampliore
3060 684 3336 754 mercede,
3369 703 3530 758 quam

1957 772 2145 828 domus
2167 772 2268 830 illa:
2290 788 2420 845 quas
2441 773 2538 829 sibi
2560 773 2798 829 fecerunt
2822 775 2875 830 in
2902 784 3043 831 terra
3065 790 3182 833 esse
3210 789 3494 848 potuerunt
3524 797 3538 836 :

1956 879 2293 926 morerentur
2325 869 2513 925 fulurte
2540 871 2591 925 in
2622 880 2820 927 teterna
2850 871 3101 928 felicitate
3122 915 3135 939 ,
3163 882 3387 928 mortem
3419 891 3532 944 per-

1957 977 2129 1033 pessae
2156 978 2252 1033 pro
2281 963 2712 1019 innocentissima
2742 966 2984 1020 veritate.
3034 964 3169 1033 Quid
3201 965 3287 1020 illa
3316 966 3369 1020 in
3399 965 3546 1022 Jcri-

1957 1052 2102 1110 eho?
2131 1055 2384 1127 numquid
2410 1054 2511 1112 hoc
2537 1057 2754 1126 posset?
2778 1056 2967 1114 Nonne
2993 1056 3038 1112 si
3064 1067 3365 1130 quaerentes
3397 1059 3542 1115 cives

1958 1148 2262 1205 mentiendo
2289 1165 2394 1205 non
2423 1148 2667 1220 falleret,
2714 1165 2899 1207 verum
2931 1150 3156 1207 dicendo
3184 1151 3414 1209 latentes
3441 1150 3542 1207 bo-

1958 1242 2121 1315 Spites
2142 1242 2426 1314 proderet?
2447 1244 2526 1298 An
2553 1254 2730 1315 posset
2752 1245 3197 1317 interrogantibus
3220 1244 3303 1320 (a)
3330 1245 3509 1302 dicere
3530 1262 3543 1300 :

1957 1335 2079 1392 Scio
2111 1336 2197 1393 ubi
2228 1346 2379 1404 sunt;
2413 1337 2505 1392 sed
2526 1338 2692 1393 Deum
2723 1338 2903 1405 timeo,
2929 1353 3033 1393 non
3059 1354 3153 1395 eos
3174 1338 3382 1411 prodo?
3409 1337 3545 1393 Pos-

1959 1439 2041 1485 set
2068 1430 2167 1485 boe
2196 1429 2406 1500 quidem
2436 1429 2614 1485 dicere
2633 1473 2647 1498 ,
2681 1431 2723 1485 si
2747 1431 2856 1501 jam
2885 1440 3023 1486 esset
3056 1447 3177 1485 vera
3206 1428 3459 1487 lsraelitis
3491 1430 3546 1486 in

1959 1538 2061 1594 qua
2087 1523 2237 1578 dolus
2263 1520 2369 1579 non
2401 1534 2542 1579 esset
2585 1523 2761 1599 (Joan.
2794 1540 2848 1591 ι,
2886 1524 2976 1598 47)
3012 1544 3023 1579 :
3058 1524 3197 1598 quod
3226 1525 3399 1580 futura
3429 1532 3547 1582 erat

1960 1633 2057 1688 per
2098 1616 2516 1673 miscricordiam
2562 1616 2656 1672 Dei
2703 1618 2966 1673 transiens
3006 1617 3073 1673 ad
3116 1618 3382 1674 civitatem
3427 1616 3543 1673 Dei.

1959 1708 2158 1768 Verum
2190 1711 2262 1766 illi
2294 1711 2394 1768 hoc
2413 1711 2615 1778 audito,
2642 1712 2869 1783 inquies,
2904 1712 3047 1767 illam
3075 1712 3420 1784 perimerent,
3443 1711 3545 1766 do-

1960 1820 2107 1860 mum
2134 1813 2514 1860 scrutarentur.
2557 1803 2663 1860 Sed
2691 1803 2943 1875 numquid
2974 1819 3309 1875 consequens
3338 1812 3455 1860 erat
3490 1811 3550 1860 ut

1961 1897 2078 1952 illos
2106 1898 2263 1953 etiam
2303 1912 2435 1967 quos
2480 1896 2760 1967 diligenter
2798 1897 3157 1952 occultaverat
3198 1896 3549 1952 invenirent?

1960 1993 2313 2064 Prospexerat
2338 1994 2478 2049 enim
2507 1994 2813 2050 cautissima
2848 1994 3076 2063 mulier,
3117 2003 3171 2049 et
3214 1993 3284 2049 ibi
3322 2008 3415 2049 eos
3443 2008 3545 2066 po-

1960 2095 2138 2142 suerat
2168 2085 2254 2141 ubi
2286 2085 2450 2141 latere
2477 2087 2793 2157 potuissent,
2817 2086 3024 2142 etiamsi
3050 2086 3097 2141 ei
3128 2085 3402 2142 mentienti
3427 2102 3546 2142 cre-

1960 2177 2127 2233 ditum
2156 2193 2259 2233 non
2288 2177 2494 2233 fuisset.
2528 2177 2600 2233 lta
2631 2187 2685 2234 et
2712 2179 2798 2234 illa
2825 2221 2840 2247 ,
2868 2179 2913 2233 si
2943 2188 3117 2234 tamen
3148 2194 3176 2232 a
3206 2179 3315 2233 suis
3340 2177 3548 2234 civibus

1960 2279 2102 2325 esset
2131 2270 2305 2326 occisa
2338 2286 2431 2339 pro
2456 2270 2834 2325 miscricordim
2864 2285 3025 2341 Opere
3049 2312 3062 2336 ,
3096 2271 3257 2325 vitam
3304 2270 3459 2325 istam
3486 2269 3549 2325 fi-

1961 2362 2208 2419 niendam
2242 2363 2258 2395 ¹
2287 2362 2522 2434 pretiosa
2552 2364 2604 2419 in
2634 2372 2921 2433 conspectu
2954 2363 3165 2418 Domini
3196 2371 3367 2418 morte
3399 2362 3530 2417 ﬁnis-

1961 2465 2043 2513 set
2064 2456 2236 2527 (Psal.
2264 2471 2381 2523 cxv,
2411 2456 2523 2527 15),
2548 2464 2603 2512 et
2623 2471 2745 2527 erga
2771 2456 2890 2511 illos
2911 2457 3027 2526 ejus
3048 2456 3367 2513 beneﬁcium
3391 2456 3550 2515 int.ne

1961 2565 2067 2604 non
2094 2548 2298 2605 fuisset.
2328 2549 2430 2605 Sed
2450 2592 2463 2615 ,
2498 2550 2725 2620 inquies,
2756 2549 2905 2621 quid,
2935 2551 2979 2606 si
3012 2559 3065 2606 et
3092 2550 3158 2605 ad
3188 2550 3338 2607 illum
3370 2551 3547 2606 locum

1962 2643 2053 2699 ubi
2084 2660 2173 2699 eos
2200 2643 2585 2709 occultaverat,
2617 2645 2651 2699 ii
2689 2659 2718 2698 a
2748 2646 2939 2715 quibus
2969 2644 3378 2717 quaerebantur,
3420 2661 3550 2717 per-

1961 2736 2247 2792 serutando
2268 2737 2444 2792 omnia
2470 2738 2869 2808 pervenissent?
2898 2739 3003 2795 lsto
3026 2738 3186 2795 modo
3206 2739 3310 2796 dici
3333 2748 3510 2811 potest
3532 2757 3548 2795 :

1962 2830 2121 2900 Quid,
2153 2831 2196 2886 si
2223 2832 2431 2888 mulieri
2462 2832 2733 2889 vilissima:
2763 2841 2921 2903 atque
2953 2835 3296 2906 turpissimte,
3327 2850 3432 2893 non
3464 2852 3555 2892 so-

1962 2924 2074 2980 lum
2096 2925 2393 2991 mentienti,
2418 2941 2603 2981 verum
2630 2926 2789 2981 etiam
2822 2926 3084 2997 pcjeranti
3105 2927 3325 2985 credere
3355 2929 3557 2986 noluis-

1962 3016 2123 3071 sent?
2153 3016 2354 3087 Nempe
2382 3017 2539 3072 etiam
2576 3019 2655 3074 sic
2682 3028 3035 3074 consecutura
3065 3019 3277 3077 fuerant.
3311 3038 3429 3093 qua}
3472 3023 3542 3078 ti—

1962 3109 2161 3164 mendo
2200 3111 2419 3166 mentita
2464 3118 2563 3165 est.
2607 3111 2674 3166 Et
2711 3112 2796 3166 ubi
2838 3112 3085 3184 ponimus
3118 3114 3448 3171 voluntatem
3490 3130 3556 3173 ac

1964 3208 2284 3270 potestatem
2324 3200 2457 3254 Dei?
2486 3202 2565 3254 An
2601 3200 2736 3256 forte
2766 3218 2871 3257 non
2899 3209 3144 3272 poterat,
3185 3213 3241 3261 et
3266 3205 3414 3260 illam
3454 3220 3557 3262 nec

1963 3292 2167 3348 civibus
2188 3294 2298 3349 suis
2325 3294 2671 3349 mentientem
2694 3309 2793 3349 nec
2818 3293 3060 3351 homines
3090 3297 3181 3352 Dei
3214 3297 3555 3369 prodentem,

1964 3396 2018 3441 et
2042 3386 2163 3441 illos
2192 3401 2320 3441 suos
2348 3388 2415 3443 ab
2441 3387 2585 3442 omni
2609 3388 2845 3449 pernicie
2873 3388 3184 3445 custodire?
3211 3391 3251 3445 Α
3276 3406 3383 3461 quo
3410 3392 3557 3448 enim

1964 3484 2017 3532 et
2043 3485 2165 3548 post
2190 3477 2427 3533 mulieris
2458 3476 2792 3533 mendacium
2820 3478 3069 3535 custoditi
3097 3491 3242 3548 sunt,
3270 3482 3339 3536 ab
3363 3497 3430 3539 eo
3460 3499 3557 3554 po-

1966 3576 2201 3634 tuerunt,
2237 3569 2337 3624 etsi
2370 3568 2457 3623 illa
2486 3569 2706 3624 mentita
2732 3584 2837 3624 non
2871 3580 3035 3638 esset,
3064 3572 3245 3642 utique
3272 3573 3552 3629 custodiri.

1965 3660 2074 3715 Nisi
2104 3661 2238 3716 forte
2268 3660 2419 3716 obliti
2448 3678 2633 3717 sumus
2660 3661 2760 3717 hoc
2789 3662 2951 3719 fuisse
2978 3664 3028 3719 in
3058 3665 3303 3722 Sodomis
3333 3667 3552 3736 factum,

1965 3752 2053 3808 ubi
2086 3752 2307 3808 masculi
2332 3753 2384 3807 in
2411 3753 2676 3809 masculos
2699 3753 2925 3810 nefanda
2953 3756 3170 3812 libidine
3197 3759 3430 3824 accensi,
3455 3774 3556 3816 nec

1965 3848 2160 3903 ostium
2187 3847 2378 3903 domus
2403 3848 2455 3902 in
2483 3863 2585 3918 qua
2616 3857 2771 3904 erant
2795 3864 2929 3919 quos
2959 3851 3287 3921 quaerebant,
3318 3852 3559 3909 invenire

1967 3950 2253 4012 potuerunt
2277 3959 2290 4005 ;
2321 3942 2531 4012 quando
2559 3942 2639 3996 vir
2662 3942 2840 4013 justus
2871 3944 2921 3998 in
2953 3958 3112 4000 causa
3140 3946 3358 4000 omnino
3384 3947 3555 4001 simil-

1966 4033 2090 4088 lima
2113 4050 2212 4105 pro
2231 4034 2340 4089 suis
2367 4033 2663 4104 hospitibus
2692 4036 2905 4090 mentiri
2935 4037 3125 4106 noluit,
3154 4052 3290 4109 quos
3315 4053 3437 4093 esse
3461 4054 3556 4092 an-

1965 4129 2115 4197 gelos
2141 4126 2433 4191 nesciebat,
2466 4136 2520 4181 et
2549 4126 2652 4181 vim
2679 4136 2851 4182 morte
2882 4128 3121 4199 pejorctn
3152 4146 3220 4186 ne
3248 4138 3559 4200 paterentur

1969 4218 2208 4273 timebat.
2239 4219 2308 4274 Et
2331 4227 2477 4274 certe
2504 4228 2711 4288 poterat
2737 4220 2863 4275 talia
2904 4221 3234 4291 respondere
3274 4224 3561 4293 quaerenti-

1966 4313 2100 4380 bus,
2153 4313 2326 4384 qualia
2375 4311 2427 4367 in
2460 4311 2678 4368 Jericlio
2723 4313 2916 4369 mulier
2959 4314 3045 4368 illa
3090 4315 3384 4385 respondit.
3426 4315 3560 4373 Nam

1966 4421 2189 4478 prorsus
2216 4406 2459 4461 similiter
2480 4415 2535 4462 et
2563 4406 2637 4461 illi
2667 4406 3045 4477 interrogando
3072 4408 3420 4479 quaesierunt.
3448 4406 3560 4465 Sed

1968 4499 2131 4555 homo
2151 4499 2326 4569 justus
2355 4499 2525 4555 noluit
2558 4513 2657 4569 pro
2680 4499 2995 4569 corporibus
3020 4499 3287 4572 hospitum
3325 4501 3560 4558 animam

1968 4607 2119 4649 suam
2146 4607 2245 4648 suo
2279 4591 2558 4649 mendacio
2582 4591 2859 4658 maculari,
2892 4607 2991 4664 pro
3017 4592 3213 4663 quibus
3236 4593 3403 4650 voluit
3436 4608 3562 4649 cor-

1970 4703 2101 4758 pora
2126 4687 2357 4743 ﬁliarum
2395 4686 2586 4742 aliena:
2624 4685 2858 4741 libidinis
2898 4686 3178 4758 iniquitate
3218 4688 3323 4744 vim
3352 4687 3561 4758 perpeti

1972 4780 2127 4852 (Gen.
2157 4797 2251 4837 xxx
2275 4822 2291 4847 ,
2320 4778 2495 4852 5-H).
2527 4777 2707 4834 Faciat
2747 4793 2875 4850 ergo
2902 4779 3065 4835 homo
3107 4779 3267 4835 etiam
3301 4793 3398 4850 pro
3430 4787 3563 4833 tem-

1969 4873 2139 4944 porali
2178 4873 2454 4928 hominum
2496 4872 2668 4928 salute
2703 4870 2845 4943 quod
2876 4881 3094 4943 potest:
3124 4887 3246 4928 eum
3276 4879 3453 4926 autem
3494 4869 3563 4925 ad

1972 4966 2116 5022 hunc
2142 4966 2421 5022 articulum
2442 4974 2661 5021 ventum
2685 4963 2867 5033 fuerit,
2896 4975 2956 5021 ut
2982 4965 3067 5021 tali
3100 4964 3256 5019 saluti
3280 4960 3565 5018 consulere

1971 5061 2074 5116 nisi
2104 5058 2375 5131 peccando
2404 5074 2509 5114 non
2539 5059 2738 5130 possit,
2781 5057 2890 5128 jam
2930 5072 2989 5113 se
3018 5056 3289 5113 existimet
3318 5067 3425 5107 non
3462 5049 3564 5107 liav

1972 5151 2098 5207 bere
2128 5150 2253 5223 quid
2278 5149 2458 5215 faciat,
2487 5148 2699 5220 quando
2722 5148 2772 5202 id
2800 5148 3061 5219 reliquum
3084 5160 3205 5202 esse
3230 5143 3567 5215 perspexerit

1972 5241 2111 5313 quod
2143 5257 2247 5296 non
2276 5248 2419 5295 recte
2450 5239 2627 5294 faciat.
2659 5238 2890 5294 Proinde
2920 5236 3070 5293 Raab
3098 5237 3151 5290 in
3180 5232 3417 5301 Jericbo,
3439 5235 3567 5306 quia

1971 5334 2284 5407 peregrinos
2330 5332 2574 5387 homines
2621 5330 2715 5385 Dei
2753 5328 2987 5399 suscepit
3028 5325 3302 5398 hospitio,
3343 5328 3467 5398 quia
3507 5327 3567 5384 in

1972 5442 2157 5483 eorum
2179 5425 2520 5495 susceptione
2541 5420 2835 5494 periclitata
2852 5429 2954 5487 est,
2970 5418 3093 5490 quia
3112 5419 3165 5474 in
3186 5433 3373 5475 eorum
3393 5418 3567 5475 Deum

1972 5520 2217 5587 credidit,
2242 5518 2362 5590 quia
2381 5517 2661 5586 diligenter
2680 5528 2774 5569 eos
2797 5511 2888 5567 ubi
2910 5513 3081 5583 potuit
3100 5512 3414 5581 occultavit,
3439 5511 3564 5584 quia

1974 5630 2069 5685 per
2087 5616 2243 5670 aliam
2260 5616 2398 5668 viam
2421 5608 2690 5668 remeandi
2703 5608 2985 5664 consilium
3008 5607 3375 5665 ﬁdelissimum
3389 5606 3559 5672 dedit,
3630 5632 3651 5689 ἑ

1972 5710 2131 5767 etiam
2164 5723 2408 5780 supernae
2434 5704 2734 5762 Jerusalem
2761 5703 2965 5760 civibus
3004 5702 3261 5760 imitanda
3290 5701 3557 5759 laudetur.
3632 5720 3637 5727 λ

2039 5937 2052 5968 ι
2094 5933 2277 5995 Aliquot
2298 5940 2423 5998 Mss,
2450 5934 2650 5998 (eaeam.
3005 5991 3014 5998 _
3283 5987 3311 5998 _,

2039 5999 2110 6059 (a)
2136 5986 2271 6047 rorte
2296 5986 2578 6060 legendum,
2603 6008 2666 6046 an
2696 6007 2789 6047 non
2812 5999 2966 6059 posset
2997 5986 3416 6054 interrogantibus.
