4070 6334
534 311 599 318 μδ..

475 425 583 486 545

472 541 625 615 Quod
650 548 827 596 autem
856 536 1078 595 mentita
1109 544 1213 607 est,
1242 534 1453 593 etiamsi
1480 533 1679 606 aliquid
1719 532 1791 589 ibi
1823 530 2058 603 prophe-

474 638 637 692 ticum
664 633 1025 704 intelligenter
1050 630 1337 704 exponitur
1360 670 1375 697 ,
1407 644 1514 684 non
1540 636 1718 684 tamen
1744 624 2061 681 imitandum

473 728 744 797 sapienter
786 724 1098 797 proponitur
1132 741 1146 779 :
1175 722 1419 795 quamvis
1448 722 1589 777 Deus
1629 721 1719 776 illa
1758 720 1896 777 bona
1940 732 2058 774 mc-

472 818 806 874 morabilitcr
831 816 1173 874 honoraverit
1195 856 1211 883 ,
1241 814 1343 871 hoc
1370 813 1571 870 malum
1595 812 1883 872 clementer
1903 810 2060 884 igno-

473 912 632 967 verit.

545 1004 636 1060 55.
663 1002 792 1071 Quae
831 1015 954 1058 cum
984 1001 1057 1057 ita
1085 1000 1214 1068 sint,
1256 1001 1507 1071 quoniam
1533 999 1694 1057 nimis
1719 999 1934 1070 longum
1976 1007 2061 1054 est

470 1096 650 1154 omnia
680 1103 1025 1166 pertractare,
1049 1108 1167 1164 quae
1192 1093 1246 1147 in
1272 1093 1360 1148 illa
1389 1092 1546 1148 Libra
1577 1090 1790 1146 Dictinii
1817 1098 1943 1144 sunt
1966 1104 2061 1159 po-

470 1190 572 1245 sita
595 1187 740 1243 velut
784 1185 1036 1241 imitanda
1066 1184 1309 1256 exempla
1337 1182 1627 1239 mentiendi
1658 1200 1671 1237 :
1720 1182 1789 1237 ad
1817 1182 1953 1237 hanc
1974 1197 2058 1237 rc-

472 1282 648 1361 gulam
680 1278 809 1336 mihi
835 1279 1083 1336 videntur
1120 1294 1227 1334 non
1249 1278 1423 1334 solum
1444 1275 1567 1343 ista,
1598 1291 1784 1332 verum
1825 1274 1985 1330 etiam
2012 1273 2058 1330 si

473 1390 579 1447 qua
609 1381 735 1428 sunt
764 1371 888 1427 talia
913 1370 1221 1443 redigenda,
1250 1379 1309 1425 nt
1344 1378 1435 1425 aut
1459 1368 1603 1439 quod
1633 1383 1752 1425 esse
1796 1367 2054 1434 creditur,

472 1464 787 1523 ostendatur
812 1479 920 1519 non
937 1478 1053 1520 esse
1075 1462 1446 1528 mendacium;
1475 1461 1588 1517 sive
1619 1460 1708 1516 ubi
1732 1471 1933 1516 tacetur
1964 1475 2057 1515 ve-

472 1573 611 1625 rum,
642 1570 740 1611 nec
783 1554 977 1611 dicitur
1022 1554 1209 1610 falsum
1241 1571 1256 1621 ;
1283 1553 1396 1608 sive
1426 1552 1516 1609 ubi
1551 1551 1866 1624 signiﬁcatio
1892 1566 2056 1607 verax

470 1647 616 1705 aliud
636 1664 702 1705 ex
728 1648 832 1703 alio
858 1648 971 1702 vult
991 1646 1230 1717 intelligi,
1250 1644 1390 1717 quod
1410 1657 1577 1715 genus
1606 1644 1949 1714 ﬁguratorum
1974 1642 2056 1697 vel

470 1740 734 1797 dictorum
759 1738 841 1794 vel
872 1737 1131 1794 factorum
1180 1736 1414 1793 abundat
1454 1737 1506 1791 in
1538 1735 1859 1807 propheticis
1890 1733 2056 1789 Litte-

475 1833 551 1889 ris
581 1851 591 1886 :
622 1841 850 1902 antqua:
875 1831 1261 1885 convincuntur
1281 1843 1401 1884 esse
1451 1826 1749 1891 mendacia,
1798 1842 1903 1881 non
1938 1840 2057 1881 esse

472 1923 729 1980 imitanda
758 1929 1143 1990 monstrentnr,
1171 1930 1226 1976 et
1254 1922 1296 1975 si
1323 1934 1425 1991 qua
1455 1920 1610 1975 nobis
1628 1928 1685 1974 ut
1709 1919 1811 1974 alia
1841 1927 2057 1990 peccata

475 2013 861 2085 subrepserint,
894 2027 1001 2068 non
1022 2013 1101 2067 eis
1136 2010 1469 2067 tribuendam
1492 2011 1779 2081 justitiam,
1818 2010 1914 2066 sed
1963 2023 2058 2066 ve-

470 2106 611 2161 niam
639 2104 1030 2175 postnlandam.
1080 2103 1194 2158 lloc
1231 2103 1448 2173 quidem
1476 2102 1608 2157 mihi
1644 2101 1851 2158 videtur
1873 2120 1889 2168 ;
1913 2110 1967 2156 ct
1989 2100 2057 2156 ad

467 2176 625 2256 istam
641 2198 961 2253 sententiam
982 2210 1067 2252 me
1084 2196 1329 2266 superius
1358 2195 1625 2265 disputata
1643 2195 1989 2265 compellunt.

539 2290 764 2348 CAPUT
804 2289 990 2344 XVIII.
1023 2289 1200 2345 —56.
1230 2290 1310 2343 An
1336 2289 1673 2344 mentiendum
1716 2298 1770 2343 ut
1798 2304 1934 2361 wgro
1978 2305 2058 2343 ce-

469 2384 620 2452 letur,
644 2383 777 2452 quod
800 2384 847 2436 ei
867 2390 1075 2437 mortem
1101 2378 1324 2448 alferret.
1354 2379 1477 2435 Non
1504 2382 1778 2437 timendum
1802 2399 1863 2437 ne
1890 2381 2028 2437 hami
2036 2410 2056 2425 ο

468 2477 586 2531 cidu
633 2475 831 2528 dicatur
857 2474 1058 2528 veritas.
1110 2470 1369 2528 Permissa
1399 2472 1659 2528 mendacio
1705 2473 1759 2527 in
1790 2473 2046 2544 preposito

467 2584 611 2637 casu,
638 2583 792 2636 quam
832 2565 1031 2637 difﬁcile
1055 2564 1330 2619 mendaciis
1365 2565 1491 2635 fines
1517 2566 1742 2637 ﬁguntur
1780 2581 1843 2619 ne
1862 2579 2058 2619 succre-

467 2669 612 2717 scant
652 2674 807 2730 usque
847 2658 915 2712 ad
940 2658 1165 2729 periuria
1198 2667 1246 2712 et
1293 2658 1650 2729 blasphemias.
1680 2658 1838 2712 Acute
1881 2666 2058 2712 contra

468 2752 720 2807 mendacii
748 2751 999 2807 doctores.
1037 2750 1233 2807 Verum
1286 2751 1409 2819 quia
1456 2751 1702 2806 homines
1753 2764 1958 2818 sumus,
2003 2760 2059 2808 et

468 2845 613 2903 inter
653 2845 896 2901 homines
930 2844 1179 2912 vivimus,
1211 2844 1485 2916 fateorque
1535 2859 1622 2900 me
1668 2843 1904 2899 nondum
1934 2858 2057 2900 esse

470 2940 526 2997 in
550 2954 737 2995 eorum
754 2953 977 2994 numero
996 2952 1131 3008 quos
1146 2936 1545 3006 compensativa
1562 2946 1777 3007 peccata
1796 2951 1908 2992 non
1938 2944 2055 2991 tur-

468 3030 600 3086 bant
625 3046 641 3098 ;
673 3045 817 3100 saepe
841 3044 929 3085 me
950 3029 1003 3084 in
1029 3029 1189 3085 rebus
1210 3027 1455 3083 humanis
1471 3027 1633 3083 vincit
1656 3043 1846 3083 sensus
1869 3028 2051 3083 huma-

469 3138 596 3192 nus,
624 3138 725 3178 nec
753 3121 1005 3179 resistere
1027 3121 1182 3178 valeo
1206 3137 1329 3177 cum
1349 3121 1480 3176 mihi
1506 3121 1699 3177 dicitur
1724 3140 1737 3178 :
1764 3122 1903 3179 Ecce
1926 3138 2054 3197 gra-

469 3217 523 3273 vi
548 3217 736 3272 morbo
780 3216 1111 3286 periclitatur
1144 3223 1396 3286 :egrotns,
1425 3214 1578 3286 cujus
1606 3215 1718 3285 jam
1745 3216 2050 3274 vircsierrc

471 3323 581 3365 non
607 3308 831 3379 possint,
849 3308 895 3363 si
920 3308 969 3364 ei
996 3315 1238 3362 mortuus
1257 3308 1450 3363 unicus
1471 3316 1527 3363 et
1549 3308 1893 3365 charissimus
1920 3310 2060 3366 tilius

472 3402 779 3469 nuntietur;
810 3417 842 3457 a
881 3410 935 3457 te
959 3401 1150 3473 quaerit
1188 3417 1257 3456 an
1286 3401 1450 3469 vivat,
1482 3416 1641 3471 quem
1688 3402 1847 3456 vitam
1874 3401 2060 3457 ﬁnisse

471 3503 530 3552 tu
560 3494 737 3562 nosti;
765 3494 890 3566 quid
938 3493 1309 3565 respondebis,
1354 3495 1565 3565 quando
1618 3494 1874 3566 quidquid
1918 3494 2060 3550 aliud

471 3587 674 3644 dixeris
708 3598 904 3660 pratter
949 3605 1110 3643 unum
1158 3587 1226 3642 de
1257 3586 1462 3653 tribus;
1493 3596 1604 3653 aut,
1652 3588 1890 3642 Mortuus
1942 3596 2057 3653 est;

475 3690 586 3746 aut,
616 3682 781 3747 vivit;
808 3689 919 3747 aut,
979 3680 1198 3745 nescio;
1229 3680 1361 3734 nihil
1405 3679 1545 3733 aliud
1572 3679 1743 3733 credit
1786 3680 1875 3734 ille
1903 3695 2061 3749 quam

474 3769 947 3841 mortuum;quod
991 3779 1043 3826 te
1079 3770 1323 3838 intelligit
1357 3770 1545 3824 timere
1592 3769 1796 3836 dicere,
1821 3780 1873 3825 et
1919 3771 2061 3825 nolle

475 3863 1103 3922 mctttirii'l‘antumdem
1131 3862 1290 3929 valet,
1342 3861 1547 3915 etiamsi
1587 3861 1732 3915 omni
1782 3861 1942 3917 modo
1974 3871 2056 3916 ta-

472 3956 668 4013 cueris.
702 3956 780 4011 Ex
802 3955 905 4011 illis
932 3964 1107 4011 autem
1140 3954 1309 4010 tribus
1332 3953 1436 4009 duo
1463 3953 1595 4009 falsa
1608 3963 1749 4021 sunt,
1779 3954 1955 4020 Vivit;
1986 3966 2058 4024 et,

473 4050 690 4115 nescio;
719 4064 820 4103 nec
844 4049 939 4103 abs
959 4056 1013 4103 te
1042 4047 1147 4102 dici
1191 4056 1415 4117 possunt
1444 4047 1545 4102 nisi
1571 4047 1900 4103 mentiendo.
1928 4048 2061 4104 Illud

473 4150 651 4195 autem
679 4156 842 4194 unum
870 4155 1076 4206 verum,
1096 4138 1148 4193 id
1178 4148 1281 4207 est,
1300 4148 1571 4193 mortuum
1595 4153 1739 4206 esse,
1761 4140 1805 4195 si
1836 4139 2051 4211 dixeris,

474 4239 531 4288 et
553 4230 848 4301 perturbati
886 4230 1115 4286 hominis
1161 4245 1306 4286 mors
1333 4229 1493 4284 fuerit
1543 4231 1851 4299 subsecuta,
1879 4233 1975 4289 abs
2005 4244 2057 4292 te

472 4323 684 4381 occisus
712 4336 832 4378 esse
875 4322 1208 4380 clamabitur.
1238 4322 1302 4377 Et
1331 4321 1451 4391 quis
1467 4320 1600 4376 ferat
1627 4322 1872 4378 homines
1894 4340 2057 4397 exag-

473 4424 721 4487 gerantes
738 4423 994 4485 quantum
1014 4414 1084 4469 sit
1101 4413 1224 4468 mali
1253 4411 1467 4468 salubre
1492 4411 1827 4468 mendacium
1854 4413 2058 4470 devita-

472 4508 540 4575 ri,
569 4516 622 4563 ct
647 4505 967 4561 homicidam
1005 4506 1151 4577 diligi
1186 4506 1464 4561 veritatem
1490 4506 1514 4558 ?
1541 4504 1759 4561 Moveor
1785 4504 1867 4560 his
1895 4522 2060 4578 oppoo

472 4599 591 4656 sitis
617 4599 985 4666 vehementer,
1015 4598 1111 4653 sed
1127 4598 1320 4653 mirum
1352 4598 1396 4651 si
1427 4598 1586 4653 etiam
1607 4598 1894 4669 sapienter.
1919 4600 2055 4657 Cum

470 4692 616 4749 enim
659 4705 989 4762 proposuero
1032 4702 1156 4745 ante
1184 4691 1599 4761 qualescumque
1646 4692 1831 4749 oculos
1880 4694 2059 4751 cordis

472 4783 578 4841 mei
604 4782 988 4855 intelligibilem
1017 4782 1158 4838 illius
1187 4783 1653 4852 pulchritudinem,
1681 4786 1749 4842 de
1773 4786 1923 4857 cujus
1951 4804 2047 4845 ore

469 4875 591 4932 falsi
616 4875 748 4932 nihil
794 4874 1035 4946 procedit
1061 4891 1076 4941 ;
1107 4876 1346 4945 quamvis
1372 4875 1462 4931 ubi
1487 4876 1699 4933 radians
1729 4879 1897 4949 magis
1937 4895 2054 4935 ma-

470 4968 657 5042 gisque
684 4967 933 5024 clarescit
984 4967 1203 5035 veritas,
1254 4967 1324 5022 ibi
1379 4968 1640 5037 palpitans
1701 4986 1819 5025 mea
1869 4986 2057 5028 rever-

470 5060 688 5117 beratur
729 5058 1053 5116 inﬁrmitas:
1083 5067 1259 5115 tamen
1313 5059 1391 5114 sic
1443 5074 1626 5115 amore
1669 5063 1798 5117 tanti
1850 5063 2059 5121 decoris

473 5153 759 5221 accendor,
780 5162 839 5208 ut
853 5162 1042 5209 cuncta
1054 5166 1173 5223 qua:
1189 5151 1313 5208 inde
1322 5168 1410 5208 me
1421 5164 1671 5210 revocant
1684 5154 1912 5213 humana
1932 5174 2056 5215 con-

470 5251 726 5299 temnatn.
749 5244 856 5301 Sed
877 5246 1099 5300 multum
1127 5253 1210 5300 est
1234 5254 1290 5300 ut
1336 5244 1437 5301 iste
1461 5246 1516 5300 in
1560 5255 1766 5301 tantum
1795 5263 2054 5318 persevc-

472 5346 558 5392 ret
582 5335 821 5405 allectus,
850 5352 919 5393 ne
967 5337 1019 5391 in
1049 5336 1343 5393 tentatione
1369 5336 1511 5393 desit
1562 5338 1803 5395 cll'ectus.
1834 5340 1945 5396 Nec
1968 5357 2056 5398 me

412 5464 416 5504 ε
472 5437 653 5483 movet
691 5429 1141 5499 contemplantem
1190 5430 1511 5486 luminosum
1556 5431 1754 5487 bonum
1780 5473 1794 5499 ,
1859 5433 1915 5487 in
1951 5449 2058 5504 quo

474 5518 739 5576 mendacii
788 5523 1025 5579 tenebrae
1065 5525 1225 5580 nulla:
1275 5533 1419 5593 sunt,
1460 5526 1603 5598 quod
1650 5526 1801 5583 nobis
1847 5530 2058 5588 mentiri

474 5611 779 5670 nolentibus
807 5622 860 5670 et
887 5615 1191 5674 hominibus
1217 5633 1350 5675 vero
1378 5619 1559 5678 audito
1589 5621 1936 5679 morientibus
1961 5624 2060 5679 hoc

476 5709 673 5768 mieida
723 5709 918 5767 dicitur
966 5713 1181 5768 veritas.
1233 5713 1498 5787 Numquid
1540 5718 1756 5774 enimsi
1810 5727 2057 5790 stuprum

475 5813 693 5875 expetat
717 5805 1003 5875 impudica,
1027 5815 1081 5861 et
1107 5814 1158 5863 te
1187 5824 1291 5865 non
1320 5813 1703 5881 consentiente,
1729 5828 1874 5869 salvo
1900 5829 2057 5870 amo-

476 5912 541 5960 re
566 5898 871 5974 perturbata
914 5898 1193 5974 moriatur,
1250 5902 1513 5962 homicida
1541 5905 1641 5962 crit
1694 5915 1748 5964 et
1793 5907 2062 5965 castitas?

1529 416 1800 475 CONTRA
1837 409 2259 481 MENDACIUM,
2300 408 2358 469 S.
2391 409 2754 469 AUGUSTINI

3643 420 3758 481 διε

2170 530 2254 585 An
2279 544 2406 586 vero
2448 530 2570 601 quia
2617 530 2859 602 legimus,
2888 531 3074 588 Christi
3129 530 3289 588 bonus
3315 531 3441 588 odor
3475 547 3651 591 sumus
3691 537 3746 593 in

2167 622 2304 675 omni
2329 621 2456 690 loco,
2482 633 2528 677 et
2555 624 2607 677 in
2636 624 2697 679 iis
2723 625 2809 696 qui
2837 625 2961 681 salvi
2990 627 3139 697 fiunt,
3157 635 3205 681 et
3228 626 3281 681 in
3306 626 3367 683 iis
3394 627 3478 699 qui
3498 641 3707 700 pereunt
3728 647 3754 699 ;

2168 715 2282 771 aliis
2307 716 2507 785 quidem
2535 718 2665 772 odor
2684 719 2797 774 vitae
2822 719 3068 788 invitam,
3101 720 3215 776 aliis
3236 730 3403 777 autent
3423 722 3550 777 odor
3571 725 3750 781 martia

2165 807 2219 863 in
2237 818 2445 864 mortem
2469 826 2491 877 ;
2530 810 2691 866 etiam
2706 811 2925 868 odorem
2946 811 3139 869 Christi
3166 815 3625 884 pronuntiabimus
3646 814 3748 873 ho-

2164 899 2449 955 micidam?
2473 900 2579 957 Sed
2598 902 2722 973 quia
2751 901 2993 960 homines
3020 918 3225 970 sumus,
3253 913 3309 960 et
3352 919 3449 960 nos
3477 905 3531 961 in
3559 906 3750 978 hujus-

2164 991 2313 1047 modi
2357 993 2739 1064 qnazstionibns
2770 1003 2824 1051 et
2874 996 3386 1054 contradictionibus
3429 998 3749 1072 plerumque

2164 1094 2380 1155 superat
2404 1095 2495 1141 aut
2520 1086 2703 1158 fatigat
2742 1102 2932 1144 sensus
2956 1088 3243 1158 humanus,
3271 1089 3394 1147 ideo
3423 1108 3547 1148 mox
3576 1101 3632 1149 et
3656 1094 3751 1153 ille

2164 1175 2408 1247 subjecit,
2432 1175 2501 1232 Et
2522 1178 2589 1231 ad
2612 1180 2719 1233 Iure
2745 1180 2856 1250 quis
2885 1179 3094 1235 idoneus
3116 1180 3184 1252 (ll
3207 1179 3325 1237 Cor.
3358 1197 3417 1249 ιι,
3445 1184 3513 1240 15
3540 1193 3587 1238 ct
3614 1185 3753 1255 16)?

2237 1268 2325 1323 57.
2353 1268 2469 1324 Iluc
2513 1270 2738 1337 accedit,
2769 1271 2859 1327 ubi
2908 1272 3264 1329 miserabilius
3299 1274 3608 1346 ejulandum
3640 1287 3746 1347 est,

2163 1360 2304 1432 quod
2337 1361 2382 1416 si
2408 1363 2829 1418 concesserimus
2873 1378 2969 1435 pro
3000 1364 3171 1421 salute
3199 1365 3340 1421 illius
3365 1368 3495 1438 aegri
3535 1367 3605 1424 de
3636 1370 3748 1427 vita

2164 1452 2257 1509 ﬁlii
2272 1454 2386 1525 ejus
2401 1454 2562 1511 fuisse
2577 1455 2961 1527 mentiendum,
2977 1458 3050 1513 ita
3071 1458 3321 1529 paulatim
3341 1460 3753 1533 minutatimquo

2163 1546 2454 1601 succrescit
2480 1547 2583 1603 hoc
2605 1548 2826 1618 malum,
2850 1557 2908 1606 et
2931 1549 3181 1608 brevibus
3204 1552 3507 1608 accessibus
3533 1554 3600 1609 ad
3628 1562 3752 1609 tan-

2166 1646 2274 1693 tum
2290 1654 2535 1695 acervum
2551 1641 2949 1698 mendaciorum
2965 1643 3346 1700 sceleratorum
3362 1646 3559 1701 sensim
3574 1647 3754 1704 subin-

2164 1731 2351 1787 trando
2373 1733 2695 1804 perducitur,
2714 1743 3054 1807 utnunquam
3068 1738 3238 1808 possit
3258 1738 3464 1809 penitus
3488 1739 3750 1808 inveniri,

2163 1825 2253 1881 ubi
2299 1834 2459 1882 tantae
2518 1828 2657 1897 pesti
2706 1843 2802 1899 per
2846 1830 3068 1886 minima
3138 1831 3494 1887 additamenta
3544 1833 3598 1888 in
3642 1835 3745 1889 im-

2163 1932 2407 1974 mensum
2452 1920 2841 1997 convalescenti
2893 1923 3063 1992 possit
3105 1924 3313 1979 obsisti.
3361 1924 3514 1982 Unde
3565 1928 3750 1997 provi-

2162 2007 2471 2066 dentissime
2520 1996 2774 2081 scriptum
2820 2022 2938 2068 est:
2970 2014 3068 2080 Qui
3088 2015 3285 2070 modica
3311 2017 3524 2086 spernit,
3556 1996 3750 2088 paula-

2163 2101 2254 2155 tim
2305 2101 2488 2155 decidit
2516 2100 2910 2171 (Eccli.x1x,l
2944 2106 2984 2174 ).
3030 2104 3165 2173 Quid
3186 2107 3214 2173 ,‘
3252 2106 3395 2177 quod
3421 2107 3542 2163 vita:
3585 2107 3749 2179 hujus

2164 2193 2293 2247 tales
2308 2200 2595 2262 amatores,
2619 2203 2677 2249 ut
2705 2209 2823 2250 eam
2854 2210 2962 2251 non
2990 2196 3235 2253 dubitent
3262 2214 3572 2269 praeponere
3598 2183 3747 2257 veri?

2162 2286 2278 2356 tati,
2295 2302 2361 2342 ne
2382 2286 2541 2341 homo
2561 2287 2841 2357 moriatur,
2884 2288 2993 2343 imo
3019 2298 3076 2344 ut
3097 2289 3257 2347 horno
3283 2291 3599 2363 quandoque
3630 2308 3753 2350 mo-

2161 2381 2360 2436 riturus
2412 2381 2683 2452 aliquanto
2702 2382 2874 2437 serius
2918 2383 3195 2451 moriatur,
3222 2386 3334 2440 hon
3360 2393 3558 2441 tantum
3584 2401 3747 2442 men-

2164 2473 2271 2539 tiri,
2304 2473 2398 2529 sed
2428 2474 2588 2528 etiam
2615 2474 2858 2545 pejcrare
2906 2488 3002 2529 nos
3029 2475 3251 2543 volunt;
3294 2484 3355 2531 nt
3406 2476 3652 2533 videlicet
3678 2495 3755 2536 ne

2160 2567 2434 2638 aliquanto
2459 2567 2616 2623 citius
2646 2575 2880 2623 transeat
2924 2583 3059 2623 vana
3087 2568 3230 2625 salus
3267 2568 3519 2639 hominis,
3547 2587 3748 2629 nomen

2160 2654 2372 2713 Domini
2402 2658 2496 2713 Dei
2534 2658 2704 2714 nostri
2731 2658 3055 2729 accipiamus
3096 2660 3151 2715 in
3190 2662 3429 2717 vanum?
3457 2662 3523 2717 Et
3542 2672 3668 2719 sunt
3691 2664 3752 2721 in

2160 2750 2240 2806 eis
2278 2749 2441 2819 docti,
2472 2750 2562 2822 qui
2604 2752 2764 2807 etiam
2800 2752 3011 2822 regulas
3051 2753 3215 2823 ligant
3252 2753 3492 2824 ﬁnesque
3540 2756 3752 2812 consti-

2161 2850 2331 2910 tuant,
2355 2843 2567 2915 quando
2595 2843 2807 2912 debeat,
2839 2844 3051 2914 quando
3080 2860 3185 2900 non
3199 2845 3391 2902 debeat
3415 2849 3661 2919 pejcrari.
3698 2849 3752 2907 Ο

2150 2934 2252 3009 ,ιιιιὶ
2269 2936 2419 3002 estis,
2443 2934 2616 2990 fontes
2637 2936 2993 3007 lacrymarum
3017 2937 3041 2991 ?
3066 2936 3136 2991 Et
3162 2936 3289 3007 quid
3315 2936 3570 2994 faciemus
3593 2939 3616 2994 ?
3639 2956 3755 3011 quo

2162 3026 2398 3082 ibimus?
2427 3027 2516 3082 ubi
2540 3042 2639 3082 nos
2660 3027 3046 3083 occultabimus
3066 3029 3132 3084 ab
3158 3028 3234 3084 ira
3259 3029 3514 3098 veritatis,
3558 3031 3605 3086 si
3632 3047 3749 3088 non

2161 3118 2335 3176 solum
2362 3120 2678 3191 negligimus
2713 3134 2904 3175 cavere
2932 3119 3225 3185 mendacia,
3256 3119 3349 3176 sed
3373 3120 3628 3177 audemus
3659 3122 3747 3178 in-

2164 3225 2325 3282 super
2367 3210 2560 3267 docere
2588 3209 2859 3281 perjuria?
2890 3210 3133 3266 Viderint
3156 3210 3298 3266 enim
3326 3218 3626 3267 assertores
3648 3211 3753 3267 de-

2163 3303 2506 3374 fensoresque
2554 3302 2813 3358 mendacii
2836 3303 2992 3373 quale
3017 3318 3185 3373 genus
3213 3304 3297 3359 vel
3330 3304 3504 3374 qualia
3548 3319 3755 3375 genera

2163 3395 2455 3450 mentiendi
2481 3409 2573 3449 cos
2590 3395 2882 3465 justiﬁeare
2899 3394 3166 3450 delectet:
3197 3394 3385 3450 saltem
3428 3396 3481 3450 in
3509 3395 3600 3451 Dei
3626 3396 3755 3451 cul-

2165 3494 2223 3540 tu
2264 3485 2557 3540 concedant
2603 3500 2710 3539 non
2738 3500 2856 3540 esse
2885 3484 3248 3539 mentiendmn
3278 3501 3294 3551 ;
3321 3485 3511 3540 saltem
3556 3500 3675 3540 sese
3706 3501 3745 3540 ιι

2167 3576 2412 3647 pcrjuriis
2433 3575 2883 3646 blasphemiisque
2919 3575 3229 3630 contineant
3258 3591 3273 3642 ;
3320 3576 3508 3629 saltem
3536 3575 3621 3628 ubi
3650 3575 3753 3630 Dei

2167 3684 2381 3735 nomon,
2407 3668 2494 3722 ubi
2520 3668 2659 3723 Dens
2704 3668 2874 3734 testis,
2907 3667 2994 3722 ubi
3038 3668 3129 3722 Dei
3157 3675 3548 3721 sacramentum
3574 3666 3747 3721 inter—

2168 3761 2399 3831 ponitur,
2432 3761 2517 3814 ubi
2536 3761 2601 3815 de
2622 3761 2801 3815 divina
2827 3760 3081 3830 religione
3123 3776 3302 3815 sermo
3346 3760 3604 3831 promitur
3626 3759 3749 3816 sive

2166 3852 2487 3917 conseritur,
2512 3867 2670 3906 nemo
2714 3853 3021 3917 mentiatur,
3048 3868 3206 3907 nemo
3235 3852 3433 3919 laudet,
3459 3866 3613 3907 nemo
3633 3850 3746 3905 do-

2166 3952 2286 3999 ceat
2314 3952 2368 3998 et
2414 3943 2706 4013 praecipiat,
2753 3957 2912 3997 nemo
2954 3944 3158 4013 justum
3186 3943 3328 3998 dicat
3356 3957 3474 3999 esse
3520 3942 3753 3999 menda-

2165 4037 2307 4091 cium
2342 4054 2356 4090 :
2396 4035 2463 4091 de
2483 4035 2689 4092 caeteris
2709 4034 3110 4091 mendaciorum
3146 4036 3432 4107 generibus
3459 4036 3619 4105 eligat
3641 4036 3753 4093 sibi

2165 4129 2308 4201 quod
2336 4138 2486 4200 putat
2528 4144 2648 4186 esse
2676 4129 3014 4186 mitissimum
3057 4138 3217 4199 atque
3253 4128 3753 4184 innOcentissimum

2166 4222 2459 4280 mentiendi
2480 4238 2668 4293 genus,
2718 4225 2803 4279 cui
2850 4225 3023 4294 placet
3047 4238 3168 4281 esse
3212 4223 3599 4279 mentiendum.
3631 4222 3755 4281 lloc

2166 4317 2298 4383 scio,
2327 4314 2470 4386 quod
2497 4315 2657 4370 etiam
2704 4316 2794 4386 qui
2820 4315 2977 4371 docet
3019 4324 3268 4387 Oportere
3295 4315 3531 4382 mentiri,
3563 4329 3754 4371 verum

2165 4409 2359 4465 docere
2382 4424 2441 4463 se
2484 4408 2597 4463 vult
2623 4407 2809 4464 videri.
2837 4408 2971 4463 Nam
3002 4410 3047 4465 si
3074 4410 3265 4465 falsrnn
3286 4417 3368 4465 est
3395 4408 3539 4479 quod
3562 4408 3753 4478 docet,

2164 4502 2283 4573 quis
2304 4502 2449 4557 falsa:
2473 4502 2601 4558 velit
2638 4501 2854 4559 studere
2880 4502 3158 4569 doctrinm,
3181 4502 3271 4558 ubi
3299 4510 3353 4559 et
3372 4503 3501 4558 fallit
3518 4503 3748 4574 docens,

2161 4606 2218 4651 et
2237 4595 2436 4651 fallitur
2466 4596 2715 4652 discens?
2740 4598 2797 4653 Si
2824 4606 3001 4654 autem
3042 4607 3100 4653 ut
3127 4598 3360 4669 aliquem
3400 4599 3568 4669 possit
3588 4598 3749 4655 inve~

2164 4692 2278 4747 nire
2303 4690 2643 4761 discipulum,
2691 4690 2885 4748 docere
2927 4707 2987 4749 se
3028 4694 3222 4749 asserit
3246 4708 3455 4760 verum,
3483 4708 3605 4749 cum
3632 4693 3742 4748 do-

2161 4793 2283 4839 ceat
2322 4798 2442 4841 esse
2489 4784 2889 4853 mentiendum;
2926 4786 3195 4857 quomodo
3225 4786 3326 4857 erit
3362 4787 3491 4843 illud
3507 4803 3572 4843 ex
3597 4788 3752 4843 veri-

2163 4805 2283 4839 ccat
2322 4805 2442 4841 esse
2489 4805 2889 4853 mcnuennum;
2926 4805 3195 4857 quomouo
3225 4805 3286 4843 er
3307 4805 3326 4843 t
3362 4805 3491 4843 nqu
3507 4805 3572 4843 ex
3597 4805 3752 4843 vert-

2163 4888 2271 4936 tate
2295 4879 2649 4948 mendacium,
2678 4879 2882 4936 Joanne
2910 4881 3164 4951 Apostolo
3208 4805 3555 4947 redamante,
3580 4879 3753 4937 Omne

2163 4972 2481 5027 mendacium
2504 4989 2605 5026 non
2624 4980 2774 5026 estea:
2792 4971 2995 5026 veritate
3016 4973 3056 5043 (Ι
3086 4971 3243 5027 Joan.
3266 4987 3327 5039 ιι,
3354 4971 3447 5045 21)
3467 4974 3490 5027 Ἰ
3513 4971 3626 5028 Νοιι
3647 4983 3741 5030 est

2162 5079 2288 5135 ergo
2312 5080 2521 5133 verum,
2567 5063 2851 5134 aliquando
2900 5077 3020 5120 esse
3074 5064 3437 5121 mentiendum
3469 5083 3483 5121 :
3513 5066 3745 5137 etquod

2161 5172 2270 5212 non
2303 5166 2385 5213 est
2402 5172 2606 5224 verum,
2631 5155 2832 5210 nemini
2860 5166 2943 5211 est
2968 5156 3187 5212 omnino
3214 5157 3567 5214 suadendum.

2154 5254 2159 5257 “
2232 5249 2458 5305 CAPUT
2496 5249 2638 5305 XIX.
2665 5249 2849 5306 -——'58.
2896 5249 2964 5305 Ut
3007 5251 3309 5321 periclitanti
3336 5252 3659 5307 subveniatur
3700 5256 3754 5310 si

2163 5358 2262 5396 non
2304 5342 2717 5397 committendum
2740 5352 2989 5414 stuprum,
3012 5344 3083 5397 ita
3095 5359 3184 5398 nec
3204 5344 3508 5414 loquendum
3536 5350 3755 5403 menda-

2162 5434 2314 5487 cium.
2343 5433 2403 5490 Si
2428 5434 2597 5505 aliquo
2619 5435 2767 5489 modo
2794 5435 3149 5506 permittuntur
3192 5438 3474 5505 mendacia,
3521 5448 3751 5495 metucn-

2164 5526 2283 5580 dum
2302 5543 2365 5581 ne
2384 5543 2537 5598 usque
2557 5527 2624 5580 ad
2652 5529 2878 5601 perjuria
2901 5538 2946 5582 et
2967 5527 3308 5600 blasphemia:
3323 5533 3745 5602 progrediantur.

2165 5618 2405 5691 Pejerarc
2429 5631 2474 5674 et
2497 5620 2842 5692 blasphemare
2868 5637 2972 5690 qua
2998 5622 3196 5677 ratione
3216 5621 3481 5689 di/I‘eraut.
3510 5624 3614 5680 Sed
3636 5629 3753 5698 agit

2165 5722 2343 5784 partes
2367 5728 2488 5768 suas
2508 5712 2800 5770 inﬁrmitas.
2830 5720 3114 5770 etcausam
3132 5713 3494 5773 invincibilcm
3519 5715 3753 5773 faventi-

2167 5808 2263 5862 bus
2289 5809 2457 5863 turbis
2483 5824 2542 5863 sc
2582 5809 2780 5865 habere
2825 5816 3141 5877 proclamat.
3198 5807 3297 5866 Ubi
3324 5811 3662 5880 contradicit,
3688 5827 3748 5871 ct

2167 5904 2293 5962 dicit
2318 5922 2329 5957 :
2359 5904 2632 5974 Quomodo
2681 5901 2824 5975 apud
2864 5902 3136 5979 homines,
3162 5908 3253 5980 qui
3283 5907 3659 5983 proculdubio
3700 5911 3754 5970 si
