4070 6334
272 570 547 629 falluntur,
582 562 893 618 avertuntur
926 550 957 610 ξι
986 546 1222 626 pernicie
1257 543 1345 606 vel
1393 544 1568 604 aliena
1611 542 1699 601 vel
1728 556 1849 610 sua,

271 655 695 737 periclitantibus
733 649 1044 710 subvenitur
1077 644 1407 711 hominibus,
1457 640 1502 697 si
1532 653 1631 737 nos
1662 636 1854 693 huma-

276 731 371 811 nus
389 750 459 809 ad
483 744 847 805 mentiendum
884 756 991 798 non
1024 738 1242 796 inclinet
1260 733 1519 792 affectus?
1563 731 1622 787 Si
1644 736 1858 801 patien-

276 859 356 905 ter
385 859 472 901 me
509 841 694 899 audiat
727 836 880 895 turba
911 831 1269 897 mortalitatis,
1301 827 1455 885 turba
1501 819 1861 890 infirmitatis,

278 935 610 1011 respondebo
654 930 854 1003 aliquid
880 941 981 1002 pro
1029 925 1240 997 negotio
1260 919 1521 979 veritatis.
1546 916 1706 973 Certe
1749 914 1862 987 pia,

276 1049 438 1100 vera,
500 1036 687 1087 sancta
726 1025 943 1082 castitas
996 1034 1103 1077 non
1133 1018 1237 1074 nisi
1280 1031 1348 1073 ex
1371 1013 1599 1071 veritate
1624 1018 1708 1066 est
1740 1025 1756 1062 :
1809 1013 1869 1063 et

277 1098 523 1200 quisquis
566 1121 823 1178 adversus
851 1131 971 1174 eam
1015 1112 1160 1180 facit,
1179 1107 1420 1183 profecto
1439 1105 1700 1162 adversus
1724 1098 1869 1200 veri-

280 1188 444 1273 tatem
474 1214 619 1270 facit.
644 1212 754 1269 Cur
791 1222 920 1280 ergo
941 1213 995 1262 et
1022 1204 1067 1259 si
1097 1216 1204 1258 non
1246 1199 1415 1272 possit
1458 1196 1613 1252 aliter
1652 1188 1867 1263 pericli-

279 1309 515 1366 tantibus
534 1301 829 1367 subveniri,
855 1314 962 1355 non
988 1295 1264 1353 committo
1279 1301 1544 1376 stuprum,
1573 1283 1714 1357 quod
1738 1281 1862 1376 ideo

280 1412 362 1459 est
387 1397 721 1456 contrarium
740 1390 971 1455 veritati,
998 1388 1120 1459 quia
1142 1383 1466 1442 contrarium
1489 1374 1572 1435 εει
1591 1374 1822 1433 castitati
1850 1389 1867 1440 ;

283 1499 412 1551 etut
442 1484 871 1562 periclitantibus
899 1480 1261 1543 subveniatur,
1294 1476 1485 1546 loquor
1510 1466 1869 1562 mendacium,

285 1583 429 1657 quod
446 1556 560 1655 ipsi
606 1576 942 1651 apertissime
966 1580 1051 1630 est
1092 1567 1416 1628 contrarium
1443 1561 1695 1621 veritati?
1734 1556 1872 1657 Quid

288 1648 386 1735 nos
413 1648 620 1732 tantum
642 1648 945 1743 promeruit
965 1665 985 1698 ί
1009 1661 1247 1730 castitas,
1291 1666 1348 1716 et
1373 1654 1602 1714 offendit
1628 1648 1873 1743 veritas?

288 1784 413 1827 cum
429 1764 685 1823 omnisex
706 1760 931 1818 veritate
950 1757 1020 1813 sit
1037 1756 1277 1819 castitas,
1305 1758 1362 1808 et
1383 1750 1454 1807 sit
1477 1761 1585 1803 non
1609 1742 1874 1815 corporis,

292 1860 388 1918 sed
432 1857 632 1915 mentis
675 1853 892 1915 castitas
928 1850 1145 1913 veritas,
1173 1854 1332 1917 atque
1376 1841 1433 1898 in
1476 1848 1655 1896 mente
1677 1836 1881 1892 habitet

292 1954 452 2008 etiam
478 1946 723 2020 corporis
759 1943 1041 2021 castitasf.
1074 1940 1374 2002 Postremo,
1435 1931 1578 2005 quod
1629 1938 1685 1987 et
1720 1928 1882 2000 paulo

291 2053 416 2102 ante
434 2042 546 2098 dixi
565 2048 622 2097 et
648 2040 842 2096 iterum
885 2034 1030 2100 dico,
1071 2030 1313 2103 quisquis
1340 2026 1472 2084 mihi
1521 2038 1617 2096 pro
1659 2036 1884 2094 persua-

295 2136 473 2195 dendo
491 2141 547 2191 et
570 2129 909 2189 defendendo
942 2127 1051 2184 ullo
1089 2113 1370 2180 mendacio
1391 2116 1730 2182 contradicit,
1755 2113 1884 2186 quid

298 2230 446 2299 dicit,
471 2230 518 2284 si
542 2241 729 2283 verum
745 2239 852 2281 non
892 2221 1057 2278 dicit?
1082 2218 1139 2274 Si
1168 2224 1346 2274 autem
1373 2220 1657 2285 propterea
1682 2218 1765 2266 est
1792 2223 1887 2263 au.

301 2322 525 2379 diendus
552 2320 806 2391 quoniam
826 2329 1012 2371 verum
1052 2310 1202 2377 dicit,
1227 2306 1496 2380 quomodo
1523 2319 1611 2361 me
1651 2302 1768 2359 vult
1803 2299 1886 2391 fa-

299 2428 424 2470 cere
449 2390 639 2468 verum
684 2406 910 2464 dicendo
960 2390 1313 2459 mendacem?
1354 2394 1633 2466 Quomodo
1670 2390 1890 2450 menda-

302 2507 438 2562 cium
468 2512 747 2575 patronam
769 2499 872 2557 sibi
909 2494 1130 2553 adhibet
1154 2492 1434 2550 veritatem
1459 2490 1483 2545 ?
1511 2490 1595 2544 An
1641 2485 1892 2542 adversa-

301 2599 381 2656 rio
407 2613 507 2654 suo
550 2596 735 2663 vincit,
760 2599 878 2649 uta
913 2605 973 2647 se
1020 2588 1137 2659 ipsa
1178 2586 1422 2641 vincatur
1451 2580 1524 2636 ³ἳ
1570 2578 1703 2648 Quis
1752 2577 1892 2633 hanc

301 2688 683 2747 absurditatem
713 2683 893 2741 ferat?
953 2680 1110 2738 Nullo
1129 2692 1257 2749 ergo
1277 2675 1438 2731 modo
1466 2672 1774 2735 dixerimus,
1797 2682 1893 2725 eos

302 2783 390 2855 qui
408 2786 660 2838 asserunt
699 2775 986 2849 aliquando
1009 2786 1131 2830 esse
1149 2767 1540 2831 mentiendum,
1564 2764 1617 2820 id
1640 2776 1894 2819 asseren-

305 2873 374 2929 do
409 2886 535 2929 esse
574 2883 833 2935 veraces;
882 2881 972 2935 ne,
1022 2862 1167 2936 quod
1210 2869 1295 2919 est
1338 2857 1780 2916 absurdissimum
1839 2859 1898 2910 et

306 2963 677 3022 stultissimum
703 2960 946 3028 credere,
990 2956 1188 3014 veritas
1209 2967 1307 3009 nos
1356 2950 1546 3007 doceat
1581 2961 1706 3004 esse
1730 2959 1893 3001 men-

306 3054 481 3112 dares.
513 3052 683 3124 Quale
714 3060 796 3108 est
821 3050 988 3117 enim,
1023 3055 1084 3103 ut
1131 3059 1255 3102 esse
1298 3038 1708 3097 adulterandum
1735 3049 1897 3092 nemo

307 3147 477 3204 discat
497 3160 531 3201 a
561 3142 831 3212 castitate,
887 3143 1056 3198 Deum
1099 3134 1481 3194 offendendum
1536 3145 1695 3187 nemo
1730 3128 1900 3185 discat

309 3254 340 3294 a
360 3240 575 3311 pietate,
598 3238 846 3308 cuiquam
887 3230 1190 3290 nocendum
1216 3241 1376 3285 nemo
1403 3225 1574 3281 discat
1603 3238 1634 3277 a
1658 3220 1901 3291 benigni-

311 3340 441 3399 tate,
457 3339 514 3388 et
537 3344 660 3386 esse
688 3325 1054 3384 mentiendum
1076 3322 1347 3380 discamus
1366 3334 1399 3374 a
1425 3316 1691 3373 veritate?
1722 3314 1899 3369 Porro

310 3427 355 3482 si
384 3426 488 3482 hoc
522 3439 632 3481 non
660 3422 818 3479 docet
840 3420 1060 3485 veritas,
1089 3432 1195 3473 non
1224 3421 1309 3472 est
1346 3426 1535 3469 verum
1568 3427 1583 3464 :
1616 3408 1661 3465 si
1688 3422 1795 3463 non
1816 3412 1903 3462 est

307 3532 492 3579 verum
516 3556 536 3585 ,
580 3530 688 3571 non
715 3522 799 3572 est
817 3510 1129 3569 discendum
1159 3525 1173 3563 :
1217 3505 1266 3564 si
1310 3519 1418 3562 non
1445 3510 1532 3560 est
1567 3497 1903 3567 discendum,

313 3626 585 3684 nunquam
612 3618 697 3667 est
724 3608 884 3680 igitur
906 3601 1299 3662 mentiendum.

379 3705 468 3763 39.
499 3702 607 3760 Sed
653 3706 990 3775 perfectorum
1015 3705 1115 3766 est,
1147 3695 1221 3751 ait
1272 3691 1485 3763 aliquis,
1529 3687 1722 3744 solidus
1765 3686 1906 3742 cibus

314 3797 335 3869 (
363 3794 524 3851 Hebr.
552 3811 607 3863 v,
639 3793 710 3849 Μ
736 3792 777 3866 ).
803 3791 966 3847 Multa
993 3789 1135 3845 enim
1164 3783 1459 3842 secundum
1503 3780 1713 3838 veniam
1761 3778 1905 3834 rcta-

314 3895 509 3942 lantur
535 3883 851 3951 infirmitati,
879 3879 1120 3952 quamvis
1145 3874 1525 3933 sincerissima:
1571 3882 1907 3941 nequaquam

316 3980 561 4050 placeant
577 3976 810 4035 veritati.
837 3974 990 4030 Dicat
1025 3973 1127 4027 hoc
1142 3968 1385 4041 quisquis
1417 3982 1523 4022 non
1570 3964 1760 4020 metuit
1786 3976 1910 4033 qua:

322 4072 697 4144 consequentia
724 4067 1010 4126 metuenda
1038 4073 1187 4130 sunt,
1237 4062 1283 4117 si
1311 4060 1507 4116 fuerint
1543 4057 1723 4128 aliquo
1749 4054 1911 4110 modo

326 4165 496 4237 aliqua
560 4162 824 4235 permissa
873 4156 1172 4215 mendacia.
1228 4151 1386 4209 Nullo
1424 4147 1586 4205 modo
1631 4155 1809 4203 tamen
1852 4145 1910 4200 in

322 4267 521 4314 tantum
548 4264 673 4312 sunt
694 4251 1050 4326 permittenda
1076 4244 1465 4308 conscendere,
1488 4250 1548 4298 ut
1574 4241 1643 4298 ad
1680 4238 1910 4311 periuria

321 4350 783 4422 blasphemiasque
843 4344 1155 4418 perveniant
1196 4359 1210 4397 :
1257 4354 1358 4396 nec
1400 4334 1633 4407 aliquam
1696 4347 1909 4389 causam

321 4458 541 4517 prorsus
568 4446 783 4514 oportet
801 4436 1039 4504 obtendi,
1061 4444 1159 4491 eur
1178 4431 1370 4489 debeat
1395 4426 1644 4500 peierari,
1665 4424 1751 4517 vel
1770 4421 1912 4517 quod

322 4511 404 4592 est
442 4511 847 4598 exsecrabilius,
875 4544 972 4585 cur
996 4527 1141 4583 Deus
1167 4522 1360 4580 debeat
1384 4514 1765 4589 blasphemari.
1793 4511 1911 4569 Non

322 4630 462 4685 enim
497 4628 621 4700 quia
642 4641 741 4697 per
783 4621 1119 4680 mendacium
1147 4616 1548 4687 blasphematur
1570 4610 1616 4680 ⁸,
1646 4610 1766 4666 ideo
1794 4623 1902 4664 non

325 4721 747 4793 blasphematur.
796 4717 982 4773 Potest
1024 4712 1223 4785 quippe
1267 4710 1370 4766 hoc
1412 4705 1574 4762 modo
1613 4703 1717 4760 dici
1744 4743 1762 4769 ,
1803 4716 1911 4757 non

326 4816 575 4889 peierari,
602 4814 853 4889 quia.per
903 4806 1243 4865 mendacium
1272 4802 1565 4875 peieratur.
1603 4796 1733 4866 Quis
1772 4794 1917 4851 enim

326 4887 419 4981 per
443 4887 949 4975 veritatem'possit
979 4915 1099 4957 esse
1152 4893 1435 4969 periurus?
1462 4890 1553 4947 Sic
1594 4889 1754 4981 etiam
1780 4887 1801 4920 ⁵
1823 4900 1919 4981 per

322 4978 604 5058 veritatem
631 4996 810 5069 nullus
858 5000 1037 5065 potest
1086 5004 1208 5047 esse
1252 4984 1621 5057 blasphemus.
1651 4980 1791 5036 Sane
1819 4978 1921 5034 mi-

325 5093 430 5149 tius
460 5091 657 5147 falsum
702 5087 865 5159 iurat,
894 5082 984 5157 qui
1037 5081 1230 5138 falsum
1262 5077 1432 5134 nescit
1475 5088 1619 5141 esse,
1653 5079 1707 5128 et
1731 5084 1919 5126 verum

324 5193 624 5257 putatesse
662 5180 802 5254 quod
839 5179 1025 5250 iurat:
1067 5174 1207 5231 sicut
1250 5179 1308 5230 et
1334 5169 1526 5228 Saulus
1565 5164 1921 5223 cxcusabilius

325 5254 735 5350 blaSphemavit,
754 5274 877 5347 quia
903 5272 1153 5344 ignorans
1175 5265 1300 5323 fecit
1326 5264 1344 5338 (
1368 5264 1387 5318 l
1411 5262 1544 5318 Tim.
1564 5276 1605 5327 ι,
1639 5256 1767 5331 15).
1795 5254 1923 5312 Ideo

322 5382 508 5432 autem
545 5370 699 5443 pejus
747 5377 831 5425 est
871 5363 1244 5436 blasphemare
1272 5372 1431 5429 quam
1476 5355 1740 5427 peierare,
1789 5364 1923 5421 quo-

390 5508 409 5543 ι
445 5505 598 5559 editi:
621 5501 744 5569 Quid
761 5499 893 5569 apud
913 5511 1000 5551 nos
1020 5501 1206 5551 tinuum
1232 5488 1541 5559 promeruit?
1562 5491 1726 5551 Abest,
1769 5487 1921 5557 apud,

322 5578 519 5696 fata
539 5637 650 5696 Mss.
674 5626 888 5696 Atedii],
927 5620 1100 5696 mentis
1136 5618 1350 5696 castitas,
1384 5614 1652 5684 vetitasque
1684 5617 1736 5671 in
1765 5620 1923 5670 mente

326 5693 530 5753 habitet,
551 5692 677 5746 sicut
699 5690 845 5743 etiam
866 5689 1305 5754 corporisfcastitus.
1399 5742 1411 5754 ι

396 5758 419 5791 ³
452 5749 556 5807 sola
578 5755 687 5807 fere
710 5754 862 5805 editio
883 5749 1015 5818 troia,
1038 5753 1145 5800 uta
1165 5760 1217 5818 se
1239 5749 1344 5818 ipso
1362 5749 1597 5818 vincatur:

394 5819 421 5853 δ
452 5806 555 5870 Ain.
582 5825 636 5869 et
661 5824 793 5877 bov.,
817 5813 931 5878 quia
952 5806 1040 5877 per
1414 5820 1510 5878 non
1546 5806 1923 5878 blasphematur.

330 5882 483 5937 Abest
505 5885 597 5933 hoc
619 5881 744 5941 loco,
765 5870 879 5937 non,
899 5890 930 5928 a
952 5870 1062 5941 μεθ.
1090 5874 1226 5927 etab
1246 5878 1344 5936 Er.,
1365 5870 1617 5935 debetque
1633 5870 1829 5925 abesse.

394 5948 418 5984 ³
451 5952 517 6001 tta
536 5953 649 5999 uss.
677 5938 739 5996 At
757 5940 895 6007 editi,
917 5938 962 5997 εἰ
980 5938 1141 5994 etum.

1684 401 1890 469 uasa
1924 399 2123 462 unus.
2352 412 2355 415 ν
2542 410 2577 437 τε

3432 405 3542 467 546

1964 541 2105 596 niam
2126 537 2412 609 peierando
2438 539 2585 596 falsae
2627 539 2705 597 rei
2730 538 3010 598 adhibetur
3029 540 3182 599 testis
3228 541 3389 612 Deus,
3420 543 3537 602 bla-

1965 632 2294 704 Sphemando
2321 640 2498 689 autem
2539 632 2602 690 de
2627 632 2744 705 ipso
2765 631 2899 690 falsa
2924 633 3173 691 dicuntur
3197 634 3328 691 Deo.
3364 636 3539 691 Tanto

1964 732 2049 780 est
2067 732 2241 780 autem
2284 725 2508 796 quisque
2536 724 2944 782 incxcusabilior
2965 726 2984 759 ⁸
3010 726 3125 782 sive
3151 727 3398 797 periurus
3426 729 3540 784 sive

1965 816 2326 888 blaSphemus,
2357 827 2555 890 quanto
2573 819 2741 891 magis
2756 834 2819 876 ea
2839 836 2959 891 quae
2984 819 3273 891 peierando
3303 818 3387 874 vel
3430 819 3547 872 hla-

1967 909 2296 980 Sphemando
2315 920 2578 978 asserunt,
2595 911 2721 967 falsa
2738 919 3001 968 noverunt
3018 927 3141 969 esse
3158 912 3241 968 vel
3261 911 3488 967 credunt
3505 912 3551 964 ί.

1969 1000 2219 1072 Quisquis
2248 1002 2425 1073 itaque
2451 1001 2581 1058 dicit
2613 1018 2711 1074 pro
2734 1003 3084 1074 periclitantis
3112 1002 3346 1059 hominis
3369 1002 3547 1058 salute

1971 1096 2361 1167 temporalich
2386 1096 2495 1153 vita
2530 1111 2651 1153 esse
2701 1097 3089 1163 mentiendum,
3143 1098 3303 1153 nimis
3331 1098 3446 1167 ipse
3486 1096 3555 1152 ab

1975 1184 2163 1242 itinere
2192 1187 2452 1242 exorbitat
2488 1195 2705 1243 aeterna:
2724 1187 2910 1243 salutis
2934 1196 2994 1245 et
3025 1189 3169 1257 vitae,
3194 1188 3241 1245 si
3265 1188 3393 1243 dicit
3418 1187 3470 1243 in
3491 1200 3557 1243 ea

1974 1291 2135 1333 causa
2180 1279 2339 1334 etiam
2366 1278 2652 1349 iurandum
2699 1295 2794 1351 per
2822 1280 3015 1350 Deum,
3063 1281 3150 1338 vel
3195 1282 3359 1337 etiam
3410 1279 3556 1336 blas-

1976 1367 2331 1439 phcmandum
2373 1370 2563 1426 Deum.

2047 1459 2274 1517 CAPUT
2311 1461 2431 1516 XX.
2450 1492 2524 1503 —
2544 1462 2636 1519 40.
2679 1464 2760 1519 An
2783 1465 2959 1521 saltem
2985 1482 3078 1537 pro
3122 1472 3310 1522 telam;
3338 1465 3557 1522 hominis

1978 1553 2141 1609 salute
2187 1554 2544 1610 mentiendum.
2592 1553 2663 1611 In
2702 1558 2897 1613 salutis.
2927 1568 3131 1614 (eterna:
3154 1559 3398 1631 periculo,
3427 1558 3557 1613 sicut

1980 1662 2083 1701 non
2128 1646 2269 1702 debet
2325 1649 2519 1704 homini
2557 1650 2813 1705 subveniri
2840 1667 2929 1722 per
2954 1660 3210 1723 stuprum,
3259 1652 3334 1707 ita
3357 1668 3448 1707 nec
3478 1664 3569 1722 per

1979 1741 2316 1809 mendacium,
2371 1742 2508 1813 quod
2552 1759 2663 1799 vere
2698 1752 2955 1815 peceatum
2981 1753 3075 1800 est.
3129 1744 3237 1802 Sed
3282 1743 3569 1815 aliquando

1982 1830 2138 1887 nobis
2165 1831 2333 1903 ipsius
2356 1848 2570 1904 quoque
2610 1834 2799 1892 salutis
2820 1844 3038 1891 aeterna:
3062 1834 3357 1906 periculum
3401 1849 3571 1905 oppo-

1984 1923 2145 1990 nitur,
2178 1923 2322 1994 quod
2365 1932 2550 1982 nostro
2597 1926 2895 1992 mendacio,
2946 1927 2992 1982 si
3038 1926 3193 1982 aliter
3231 1940 3339 1981 non
3372 1934 3568 1996 potest,

1986 2016 2357 2088 depellendum
2404 2032 2525 2074 esse
2562 2019 2819 2074 clamatur
2844 2034 2860 2073 :
2883 2018 3031 2074 velut
3071 2018 3119 2074 si
3158 2019 3438 2089 quisquam
3477 2018 3573 2073 ba-

1986 2107 2267 2178 ptizandus
2288 2108 2342 2162 in
2366 2115 2630 2177 potestate
2654 2109 2725 2164 sit
2755 2108 3040 2179 impiorum
3088 2116 3250 2179 atque
3276 2106 3571 2162 infidelium

1987 2200 2327 2266 constitutus,
2357 2198 2424 2255 ad
2450 2215 2607 2270 quem
2635 2200 2901 2270 perveniri
2928 2216 3033 2256 non
3064 2201 3233 2271 possit
3273 2208 3334 2255 ut
3360 2200 3575 2255 lavacro

1991 2291 2408 2363 regenerationis
2431 2293 2696 2360 abluatur,
2726 2293 2830 2348 nisi
2857 2292 3096 2364 deceptis
3137 2291 3445 2350 mentiendo
3478 2306 3576 2347 cu-

1992 2383 2255 2439 stodibus.
2286 2383 2371 2438 Ab
2397 2383 2501 2439 hoc
2524 2383 2940 2439 invidiosissime
2963 2383 2984 2415 ³
3009 2383 3266 2451 clamore,
3294 2398 3400 2452 quo
3425 2384 3575 2454 cogi-

1992 2490 2113 2531 mur
2139 2490 2245 2530 non
2275 2490 2373 2546 pro
2397 2474 2712 2546 cujusquam
2742 2474 2935 2545 opibus
2968 2474 3055 2530 vel
3082 2475 3371 2531 honoribus
3399 2475 3451 2530 in
3475 2474 3577 2531 hoc

1994 2568 2194 2625 mulo
2216 2569 2718 2635 transcurrentibus,
2740 2583 2848 2624 non
2885 2583 2984 2639 pro
3012 2568 3125 2639 ipsa
3153 2569 3311 2639 huius
3357 2578 3576 2639 tempo-

1997 2662 2073 2716 ris
2092 2661 2220 2727 vita,
2247 2661 2342 2718 sed
2366 2676 2462 2731 pro
2486 2669 2686 2718 :eterna
2716 2661 2949 2717 hominis
2973 2661 3145 2717 salute
3192 2663 3426 2729 mentiri,
3458 2676 3567 2733 quo

1995 2752 2319 2823 confugiam,
2346 2752 2447 2808 nisi
2473 2752 2541 2808 ad
2565 2763 2637 2821 te,
2668 2752 2919 2808 Veritas?
2945 2753 3013 2808 Et
3038 2752 3167 2808 mihi
3187 2754 3285 2810 abs
3305 2762 3359 2809 te
3380 2767 3581 2824 propo-

1997 2846 2143 2902 nitur
2180 2846 2419 2901 castitas.
2466 2846 2575 2903 Cur
2599 2846 2742 2902 enim
2771 2846 2819 2902 si
2870 2846 3118 2903 custodes
3160 2848 3275 2915 isti,
3298 2855 3355 2903 ut
3384 2862 3484 2903 nos
3511 2846 3580 2903 ad

2000 2938 2375 3011 baptizandum
2390 2939 2657 2996 hominem
2673 2939 2974 3008 admittant,
2993 2948 3179 3011 stupro
3191 2941 3317 2997 illici
3340 2948 3583 3012 possunt,

2001 3049 2107 3090 non
2138 3034 2361 3089 facimus
2387 3034 2653 3089 contraria
2682 3033 2933 3099 castitati,
2955 3041 3011 3088 et
3030 3033 3077 3088 si
3102 3032 3385 3089 mendacio
3405 3032 3583 3102 decipi

2001 3133 2244 3200 possunt,
2263 3126 2485 3181 facimus
2504 3126 2771 3181 contraria
2790 3126 3044 3181 veritati?
3067 3139 3190 3180 cum
3214 3125 3397 3195 procul
3422 3125 3590 3181 dubio

2003 3220 2138 3275 nulli
2163 3227 2307 3278 esset
2324 3219 2552 3275 ﬁdeliter
2574 3218 2820 3274 amabilis
2843 3218 3084 3287 castitas,
3113 3218 3158 3273 si
3185 3232 3290 3273 non
3305 3233 3423 3274 eam
3446 3231 3588 3288 pra:-

2005 3313 2208 3385 ciperet
2233 3313 2449 3369 veritas.
2474 3311 2708 3368 Proinde
2750 3320 2808 3367 ut
2853 3311 3198 3381 perveniatur
3223 3311 3290 3366 ad
3318 3311 3591 3367 hominem

2005 3406 2402 3478 baptizandum,
2454 3404 2704 3460 fallantur
2751 3403 3068 3459 mentiendo
3105 3402 3377 3471 custodes,
3408 3403 3455 3458 si
3482 3401 3591 3458 hoc

2001 3498 2397 3569 jubetvcritas.
2443 3496 2552 3553 Sed
2580 3495 2849 3567 quomodo
2897 3494 3082 3566 iubeat
3107 3495 3326 3564 veritas,
3348 3503 3407 3550 ut
3431 3496 3595 3551 homo

2006 3590 2324 3661 baptizctur,
2364 3602 2484 3644 esse
2522 3586 2905 3653 mentiendum,
2944 3588 2989 3642 si
3027 3602 3132 3643 non
3157 3587 3311 3658 iubet
3350 3587 3593 3654 castitas,

2010 3692 2068 3738 ut
2096 3683 2256 3737 homo
2300 3680 2613 3751 baptizctur,
2646 3695 2767 3736 esse
2804 3678 3230 3736 mmebandum?
3262 3678 3371 3735 Cur
3406 3688 3589 3736 autem

2012 3774 2115 3831 hoc
2140 3789 2247 3830 non
2267 3772 2421 3842 iubet
2445 3773 2682 3838 castitas,
2716 3772 2816 3828 nisi
2837 3774 2959 3843 quia
2988 3772 3089 3827 hoc
3115 3788 3221 3828 non
3245 3771 3403 3828 docet
3443 3773 3595 3828 veri-

2013 3870 2136 3925 tas?
2175 3868 2229 3926 Si
2257 3882 2403 3939 ergo,
2437 3866 2539 3922 nisi
2557 3864 2697 3937 quod
2727 3865 2922 3921 veritas
2944 3865 3121 3935 docet,
3168 3865 3343 3922 facere
3364 3879 3469 3920 non
3496 3863 3596 3921 de-

2013 3962 2235 4026 bemus;
2276 3976 2399 4017 cum
2445 3960 2643 4016 veritas
2688 3958 2880 4015 doceat
2923 3973 3023 4014 nec
3060 3965 3278 4028 propter
3326 3956 3599 4013 hominem

2014 4054 2387 4126 baptizandum
2443 4053 2617 4109 facere
2645 4052 2788 4123 quod
2838 4050 3165 4107 contrarium
3222 4059 3307 4107 est
3344 4050 3599 4117 castitati,

2014 4144 2281 4218 quomodo
2310 4159 2409 4201 nos
2432 4143 2647 4201 docebit
2665 4143 2841 4199 facere
2863 4151 3078 4214 propter
3103 4142 3481 4212 baptizandum
3504 4140 3602 4197 ho-

2015 4241 2214 4297 minem
2240 4238 2382 4310 quod
2408 4237 2507 4308 ipsi
2550 4245 2633 4294 est
2656 4236 2985 4293 contrarium
3027 4236 3237 4292 veritati
3265 4235 3291 4291 i
3316 4234 3421 4291 Sed
3459 4235 3601 4291 sicut

2016 4324 2154 4381 oculi
2175 4323 2240 4379 ad
2269 4322 2581 4380 intuendum
2596 4321 2763 4378 solem
2787 4335 2973 4393 parum
2990 4320 3152 4389 firmi,
3174 4334 3238 4376 ea
3270 4328 3446 4376 tamen
3473 4333 3598 4390 quae

2018 4434 2049 4474 a
2095 4417 2209 4474 sole
2258 4417 2630 4481 illustrantur,
2682 4413 2910 4469 libenter
2956 4412 3260 4479 intuentur;
3290 4412 3369 4469 sic
3405 4410 3603 4467 anima

2014 4510 2123 4582 iam
2151 4509 2389 4565 valentes
2420 4506 2682 4563 delectari
2736 4504 3132 4577 pulchritudine
3176 4503 3460 4571 castitatis,
3485 4516 3598 4559 non

2022 4611 2199 4659 tamen
2226 4600 2479 4657 continuo
2524 4614 2621 4671 per
2650 4612 2710 4655 se
2737 4598 2906 4669 ipsam
2937 4596 3277 4654 considerare
3322 4596 3607 4653 veritatem

2021 4694 2163 4750 unde
2184 4694 2325 4748 lucet
2349 4691 2564 4747 castitas
2604 4697 2848 4761 possunt,
2872 4698 2932 4745 ut
2957 4704 3077 4745 cum
3103 4698 3321 4746 ventum
3347 4686 3508 4744 fuerit
3532 4684 3603 4741 ad

2021 4785 2218 4857 aliquid
2238 4782 2541 4840 faciendum
2566 4781 2708 4854 quod
2737 4781 3023 4839 adversum
3052 4790 3135 4837 est
3158 4779 3391 4849 veritati,
3409 4779 3480 4834 ita
3508 4791 3603 4832 re-

2024 4877 2224 4950 fugiant
2272 4886 2327 4935 et
2371 4877 2716 4943 exhorreant,
2760 4874 3209 4947 quemadmodum
3248 4872 3517 4943 refugiunt
3553 4876 3611 4927 et

2023 4972 2335 5038 exhorreut,
2378 4972 2423 5027 si
2479 4970 2782 5027 faciendum
2833 4967 3032 5041 aliquid
3067 4973 3396 5041 proponatur
3452 4962 3603 5035 quod

2027 5065 2308 5122 adversum
2339 5072 2420 5122 est
2440 5065 2691 5121 castitati.
2715 5063 2810 5119 ille
2848 5072 3027 5119 autem
3068 5062 3210 5117 illius
3250 5059 3341 5131 qui
3386 5058 3610 5114 verbum

2025 5160 2324 5230 suscipiens
2345 5173 2374 5213 a
2410 5157 2710 5230 perditione
2734 5157 2890 5227 longe
2925 5154 3118 5222 aberit,
3152 5161 3208 5210 et
3226 5151 3359 5208 nihil
3398 5150 3515 5208 falsi
3542 5166 3612 5207 ex

2027 5252 2144 5323 eius
2169 5266 2261 5307 ore
2273 5249 2551 5323 procedit(
2578 5248 2735 5305 Prov.
2763 5263 2920 5311 XXIX,
2940 5246 3009 5300 27
3036 5244 3081 5318 ),
3110 5253 3217 5300 tam
3238 5244 3339 5300 sibi
3367 5244 3613 5321 clausum

2029 5343 2265 5417 deputat,
2294 5343 2340 5400 si
2365 5342 2433 5400 ad
2462 5339 2884 5399 subveniendum
2904 5338 3105 5395 homini
3126 5352 3230 5410 per
3251 5337 3609 5405 mendacium,

2028 5453 2187 5510 quam
2217 5437 2262 5494 si
2283 5452 2379 5507 per
2402 5444 2644 5508 stuprum
2674 5432 2897 5490 transire
2913 5440 3152 5503 cogatur.
3180 5432 3246 5489 Et
3276 5432 3431 5489 Pater
3452 5447 3617 5489 exath

2030 5530 2108 5586 dit
2134 5537 2409 5596 orantem,
2440 5536 2499 5584 ut
2520 5526 2697 5583 valeat
2735 5526 2854 5582 sine
2890 5524 3170 5583 mendacio
3207 5525 3512 5594 subvenire,
3529 5520 3637 5585 cui

2029 5622 2141 5679 vult
2158 5622 2314 5679 Pater
2333 5622 2468 5694 ipse,
2493 5620 2644 5692 cuius
2663 5619 3021 5676 inscrutabilia
3044 5628 3167 5677 sunt
3179 5619 3398 5692 judicia,
3420 5618 3617 5675 subve-

2095 5738 2110 5771 ί
2148 5747 2249 5788 Arn.
2272 5739 2426 5799 Eruet
2445 5740 2650 5798 quatuor
2671 5732 3019 5799 Mss.,_quisque
3039 5732 3430 5799 mexcttsabititu.
3500 5792 3519 5799 Δ
3545 5758 3561 5799 ,η

2095 5803 2117 5833 ί
2148 5806 2250 5864 Duo
2271 5790 2479 5864 codices'
2494 5799 2721 5864 Vaticani,
2744 5790 2817 5849 vel
2834 5790 3226 5864 'blaspllemwtdo
3257 5795 3447 5858 asserit,
3486 5790 3615 5858 falsa

2032 5862 2214 5916 nouerit
2235 5872 2336 5910 esse
2359 5855 2433 5908 vel
2455 5858 2629 5910 credit.

2100 5927 2121 5964 ³
2153 5931 2202 5975 tn
2224 5920 2326 5975 sola
2349 5918 2566 5974 editione
2588 5929 2720 5993 L0v.,
2750 5925 3134 5983 insidiosissimo.
3360 5961 3439 5980 ιν,
3454 5944 3498 5982 “,-
