  <div class='ocr_page' id='page_1' title='image "/cluster/home/n/w/nwhite01/storage/ocr_20150623/40/hvd.32044024147290/280.png"; bbox 0 0 4070 6334; ppageno 0'>
   <div class='ocr_carea' id='block_1_1' title="bbox 299 436 393 498">
    <p class='ocr_par' dir='ltr' id='par_1_1' title="bbox 299 436 393 498">
     <span class='ocr_line' id='line_1_1' title="bbox 299 436 393 498; baseline 0 0"><span class='ocrx_word' id='word_1_1' title='bbox 299 436 393 498; x_wconf 70' lang='grc'><strong>649</strong></span> 
     </span>
    </p>
   </div>
   <div class='ocr_carea' id='block_1_2' title="bbox 293 534 1880 620">
    <p class='ocr_par' dir='ltr' id='par_1_2' title="bbox 293 534 1880 620">
     <span class='ocr_line' id='line_1_2' title="bbox 293 534 1880 620; baseline -0.009 -15"><span class='ocrx_word' id='word_1_2' title='bbox 293 546 523 620; x_wconf 77' lang='grc' dir='ltr'><strong>Αροειοιί</strong></span> <span class='ocrx_word' id='word_1_3' title='bbox 556 550 863 617; x_wconf 72' lang='grc' dir='ltr'><strong>ρνωεεριιιηι</strong></span> <span class='ocrx_word' id='word_1_4' title='bbox 907 540 975 598; x_wconf 74' lang='lat' dir='ltr'><strong>de</strong></span> <span class='ocrx_word' id='word_1_5' title='bbox 1014 552 1166 610; x_wconf 79' lang='lat' dir='ltr'><strong>opere</strong></span> <span class='ocrx_word' id='word_1_6' title='bbox 1202 534 1462 610; x_wconf 75' lang='lat' dir='ltr'><strong>spirituali</strong></span> <span class='ocrx_word' id='word_1_7' title='bbox 1488 535 1652 608; x_wconf 82' lang='lat' dir='ltr'><strong>accipi</strong></span> <span class='ocrx_word' id='word_1_8' title='bbox 1690 538 1880 595; x_wconf 77' lang='lat' dir='ltr'><strong>volunt.</strong></span> 
     </span>
    </p>
   </div>
   <div class='ocr_carea' id='block_1_3' title="bbox 292 628 1884 706">
    <p class='ocr_par' dir='ltr' id='par_1_3' title="bbox 292 628 1884 706">
     <span class='ocr_line' id='line_1_3' title="bbox 292 628 1884 706; baseline -0.009 -8"><span class='ocrx_word' id='word_1_9' title='bbox 292 642 619 700; x_wconf 73' lang='lat' dir='ltr'><strong>Arbitrantur</strong></span> <span class='ocrx_word' id='word_1_10' title='bbox 646 653 701 693; x_wconf 91' lang='lat' dir='ltr'><strong>se</strong></span> <span class='ocrx_word' id='word_1_11' title='bbox 726 653 827 692; x_wconf 83' lang='lat' dir='ltr'><strong>non</strong></span> <span class='ocrx_word' id='word_1_12' title='bbox 852 643 1115 706; x_wconf 73' lang='lat' dir='ltr'><strong>operantes</strong></span> <span class='ocrx_word' id='word_1_13' title='bbox 1153 631 1351 687; x_wconf 77' lang='lat' dir='ltr'><strong>obedire</strong></span> <span class='ocrx_word' id='word_1_14' title='bbox 1380 629 1621 701; x_wconf 82' lang='lat' dir='ltr'><strong>Apostolo</strong></span> <span class='ocrx_word' id='word_1_15' title='bbox 1643 638 1688 683; x_wconf 87' lang='lat' dir='ltr'><strong>et</strong></span> <span class='ocrx_word' id='word_1_16' title='bbox 1709 628 1884 684; x_wconf 81' lang='lat' dir='ltr'><strong>Euan—</strong></span> 
     </span>
    </p>
   </div>
   <div class='ocr_carea' id='block_1_4' title="bbox 294 720 1885 809">
    <p class='ocr_par' dir='ltr' id='par_1_4' title="bbox 294 720 1885 809">
     <span class='ocr_line' id='line_1_4' title="bbox 294 720 1885 809; baseline -0.007 -19"><span class='ocrx_word' id='word_1_17' title='bbox 294 735 439 809; x_wconf 84' lang='lat' dir='ltr'><strong>gelio.</strong></span> <span class='ocrx_word' id='word_1_18' title='bbox 464 730 703 789; x_wconf 70' lang='lat' dir='ltr'><strong>iussioni</strong></span> <span class='ocrx_word' id='word_1_19' title='bbox 727 736 852 796; x_wconf 67' lang='lat' dir='ltr'><strong>tua,</strong></span> <span class='ocrx_word' id='word_1_20' title='bbox 879 734 1065 783; x_wconf 85' lang='lat' dir='ltr'><strong>sancte</strong></span> <span class='ocrx_word' id='word_1_21' title='bbox 1107 724 1271 781; x_wconf 89' lang='lat' dir='ltr'><strong>frater</strong></span> <span class='ocrx_word' id='word_1_22' title='bbox 1304 723 1505 789; x_wconf 79' lang='lat' dir='ltr'><strong>Aureli,</strong></span> <span class='ocrx_word' id='word_1_23' title='bbox 1547 732 1693 783; x_wconf 87' lang='lat' dir='ltr'><strong>tanto</strong></span> <span class='ocrx_word' id='word_1_24' title='bbox 1721 720 1885 779; x_wconf 86' lang='lat' dir='ltr'><strong>devo-</strong></span> 
     </span>
    </p>
   </div>
   <div class='ocr_carea' id='block_1_5' title="bbox 295 817 1883 897">
    <p class='ocr_par' dir='ltr' id='par_1_5' title="bbox 295 817 1883 897">
     <span class='ocr_line' id='line_1_5' title="bbox 295 817 1883 897; baseline -0.009 -11"><span class='ocrx_word' id='word_1_25' title='bbox 295 832 396 887; x_wconf 88' lang='lat' dir='ltr'><strong>tius</strong></span> <span class='ocrx_word' id='word_1_26' title='bbox 420 827 794 897; x_wconf 85' lang='lat' dir='ltr'><strong>obtemperare</strong></span> <span class='ocrx_word' id='word_1_27' title='bbox 814 839 901 880; x_wconf 84' lang='lat' dir='ltr'><strong>me</strong></span> <span class='ocrx_word' id='word_1_28' title='bbox 922 825 1175 895; x_wconf 73' lang='lat' dir='ltr'><strong>oportuit,</strong></span> <span class='ocrx_word' id='word_1_29' title='bbox 1198 830 1397 892; x_wconf 88' lang='lat' dir='ltr'><strong>quanto</strong></span> <span class='ocrx_word' id='word_1_30' title='bbox 1416 819 1583 891; x_wconf 86' lang='lat' dir='ltr'><strong>magis</strong></span> <span class='ocrx_word' id='word_1_31' title='bbox 1608 818 1737 875; x_wconf 88' lang='lat' dir='ltr'><strong>mihi</strong></span> <span class='ocrx_word' id='word_1_32' title='bbox 1764 817 1883 889; x_wconf 82' lang='lat' dir='ltr'><strong>quis</strong></span> 
     </span>
    </p>
   </div>
   <div class='ocr_carea' id='block_1_6' title="bbox 296 911 1884 991">
    <p class='ocr_par' dir='ltr' id='par_1_6' title="bbox 296 911 1884 991">
     <span class='ocr_line' id='line_1_6' title="bbox 296 911 1884 991; baseline -0.008 -13"><span class='ocrx_word' id='word_1_33' title='bbox 296 939 362 979; x_wconf 78' lang='lat' dir='ltr'><strong>ex</strong></span> <span class='ocrx_word' id='word_1_34' title='bbox 410 932 463 977; x_wconf 90' lang='lat' dir='ltr'><strong>te</strong></span> <span class='ocrx_word' id='word_1_35' title='bbox 506 919 748 991; x_wconf 85' lang='lat' dir='ltr'><strong>jusserit,</strong></span> <span class='ocrx_word' id='word_1_36' title='bbox 796 916 1001 973; x_wconf 83' lang='lat' dir='ltr'><strong>claruit.</strong></span> <span class='ocrx_word' id='word_1_37' title='bbox 1052 914 1309 970; x_wconf 83' lang='lat' dir='ltr'><strong>Dominus</strong></span> <span class='ocrx_word' id='word_1_38' title='bbox 1347 913 1489 969; x_wconf 88' lang='lat' dir='ltr'><strong>enim</strong></span> <span class='ocrx_word' id='word_1_39' title='bbox 1520 921 1700 968; x_wconf 89' lang='lat' dir='ltr'><strong>noster</strong></span> <span class='ocrx_word' id='word_1_40' title='bbox 1728 911 1884 968; x_wconf 71' lang='lat' dir='ltr'><strong>Iesus</strong></span> 
     </span>
    </p>
   </div>
   <div class='ocr_carea' id='block_1_7' title="bbox 286 1003 1881 1075">
    <p class='ocr_par' dir='ltr' id='par_1_7' title="bbox 286 1003 1881 1075">
     <span class='ocr_line' id='line_1_7' title="bbox 286 1003 1881 1075; baseline -0.009 -5"><span class='ocrx_word' id='word_1_41' title='bbox 286 1012 536 1070; x_wconf 74' lang='lat' dir='ltr'><strong>Christus</strong></span> <span class='ocrx_word' id='word_1_42' title='bbox 565 1010 812 1066; x_wconf 86' lang='lat' dir='ltr'><strong>habitans</strong></span> <span class='ocrx_word' id='word_1_43' title='bbox 839 1009 893 1064; x_wconf 88' lang='lat' dir='ltr'><strong>in</strong></span> <span class='ocrx_word' id='word_1_44' title='bbox 918 1007 1155 1063; x_wconf 89' lang='lat' dir='ltr'><strong>interiori</strong></span> <span class='ocrx_word' id='word_1_45' title='bbox 1183 1015 1273 1061; x_wconf 91' lang='lat' dir='ltr'><strong>tuo</strong></span> <span class='ocrx_word' id='word_1_46' title='bbox 1299 1006 1340 1071; x_wconf 68' lang='grc' dir='ltr'><strong>ί,</strong></span> <span class='ocrx_word' id='word_1_47' title='bbox 1382 1005 1582 1075; x_wconf 91' lang='lat' dir='ltr'><strong>tibique</strong></span> <span class='ocrx_word' id='word_1_48' title='bbox 1620 1003 1881 1060; x_wconf 89' lang='lat' dir='ltr'><strong>sollicitu-</strong></span> 
     </span>
    </p>
   </div>
   <div class='ocr_carea' id='block_1_8' title="bbox 288 1097 1882 1175">
    <p class='ocr_par' dir='ltr' id='par_1_8' title="bbox 288 1097 1882 1175">
     <span class='ocr_line' id='line_1_8' title="bbox 288 1097 1882 1175; baseline -0.008 -13"><span class='ocrx_word' id='word_1_49' title='bbox 288 1106 468 1163; x_wconf 83' lang='lat' dir='ltr'><strong>dinem</strong></span> <span class='ocrx_word' id='word_1_50' title='bbox 502 1112 737 1175; x_wconf 68' lang='lat' dir='ltr'><strong>patcrnae</strong></span> <span class='ocrx_word' id='word_1_51' title='bbox 762 1110 815 1158; x_wconf 89' lang='lat' dir='ltr'><strong>et</strong></span> <span class='ocrx_word' id='word_1_52' title='bbox 832 1101 1079 1156; x_wconf 71' lang='lat' dir='ltr'><strong>fraterna:</strong></span> <span class='ocrx_word' id='word_1_53' title='bbox 1100 1098 1372 1154; x_wconf 87' lang='lat' dir='ltr'><strong>charitatis</strong></span> <span class='ocrx_word' id='word_1_54' title='bbox 1394 1097 1677 1168; x_wconf 80' lang='lat' dir='ltr'><strong>inspirans,</strong></span> <span class='ocrx_word' id='word_1_55' title='bbox 1703 1106 1882 1153; x_wconf 89' lang='lat' dir='ltr'><strong>utrum</strong></span> 
     </span>
    </p>
   </div>
   <div class='ocr_carea' id='block_1_9' title="bbox 287 1187 1881 1260">
    <p class='ocr_par' dir='ltr' id='par_1_9' title="bbox 287 1187 1881 1260">
     <span class='ocr_line' id='line_1_9' title="bbox 287 1187 1881 1260; baseline -0.006 -8"><span class='ocrx_word' id='word_1_56' title='bbox 287 1197 413 1253; x_wconf 83' lang='lat' dir='ltr'><strong>ﬁliis</strong></span> <span class='ocrx_word' id='word_1_57' title='bbox 441 1204 496 1250; x_wconf 90' lang='lat' dir='ltr'><strong>ct</strong></span> <span class='ocrx_word' id='word_1_58' title='bbox 536 1194 792 1250; x_wconf 72' lang='lat' dir='ltr'><strong>fratribus</strong></span> <span class='ocrx_word' id='word_1_59' title='bbox 819 1192 1017 1247; x_wconf 86' lang='lat' dir='ltr'><strong>nostris</strong></span> <span class='ocrx_word' id='word_1_60' title='bbox 1059 1190 1333 1246; x_wconf 83' lang='lat' dir='ltr'><strong>monachis</strong></span> <span class='ocrx_word' id='word_1_61' title='bbox 1358 1233 1372 1257; x_wconf 92' lang='lat'><strong>,</strong></span> <span class='ocrx_word' id='word_1_62' title='bbox 1405 1190 1495 1260; x_wconf 85' lang='lat' dir='ltr'><strong>qui</strong></span> <span class='ocrx_word' id='word_1_63' title='bbox 1524 1189 1681 1245; x_wconf 81' lang='lat' dir='ltr'><strong>beato</strong></span> <span class='ocrx_word' id='word_1_64' title='bbox 1718 1187 1881 1244; x_wconf 87' lang='lat' dir='ltr'><strong>Paulo</strong></span> 
     </span>
    </p>
   </div>
   <div class='ocr_carea' id='block_1_10' title="bbox 286 1279 1879 1360">
    <p class='ocr_par' dir='ltr' id='par_1_10' title="bbox 286 1279 1879 1360">
     <span class='ocr_line' id='line_1_10' title="bbox 286 1279 1879 1360; baseline -0.007 -16"><span class='ocrx_word' id='word_1_65' title='bbox 286 1288 534 1360; x_wconf 75' lang='lat' dir='ltr'><strong>apostolo</strong></span> <span class='ocrx_word' id='word_1_66' title='bbox 561 1285 780 1342; x_wconf 84' lang='lat' dir='ltr'><strong>obedire</strong></span> <span class='ocrx_word' id='word_1_67' title='bbox 806 1285 1076 1355; x_wconf 81' lang='lat' dir='ltr'><strong>negligunt</strong></span> <span class='ocrx_word' id='word_1_68' title='bbox 1118 1283 1335 1350; x_wconf 66' lang='lat' dir='ltr'><strong>dicenti,</strong></span> <span class='ocrx_word' id='word_1_69' title='bbox 1370 1281 1473 1347; x_wconf 92' lang='lat' dir='ltr'><strong>Qui</strong></span> <span class='ocrx_word' id='word_1_70' title='bbox 1499 1298 1598 1335; x_wconf 88' lang='lat' dir='ltr'><strong>non</strong></span> <span class='ocrx_word' id='word_1_71' title='bbox 1624 1279 1729 1334; x_wconf 89' lang='lat' dir='ltr'><strong>vult</strong></span> <span class='ocrx_word' id='word_1_72' title='bbox 1754 1297 1879 1351; x_wconf 85' lang='lat' dir='ltr'><strong>ope-</strong></span> 
     </span>
    </p>
   </div>
   <div class='ocr_carea' id='block_1_11' title="bbox 285 1370 1883 1448">
    <p class='ocr_par' dir='ltr' id='par_1_11' title="bbox 285 1370 1883 1448">
     <span class='ocr_line' id='line_1_11' title="bbox 285 1370 1883 1448; baseline -0.006 -13"><span class='ocrx_word' id='word_1_73' title='bbox 285 1380 412 1445; x_wconf 81' lang='lat' dir='ltr'><strong>rari,</strong></span> <span class='ocrx_word' id='word_1_74' title='bbox 444 1395 549 1433; x_wconf 84' lang='lat' dir='ltr'><strong>non</strong></span> <span class='ocrx_word' id='word_1_75' title='bbox 575 1378 840 1431; x_wconf 78' lang='lat' dir='ltr'><strong>manducet</strong></span> <span class='ocrx_word' id='word_1_76' title='bbox 871 1374 939 1448; x_wconf 87' lang='lat' dir='ltr'><strong>(ll</strong></span> <span class='ocrx_word' id='word_1_77' title='bbox 969 1373 1143 1429; x_wconf 89' lang='lat' dir='ltr'><strong>Thess.</strong></span> <span class='ocrx_word' id='word_1_78' title='bbox 1175 1390 1252 1439; x_wconf 84' lang='lat' dir='ltr'><strong>tn,</strong></span> <span class='ocrx_word' id='word_1_79' title='bbox 1280 1372 1386 1443; x_wconf 87' lang='lat' dir='ltr'><strong>l0),</strong></span> <span class='ocrx_word' id='word_1_80' title='bbox 1434 1370 1783 1442; x_wconf 83' lang='lat' dir='ltr'><strong>permittenda</strong></span> <span class='ocrx_word' id='word_1_81' title='bbox 1814 1370 1883 1425; x_wconf 79' lang='lat' dir='ltr'><strong>sit</strong></span> 
     </span>
    </p>
   </div>
   <div class='ocr_carea' id='block_1_12' title="bbox 286 1465 1882 1536">
    <p class='ocr_par' dir='ltr' id='par_1_12' title="bbox 286 1465 1882 1536">
     <span class='ocr_line' id='line_1_12' title="bbox 286 1465 1882 1536; baseline -0.008 -7"><span class='ocrx_word' id='word_1_82' title='bbox 286 1472 387 1529; x_wconf 81' lang='lat' dir='ltr'><strong>ista</strong></span> <span class='ocrx_word' id='word_1_83' title='bbox 417 1469 656 1536; x_wconf 81' lang='lat' dir='ltr'><strong>licentia,</strong></span> <span class='ocrx_word' id='word_1_84' title='bbox 684 1467 1009 1523; x_wconf 78' lang='lat' dir='ltr'><strong>voluntatem</strong></span> <span class='ocrx_word' id='word_1_85' title='bbox 1048 1480 1112 1521; x_wconf 87' lang='lat' dir='ltr'><strong>ae</strong></span> <span class='ocrx_word' id='word_1_86' title='bbox 1159 1465 1389 1535; x_wconf 75' lang='lat' dir='ltr'><strong>linguam</strong></span> <span class='ocrx_word' id='word_1_87' title='bbox 1430 1472 1573 1519; x_wconf 91' lang='lat' dir='ltr'><strong>tuam</strong></span> <span class='ocrx_word' id='word_1_88' title='bbox 1604 1476 1882 1520; x_wconf 78' lang='lat' dir='ltr'><strong>assumens</strong></span> 
     </span>
    </p>
   </div>
   <div class='ocr_carea' id='block_1_13' title="bbox 286 1554 1883 1631">
    <p class='ocr_par' dir='ltr' id='par_1_13' title="bbox 286 1554 1883 1631">
     <span class='ocr_line' id='line_1_13' title="bbox 286 1554 1883 1631; baseline -0.006 -14"><span class='ocrx_word' id='word_1_89' title='bbox 286 1561 343 1618; x_wconf 89' lang='lat' dir='ltr'><strong>in</strong></span> <span class='ocrx_word' id='word_1_90' title='bbox 386 1575 526 1631; x_wconf 89' lang='lat' dir='ltr'><strong>opus</strong></span> <span class='ocrx_word' id='word_1_91' title='bbox 573 1574 729 1615; x_wconf 89' lang='lat' dir='ltr'><strong>suum</strong></span> <span class='ocrx_word' id='word_1_92' title='bbox 753 1599 768 1625; x_wconf 93' lang='lat'><strong>,</strong></span> <span class='ocrx_word' id='word_1_93' title='bbox 803 1557 1081 1629; x_wconf 83' lang='lat' dir='ltr'><strong>imperavit</strong></span> <span class='ocrx_word' id='word_1_94' title='bbox 1109 1555 1239 1612; x_wconf 91' lang='lat' dir='ltr'><strong>mihi</strong></span> <span class='ocrx_word' id='word_1_95' title='bbox 1266 1572 1332 1612; x_wconf 82' lang='lat' dir='ltr'><strong>ex</strong></span> <span class='ocrx_word' id='word_1_96' title='bbox 1364 1565 1448 1623; x_wconf 84' lang='lat' dir='ltr'><strong>te,</strong></span> <span class='ocrx_word' id='word_1_97' title='bbox 1494 1564 1553 1612; x_wconf 90' lang='lat' dir='ltr'><strong>ut</strong></span> <span class='ocrx_word' id='word_1_98' title='bbox 1580 1555 1706 1610; x_wconf 88' lang='lat' dir='ltr'><strong>hinc</strong></span> <span class='ocrx_word' id='word_1_99' title='bbox 1732 1554 1800 1611; x_wconf 90' lang='lat' dir='ltr'><strong>ad</strong></span> <span class='ocrx_word' id='word_1_100' title='bbox 1830 1562 1883 1609; x_wconf 89' lang='lat' dir='ltr'><strong>te</strong></span> 
     </span>
    </p>
   </div>
   <div class='ocr_carea' id='block_1_14' title="bbox 292 1647 1881 1723">
    <p class='ocr_par' dir='ltr' id='par_1_14' title="bbox 292 1647 1881 1723">
     <span class='ocr_line' id='line_1_14' title="bbox 292 1647 1881 1723; baseline -0.004 -15"><span class='ocrx_word' id='word_1_101' title='bbox 292 1652 495 1723; x_wconf 87' lang='lat' dir='ltr'><strong>aliquid</strong></span> <span class='ocrx_word' id='word_1_102' title='bbox 524 1652 837 1708; x_wconf 81' lang='lat' dir='ltr'><strong>scriberem.</strong></span> <span class='ocrx_word' id='word_1_103' title='bbox 869 1649 1024 1705; x_wconf 82' lang='lat' dir='ltr'><strong>Adsit</strong></span> <span class='ocrx_word' id='word_1_104' title='bbox 1049 1650 1226 1720; x_wconf 84' lang='lat' dir='ltr'><strong>itaque</strong></span> <span class='ocrx_word' id='word_1_105' title='bbox 1253 1648 1364 1718; x_wconf 89' lang='lat' dir='ltr'><strong>ipse</strong></span> <span class='ocrx_word' id='word_1_106' title='bbox 1391 1647 1551 1703; x_wconf 88' lang='lat' dir='ltr'><strong>etiam</strong></span> <span class='ocrx_word' id='word_1_107' title='bbox 1583 1648 1734 1714; x_wconf 90' lang='lat' dir='ltr'><strong>mihi,</strong></span> <span class='ocrx_word' id='word_1_108' title='bbox 1775 1661 1881 1717; x_wconf 89' lang='lat' dir='ltr'><strong>quo</strong></span> 
     </span>
    </p>
   </div>
   <div class='ocr_carea' id='block_1_15' title="bbox 288 1739 1878 1813">
    <p class='ocr_par' dir='ltr' id='par_1_15' title="bbox 288 1739 1878 1813">
     <span class='ocr_line' id='line_1_15' title="bbox 288 1739 1878 1813; baseline -0.003 -15"><span class='ocrx_word' id='word_1_109' title='bbox 288 1744 357 1799; x_wconf 81' lang='lat' dir='ltr'><strong>ita</strong></span> <span class='ocrx_word' id='word_1_110' title='bbox 390 1758 630 1813; x_wconf 85' lang='lat' dir='ltr'><strong>paream,</strong></span> <span class='ocrx_word' id='word_1_111' title='bbox 665 1751 721 1797; x_wconf 91' lang='lat' dir='ltr'><strong>ut</strong></span> <span class='ocrx_word' id='word_1_112' title='bbox 743 1743 793 1797; x_wconf 89' lang='lat' dir='ltr'><strong>ei</strong></span> <span class='ocrx_word' id='word_1_113' title='bbox 819 1757 908 1797; x_wconf 90' lang='lat' dir='ltr'><strong>me</strong></span> <span class='ocrx_word' id='word_1_114' title='bbox 936 1755 1126 1811; x_wconf 87' lang='lat' dir='ltr'><strong>parcre</strong></span> <span class='ocrx_word' id='word_1_115' title='bbox 1150 1755 1216 1795; x_wconf 81' lang='lat' dir='ltr'><strong>ex</strong></span> <span class='ocrx_word' id='word_1_116' title='bbox 1242 1739 1356 1810; x_wconf 83' lang='lat' dir='ltr'><strong>ejus</strong></span> <span class='ocrx_word' id='word_1_117' title='bbox 1380 1754 1603 1797; x_wconf 87' lang='lat' dir='ltr'><strong>munere</strong></span> <span class='ocrx_word' id='word_1_118' title='bbox 1632 1740 1746 1810; x_wconf 88' lang='lat' dir='ltr'><strong>ipsa</strong></span> <span class='ocrx_word' id='word_1_119' title='bbox 1773 1739 1878 1795; x_wconf 89' lang='lat' dir='ltr'><strong>uti-</strong></span> 
     </span>
    </p>
   </div>
   <div class='ocr_carea' id='block_1_16' title="bbox 288 1833 1292 1903">
    <p class='ocr_par' dir='ltr' id='par_1_16' title="bbox 288 1833 1292 1903">
     <span class='ocr_line' id='line_1_16' title="bbox 288 1833 1292 1903; baseline -0.005 -11"><span class='ocrx_word' id='word_1_120' title='bbox 288 1836 440 1893; x_wconf 81' lang='lat' dir='ltr'><strong>litate</strong></span> <span class='ocrx_word' id='word_1_121' title='bbox 467 1835 725 1892; x_wconf 89' lang='lat' dir='ltr'><strong>fructuosi</strong></span> <span class='ocrx_word' id='word_1_122' title='bbox 759 1834 954 1889; x_wconf 87' lang='lat' dir='ltr'><strong>laboris</strong></span> <span class='ocrx_word' id='word_1_123' title='bbox 984 1833 1292 1903; x_wconf 78' lang='lat' dir='ltr'><strong>intelligam.</strong></span> 
     </span>
    </p>
   </div>
   <div class='ocr_carea' id='block_1_17' title="bbox 356 1924 1881 1999">
    <p class='ocr_par' dir='ltr' id='par_1_17' title="bbox 356 1924 1881 1999">
     <span class='ocr_line' id='line_1_17' title="bbox 356 1924 1881 1999; baseline -0.003 -14"><span class='ocrx_word' id='word_1_124' title='bbox 356 1930 414 1985; x_wconf 71' lang='lat'><strong>2.</strong></span> <span class='ocrx_word' id='word_1_125' title='bbox 459 1929 702 1985; x_wconf 87' lang='lat' dir='ltr'><strong>Primum</strong></span> <span class='ocrx_word' id='word_1_126' title='bbox 742 1943 869 1999; x_wconf 86' lang='lat' dir='ltr'><strong>ergo</strong></span> <span class='ocrx_word' id='word_1_127' title='bbox 893 1926 1179 1982; x_wconf 88' lang='lat' dir='ltr'><strong>videndum</strong></span> <span class='ocrx_word' id='word_1_128' title='bbox 1219 1924 1345 1996; x_wconf 90' lang='lat' dir='ltr'><strong>quid</strong></span> <span class='ocrx_word' id='word_1_129' title='bbox 1375 1925 1551 1981; x_wconf 89' lang='lat' dir='ltr'><strong>dicant</strong></span> <span class='ocrx_word' id='word_1_130' title='bbox 1582 1925 1725 1980; x_wconf 87' lang='lat' dir='ltr'><strong>illius</strong></span> <span class='ocrx_word' id='word_1_131' title='bbox 1755 1939 1881 1996; x_wconf 82' lang='lat' dir='ltr'><strong>pro-</strong></span> 
     </span>
    </p>
   </div>
   <div class='ocr_carea' id='block_1_18' title="bbox 288 2015 1879 2089">
    <p class='ocr_par' dir='ltr' id='par_1_18' title="bbox 288 2015 1879 2089">
     <span class='ocr_line' id='line_1_18' title="bbox 288 2015 1879 2089; baseline -0.003 -12"><span class='ocrx_word' id='word_1_132' title='bbox 288 2020 541 2077; x_wconf 87' lang='lat' dir='ltr'><strong>fessionis</strong></span> <span class='ocrx_word' id='word_1_133' title='bbox 573 2020 817 2075; x_wconf 86' lang='lat' dir='ltr'><strong>homines</strong></span> <span class='ocrx_word' id='word_1_134' title='bbox 845 2017 936 2089; x_wconf 90' lang='lat' dir='ltr'><strong>qui</strong></span> <span class='ocrx_word' id='word_1_135' title='bbox 966 2018 1175 2087; x_wconf 89' lang='lat' dir='ltr'><strong>operari</strong></span> <span class='ocrx_word' id='word_1_136' title='bbox 1203 2017 1391 2073; x_wconf 83' lang='lat' dir='ltr'><strong>nolunt</strong></span> <span class='ocrx_word' id='word_1_137' title='bbox 1422 2035 1435 2071; x_wconf 91' lang='lat'><strong>:</strong></span> <span class='ocrx_word' id='word_1_138' title='bbox 1469 2015 1680 2084; x_wconf 87' lang='lat' dir='ltr'><strong>deinde,</strong></span> <span class='ocrx_word' id='word_1_139' title='bbox 1713 2016 1759 2072; x_wconf 88' lang='lat' dir='ltr'><strong>si</strong></span> <span class='ocrx_word' id='word_1_140' title='bbox 1785 2031 1879 2073; x_wconf 89' lang='lat' dir='ltr'><strong>eos</strong></span> 
     </span>
    </p>
   </div>
   <div class='ocr_carea' id='block_1_19' title="bbox 286 2108 1877 2176">
    <p class='ocr_par' dir='ltr' id='par_1_19' title="bbox 286 2108 1877 2176">
     <span class='ocr_line' id='line_1_19' title="bbox 286 2108 1877 2176; baseline -0.003 -7"><span class='ocrx_word' id='word_1_141' title='bbox 286 2128 398 2169; x_wconf 84' lang='lat' dir='ltr'><strong>non</strong></span> <span class='ocrx_word' id='word_1_142' title='bbox 428 2124 578 2169; x_wconf 88' lang='lat' dir='ltr'><strong>recte</strong></span> <span class='ocrx_word' id='word_1_143' title='bbox 603 2111 804 2168; x_wconf 87' lang='lat' dir='ltr'><strong>sentire</strong></span> <span class='ocrx_word' id='word_1_144' title='bbox 842 2110 1203 2165; x_wconf 87' lang='lat' dir='ltr'><strong>invenerimus</strong></span> <span class='ocrx_word' id='word_1_145' title='bbox 1226 2150 1241 2176; x_wconf 92' lang='lat'><strong>,</strong></span> <span class='ocrx_word' id='word_1_146' title='bbox 1272 2108 1339 2164; x_wconf 90' lang='lat' dir='ltr'><strong>ad</strong></span> <span class='ocrx_word' id='word_1_147' title='bbox 1368 2123 1553 2165; x_wconf 91' lang='lat' dir='ltr'><strong>eorum</strong></span> <span class='ocrx_word' id='word_1_148' title='bbox 1584 2108 1877 2165; x_wconf 87' lang='lat' dir='ltr'><strong>correctio-</strong></span> 
     </span>
    </p>
   </div>
   <div class='ocr_carea' id='block_1_20' title="bbox 285 2202 1880 2278">
    <p class='ocr_par' dir='ltr' id='par_1_20' title="bbox 285 2202 1880 2278">
     <span class='ocr_line' id='line_1_20' title="bbox 285 2202 1880 2278; baseline -0.004 -13"><span class='ocrx_word' id='word_1_149' title='bbox 285 2222 417 2265; x_wconf 82' lang='lat' dir='ltr'><strong>nem</strong></span> <span class='ocrx_word' id='word_1_150' title='bbox 453 2206 580 2278; x_wconf 89' lang='lat' dir='ltr'><strong>quid</strong></span> <span class='ocrx_word' id='word_1_151' title='bbox 612 2204 920 2261; x_wconf 89' lang='lat' dir='ltr'><strong>dicendum.</strong></span> <span class='ocrx_word' id='word_1_152' title='bbox 950 2202 1085 2270; x_wconf 82' lang='lat' dir='ltr'><strong>Non,</strong></span> <span class='ocrx_word' id='word_1_153' title='bbox 1134 2203 1413 2273; x_wconf 87' lang='lat' dir='ltr'><strong>inquiunt,</strong></span> <span class='ocrx_word' id='word_1_154' title='bbox 1457 2202 1525 2258; x_wconf 91' lang='lat' dir='ltr'><strong>de</strong></span> <span class='ocrx_word' id='word_1_155' title='bbox 1571 2202 1673 2258; x_wconf 89' lang='lat' dir='ltr'><strong>hoc</strong></span> <span class='ocrx_word' id='word_1_156' title='bbox 1719 2218 1880 2273; x_wconf 89' lang='lat' dir='ltr'><strong>opere</strong></span> 
     </span>
    </p>
   </div>
   <div class='ocr_carea' id='block_1_21' title="bbox 280 2293 1875 2371">
    <p class='ocr_par' dir='ltr' id='par_1_21' title="bbox 280 2293 1875 2371">
     <span class='ocr_line' id='line_1_21' title="bbox 280 2293 1875 2371; baseline -0.005 -16"><span class='ocrx_word' id='word_1_157' title='bbox 280 2299 576 2371; x_wconf 76' lang='lat' dir='ltr'><strong>corporali,</strong></span> <span class='ocrx_word' id='word_1_158' title='bbox 612 2298 664 2353; x_wconf 92' lang='lat' dir='ltr'><strong>in</strong></span> <span class='ocrx_word' id='word_1_159' title='bbox 695 2312 802 2368; x_wconf 91' lang='lat' dir='ltr'><strong>quo</strong></span> <span class='ocrx_word' id='word_1_160' title='bbox 835 2296 917 2352; x_wconf 87' lang='lat' dir='ltr'><strong>vel</strong></span> <span class='ocrx_word' id='word_1_161' title='bbox 946 2294 1196 2367; x_wconf 70' lang='lat' dir='ltr'><strong>agricola:</strong></span> <span class='ocrx_word' id='word_1_162' title='bbox 1224 2294 1309 2350; x_wconf 86' lang='lat' dir='ltr'><strong>vel</strong></span> <span class='ocrx_word' id='word_1_163' title='bbox 1350 2293 1569 2364; x_wconf 78' lang='lat' dir='ltr'><strong>opiﬁces</strong></span> <span class='ocrx_word' id='word_1_164' title='bbox 1611 2293 1875 2361; x_wconf 83' lang='lat' dir='ltr'><strong>laborant,</strong></span> 
     </span>
    </p>
   </div>
   <div class='ocr_carea' id='block_1_22' title="bbox 279 2386 1878 2465">
    <p class='ocr_par' dir='ltr' id='par_1_22' title="bbox 279 2386 1878 2465">
     <span class='ocr_line' id='line_1_22' title="bbox 279 2386 1878 2465; baseline -0.005 -17"><span class='ocrx_word' id='word_1_165' title='bbox 279 2396 539 2465; x_wconf 62' lang='lat' dir='ltr'><strong>[succepit</strong></span> <span class='ocrx_word' id='word_1_166' title='bbox 571 2389 863 2461; x_wconf 84' lang='lat' dir='ltr'><strong>Apostolus</strong></span> <span class='ocrx_word' id='word_1_167' title='bbox 885 2430 900 2456; x_wconf 92' lang='lat'><strong>,</strong></span> <span class='ocrx_word' id='word_1_168' title='bbox 929 2403 1052 2445; x_wconf 90' lang='lat' dir='ltr'><strong>cum</strong></span> <span class='ocrx_word' id='word_1_169' title='bbox 1077 2387 1314 2453; x_wconf 89' lang='lat' dir='ltr'><strong>diceret,</strong></span> <span class='ocrx_word' id='word_1_170' title='bbox 1356 2386 1456 2453; x_wconf 86' lang='lat' dir='ltr'><strong>Qui</strong></span> <span class='ocrx_word' id='word_1_171' title='bbox 1494 2404 1593 2441; x_wconf 86' lang='lat' dir='ltr'><strong>non</strong></span> <span class='ocrx_word' id='word_1_172' title='bbox 1622 2388 1727 2441; x_wconf 90' lang='lat' dir='ltr'><strong>vult</strong></span> <span class='ocrx_word' id='word_1_173' title='bbox 1755 2403 1878 2458; x_wconf 80' lang='lat' dir='ltr'><strong>ope-</strong></span> 
     </span>
    </p>
   </div>
   <div class='ocr_carea' id='block_1_23' title="bbox 277 2479 1878 2554">
    <p class='ocr_par' dir='ltr' id='par_1_23' title="bbox 277 2479 1878 2554">
     <span class='ocr_line' id='line_1_23' title="bbox 277 2479 1878 2554; baseline -0.004 -11"><span class='ocrx_word' id='word_1_174' title='bbox 277 2488 409 2554; x_wconf 79' lang='lat' dir='ltr'><strong>rari,</strong></span> <span class='ocrx_word' id='word_1_175' title='bbox 434 2502 539 2541; x_wconf 85' lang='lat' dir='ltr'><strong>non</strong></span> <span class='ocrx_word' id='word_1_176' title='bbox 564 2484 854 2539; x_wconf 82' lang='lat' dir='ltr'><strong>manducet.</strong></span> <span class='ocrx_word' id='word_1_177' title='bbox 882 2481 1063 2554; x_wconf 84' lang='lat' dir='ltr'><strong>Neque</strong></span> <span class='ocrx_word' id='word_1_178' title='bbox 1083 2482 1225 2537; x_wconf 89' lang='lat' dir='ltr'><strong>enim</strong></span> <span class='ocrx_word' id='word_1_179' title='bbox 1246 2479 1535 2552; x_wconf 86' lang='lat' dir='ltr'><strong>Evangelio</strong></span> <span class='ocrx_word' id='word_1_180' title='bbox 1554 2489 1738 2552; x_wconf 87' lang='lat' dir='ltr'><strong>posset</strong></span> <span class='ocrx_word' id='word_1_181' title='bbox 1757 2495 1878 2537; x_wconf 88' lang='lat' dir='ltr'><strong>esse</strong></span> 
     </span>
    </p>
   </div>
   <div class='ocr_carea' id='block_1_24' title="bbox 276 2572 1880 2646">
    <p class='ocr_par' dir='ltr' id='par_1_24' title="bbox 276 2572 1880 2646">
     <span class='ocr_line' id='line_1_24' title="bbox 276 2572 1880 2646; baseline -0.006 -10"><span class='ocrx_word' id='word_1_182' title='bbox 276 2581 613 2645; x_wconf 85' lang='lat' dir='ltr'><strong>contrarius,</strong></span> <span class='ocrx_word' id='word_1_183' title='bbox 638 2578 731 2633; x_wconf 91' lang='lat' dir='ltr'><strong>ubi</strong></span> <span class='ocrx_word' id='word_1_184' title='bbox 766 2578 840 2631; x_wconf 88' lang='lat' dir='ltr'><strong>ait</strong></span> <span class='ocrx_word' id='word_1_185' title='bbox 865 2574 979 2646; x_wconf 88' lang='lat' dir='ltr'><strong>ipse</strong></span> <span class='ocrx_word' id='word_1_186' title='bbox 1012 2574 1268 2631; x_wconf 89' lang='lat' dir='ltr'><strong>Dominus</strong></span> <span class='ocrx_word' id='word_1_187' title='bbox 1293 2590 1306 2628; x_wconf 89' lang='lat'><strong>:</strong></span> <span class='ocrx_word' id='word_1_188' title='bbox 1340 2572 1466 2627; x_wconf 85' lang='lat' dir='ltr'><strong>Ideo</strong></span> <span class='ocrx_word' id='word_1_189' title='bbox 1493 2572 1607 2626; x_wconf 87' lang='lat' dir='ltr'><strong>dico</strong></span> <span class='ocrx_word' id='word_1_190' title='bbox 1634 2572 1790 2637; x_wconf 89' lang='lat' dir='ltr'><strong>vobis,</strong></span> <span class='ocrx_word' id='word_1_191' title='bbox 1816 2588 1880 2627; x_wconf 88' lang='lat' dir='ltr'><strong>ne</strong></span> 
     </span>
    </p>
   </div>
   <div class='ocr_carea' id='block_1_25' title="bbox 279 2666 1877 2739">
    <p class='ocr_par' dir='ltr' id='par_1_25' title="bbox 279 2666 1877 2739">
     <span class='ocr_line' id='line_1_25' title="bbox 279 2666 1877 2739; baseline -0.007 -9"><span class='ocrx_word' id='word_1_192' title='bbox 279 2674 489 2731; x_wconf 77' lang='lat' dir='ltr'><strong>solliciti</strong></span> <span class='ocrx_word' id='word_1_193' title='bbox 515 2673 627 2728; x_wconf 89' lang='lat' dir='ltr'><strong>sitis</strong></span> <span class='ocrx_word' id='word_1_194' title='bbox 654 2671 838 2726; x_wconf 79' lang='lat' dir='ltr'><strong>anima:</strong></span> <span class='ocrx_word' id='word_1_195' title='bbox 865 2678 1042 2725; x_wconf 69' lang='lat' dir='ltr'><strong>vestrm</strong></span> <span class='ocrx_word' id='word_1_196' title='bbox 1067 2668 1188 2739; x_wconf 86' lang='lat' dir='ltr'><strong>quid</strong></span> <span class='ocrx_word' id='word_1_197' title='bbox 1218 2666 1547 2731; x_wconf 72' lang='lat' dir='ltr'><strong>manducetis,</strong></span> <span class='ocrx_word' id='word_1_198' title='bbox 1579 2682 1737 2736; x_wconf 86' lang='lat' dir='ltr'><strong>neque</strong></span> <span class='ocrx_word' id='word_1_199' title='bbox 1759 2681 1877 2719; x_wconf 90' lang='lat' dir='ltr'><strong>cor-</strong></span> 
     </span>
    </p>
   </div>
   <div class='ocr_carea' id='block_1_26' title="bbox 277 2757 1878 2839">
    <p class='ocr_par' dir='ltr' id='par_1_26' title="bbox 277 2757 1878 2839">
     <span class='ocr_line' id='line_1_26' title="bbox 277 2757 1878 2839; baseline -0.007 -18"><span class='ocrx_word' id='word_1_200' title='bbox 277 2768 396 2839; x_wconf 71' lang='lat' dir='ltr'><strong>pori</strong></span> <span class='ocrx_word' id='word_1_201' title='bbox 423 2772 588 2820; x_wconf 83' lang='lat' dir='ltr'><strong>vestro</strong></span> <span class='ocrx_word' id='word_1_202' title='bbox 618 2763 740 2831; x_wconf 81' lang='lat' dir='ltr'><strong>quid</strong></span> <span class='ocrx_word' id='word_1_203' title='bbox 760 2760 1059 2815; x_wconf 81' lang='lat' dir='ltr'><strong>induamini.</strong></span> <span class='ocrx_word' id='word_1_204' title='bbox 1088 2757 1274 2813; x_wconf 83' lang='lat' dir='ltr'><strong>Nonne</strong></span> <span class='ocrx_word' id='word_1_205' title='bbox 1296 2759 1468 2812; x_wconf 88' lang='lat' dir='ltr'><strong>anima</strong></span> <span class='ocrx_word' id='word_1_206' title='bbox 1494 2758 1606 2828; x_wconf 89' lang='lat' dir='ltr'><strong>plus</strong></span> <span class='ocrx_word' id='word_1_207' title='bbox 1630 2765 1701 2811; x_wconf 88' lang='lat' dir='ltr'><strong>est</strong></span> <span class='ocrx_word' id='word_1_208' title='bbox 1724 2773 1878 2826; x_wconf 88' lang='lat' dir='ltr'><strong>quam</strong></span> 
     </span>
    </p>
   </div>
   <div class='ocr_carea' id='block_1_27' title="bbox 274 2848 1878 2927">
    <p class='ocr_par' dir='ltr' id='par_1_27' title="bbox 274 2848 1878 2927">
     <span class='ocr_line' id='line_1_27' title="bbox 274 2848 1878 2927; baseline -0.006 -15"><span class='ocrx_word' id='word_1_209' title='bbox 274 2873 398 2912; x_wconf 75' lang='lat' dir='ltr'><strong>esca</strong></span> <span class='ocrx_word' id='word_1_210' title='bbox 421 2898 437 2927; x_wconf 92' lang='lat'><strong>,</strong></span> <span class='ocrx_word' id='word_1_211' title='bbox 463 2865 513 2912; x_wconf 90' lang='lat' dir='ltr'><strong>et</strong></span> <span class='ocrx_word' id='word_1_212' title='bbox 538 2871 725 2927; x_wconf 87' lang='lat' dir='ltr'><strong>corpus</strong></span> <span class='ocrx_word' id='word_1_213' title='bbox 751 2869 900 2925; x_wconf 74' lang='lat' dir='ltr'><strong>quam</strong></span> <span class='ocrx_word' id='word_1_214' title='bbox 926 2850 1310 2906; x_wconf 79' lang='lat' dir='ltr'><strong>vestimentum?</strong></span> <span class='ocrx_word' id='word_1_215' title='bbox 1345 2848 1630 2920; x_wconf 84' lang='lat' dir='ltr'><strong>Conspicite</strong></span> <span class='ocrx_word' id='word_1_216' title='bbox 1655 2848 1878 2903; x_wconf 80' lang='lat' dir='ltr'><strong>volatilia</strong></span> 
     </span>
    </p>
   </div>
   <div class='ocr_carea' id='block_1_28' title="bbox 274 2951 1874 3023">
    <p class='ocr_par' dir='ltr' id='par_1_28' title="bbox 274 2951 1874 3023">
     <span class='ocr_line' id='line_1_28' title="bbox 274 2951 1874 3023; baseline -0.007 -16"><span class='ocrx_word' id='word_1_217' title='bbox 274 2953 411 3017; x_wconf 67' lang='lat' dir='ltr'><strong>cali,</strong></span> <span class='ocrx_word' id='word_1_218' title='bbox 444 2951 687 3023; x_wconf 84' lang='lat' dir='ltr'><strong>quoniam</strong></span> <span class='ocrx_word' id='word_1_219' title='bbox 711 2965 812 3003; x_wconf 89' lang='lat' dir='ltr'><strong>non</strong></span> <span class='ocrx_word' id='word_1_220' title='bbox 833 2955 1025 3013; x_wconf 85' lang='lat' dir='ltr'><strong>serunt,</strong></span> <span class='ocrx_word' id='word_1_221' title='bbox 1054 2961 1209 3016; x_wconf 88' lang='lat' dir='ltr'><strong>neque</strong></span> <span class='ocrx_word' id='word_1_222' title='bbox 1234 2952 1444 3011; x_wconf 86' lang='lat' dir='ltr'><strong>metunt,</strong></span> <span class='ocrx_word' id='word_1_223' title='bbox 1475 2958 1634 3013; x_wconf 85' lang='lat' dir='ltr'><strong>neque</strong></span> <span class='ocrx_word' id='word_1_224' title='bbox 1662 2958 1874 3014; x_wconf 84' lang='lat' dir='ltr'><strong>congre-</strong></span> 
     </span>
    </p>
   </div>
   <div class='ocr_carea' id='block_1_29' title="bbox 276 3032 1878 3117">
    <p class='ocr_par' dir='ltr' id='par_1_29' title="bbox 276 3032 1878 3117">
     <span class='ocr_line' id='line_1_29' title="bbox 276 3032 1878 3117; baseline -0.008 -18"><span class='ocrx_word' id='word_1_225' title='bbox 276 3054 403 3117; x_wconf 88' lang='lat' dir='ltr'><strong>gant</strong></span> <span class='ocrx_word' id='word_1_226' title='bbox 424 3045 475 3098; x_wconf 90' lang='lat' dir='ltr'><strong>in</strong></span> <span class='ocrx_word' id='word_1_227' title='bbox 502 3044 721 3107; x_wconf 85' lang='lat' dir='ltr'><strong>horrea;</strong></span> <span class='ocrx_word' id='word_1_228' title='bbox 745 3048 790 3095; x_wconf 91' lang='lat' dir='ltr'><strong>et</strong></span> <span class='ocrx_word' id='word_1_229' title='bbox 816 3037 971 3093; x_wconf 87' lang='lat' dir='ltr'><strong>Pater</strong></span> <span class='ocrx_word' id='word_1_230' title='bbox 993 3046 1150 3093; x_wconf 82' lang='lat' dir='ltr'><strong>vester</strong></span> <span class='ocrx_word' id='word_1_231' title='bbox 1174 3035 1382 3090; x_wconf 67' lang='lat' dir='ltr'><strong>calestis</strong></span> <span class='ocrx_word' id='word_1_232' title='bbox 1404 3035 1566 3106; x_wconf 83' lang='lat' dir='ltr'><strong>pascit</strong></span> <span class='ocrx_word' id='word_1_233' title='bbox 1590 3033 1702 3088; x_wconf 91' lang='lat' dir='ltr'><strong>illa.</strong></span> <span class='ocrx_word' id='word_1_234' title='bbox 1730 3032 1878 3088; x_wconf 87' lang='lat' dir='ltr'><strong>Non-</strong></span> 
     </span>
    </p>
   </div>
   <div class='ocr_carea' id='block_1_30' title="bbox 275 3129 1879 3210">
    <p class='ocr_par' dir='ltr' id='par_1_30' title="bbox 275 3129 1879 3210">
     <span class='ocr_line' id='line_1_30' title="bbox 275 3129 1879 3210; baseline -0.009 -15"><span class='ocrx_word' id='word_1_235' title='bbox 275 3156 350 3195; x_wconf 75' lang='lat' dir='ltr'><strong>ne</strong></span> <span class='ocrx_word' id='word_1_236' title='bbox 374 3157 459 3195; x_wconf 81' lang='lat' dir='ltr'><strong>vos</strong></span> <span class='ocrx_word' id='word_1_237' title='bbox 486 3138 653 3210; x_wconf 87' lang='lat' dir='ltr'><strong>magis</strong></span> <span class='ocrx_word' id='word_1_238' title='bbox 691 3134 855 3208; x_wconf 87' lang='lat' dir='ltr'><strong>pluris</strong></span> <span class='ocrx_word' id='word_1_239' title='bbox 894 3132 1013 3188; x_wconf 80' lang='lat' dir='ltr'><strong>estis</strong></span> <span class='ocrx_word' id='word_1_240' title='bbox 1042 3130 1184 3186; x_wconf 84' lang='lat' dir='ltr'><strong>illis?</strong></span> <span class='ocrx_word' id='word_1_241' title='bbox 1212 3129 1340 3196; x_wconf 89' lang='lat' dir='ltr'><strong>Quis</strong></span> <span class='ocrx_word' id='word_1_242' title='bbox 1364 3136 1530 3182; x_wconf 86' lang='lat' dir='ltr'><strong>autem</strong></span> <span class='ocrx_word' id='word_1_243' title='bbox 1559 3136 1774 3182; x_wconf 87' lang='lat' dir='ltr'><strong>vestrum</strong></span> <span class='ocrx_word' id='word_1_244' title='bbox 1794 3143 1879 3182; x_wconf 91' lang='lat' dir='ltr'><strong>co-</strong></span> 
     </span>
    </p>
   </div>
   <div class='ocr_carea' id='block_1_31' title="bbox 277 3221 1877 3307">
    <p class='ocr_par' dir='ltr' id='par_1_31' title="bbox 277 3221 1877 3307">
     <span class='ocr_line' id='line_1_31' title="bbox 277 3221 1877 3307; baseline -0.008 -19"><span class='ocrx_word' id='word_1_245' title='bbox 277 3233 450 3307; x_wconf 84' lang='lat' dir='ltr'><strong>gitans</strong></span> <span class='ocrx_word' id='word_1_246' title='bbox 479 3240 643 3304; x_wconf 79' lang='lat' dir='ltr'><strong>potest</strong></span> <span class='ocrx_word' id='word_1_247' title='bbox 664 3229 883 3300; x_wconf 84' lang='lat' dir='ltr'><strong>adjicere</strong></span> <span class='ocrx_word' id='word_1_248' title='bbox 905 3225 974 3281; x_wconf 87' lang='lat' dir='ltr'><strong>ad</strong></span> <span class='ocrx_word' id='word_1_249' title='bbox 991 3234 1235 3282; x_wconf 88' lang='lat' dir='ltr'><strong>staturam</strong></span> <span class='ocrx_word' id='word_1_250' title='bbox 1259 3239 1405 3279; x_wconf 83' lang='lat' dir='ltr'><strong>suam</strong></span> <span class='ocrx_word' id='word_1_251' title='bbox 1436 3222 1656 3277; x_wconf 80' lang='lat' dir='ltr'><strong>cubitum</strong></span> <span class='ocrx_word' id='word_1_252' title='bbox 1681 3221 1877 3276; x_wconf 75' lang='lat' dir='ltr'><strong>unum?</strong></span> 
     </span>
    </p>
   </div>
   <div class='ocr_carea' id='block_1_32' title="bbox 279 3312 1877 3391">
    <p class='ocr_par' dir='ltr' id='par_1_32' title="bbox 279 3312 1877 3391">
     <span class='ocr_line' id='line_1_32' title="bbox 279 3312 1877 3391; baseline -0.007 -11"><span class='ocrx_word' id='word_1_253' title='bbox 279 3324 353 3380; x_wconf 83' lang='lat' dir='ltr'><strong>Et</strong></span> <span class='ocrx_word' id='word_1_254' title='bbox 388 3325 451 3379; x_wconf 86' lang='lat' dir='ltr'><strong>de</strong></span> <span class='ocrx_word' id='word_1_255' title='bbox 494 3323 788 3378; x_wconf 80' lang='lat' dir='ltr'><strong>vestimento</strong></span> <span class='ocrx_word' id='word_1_256' title='bbox 815 3318 937 3391; x_wconf 85' lang='lat' dir='ltr'><strong>quid</strong></span> <span class='ocrx_word' id='word_1_257' title='bbox 961 3317 1164 3374; x_wconf 83' lang='lat' dir='ltr'><strong>solliciti</strong></span> <span class='ocrx_word' id='word_1_258' title='bbox 1192 3315 1350 3371; x_wconf 74' lang='lat' dir='ltr'><strong>estis?</strong></span> <span class='ocrx_word' id='word_1_259' title='bbox 1399 3312 1727 3370; x_wconf 83' lang='lat' dir='ltr'><strong>Considerate</strong></span> <span class='ocrx_word' id='word_1_260' title='bbox 1768 3312 1877 3369; x_wconf 82' lang='lat' dir='ltr'><strong>lilia</strong></span> 
     </span>
    </p>
   </div>
   <div class='ocr_carea' id='block_1_33' title="bbox 277 3404 1877 3487">
    <p class='ocr_par' dir='ltr' id='par_1_33' title="bbox 277 3404 1877 3487">
     <span class='ocr_line' id='line_1_33' title="bbox 277 3404 1877 3487; baseline -0.006 -18"><span class='ocrx_word' id='word_1_261' title='bbox 277 3417 413 3487; x_wconf 69' lang='lat' dir='ltr'><strong>agri,</strong></span> <span class='ocrx_word' id='word_1_262' title='bbox 443 3413 700 3486; x_wconf 85' lang='lat' dir='ltr'><strong>quomodo</strong></span> <span class='ocrx_word' id='word_1_263' title='bbox 722 3419 951 3467; x_wconf 89' lang='lat' dir='ltr'><strong>crescunt</strong></span> <span class='ocrx_word' id='word_1_264' title='bbox 972 3425 992 3464; x_wconf 90' lang='lat'><strong><em>:</em></strong></span> <span class='ocrx_word' id='word_1_265' title='bbox 1012 3425 1113 3464; x_wconf 88' lang='lat' dir='ltr'><strong>non</strong></span> <span class='ocrx_word' id='word_1_266' title='bbox 1135 3408 1385 3473; x_wconf 84' lang='lat' dir='ltr'><strong>laborant,</strong></span> <span class='ocrx_word' id='word_1_267' title='bbox 1404 3421 1564 3478; x_wconf 86' lang='lat' dir='ltr'><strong>neque</strong></span> <span class='ocrx_word' id='word_1_268' title='bbox 1587 3413 1742 3471; x_wconf 86' lang='lat' dir='ltr'><strong>nent;</strong></span> <span class='ocrx_word' id='word_1_269' title='bbox 1763 3404 1877 3460; x_wconf 85' lang='lat' dir='ltr'><strong>dico</strong></span> 
     </span>
    </p>
   </div>
   <div class='ocr_carea' id='block_1_34' title="bbox 274 3496 1878 3574">
    <p class='ocr_par' dir='ltr' id='par_1_34' title="bbox 274 3496 1878 3574">
     <span class='ocr_line' id='line_1_34' title="bbox 274 3496 1878 3574; baseline -0.006 -13"><span class='ocrx_word' id='word_1_270' title='bbox 274 3517 447 3561; x_wconf 70' lang='lat' dir='ltr'><strong>autem</strong></span> <span class='ocrx_word' id='word_1_271' title='bbox 481 3504 640 3570; x_wconf 84' lang='lat' dir='ltr'><strong>vobis,</strong></span> <span class='ocrx_word' id='word_1_272' title='bbox 673 3502 912 3574; x_wconf 84' lang='lat' dir='ltr'><strong>quoniam</strong></span> <span class='ocrx_word' id='word_1_273' title='bbox 949 3516 1039 3556; x_wconf 86' lang='lat' dir='ltr'><strong>nec</strong></span> <span class='ocrx_word' id='word_1_274' title='bbox 1079 3499 1328 3556; x_wconf 86' lang='lat' dir='ltr'><strong>Salomon</strong></span> <span class='ocrx_word' id='word_1_275' title='bbox 1352 3498 1407 3552; x_wconf 88' lang='lat' dir='ltr'><strong>in</strong></span> <span class='ocrx_word' id='word_1_276' title='bbox 1435 3497 1572 3551; x_wconf 86' lang='lat' dir='ltr'><strong>omni</strong></span> <span class='ocrx_word' id='word_1_277' title='bbox 1593 3496 1757 3568; x_wconf 82' lang='lat' dir='ltr'><strong>gloria</strong></span> <span class='ocrx_word' id='word_1_278' title='bbox 1782 3511 1878 3552; x_wconf 77' lang='lat' dir='ltr'><strong>sua</strong></span> 
     </span>
    </p>
   </div>
   <div class='ocr_carea' id='block_1_35' title="bbox 275 3588 1869 3668">
    <p class='ocr_par' dir='ltr' id='par_1_35' title="bbox 275 3588 1869 3668">
     <span class='ocr_line' id='line_1_35' title="bbox 275 3588 1869 3668; baseline -0.008 -15"><span class='ocrx_word' id='word_1_279' title='bbox 275 3607 549 3668; x_wconf 83' lang='lat' dir='ltr'><strong>coopertus</strong></span> <span class='ocrx_word' id='word_1_280' title='bbox 578 3604 653 3650; x_wconf 88' lang='lat' dir='ltr'><strong>est</strong></span> <span class='ocrx_word' id='word_1_281' title='bbox 674 3596 804 3649; x_wconf 80' lang='lat' dir='ltr'><strong>sicut</strong></span> <span class='ocrx_word' id='word_1_282' title='bbox 834 3609 988 3647; x_wconf 90' lang='lat' dir='ltr'><strong>unum</strong></span> <span class='ocrx_word' id='word_1_283' title='bbox 1010 3607 1074 3647; x_wconf 79' lang='lat' dir='ltr'><strong>ea:</strong></span> <span class='ocrx_word' id='word_1_284' title='bbox 1098 3591 1230 3646; x_wconf 83' lang='lat' dir='ltr'><strong>istis.</strong></span> <span class='ocrx_word' id='word_1_285' title='bbox 1256 3590 1318 3646; x_wconf 91' lang='lat' dir='ltr'><strong>Si</strong></span> <span class='ocrx_word' id='word_1_286' title='bbox 1344 3597 1512 3643; x_wconf 86' lang='lat' dir='ltr'><strong>autem</strong></span> <span class='ocrx_word' id='word_1_287' title='bbox 1544 3588 1711 3658; x_wconf 73' lang='lat' dir='ltr'><strong>fenum</strong></span> <span class='ocrx_word' id='word_1_288' title='bbox 1735 3589 1869 3660; x_wconf 82' lang='lat' dir='ltr'><strong>agri,</strong></span> 
     </span>
    </p>
   </div>
   <div class='ocr_carea' id='block_1_36' title="bbox 276 3681 1877 3763">
    <p class='ocr_par' dir='ltr' id='par_1_36' title="bbox 276 3681 1877 3763">
     <span class='ocr_line' id='line_1_36' title="bbox 276 3681 1877 3763; baseline -0.006 -17"><span class='ocrx_word' id='word_1_289' title='bbox 276 3692 416 3763; x_wconf 69' lang='lat' dir='ltr'><strong>quod</strong></span> <span class='ocrx_word' id='word_1_290' title='bbox 457 3690 612 3745; x_wconf 83' lang='lat' dir='ltr'><strong>hodie</strong></span> <span class='ocrx_word' id='word_1_291' title='bbox 638 3696 784 3743; x_wconf 88' lang='lat' dir='ltr'><strong>estet</strong></span> <span class='ocrx_word' id='word_1_292' title='bbox 814 3703 924 3741; x_wconf 87' lang='lat' dir='ltr'><strong>cras</strong></span> <span class='ocrx_word' id='word_1_293' title='bbox 968 3686 1021 3740; x_wconf 91' lang='lat' dir='ltr'><strong>in</strong></span> <span class='ocrx_word' id='word_1_294' title='bbox 1056 3684 1310 3739; x_wconf 86' lang='lat' dir='ltr'><strong>clibanum</strong></span> <span class='ocrx_word' id='word_1_295' title='bbox 1338 3683 1569 3748; x_wconf 86' lang='lat' dir='ltr'><strong>mittitur,</strong></span> <span class='ocrx_word' id='word_1_296' title='bbox 1618 3681 1757 3738; x_wconf 83' lang='lat' dir='ltr'><strong>Deus</strong></span> <span class='ocrx_word' id='word_1_297' title='bbox 1804 3683 1877 3737; x_wconf 87' lang='lat' dir='ltr'><strong>sic</strong></span> 
     </span>
    </p>
   </div>
   <div class='ocr_carea' id='block_1_37' title="bbox 274 3775 1877 3855">
    <p class='ocr_par' dir='ltr' id='par_1_37' title="bbox 274 3775 1877 3855">
     <span class='ocr_line' id='line_1_37' title="bbox 274 3775 1877 3855; baseline -0.005 -15"><span class='ocrx_word' id='word_1_298' title='bbox 274 3785 424 3840; x_wconf 69' lang='lat' dir='ltr'><strong>vestit</strong></span> <span class='ocrx_word' id='word_1_299' title='bbox 444 3800 464 3850; x_wconf 87' lang='lat'><strong><em>;</em></strong></span> <span class='ocrx_word' id='word_1_300' title='bbox 485 3792 680 3855; x_wconf 88' lang='lat' dir='ltr'><strong>quanto</strong></span> <span class='ocrx_word' id='word_1_301' title='bbox 705 3781 866 3853; x_wconf 86' lang='lat' dir='ltr'><strong>magis</strong></span> <span class='ocrx_word' id='word_1_302' title='bbox 894 3795 980 3835; x_wconf 88' lang='lat' dir='ltr'><strong>vos</strong></span> <span class='ocrx_word' id='word_1_303' title='bbox 1004 3778 1219 3834; x_wconf 62' lang='lat' dir='ltr'><strong>modicae</strong></span> <span class='ocrx_word' id='word_1_304' title='bbox 1243 3778 1404 3849; x_wconf 78' lang='lat' dir='ltr'><strong>ﬁdei?</strong></span> <span class='ocrx_word' id='word_1_305' title='bbox 1430 3775 1607 3832; x_wconf 86' lang='lat' dir='ltr'><strong>Nolite</strong></span> <span class='ocrx_word' id='word_1_306' title='bbox 1632 3793 1748 3849; x_wconf 82' lang='lat' dir='ltr'><strong>ergo</strong></span> <span class='ocrx_word' id='word_1_307' title='bbox 1774 3777 1877 3832; x_wconf 84' lang='lat' dir='ltr'><strong>sol-</strong></span> 
     </span>
    </p>
   </div>
   <div class='ocr_carea' id='block_1_38' title="bbox 279 3871 1876 3947">
    <p class='ocr_par' dir='ltr' id='par_1_38' title="bbox 279 3871 1876 3947">
     <span class='ocr_line' id='line_1_38' title="bbox 279 3871 1876 3947; baseline -0.008 -11"><span class='ocrx_word' id='word_1_308' title='bbox 279 3881 410 3937; x_wconf 83' lang='lat' dir='ltr'><strong>liciti</strong></span> <span class='ocrx_word' id='word_1_309' title='bbox 434 3897 564 3947; x_wconf 88' lang='lat' dir='ltr'><strong>esse,</strong></span> <span class='ocrx_word' id='word_1_310' title='bbox 593 3880 832 3947; x_wconf 84' lang='lat' dir='ltr'><strong>dicentes,</strong></span> <span class='ocrx_word' id='word_1_311' title='bbox 861 3877 998 3944; x_wconf 91' lang='lat' dir='ltr'><strong>Quid</strong></span> <span class='ocrx_word' id='word_1_312' title='bbox 1023 3873 1455 3937; x_wconf 81' lang='lat' dir='ltr'><strong>ntauducabimus,</strong></span> <span class='ocrx_word' id='word_1_313' title='bbox 1482 3882 1569 3927; x_wconf 88' lang='lat' dir='ltr'><strong>aut</strong></span> <span class='ocrx_word' id='word_1_314' title='bbox 1594 3872 1716 3945; x_wconf 88' lang='lat' dir='ltr'><strong>quid</strong></span> <span class='ocrx_word' id='word_1_315' title='bbox 1745 3871 1876 3925; x_wconf 49' lang='lat' dir='ltr'><strong>bibe‘</strong></span> 
     </span>
    </p>
   </div>
   <div class='ocr_carea' id='block_1_39' title="bbox 278 3965 1875 4043">
    <p class='ocr_par' dir='ltr' id='par_1_39' title="bbox 278 3965 1875 4043">
     <span class='ocr_line' id='line_1_39' title="bbox 278 3965 1875 4043; baseline -0.007 -14"><span class='ocrx_word' id='word_1_316' title='bbox 278 3989 418 4038; x_wconf 78' lang='lat' dir='ltr'><strong>snas,</strong></span> <span class='ocrx_word' id='word_1_317' title='bbox 443 3982 534 4028; x_wconf 83' lang='lat' dir='ltr'><strong>aut</strong></span> <span class='ocrx_word' id='word_1_318' title='bbox 557 3990 655 4043; x_wconf 92' lang='lat' dir='ltr'><strong>quo</strong></span> <span class='ocrx_word' id='word_1_319' title='bbox 685 3970 1006 4043; x_wconf 81' lang='lat' dir='ltr'><strong>aperientur?</strong></span> <span class='ocrx_word' id='word_1_320' title='bbox 1031 3969 1138 4024; x_wconf 80' lang='lat' dir='ltr'><strong>hcec</strong></span> <span class='ocrx_word' id='word_1_321' title='bbox 1168 3968 1298 4023; x_wconf 89' lang='lat' dir='ltr'><strong>enim</strong></span> <span class='ocrx_word' id='word_1_322' title='bbox 1325 3969 1492 4021; x_wconf 85' lang='lat' dir='ltr'><strong>omnia</strong></span> <span class='ocrx_word' id='word_1_323' title='bbox 1523 3975 1690 4037; x_wconf 82' lang='lat' dir='ltr'><strong>gentes</strong></span> <span class='ocrx_word' id='word_1_324' title='bbox 1710 3965 1875 4037; x_wconf 86' lang='lat' dir='ltr'><strong>inqui-</strong></span> 
     </span>
    </p>
   </div>
   <div class='ocr_carea' id='block_1_40' title="bbox 276 4059 1876 4134">
    <p class='ocr_par' dir='ltr' id='par_1_40' title="bbox 276 4059 1876 4134">
     <span class='ocr_line' id='line_1_40' title="bbox 276 4059 1876 4134; baseline -0.006 -11"><span class='ocrx_word' id='word_1_325' title='bbox 276 4075 419 4123; x_wconf 84' lang='lat' dir='ltr'><strong>runt.</strong></span> <span class='ocrx_word' id='word_1_326' title='bbox 454 4066 568 4123; x_wconf 85' lang='lat' dir='ltr'><strong>Scit</strong></span> <span class='ocrx_word' id='word_1_327' title='bbox 603 4074 767 4121; x_wconf 86' lang='lat' dir='ltr'><strong>autent</strong></span> <span class='ocrx_word' id='word_1_328' title='bbox 805 4062 963 4120; x_wconf 90' lang='lat' dir='ltr'><strong>Pater</strong></span> <span class='ocrx_word' id='word_1_329' title='bbox 989 4073 1147 4118; x_wconf 85' lang='lat' dir='ltr'><strong>vester</strong></span> <span class='ocrx_word' id='word_1_330' title='bbox 1176 4062 1292 4134; x_wconf 85' lang='lat' dir='ltr'><strong>quia</strong></span> <span class='ocrx_word' id='word_1_331' title='bbox 1322 4061 1401 4115; x_wconf 81' lang='lat' dir='ltr'><strong>his</strong></span> <span class='ocrx_word' id='word_1_332' title='bbox 1429 4059 1659 4115; x_wconf 87' lang='lat' dir='ltr'><strong>omnibus</strong></span> <span class='ocrx_word' id='word_1_333' title='bbox 1682 4060 1876 4131; x_wconf 83' lang='lat' dir='ltr'><strong>indige-</strong></span> 
     </span>
    </p>
   </div>
   <div class='ocr_carea' id='block_1_41' title="bbox 279 4150 1875 4227">
    <p class='ocr_par' dir='ltr' id='par_1_41' title="bbox 279 4150 1875 4227">
     <span class='ocr_line' id='line_1_41' title="bbox 279 4150 1875 4227; baseline -0.006 -13"><span class='ocrx_word' id='word_1_334' title='bbox 279 4159 370 4215; x_wconf 83' lang='lat' dir='ltr'><strong>tis.</strong></span> <span class='ocrx_word' id='word_1_335' title='bbox 405 4158 631 4227; x_wconf 74' lang='lat' dir='ltr'><strong>Qua&#39;ritc</strong></span> <span class='ocrx_word' id='word_1_336' title='bbox 674 4166 843 4211; x_wconf 90' lang='lat' dir='ltr'><strong>autem</strong></span> <span class='ocrx_word' id='word_1_337' title='bbox 889 4156 1108 4227; x_wconf 82' lang='lat' dir='ltr'><strong>primum</strong></span> <span class='ocrx_word' id='word_1_338' title='bbox 1148 4168 1359 4224; x_wconf 86' lang='lat' dir='ltr'><strong>regnum</strong></span> <span class='ocrx_word' id='word_1_339' title='bbox 1401 4150 1495 4207; x_wconf 88' lang='lat' dir='ltr'><strong>Dei</strong></span> <span class='ocrx_word' id='word_1_340' title='bbox 1536 4160 1581 4205; x_wconf 86' lang='lat' dir='ltr'><strong>et</strong></span> <span class='ocrx_word' id='word_1_341' title='bbox 1618 4151 1875 4222; x_wconf 85' lang='lat' dir='ltr'><strong>justitiam</strong></span> 
     </span>
    </p>
   </div>
   <div class='ocr_carea' id='block_1_42' title="bbox 278 4242 1873 4321">
    <p class='ocr_par' dir='ltr' id='par_1_42' title="bbox 278 4242 1873 4321">
     <span class='ocr_line' id='line_1_42' title="bbox 278 4242 1873 4321; baseline -0.004 -17"><span class='ocrx_word' id='word_1_342' title='bbox 278 4251 415 4321; x_wconf 79' lang='lat' dir='ltr'><strong>rjus,</strong></span> <span class='ocrx_word' id='word_1_343' title='bbox 445 4260 492 4305; x_wconf 87' lang='lat' dir='ltr'><strong>et</strong></span> <span class='ocrx_word' id='word_1_344' title='bbox 523 4249 692 4303; x_wconf 87' lang='lat' dir='ltr'><strong>omnia</strong></span> <span class='ocrx_word' id='word_1_345' title='bbox 719 4248 825 4303; x_wconf 73' lang='lat' dir='ltr'><strong>hazc</strong></span> <span class='ocrx_word' id='word_1_346' title='bbox 862 4256 1180 4319; x_wconf 81' lang='lat' dir='ltr'><strong>opponentur</strong></span> <span class='ocrx_word' id='word_1_347' title='bbox 1204 4244 1359 4299; x_wconf 89' lang='lat' dir='ltr'><strong>vobis.</strong></span> <span class='ocrx_word' id='word_1_348' title='bbox 1390 4242 1563 4298; x_wconf 86' lang='lat' dir='ltr'><strong>Nolite</strong></span> <span class='ocrx_word' id='word_1_349' title='bbox 1584 4259 1702 4315; x_wconf 87' lang='lat' dir='ltr'><strong>ergo</strong></span> <span class='ocrx_word' id='word_1_350' title='bbox 1729 4242 1873 4298; x_wconf 89' lang='lat' dir='ltr'><strong>solli-</strong></span> 
     </span>
    </p>
   </div>
   <div class='ocr_carea' id='block_1_43' title="bbox 277 4336 1875 4400">
    <p class='ocr_par' dir='ltr' id='par_1_43' title="bbox 277 4336 1875 4400">
     <span class='ocr_line' id='line_1_43' title="bbox 277 4336 1875 4400; baseline -0.006 0"><span class='ocrx_word' id='word_1_351' title='bbox 277 4345 373 4400; x_wconf 80' lang='lat' dir='ltr'><strong>citi</strong></span> <span class='ocrx_word' id='word_1_352' title='bbox 399 4361 505 4400; x_wconf 86' lang='lat' dir='ltr'><strong>esse</strong></span> <span class='ocrx_word' id='word_1_353' title='bbox 528 4346 581 4399; x_wconf 91' lang='lat' dir='ltr'><strong>in</strong></span> <span class='ocrx_word' id='word_1_354' title='bbox 601 4343 875 4398; x_wconf 88' lang='lat' dir='ltr'><strong>crastinum</strong></span> <span class='ocrx_word' id='word_1_355' title='bbox 904 4358 920 4397; x_wconf 92' lang='lat'><em>:</em></span> <span class='ocrx_word' id='word_1_356' title='bbox 946 4341 1197 4395; x_wconf 84' lang='lat' dir='ltr'><strong>crastinus</strong></span> <span class='ocrx_word' id='word_1_357' title='bbox 1218 4337 1350 4393; x_wconf 88' lang='lat' dir='ltr'><strong>enim</strong></span> <span class='ocrx_word' id='word_1_358' title='bbox 1377 4338 1481 4392; x_wconf 86' lang='lat' dir='ltr'><strong>dies</strong></span> <span class='ocrx_word' id='word_1_359' title='bbox 1510 4336 1755 4392; x_wconf 88' lang='lat' dir='ltr'><strong>sollicitus</strong></span> <span class='ocrx_word' id='word_1_360' title='bbox 1782 4336 1875 4391; x_wconf 90' lang='lat' dir='ltr'><strong>erit</strong></span> 
     </span>
    </p>
   </div>
   <div class='ocr_carea' id='block_1_44' title="bbox 278 4427 1871 4508">
    <p class='ocr_par' dir='ltr' id='par_1_44' title="bbox 278 4427 1871 4508">
     <span class='ocr_line' id='line_1_44' title="bbox 278 4427 1871 4508; baseline -0.008 -17"><span class='ocrx_word' id='word_1_361' title='bbox 278 4436 379 4493; x_wconf 78' lang='lat' dir='ltr'><strong>sibi</strong></span> <span class='ocrx_word' id='word_1_362' title='bbox 407 4437 527 4508; x_wconf 89' lang='lat' dir='ltr'><strong>ipsi.</strong></span> <span class='ocrx_word' id='word_1_363' title='bbox 576 4434 773 4507; x_wconf 67' lang='lat' dir='ltr'><strong>Suﬁicit</strong></span> <span class='ocrx_word' id='word_1_364' title='bbox 813 4434 912 4488; x_wconf 89' lang='lat' dir='ltr'><strong>diei</strong></span> <span class='ocrx_word' id='word_1_365' title='bbox 940 4432 1138 4486; x_wconf 87' lang='lat' dir='ltr'><strong>malitia</strong></span> <span class='ocrx_word' id='word_1_366' title='bbox 1175 4448 1269 4485; x_wconf 88' lang='lat' dir='ltr'><strong>sua</strong></span> <span class='ocrx_word' id='word_1_367' title='bbox 1295 4428 1507 4501; x_wconf 78' lang='lat' dir='ltr'><strong>(Matth.</strong></span> <span class='ocrx_word' id='word_1_368' title='bbox 1543 4444 1618 4496; x_wconf 73' lang='lat' dir='ltr'><strong>Vl,</strong></span> <span class='ocrx_word' id='word_1_369' title='bbox 1653 4427 1871 4499; x_wconf 69' lang='grc'><strong>25-54).</strong></span> 
     </span>
    </p>
   </div>
   <div class='ocr_carea' id='block_1_45' title="bbox 282 4520 1876 4600">
    <p class='ocr_par' dir='ltr' id='par_1_45' title="bbox 282 4520 1876 4600">
     <span class='ocr_line' id='line_1_45' title="bbox 282 4520 1876 4600; baseline -0.006 -13"><span class='ocrx_word' id='word_1_370' title='bbox 282 4530 446 4597; x_wconf 83' lang='lat' dir='ltr'><strong>Ecce,</strong></span> <span class='ocrx_word' id='word_1_371' title='bbox 480 4529 767 4600; x_wconf 89' lang='lat' dir='ltr'><strong>inquiunt,</strong></span> <span class='ocrx_word' id='word_1_372' title='bbox 797 4526 887 4583; x_wconf 88' lang='lat' dir='ltr'><strong>ubi</strong></span> <span class='ocrx_word' id='word_1_373' title='bbox 919 4540 1017 4581; x_wconf 89' lang='lat' dir='ltr'><strong>nos</strong></span> <span class='ocrx_word' id='word_1_374' title='bbox 1046 4524 1302 4579; x_wconf 90' lang='lat' dir='ltr'><strong>Dominus</strong></span> <span class='ocrx_word' id='word_1_375' title='bbox 1345 4523 1499 4594; x_wconf 87' lang='lat' dir='ltr'><strong>jubet</strong></span> <span class='ocrx_word' id='word_1_376' title='bbox 1545 4520 1612 4577; x_wconf 90' lang='lat' dir='ltr'><strong>de</strong></span> <span class='ocrx_word' id='word_1_377' title='bbox 1655 4522 1794 4577; x_wconf 89' lang='lat' dir='ltr'><strong>victu</strong></span> <span class='ocrx_word' id='word_1_378' title='bbox 1821 4530 1876 4577; x_wconf 91' lang='lat' dir='ltr'><strong>et</strong></span> 
     </span>
    </p>
   </div>
   <div class='ocr_carea' id='block_1_46' title="bbox 280 4613 1878 4694">
    <p class='ocr_par' dir='ltr' id='par_1_46' title="bbox 280 4613 1878 4694">
     <span class='ocr_line' id='line_1_46' title="bbox 280 4613 1878 4694; baseline -0.008 -15"><span class='ocrx_word' id='word_1_379' title='bbox 280 4630 598 4694; x_wconf 77' lang='lat' dir='ltr'><strong>legumento</strong></span> <span class='ocrx_word' id='word_1_380' title='bbox 629 4629 812 4677; x_wconf 92' lang='lat' dir='ltr'><strong>nostro</strong></span> <span class='ocrx_word' id='word_1_381' title='bbox 840 4634 960 4675; x_wconf 88' lang='lat' dir='ltr'><strong>esse</strong></span> <span class='ocrx_word' id='word_1_382' title='bbox 990 4632 1210 4674; x_wconf 88' lang='lat' dir='ltr'><strong>securos</strong></span> <span class='ocrx_word' id='word_1_383' title='bbox 1243 4633 1255 4671; x_wconf 88' lang='lat'><strong>:</strong></span> <span class='ocrx_word' id='word_1_384' title='bbox 1288 4613 1556 4687; x_wconf 90' lang='lat' dir='ltr'><strong>quomodo</strong></span> <span class='ocrx_word' id='word_1_385' title='bbox 1581 4630 1708 4686; x_wconf 84' lang='lat' dir='ltr'><strong>ergo</strong></span> <span class='ocrx_word' id='word_1_386' title='bbox 1733 4615 1878 4685; x_wconf 85' lang='lat' dir='ltr'><strong>Apo-</strong></span> 
     </span>
    </p>
   </div>
   <div class='ocr_carea' id='block_1_47' title="bbox 278 4712 1874 4779">
    <p class='ocr_par' dir='ltr' id='par_1_47' title="bbox 278 4712 1874 4779">
     <span class='ocr_line' id='line_1_47' title="bbox 278 4712 1874 4779; baseline -0.008 -4"><span class='ocrx_word' id='word_1_387' title='bbox 278 4718 452 4775; x_wconf 75' lang='lat' dir='ltr'><strong>Stolus</strong></span> <span class='ocrx_word' id='word_1_388' title='bbox 479 4717 681 4773; x_wconf 90' lang='lat' dir='ltr'><strong>sentire</strong></span> <span class='ocrx_word' id='word_1_389' title='bbox 701 4715 956 4771; x_wconf 87' lang='lat' dir='ltr'><strong>adversus</strong></span> <span class='ocrx_word' id='word_1_390' title='bbox 989 4712 1269 4767; x_wconf 91' lang='lat' dir='ltr'><strong>Dominum</strong></span> <span class='ocrx_word' id='word_1_391' title='bbox 1305 4717 1505 4779; x_wconf 87' lang='lat' dir='ltr'><strong>posset,</strong></span> <span class='ocrx_word' id='word_1_392' title='bbox 1529 4717 1587 4763; x_wconf 93' lang='lat' dir='ltr'><strong>ut</strong></span> <span class='ocrx_word' id='word_1_393' title='bbox 1608 4722 1706 4763; x_wconf 91' lang='lat' dir='ltr'><strong>nos</strong></span> <span class='ocrx_word' id='word_1_394' title='bbox 1735 4722 1874 4779; x_wconf 80' lang='lat' dir='ltr'><strong>pra:-</strong></span> 
     </span>
    </p>
   </div>
   <div class='ocr_carea' id='block_1_48' title="bbox 279 4802 1878 4884">
    <p class='ocr_par' dir='ltr' id='par_1_48' title="bbox 279 4802 1878 4884">
     <span class='ocr_line' id='line_1_48' title="bbox 279 4802 1878 4884; baseline -0.006 -16"><span class='ocrx_word' id='word_1_395' title='bbox 279 4813 489 4884; x_wconf 83' lang='lat' dir='ltr'><strong>ciperct</strong></span> <span class='ocrx_word' id='word_1_396' title='bbox 512 4812 584 4866; x_wconf 88' lang='lat' dir='ltr'><strong>ita</strong></span> <span class='ocrx_word' id='word_1_397' title='bbox 606 4825 728 4866; x_wconf 90' lang='lat' dir='ltr'><strong>esse</strong></span> <span class='ocrx_word' id='word_1_398' title='bbox 751 4807 952 4865; x_wconf 88' lang='lat' dir='ltr'><strong>debere</strong></span> <span class='ocrx_word' id='word_1_399' title='bbox 978 4806 1235 4863; x_wconf 88' lang='lat' dir='ltr'><strong>sollicitos</strong></span> <span class='ocrx_word' id='word_1_400' title='bbox 1265 4802 1390 4875; x_wconf 90' lang='lat' dir='ltr'><strong>quid</strong></span> <span class='ocrx_word' id='word_1_401' title='bbox 1419 4802 1799 4858; x_wconf 86' lang='lat' dir='ltr'><strong>manducemus</strong></span> <span class='ocrx_word' id='word_1_402' title='bbox 1823 4810 1878 4859; x_wconf 91' lang='lat' dir='ltr'><strong>et</strong></span> 
     </span>
    </p>
   </div>
   <div class='ocr_carea' id='block_1_49' title="bbox 279 4896 1874 4979">
    <p class='ocr_par' dir='ltr' id='par_1_49' title="bbox 279 4896 1874 4979">
     <span class='ocr_line' id='line_1_49' title="bbox 279 4896 1874 4979; baseline -0.006 -19"><span class='ocrx_word' id='word_1_403' title='bbox 279 4908 409 4979; x_wconf 86' lang='lat' dir='ltr'><strong>quid</strong></span> <span class='ocrx_word' id='word_1_404' title='bbox 442 4905 689 4964; x_wconf 84' lang='lat' dir='ltr'><strong>bibamus</strong></span> <span class='ocrx_word' id='word_1_405' title='bbox 715 4913 768 4961; x_wconf 90' lang='lat' dir='ltr'><strong>et</strong></span> <span class='ocrx_word' id='word_1_406' title='bbox 795 4918 901 4976; x_wconf 92' lang='lat' dir='ltr'><strong>quo</strong></span> <span class='ocrx_word' id='word_1_407' title='bbox 931 4902 1235 4972; x_wconf 86' lang='lat' dir='ltr'><strong>operiamur</strong></span> <span class='ocrx_word' id='word_1_408' title='bbox 1260 4941 1274 4968; x_wconf 93' lang='lat'><strong>,</strong></span> <span class='ocrx_word' id='word_1_409' title='bbox 1307 4907 1365 4952; x_wconf 93' lang='lat' dir='ltr'><strong>ut</strong></span> <span class='ocrx_word' id='word_1_410' title='bbox 1407 4912 1505 4953; x_wconf 88' lang='lat' dir='ltr'><strong>nos</strong></span> <span class='ocrx_word' id='word_1_411' title='bbox 1531 4896 1688 4952; x_wconf 85' lang='lat' dir='ltr'><strong>etiam</strong></span> <span class='ocrx_word' id='word_1_412' title='bbox 1717 4896 1874 4967; x_wconf 85' lang='lat' dir='ltr'><strong>opili-</strong></span> 
     </span>
    </p>
   </div>
   <div class='ocr_carea' id='block_1_50' title="bbox 282 4987 1877 5065">
    <p class='ocr_par' dir='ltr' id='par_1_50' title="bbox 282 4987 1877 5065">
     <span class='ocr_line' id='line_1_50' title="bbox 282 4987 1877 5065; baseline -0.007 -12"><span class='ocrx_word' id='word_1_413' title='bbox 282 5014 406 5054; x_wconf 88' lang='lat' dir='ltr'><strong>cum</strong></span> <span class='ocrx_word' id='word_1_414' title='bbox 438 4997 665 5065; x_wconf 87' lang='lat' dir='ltr'><strong>artibus,</strong></span> <span class='ocrx_word' id='word_1_415' title='bbox 708 4995 882 5062; x_wconf 92' lang='lat' dir='ltr'><strong>curis,</strong></span> <span class='ocrx_word' id='word_1_416' title='bbox 935 4992 1207 5049; x_wconf 86' lang='lat' dir='ltr'><strong>laboribus</strong></span> <span class='ocrx_word' id='word_1_417' title='bbox 1232 4988 1516 5045; x_wconf 84' lang='lat' dir='ltr'><strong>oneraret?</strong></span> <span class='ocrx_word' id='word_1_418' title='bbox 1546 4987 1877 5058; x_wconf 85' lang='lat' dir='ltr'><strong>Quapropter</strong></span> 
     </span>
    </p>
   </div>
   <div class='ocr_carea' id='block_1_51' title="bbox 283 5077 1877 5163">
    <p class='ocr_par' dir='ltr' id='par_1_51' title="bbox 283 5077 1877 5163">
     <span class='ocr_line' id='line_1_51' title="bbox 283 5077 1877 5163; baseline -0.009 -16"><span class='ocrx_word' id='word_1_419' title='bbox 283 5090 338 5147; x_wconf 90' lang='lat' dir='ltr'><strong>in</strong></span> <span class='ocrx_word' id='word_1_420' title='bbox 373 5106 440 5147; x_wconf 89' lang='lat' dir='ltr'><strong>eo</strong></span> <span class='ocrx_word' id='word_1_421' title='bbox 470 5088 613 5163; x_wconf 92' lang='lat' dir='ltr'><strong>quod</strong></span> <span class='ocrx_word' id='word_1_422' title='bbox 641 5088 733 5157; x_wconf 90' lang='lat' dir='ltr'><strong>ait,</strong></span> <span class='ocrx_word' id='word_1_423' title='bbox 769 5087 871 5157; x_wconf 91' lang='lat' dir='ltr'><strong>Qui</strong></span> <span class='ocrx_word' id='word_1_424' title='bbox 914 5102 1014 5140; x_wconf 88' lang='lat' dir='ltr'><strong>non</strong></span> <span class='ocrx_word' id='word_1_425' title='bbox 1045 5084 1149 5139; x_wconf 89' lang='lat' dir='ltr'><strong>vult</strong></span> <span class='ocrx_word' id='word_1_426' title='bbox 1178 5081 1400 5153; x_wconf 86' lang='lat' dir='ltr'><strong>aperari,</strong></span> <span class='ocrx_word' id='word_1_427' title='bbox 1434 5096 1535 5134; x_wconf 87' lang='lat' dir='ltr'><strong>non</strong></span> <span class='ocrx_word' id='word_1_428' title='bbox 1574 5077 1877 5144; x_wconf 87' lang='lat' dir='ltr'><strong>manducet;</strong></span> 
     </span>
    </p>
   </div>
   <div class='ocr_carea' id='block_1_52' title="bbox 283 5170 1878 5257">
    <p class='ocr_par' dir='ltr' id='par_1_52' title="bbox 283 5170 1878 5257">
     <span class='ocr_line' id='line_1_52' title="bbox 283 5170 1878 5257; baseline -0.01 -14"><span class='ocrx_word' id='word_1_429' title='bbox 283 5200 450 5257; x_wconf 84' lang='lat' dir='ltr'><strong>Opera</strong></span> <span class='ocrx_word' id='word_1_430' title='bbox 498 5180 811 5256; x_wconf 88' lang='lat' dir='ltr'><strong>spiritualia,</strong></span> <span class='ocrx_word' id='word_1_431' title='bbox 862 5178 1145 5251; x_wconf 88' lang='lat' dir='ltr'><strong>inquiunt,</strong></span> <span class='ocrx_word' id='word_1_432' title='bbox 1186 5174 1442 5231; x_wconf 86' lang='lat' dir='ltr'><strong>debemus</strong></span> <span class='ocrx_word' id='word_1_433' title='bbox 1492 5172 1779 5243; x_wconf 87' lang='lat' dir='ltr'><strong>accipere:</strong></span> <span class='ocrx_word' id='word_1_434' title='bbox 1812 5170 1878 5227; x_wconf 91' lang='lat' dir='ltr'><strong>de</strong></span> 
     </span>
    </p>
   </div>
   <div class='ocr_carea' id='block_1_53' title="bbox 283 5262 1877 5350">
    <p class='ocr_par' dir='ltr' id='par_1_53' title="bbox 283 5262 1877 5350">
     <span class='ocr_line' id='line_1_53' title="bbox 283 5262 1877 5350; baseline -0.008 -21"><span class='ocrx_word' id='word_1_435' title='bbox 283 5279 479 5350; x_wconf 71' lang='lat' dir='ltr'><strong>quibus</strong></span> <span class='ocrx_word' id='word_1_436' title='bbox 504 5276 611 5332; x_wconf 89' lang='lat' dir='ltr'><strong>alio</strong></span> <span class='ocrx_word' id='word_1_437' title='bbox 635 5274 754 5332; x_wconf 89' lang='lat' dir='ltr'><strong>loco</strong></span> <span class='ocrx_word' id='word_1_438' title='bbox 782 5272 931 5341; x_wconf 88' lang='lat' dir='ltr'><strong>dicit,</strong></span> <span class='ocrx_word' id='word_1_439' title='bbox 964 5269 1245 5339; x_wconf 88' lang='lat' dir='ltr'><strong>Unicuique</strong></span> <span class='ocrx_word' id='word_1_440' title='bbox 1269 5266 1396 5321; x_wconf 88' lang='lat' dir='ltr'><strong>sicut</strong></span> <span class='ocrx_word' id='word_1_441' title='bbox 1428 5264 1676 5320; x_wconf 88' lang='lat' dir='ltr'><strong>Dominus</strong></span> <span class='ocrx_word' id='word_1_442' title='bbox 1704 5262 1877 5319; x_wconf 88' lang='lat' dir='ltr'><strong>dedit:</strong></span> 
     </span>
    </p>
   </div>
   <div class='ocr_carea' id='block_1_54' title="bbox 284 5355 1880 5445">
    <p class='ocr_par' dir='ltr' id='par_1_54' title="bbox 284 5355 1880 5445">
     <span class='ocr_line' id='line_1_54' title="bbox 284 5355 1880 5445; baseline -0.013 -16"><span class='ocrx_word' id='word_1_443' title='bbox 284 5391 377 5445; x_wconf 84' lang='lat' dir='ltr'><strong>ego</strong></span> <span class='ocrx_word' id='word_1_444' title='bbox 411 5369 655 5444; x_wconf 77' lang='lat' dir='ltr'><strong>plaiuavi,</strong></span> <span class='ocrx_word' id='word_1_445' title='bbox 680 5367 863 5442; x_wconf 81' lang='lat' dir='ltr'><strong>Apollo</strong></span> <span class='ocrx_word' id='word_1_446' title='bbox 889 5365 1090 5438; x_wconf 80' lang='lat' dir='ltr'><strong>rigavit,</strong></span> <span class='ocrx_word' id='word_1_447' title='bbox 1128 5361 1214 5417; x_wconf 88' lang='lat' dir='ltr'><strong>sed</strong></span> <span class='ocrx_word' id='word_1_448' title='bbox 1240 5358 1375 5414; x_wconf 90' lang='lat' dir='ltr'><strong>Deus</strong></span> <span class='ocrx_word' id='word_1_449' title='bbox 1404 5358 1761 5413; x_wconf 87' lang='lat' dir='ltr'><strong>incrementum</strong></span> <span class='ocrx_word' id='word_1_450' title='bbox 1789 5355 1880 5410; x_wconf 85' lang='lat' dir='ltr'><strong>de-</strong></span> 
     </span>
    </p>
   </div>
   <div class='ocr_carea' id='block_1_55' title="bbox 286 5449 1880 5536">
    <p class='ocr_par' dir='ltr' id='par_1_55' title="bbox 286 5449 1880 5536">
     <span class='ocr_line' id='line_1_55' title="bbox 286 5449 1880 5536; baseline -0.013 -14"><span class='ocrx_word' id='word_1_451' title='bbox 286 5467 398 5533; x_wconf 87' lang='lat' dir='ltr'><strong>dit;</strong></span> <span class='ocrx_word' id='word_1_452' title='bbox 428 5473 484 5521; x_wconf 88' lang='lat' dir='ltr'><strong>et</strong></span> <span class='ocrx_word' id='word_1_453' title='bbox 523 5461 683 5536; x_wconf 88' lang='lat' dir='ltr'><strong>paulo</strong></span> <span class='ocrx_word' id='word_1_454' title='bbox 718 5469 856 5532; x_wconf 86' lang='lat' dir='ltr'><strong>post,</strong></span> <span class='ocrx_word' id='word_1_455' title='bbox 891 5456 1243 5527; x_wconf 82' lang='lat' dir='ltr'><strong>Unusquisque</strong></span> <span class='ocrx_word' id='word_1_456' title='bbox 1269 5468 1413 5507; x_wconf 86' lang='lat' dir='ltr'><strong>suam</strong></span> <span class='ocrx_word' id='word_1_457' title='bbox 1443 5450 1721 5505; x_wconf 88' lang='lat' dir='ltr'><strong>mercedem</strong></span> <span class='ocrx_word' id='word_1_458' title='bbox 1746 5449 1880 5503; x_wconf 88' lang='lat' dir='ltr'><strong>acci-</strong></span> 
     </span>
    </p>
   </div>
   <div class='ocr_carea' id='block_1_56' title="bbox 292 5544 1880 5632">
    <p class='ocr_par' dir='ltr' id='par_1_56' title="bbox 292 5544 1880 5632">
     <span class='ocr_line' id='line_1_56' title="bbox 292 5544 1880 5632; baseline -0.013 -17"><span class='ocrx_word' id='word_1_459' title='bbox 292 5559 393 5632; x_wconf 79' lang='lat' dir='ltr'><strong>piet</strong></span> <span class='ocrx_word' id='word_1_460' title='bbox 432 5554 709 5613; x_wconf 88' lang='lat' dir='ltr'><strong>secundum</strong></span> <span class='ocrx_word' id='word_1_461' title='bbox 736 5568 885 5608; x_wconf 88' lang='lat' dir='ltr'><strong>suum</strong></span> <span class='ocrx_word' id='word_1_462' title='bbox 913 5550 1154 5605; x_wconf 80' lang='lat' dir='ltr'><strong>laborem.</strong></span> <span class='ocrx_word' id='word_1_463' title='bbox 1198 5544 1296 5600; x_wconf 90' lang='lat' dir='ltr'><strong>Dei</strong></span> <span class='ocrx_word' id='word_1_464' title='bbox 1324 5544 1455 5598; x_wconf 87' lang='lat' dir='ltr'><strong>enint</strong></span> <span class='ocrx_word' id='word_1_465' title='bbox 1492 5558 1665 5617; x_wconf 84' lang='lat' dir='ltr'><strong>sumus</strong></span> <span class='ocrx_word' id='word_1_466' title='bbox 1694 5556 1880 5611; x_wconf 87' lang='lat' dir='ltr'><strong>coope-</strong></span> 
     </span>
    </p>
   </div>
   <div class='ocr_carea' id='block_1_57' title="bbox 288 5632 1878 5722">
    <p class='ocr_par' dir='ltr' id='par_1_57' title="bbox 288 5632 1878 5722">
     <span class='ocr_line' id='line_1_57' title="bbox 288 5632 1878 5722; baseline -0.015 -13"><span class='ocrx_word' id='word_1_467' title='bbox 288 5652 454 5718; x_wconf 85' lang='lat' dir='ltr'><strong>rarii;</strong></span> <span class='ocrx_word' id='word_1_468' title='bbox 488 5650 580 5706; x_wconf 88' lang='lat' dir='ltr'><strong>Dei</strong></span> <span class='ocrx_word' id='word_1_469' title='bbox 608 5647 918 5722; x_wconf 84' lang='lat' dir='ltr'><strong>agricultura</strong></span> <span class='ocrx_word' id='word_1_470' title='bbox 937 5686 951 5710; x_wconf 95' lang='lat'><strong>,</strong></span> <span class='ocrx_word' id='word_1_471' title='bbox 981 5641 1078 5697; x_wconf 91' lang='lat' dir='ltr'><strong>Dei</strong></span> <span class='ocrx_word' id='word_1_472' title='bbox 1117 5637 1389 5708; x_wconf 79' lang='lat' dir='ltr'><strong>cediﬁcatio</strong></span> <span class='ocrx_word' id='word_1_473' title='bbox 1416 5635 1532 5690; x_wconf 85' lang='lat' dir='ltr'><strong>estis</strong></span> <span class='ocrx_word' id='word_1_474' title='bbox 1561 5649 1577 5689; x_wconf 92' lang='lat'><strong><em>:</em></strong></span> <span class='ocrx_word' id='word_1_475' title='bbox 1603 5632 1878 5689; x_wconf 84' lang='lat' dir='ltr'><strong>secundum</strong></span> 
     </span>
    </p>
   </div>
   <div class='ocr_carea' id='block_1_58' title="bbox 293 5727 1881 5821">
    <p class='ocr_par' dir='ltr' id='par_1_58' title="bbox 293 5727 1881 5821">
     <span class='ocr_line' id='line_1_58' title="bbox 293 5727 1881 5821; baseline -0.016 -19"><span class='ocrx_word' id='word_1_476' title='bbox 293 5747 515 5821; x_wconf 64' lang='lat' dir='ltr'><strong>gratiam</strong></span> <span class='ocrx_word' id='word_1_477' title='bbox 542 5756 654 5814; x_wconf 73' lang='lat' dir='ltr'><strong>qua:</strong></span> <span class='ocrx_word' id='word_1_478' title='bbox 682 5740 802 5795; x_wconf 87' lang='lat' dir='ltr'><strong>data</strong></span> <span class='ocrx_word' id='word_1_479' title='bbox 830 5745 900 5794; x_wconf 86' lang='lat' dir='ltr'><strong>est</strong></span> <span class='ocrx_word' id='word_1_480' title='bbox 926 5733 1048 5791; x_wconf 78' lang='lat' dir='ltr'><strong>mihi</strong></span> <span class='ocrx_word' id='word_1_481' title='bbox 1070 5775 1085 5801; x_wconf 92' lang='lat'><strong>,</strong></span> <span class='ocrx_word' id='word_1_482' title='bbox 1119 5741 1173 5787; x_wconf 87' lang='lat' dir='ltr'><strong>ut</strong></span> <span class='ocrx_word' id='word_1_483' title='bbox 1202 5729 1405 5803; x_wconf 84' lang='lat' dir='ltr'><strong>sapiens</strong></span> <span class='ocrx_word' id='word_1_484' title='bbox 1436 5727 1732 5780; x_wconf 83' lang='lat' dir='ltr'><strong>architectus</strong></span> <span class='ocrx_word' id='word_1_485' title='bbox 1759 5727 1881 5796; x_wconf 61' lang='lat' dir='ltr'><strong>[uno</strong></span> 
     </span>
    </p>
   </div>
   <div class='ocr_carea' id='block_1_59' title="bbox 293 5817 1881 5905">
    <p class='ocr_par' dir='ltr' id='par_1_59' title="bbox 293 5817 1881 5905">
     <span class='ocr_line' id='line_1_59' title="bbox 293 5817 1881 5905; baseline -0.014 -12"><span class='ocrx_word' id='word_1_486' title='bbox 293 5817 585 5898; x_wconf 57' lang='lat' dir='ltr'><strong>iactentur»</strong></span> <span class='ocrx_word' id='word_1_487' title='bbox 613 5831 755 5905; x_wconf 85' lang='lat' dir='ltr'><strong>posui</strong></span> <span class='ocrx_word' id='word_1_488' title='bbox 783 5834 802 5901; x_wconf 90' lang='lat'><strong>(</strong></span> <span class='ocrx_word' id='word_1_489' title='bbox 828 5831 847 5885; x_wconf 89' lang='lat' dir='ltr'><strong>l</strong></span> <span class='ocrx_word' id='word_1_490' title='bbox 874 5826 990 5884; x_wconf 90' lang='lat' dir='ltr'><strong>Cor.</strong></span> <span class='ocrx_word' id='word_1_491' title='bbox 1016 5841 1094 5893; x_wconf 87' lang='lat' dir='ltr'><strong>nt,</strong></span> <span class='ocrx_word' id='word_1_492' title='bbox 1126 5819 1295 5893; x_wconf 72' lang='lat'><strong>5-10)</strong></span> <span class='ocrx_word' id='word_1_493' title='bbox 1327 5821 1473 5875; x_wconf 87' lang='lat' dir='ltr'><strong>Sicut</strong></span> <span class='ocrx_word' id='word_1_494' title='bbox 1501 5833 1625 5889; x_wconf 69' lang='lat' dir='ltr'><strong>ergo</strong></span> <span class='ocrx_word' id='word_1_495' title='bbox 1653 5817 1881 5888; x_wconf 75' lang='lat' dir='ltr'><strong>Aposto-</strong></span> 
     </span>
    </p>
   </div>
   <div class='ocr_carea' id='block_1_60' title="bbox 342 5947 1483 6027">
    <p class='ocr_par' dir='ltr' id='par_1_60' title="bbox 342 5947 1483 6027">
     <span class='ocr_line' id='line_1_60' title="bbox 342 5947 1483 6027; baseline -0.021 -6"><span class='ocrx_word' id='word_1_496' title='bbox 342 5965 378 6027; x_wconf 72' lang='grc' dir='ltr'><strong>,ι</strong></span> <span class='ocrx_word' id='word_1_497' title='bbox 409 5960 517 6019; x_wconf 79' lang='lat' dir='ltr'><strong>sola</strong></span> <span class='ocrx_word' id='word_1_498' title='bbox 540 5958 687 6015; x_wconf 80' lang='lat' dir='ltr'><strong>editio</strong></span> <span class='ocrx_word' id='word_1_499' title='bbox 707 5963 839 6025; x_wconf 69' lang='grc' dir='ltr'><strong>ωγο,</strong></span> <span class='ocrx_word' id='word_1_500' title='bbox 856 5953 908 6011; x_wconf 83' lang='lat' dir='ltr'><strong>in</strong></span> <span class='ocrx_word' id='word_1_501' title='bbox 928 5949 1146 6013; x_wconf 64' lang='lat' dir='ltr'><strong>Maiori</strong></span> <span class='ocrx_word' id='word_1_502' title='bbox 1176 5947 1363 6011; x_wconf 79' lang='lat' dir='ltr'><strong>homine</strong></span> <span class='ocrx_word' id='word_1_503' title='bbox 1386 5955 1483 5999; x_wconf 82' lang='lat' dir='ltr'><strong>tuo.</strong></span> 
     </span>
    </p>
   </div>
   <div class='ocr_carea' id='block_1_61' title="bbox 1704 418 2143 484">
    <p class='ocr_par' dir='ltr' id='par_1_61' title="bbox 1704 418 2143 484">
     <span class='ocr_line' id='line_1_61' title="bbox 1704 418 2143 484; baseline 0 -3"><span class='ocrx_word' id='word_1_504' title='bbox 1704 421 1907 481; x_wconf 74' lang='lat' dir='ltr'><strong>LIBER</strong></span> <span class='ocrx_word' id='word_1_505' title='bbox 1944 418 2143 484; x_wconf 83' lang='lat' dir='ltr'><strong>UNUS.</strong></span> 
     </span>
    </p>
   </div>
   <div class='ocr_carea' id='block_1_62' title="bbox 2000 540 3577 620">
    <p class='ocr_par' dir='ltr' id='par_1_62' title="bbox 2000 540 3577 620">
     <span class='ocr_line' id='line_1_62' title="bbox 2000 540 3577 620; baseline 0.001 -23"><span class='ocrx_word' id='word_1_506' title='bbox 2000 540 2085 597; x_wconf 89' lang='lat' dir='ltr'><strong>lus</strong></span> <span class='ocrx_word' id='word_1_507' title='bbox 2110 549 2363 610; x_wconf 81' lang='lat' dir='ltr'><strong>operatur</strong></span> <span class='ocrx_word' id='word_1_508' title='bbox 2392 540 2699 611; x_wconf 83' lang='lat' dir='ltr'><strong>plentando,</strong></span> <span class='ocrx_word' id='word_1_509' title='bbox 2729 543 2973 615; x_wconf 75' lang='lat' dir='ltr'><strong>rigando,</strong></span> <span class='ocrx_word' id='word_1_510' title='bbox 3001 547 3345 620; x_wconf 58' lang='lat' dir='ltr'><strong>aediﬁcando,</strong></span> <span class='ocrx_word' id='word_1_511' title='bbox 3371 561 3429 611; x_wconf 69' lang='grc' dir='ltr'><strong>οι</strong></span> <span class='ocrx_word' id='word_1_512' title='bbox 3445 553 3577 614; x_wconf 66' lang='grc' dir='ltr'><strong>ιω.-</strong></span> 
     </span>
    </p>
   </div>
   <div class='ocr_carea' id='block_1_63' title="bbox 1995 632 3577 715">
    <p class='ocr_par' dir='ltr' id='par_1_63' title="bbox 1995 632 3577 715">
     <span class='ocr_line' id='line_1_63' title="bbox 1995 632 3577 715; baseline 0.013 -29"><span class='ocrx_word' id='word_1_513' title='bbox 1995 632 2301 688; x_wconf 88' lang='lat' dir='ltr'><strong>damentum</strong></span> <span class='ocrx_word' id='word_1_514' title='bbox 2351 634 2624 704; x_wconf 90' lang='lat' dir='ltr'><strong>ponendo;</strong></span> <span class='ocrx_word' id='word_1_515' title='bbox 2672 637 2742 691; x_wconf 89' lang='lat' dir='ltr'><strong>ita</strong></span> <span class='ocrx_word' id='word_1_516' title='bbox 2771 639 2860 708; x_wconf 90' lang='lat' dir='ltr'><strong>qui</strong></span> <span class='ocrx_word' id='word_1_517' title='bbox 2905 653 3011 695; x_wconf 91' lang='lat' dir='ltr'><strong>non</strong></span> <span class='ocrx_word' id='word_1_518' title='bbox 3057 640 3168 699; x_wconf 77' lang='lat' dir='ltr'><strong>vult</strong></span> <span class='ocrx_word' id='word_1_519' title='bbox 3204 646 3436 715; x_wconf 87' lang='lat' dir='ltr'><strong>operari,</strong></span> <span class='ocrx_word' id='word_1_520' title='bbox 3467 662 3577 706; x_wconf 79' lang='lat' dir='ltr'><strong>non</strong></span> 
     </span>
    </p>
   </div>
   <div class='ocr_carea' id='block_1_64' title="bbox 1950 723 3581 805">
    <p class='ocr_par' dir='ltr' id='par_1_64' title="bbox 1950 723 3581 805">
     <span class='ocr_line' id='line_1_64' title="bbox 1950 723 3581 805; baseline 0.008 -25"><span class='ocrx_word' id='word_1_521' title='bbox 1950 738 1953 739; x_wconf 68' lang='lat'><strong><em>&#39;</em></strong></span> <span class='ocrx_word' id='word_1_522' title='bbox 1991 723 2299 781; x_wconf 86' lang='lat' dir='ltr'><strong>manducet.</strong></span> <span class='ocrx_word' id='word_1_523' title='bbox 2329 724 2464 793; x_wconf 84' lang='lat' dir='ltr'><strong>Quid</strong></span> <span class='ocrx_word' id='word_1_524' title='bbox 2493 727 2635 783; x_wconf 83' lang='lat' dir='ltr'><strong>enim</strong></span> <span class='ocrx_word' id='word_1_525' title='bbox 2662 729 2878 798; x_wconf 80' lang='lat' dir='ltr'><strong>prodest</strong></span> <span class='ocrx_word' id='word_1_526' title='bbox 2902 730 3270 789; x_wconf 86' lang='lat' dir='ltr'><strong>manducando</strong></span> <span class='ocrx_word' id='word_1_527' title='bbox 3293 735 3581 805; x_wconf 80' lang='lat' dir='ltr'><strong>spirituali-</strong></span> 
     </span>
    </p>
   </div>
   <div class='ocr_carea' id='block_1_65' title="bbox 1992 819 3576 897">
    <p class='ocr_par' dir='ltr' id='par_1_65' title="bbox 1992 819 3576 897">
     <span class='ocr_line' id='line_1_65' title="bbox 1992 819 3576 897; baseline 0.008 -24"><span class='ocrx_word' id='word_1_528' title='bbox 1992 826 2074 874; x_wconf 88' lang='lat' dir='ltr'><strong>ter</strong></span> <span class='ocrx_word' id='word_1_529' title='bbox 2102 820 2247 888; x_wconf 85' lang='lat' dir='ltr'><strong>pasci</strong></span> <span class='ocrx_word' id='word_1_530' title='bbox 2273 819 2437 875; x_wconf 89' lang='lat' dir='ltr'><strong>verbo</strong></span> <span class='ocrx_word' id='word_1_531' title='bbox 2461 820 2557 876; x_wconf 89' lang='lat' dir='ltr'><strong>Dei</strong></span> <span class='ocrx_word' id='word_1_532' title='bbox 2582 822 2620 887; x_wconf 76' lang='grc'><strong>⁸,</strong></span> <span class='ocrx_word' id='word_1_533' title='bbox 2668 823 2712 878; x_wconf 87' lang='lat' dir='ltr'><strong>si</strong></span> <span class='ocrx_word' id='word_1_534' title='bbox 2753 839 2859 879; x_wconf 89' lang='lat' dir='ltr'><strong>non</strong></span> <span class='ocrx_word' id='word_1_535' title='bbox 2900 824 3025 881; x_wconf 88' lang='lat' dir='ltr'><strong>inde</strong></span> <span class='ocrx_word' id='word_1_536' title='bbox 3070 835 3323 897; x_wconf 85' lang='lat' dir='ltr'><strong>operatur</strong></span> <span class='ocrx_word' id='word_1_537' title='bbox 3348 828 3576 887; x_wconf 85' lang='lat' dir='ltr'><strong>aliorum</strong></span> 
     </span>
    </p>
   </div>
   <div class='ocr_carea' id='block_1_66' title="bbox 1990 912 3576 989">
    <p class='ocr_par' dir='ltr' id='par_1_66' title="bbox 1990 912 3576 989">
     <span class='ocr_line' id='line_1_66' title="bbox 1990 912 3576 989; baseline 0.007 -22"><span class='ocrx_word' id='word_1_538' title='bbox 1990 912 2433 968; x_wconf 60' lang='lat' dir='ltr'><strong>aditicationem?</strong></span> <span class='ocrx_word' id='word_1_539' title='bbox 2463 912 2615 970; x_wconf 80' lang='lat' dir='ltr'><strong>Sicut</strong></span> <span class='ocrx_word' id='word_1_540' title='bbox 2640 915 2710 970; x_wconf 94' lang='lat' dir='ltr'><strong>illi</strong></span> <span class='ocrx_word' id='word_1_541' title='bbox 2744 916 2893 987; x_wconf 89' lang='lat' dir='ltr'><strong>pigro</strong></span> <span class='ocrx_word' id='word_1_542' title='bbox 2922 932 3079 975; x_wconf 88' lang='lat' dir='ltr'><strong>servo</strong></span> <span class='ocrx_word' id='word_1_543' title='bbox 3106 917 3233 989; x_wconf 89' lang='lat' dir='ltr'><strong>quid</strong></span> <span class='ocrx_word' id='word_1_544' title='bbox 3260 919 3461 989; x_wconf 89' lang='lat' dir='ltr'><strong>profuit</strong></span> <span class='ocrx_word' id='word_1_545' title='bbox 3484 937 3576 978; x_wconf 85' lang='lat' dir='ltr'><strong>ac-</strong></span> 
     </span>
    </p>
   </div>
   <div class='ocr_carea' id='block_1_67' title="bbox 1988 1006 3576 1083">
    <p class='ocr_par' dir='ltr' id='par_1_67' title="bbox 1988 1006 3576 1083">
     <span class='ocr_line' id='line_1_67' title="bbox 1988 1006 3576 1083; baseline 0.008 -23"><span class='ocrx_word' id='word_1_546' title='bbox 1988 1006 2168 1076; x_wconf 89' lang='lat' dir='ltr'><strong>cipere</strong></span> <span class='ocrx_word' id='word_1_547' title='bbox 2214 1007 2500 1075; x_wconf 81' lang='lat' dir='ltr'><strong>talentum,</strong></span> <span class='ocrx_word' id='word_1_548' title='bbox 2542 1016 2598 1063; x_wconf 88' lang='lat' dir='ltr'><strong>et</strong></span> <span class='ocrx_word' id='word_1_549' title='bbox 2640 1009 2990 1080; x_wconf 83' lang='lat' dir='ltr'><strong>abscondere,</strong></span> <span class='ocrx_word' id='word_1_550' title='bbox 3037 1027 3138 1069; x_wconf 89' lang='lat' dir='ltr'><strong>nec</strong></span> <span class='ocrx_word' id='word_1_551' title='bbox 3177 1015 3385 1083; x_wconf 83' lang='lat' dir='ltr'><strong>operari</strong></span> <span class='ocrx_word' id='word_1_552' title='bbox 3429 1015 3576 1073; x_wconf 88' lang='lat' dir='ltr'><strong>lucra</strong></span> 
     </span>
    </p>
   </div>
   <div class='ocr_carea' id='block_1_68' title="bbox 1989 1099 3573 1179">
    <p class='ocr_par' dir='ltr' id='par_1_68' title="bbox 1989 1099 3573 1179">
     <span class='ocr_line' id='line_1_68' title="bbox 1989 1099 3573 1179; baseline 0.006 -23"><span class='ocrx_word' id='word_1_553' title='bbox 1989 1099 2290 1156; x_wconf 85' lang='lat' dir='ltr'><strong>dominica?</strong></span> <span class='ocrx_word' id='word_1_554' title='bbox 2319 1105 2398 1157; x_wconf 89' lang='lat' dir='ltr'><strong>An</strong></span> <span class='ocrx_word' id='word_1_555' title='bbox 2427 1111 2486 1158; x_wconf 90' lang='lat' dir='ltr'><strong>ut</strong></span> <span class='ocrx_word' id='word_1_556' title='bbox 2521 1103 2569 1159; x_wconf 89' lang='lat' dir='ltr'><strong>ei</strong></span> <span class='ocrx_word' id='word_1_557' title='bbox 2597 1102 2896 1160; x_wconf 79' lang='lat' dir='ltr'><strong>auferretur</strong></span> <span class='ocrx_word' id='word_1_558' title='bbox 2921 1106 2974 1161; x_wconf 82' lang='lat' dir='ltr'><strong>in</strong></span> <span class='ocrx_word' id='word_1_559' title='bbox 3009 1106 3133 1171; x_wconf 85' lang='lat' dir='ltr'><strong>ﬁne,</strong></span> <span class='ocrx_word' id='word_1_560' title='bbox 3164 1116 3220 1163; x_wconf 89' lang='lat' dir='ltr'><strong>et</strong></span> <span class='ocrx_word' id='word_1_561' title='bbox 3248 1110 3363 1179; x_wconf 90' lang='lat' dir='ltr'><strong>ipse</strong></span> <span class='ocrx_word' id='word_1_562' title='bbox 3392 1109 3446 1164; x_wconf 91' lang='lat' dir='ltr'><strong>in</strong></span> <span class='ocrx_word' id='word_1_563' title='bbox 3476 1126 3573 1165; x_wconf 81' lang='lat' dir='ltr'><strong>ex-</strong></span> 
     </span>
    </p>
   </div>
   <div class='ocr_carea' id='block_1_69' title="bbox 1991 1193 3570 1271">
    <p class='ocr_par' dir='ltr' id='par_1_69' title="bbox 1991 1193 3570 1271">
     <span class='ocr_line' id='line_1_69' title="bbox 1991 1193 3570 1271; baseline 0.005 -23"><span class='ocrx_word' id='word_1_564' title='bbox 1991 1194 2216 1249; x_wconf 83' lang='lat' dir='ltr'><strong>teriores</strong></span> <span class='ocrx_word' id='word_1_565' title='bbox 2237 1193 2486 1250; x_wconf 87' lang='lat' dir='ltr'><strong>tenebras</strong></span> <span class='ocrx_word' id='word_1_566' title='bbox 2508 1195 2806 1251; x_wconf 86' lang='lat' dir='ltr'><strong>mitteretur</strong></span> <span class='ocrx_word' id='word_1_567' title='bbox 2825 1196 3038 1267; x_wconf 70' lang='lat' dir='ltr'><strong>(Matth.</strong></span> <span class='ocrx_word' id='word_1_568' title='bbox 3062 1215 3187 1267; x_wconf 87' lang='lat' dir='ltr'><strong>xxv,</strong></span> <span class='ocrx_word' id='word_1_569' title='bbox 3209 1199 3402 1271; x_wconf 68' lang='lat'><strong>24-50)</strong></span> <span class='ocrx_word' id='word_1_570' title='bbox 3419 1201 3442 1254; x_wconf 82' lang='lat' dir='ltr'><strong>‘t</strong></span> <span class='ocrx_word' id='word_1_571' title='bbox 3461 1200 3570 1268; x_wconf 89' lang='lat' dir='ltr'><strong>Sic,</strong></span> 
     </span>
    </p>
   </div>
   <div class='ocr_carea' id='block_1_70' title="bbox 1991 1286 3572 1363">
    <p class='ocr_par' dir='ltr' id='par_1_70' title="bbox 1991 1286 3572 1363">
     <span class='ocr_line' id='line_1_70' title="bbox 1991 1286 3572 1363; baseline 0.006 -24"><span class='ocrx_word' id='word_1_572' title='bbox 1991 1286 2258 1356; x_wconf 90' lang='lat' dir='ltr'><strong>inquiunt,</strong></span> <span class='ocrx_word' id='word_1_573' title='bbox 2283 1296 2337 1341; x_wconf 90' lang='lat' dir='ltr'><strong>et</strong></span> <span class='ocrx_word' id='word_1_574' title='bbox 2364 1301 2463 1342; x_wconf 89' lang='lat' dir='ltr'><strong>nos</strong></span> <span class='ocrx_word' id='word_1_575' title='bbox 2487 1286 2709 1343; x_wconf 88' lang='lat' dir='ltr'><strong>facimus</strong></span> <span class='ocrx_word' id='word_1_576' title='bbox 2739 1307 2751 1342; x_wconf 93' lang='lat'>:</span> <span class='ocrx_word' id='word_1_577' title='bbox 2783 1289 3005 1360; x_wconf 83' lang='lat' dir='ltr'><strong>legimus</strong></span> <span class='ocrx_word' id='word_1_578' title='bbox 3031 1305 3152 1346; x_wconf 90' lang='lat' dir='ltr'><strong>cum</strong></span> <span class='ocrx_word' id='word_1_579' title='bbox 3182 1290 3455 1360; x_wconf 85' lang='lat' dir='ltr'><strong>fratribus,</strong></span> <span class='ocrx_word' id='word_1_580' title='bbox 3482 1293 3572 1363; x_wconf 90' lang='lat' dir='ltr'><strong>qui</strong></span> 
     </span>
    </p>
   </div>
   <div class='ocr_carea' id='block_1_71' title="bbox 1988 1377 3571 1453">
    <p class='ocr_par' dir='ltr' id='par_1_71' title="bbox 1988 1377 3571 1453">
     <span class='ocr_line' id='line_1_71' title="bbox 1988 1377 3571 1453; baseline 0.005 -22"><span class='ocrx_word' id='word_1_581' title='bbox 1988 1377 2055 1432; x_wconf 84' lang='lat' dir='ltr'><strong>ad</strong></span> <span class='ocrx_word' id='word_1_582' title='bbox 2087 1393 2183 1431; x_wconf 91' lang='lat' dir='ltr'><strong>nos</strong></span> <span class='ocrx_word' id='word_1_583' title='bbox 2212 1378 2278 1433; x_wconf 87' lang='lat' dir='ltr'><strong>ab</strong></span> <span class='ocrx_word' id='word_1_584' title='bbox 2303 1386 2435 1432; x_wconf 70' lang='lat' dir='ltr'><strong>restu</strong></span> <span class='ocrx_word' id='word_1_585' title='bbox 2456 1379 2637 1434; x_wconf 74' lang='lat' dir='ltr'><strong>szeculi</strong></span> <span class='ocrx_word' id='word_1_586' title='bbox 2657 1381 2875 1436; x_wconf 87' lang='lat' dir='ltr'><strong>veniunt</strong></span> <span class='ocrx_word' id='word_1_587' title='bbox 2897 1380 3118 1453; x_wconf 88' lang='lat' dir='ltr'><strong>fatigati,</strong></span> <span class='ocrx_word' id='word_1_588' title='bbox 3148 1391 3206 1438; x_wconf 92' lang='lat' dir='ltr'><strong>ut</strong></span> <span class='ocrx_word' id='word_1_589' title='bbox 3231 1382 3371 1453; x_wconf 87' lang='lat' dir='ltr'><strong>apud</strong></span> <span class='ocrx_word' id='word_1_590' title='bbox 3398 1398 3494 1439; x_wconf 90' lang='lat' dir='ltr'><strong>nos</strong></span> <span class='ocrx_word' id='word_1_591' title='bbox 3517 1384 3571 1439; x_wconf 93' lang='lat' dir='ltr'><strong>in</strong></span> 
     </span>
    </p>
   </div>
   <div class='ocr_carea' id='block_1_72' title="bbox 1989 1469 3574 1545">
    <p class='ocr_par' dir='ltr' id='par_1_72' title="bbox 1989 1469 3574 1545">
     <span class='ocr_line' id='line_1_72' title="bbox 1989 1469 3574 1545; baseline 0.004 -21"><span class='ocrx_word' id='word_1_592' title='bbox 1989 1469 2154 1525; x_wconf 83' lang='lat' dir='ltr'><strong>verbo</strong></span> <span class='ocrx_word' id='word_1_593' title='bbox 2184 1470 2298 1536; x_wconf 90' lang='lat' dir='ltr'><strong>Dei,</strong></span> <span class='ocrx_word' id='word_1_594' title='bbox 2322 1480 2377 1525; x_wconf 93' lang='lat' dir='ltr'><strong>et</strong></span> <span class='ocrx_word' id='word_1_595' title='bbox 2396 1469 2451 1525; x_wconf 89' lang='lat' dir='ltr'><strong>in</strong></span> <span class='ocrx_word' id='word_1_596' title='bbox 2480 1471 2827 1542; x_wconf 85' lang='lat' dir='ltr'><strong>orationibus,</strong></span> <span class='ocrx_word' id='word_1_597' title='bbox 2857 1474 3098 1544; x_wconf 80' lang='lat' dir='ltr'><strong>psalmis,</strong></span> <span class='ocrx_word' id='word_1_598' title='bbox 3125 1473 3356 1545; x_wconf 86' lang='lat' dir='ltr'><strong>hymnis,</strong></span> <span class='ocrx_word' id='word_1_599' title='bbox 3377 1483 3434 1530; x_wconf 90' lang='lat' dir='ltr'><strong>et</strong></span> <span class='ocrx_word' id='word_1_600' title='bbox 3454 1489 3574 1531; x_wconf 78' lang='lat' dir='ltr'><strong>can-</strong></span> 
     </span>
    </p>
   </div>
   <div class='ocr_carea' id='block_1_73' title="bbox 1987 1561 3572 1636">
    <p class='ocr_par' dir='ltr' id='par_1_73' title="bbox 1987 1561 3572 1636">
     <span class='ocr_line' id='line_1_73' title="bbox 1987 1561 3572 1636; baseline 0.004 -19"><span class='ocrx_word' id='word_1_601' title='bbox 1987 1561 2109 1618; x_wconf 86' lang='lat' dir='ltr'><strong>ticis</strong></span> <span class='ocrx_word' id='word_1_602' title='bbox 2129 1561 2489 1632; x_wconf 86' lang='lat' dir='ltr'><strong>spiritualibus</strong></span> <span class='ocrx_word' id='word_1_603' title='bbox 2509 1564 2862 1635; x_wconf 84' lang='lat' dir='ltr'><strong>requiescant.</strong></span> <span class='ocrx_word' id='word_1_604' title='bbox 2886 1565 3219 1636; x_wconf 80' lang='lat' dir='ltr'><strong>Alloquimur</strong></span> <span class='ocrx_word' id='word_1_605' title='bbox 3234 1580 3349 1633; x_wconf 87' lang='lat' dir='ltr'><strong>eos,</strong></span> <span class='ocrx_word' id='word_1_606' title='bbox 3377 1580 3572 1623; x_wconf 81' lang='lat' dir='ltr'><strong>conso-</strong></span> 
     </span>
    </p>
   </div>
   <div class='ocr_carea' id='block_1_74' title="bbox 1986 1653 3571 1726">
    <p class='ocr_par' dir='ltr' id='par_1_74' title="bbox 1986 1653 3571 1726">
     <span class='ocr_line' id='line_1_74' title="bbox 1986 1653 3571 1726; baseline 0.004 -18"><span class='ocrx_word' id='word_1_607' title='bbox 1986 1653 2180 1721; x_wconf 88' lang='lat' dir='ltr'><strong>lamur,</strong></span> <span class='ocrx_word' id='word_1_608' title='bbox 2206 1653 2573 1721; x_wconf 79' lang='lat' dir='ltr'><strong>exhortamur,</strong></span> <span class='ocrx_word' id='word_1_609' title='bbox 2605 1655 2930 1713; x_wconf 74' lang='lat' dir='ltr'><strong>aediﬁcantes</strong></span> <span class='ocrx_word' id='word_1_610' title='bbox 2955 1657 3007 1711; x_wconf 90' lang='lat' dir='ltr'><strong>in</strong></span> <span class='ocrx_word' id='word_1_611' title='bbox 3034 1657 3134 1723; x_wconf 82' lang='lat' dir='ltr'><strong>eis,</strong></span> <span class='ocrx_word' id='word_1_612' title='bbox 3157 1657 3202 1711; x_wconf 88' lang='lat' dir='ltr'><strong>si</strong></span> <span class='ocrx_word' id='word_1_613' title='bbox 3227 1656 3354 1726; x_wconf 89' lang='lat' dir='ltr'><strong>quid</strong></span> <span class='ocrx_word' id='word_1_614' title='bbox 3383 1671 3571 1715; x_wconf 88' lang='lat' dir='ltr'><strong>eorum</strong></span> 
     </span>
    </p>
   </div>
   <div class='ocr_carea' id='block_1_75' title="bbox 1986 1747 3572 1820">
    <p class='ocr_par' dir='ltr' id='par_1_75' title="bbox 1986 1747 3572 1820">
     <span class='ocr_line' id='line_1_75' title="bbox 1986 1747 3572 1820; baseline 0.003 -19"><span class='ocrx_word' id='word_1_615' title='bbox 1986 1747 2110 1802; x_wconf 76' lang='lat' dir='ltr'><strong>vitae</strong></span> <span class='ocrx_word' id='word_1_616' title='bbox 2148 1762 2245 1818; x_wconf 90' lang='lat' dir='ltr'><strong>pro</strong></span> <span class='ocrx_word' id='word_1_617' title='bbox 2274 1761 2371 1803; x_wconf 89' lang='lat' dir='ltr'><strong>suo</strong></span> <span class='ocrx_word' id='word_1_618' title='bbox 2406 1747 2573 1818; x_wconf 88' lang='lat' dir='ltr'><strong>gradu</strong></span> <span class='ocrx_word' id='word_1_619' title='bbox 2601 1747 2792 1804; x_wconf 88' lang='lat' dir='ltr'><strong>deesse</strong></span> <span class='ocrx_word' id='word_1_620' title='bbox 2820 1749 3191 1819; x_wconf 85' lang='lat' dir='ltr'><strong>perspicimus.</strong></span> <span class='ocrx_word' id='word_1_621' title='bbox 3236 1748 3383 1804; x_wconf 83' lang='lat' dir='ltr'><strong>Talia</strong></span> <span class='ocrx_word' id='word_1_622' title='bbox 3410 1763 3572 1820; x_wconf 83' lang='lat' dir='ltr'><strong>opera</strong></span> 
     </span>
    </p>
   </div>
   <div class='ocr_carea' id='block_1_76' title="bbox 1987 1838 3572 1911">
    <p class='ocr_par' dir='ltr' id='par_1_76' title="bbox 1987 1838 3572 1911">
     <span class='ocr_line' id='line_1_76' title="bbox 1987 1838 3572 1911; baseline -0.001 -16"><span class='ocrx_word' id='word_1_623' title='bbox 1987 1840 2034 1896; x_wconf 89' lang='lat' dir='ltr'><strong>si</strong></span> <span class='ocrx_word' id='word_1_624' title='bbox 2065 1856 2169 1895; x_wconf 86' lang='lat' dir='ltr'><strong>non</strong></span> <span class='ocrx_word' id='word_1_625' title='bbox 2201 1838 2517 1907; x_wconf 87' lang='lat' dir='ltr'><strong>faceremus,</strong></span> <span class='ocrx_word' id='word_1_626' title='bbox 2548 1841 2848 1911; x_wconf 88' lang='lat' dir='ltr'><strong>periculose</strong></span> <span class='ocrx_word' id='word_1_627' title='bbox 2873 1856 2903 1895; x_wconf 90' lang='lat' dir='ltr'><strong>a</strong></span> <span class='ocrx_word' id='word_1_628' title='bbox 2931 1841 3157 1896; x_wconf 83' lang='lat' dir='ltr'><strong>Domino</strong></span> <span class='ocrx_word' id='word_1_629' title='bbox 3185 1840 3437 1895; x_wconf 86' lang='lat' dir='ltr'><strong>alimenta</strong></span> <span class='ocrx_word' id='word_1_630' title='bbox 3458 1840 3572 1910; x_wconf 85' lang='lat' dir='ltr'><strong>ipsa</strong></span> 
     </span>
    </p>
   </div>
   <div class='ocr_carea' id='block_1_77' title="bbox 1985 1929 3572 2003">
    <p class='ocr_par' dir='ltr' id='par_1_77' title="bbox 1985 1929 3572 2003">
     <span class='ocr_line' id='line_1_77' title="bbox 1985 1929 3572 2003; baseline 0 -17"><span class='ocrx_word' id='word_1_631' title='bbox 1985 1930 2281 2003; x_wconf 86' lang='lat' dir='ltr'><strong>spiritualia</strong></span> <span class='ocrx_word' id='word_1_632' title='bbox 2303 1931 2798 1989; x_wconf 55' lang='lat' dir='ltr'><strong>sumeremusdloc</strong></span> <span class='ocrx_word' id='word_1_633' title='bbox 2825 1931 2967 1986; x_wconf 90' lang='lat' dir='ltr'><strong>enim</strong></span> <span class='ocrx_word' id='word_1_634' title='bbox 2988 1930 3445 2000; x_wconf 80' lang='lat' dir='ltr'><strong>dixitApostolus,</strong></span> <span class='ocrx_word' id='word_1_635' title='bbox 3471 1929 3572 1994; x_wconf 77' lang='lat' dir='ltr'><strong>Qui</strong></span> 
     </span>
    </p>
   </div>
   <div class='ocr_carea' id='block_1_78' title="bbox 1984 2020 3571 2097">
    <p class='ocr_par' dir='ltr' id='par_1_78' title="bbox 1984 2020 3571 2097">
     <span class='ocr_line' id='line_1_78' title="bbox 1984 2020 3571 2097; baseline -0.001 -18"><span class='ocrx_word' id='word_1_636' title='bbox 1984 2041 2086 2080; x_wconf 90' lang='lat' dir='ltr'><strong>nou</strong></span> <span class='ocrx_word' id='word_1_637' title='bbox 2115 2022 2221 2078; x_wconf 88' lang='lat' dir='ltr'><strong>vult</strong></span> <span class='ocrx_word' id='word_1_638' title='bbox 2245 2025 2466 2097; x_wconf 82' lang='lat' dir='ltr'><strong>operari,</strong></span> <span class='ocrx_word' id='word_1_639' title='bbox 2495 2040 2596 2079; x_wconf 87' lang='lat' dir='ltr'><strong>non</strong></span> <span class='ocrx_word' id='word_1_640' title='bbox 2622 2023 2908 2078; x_wconf 82' lang='lat' dir='ltr'><strong>manducet.</strong></span> <span class='ocrx_word' id='word_1_641' title='bbox 2943 2022 3018 2079; x_wconf 83' lang='lat' dir='ltr'><strong>Ita</strong></span> <span class='ocrx_word' id='word_1_642' title='bbox 3048 2037 3107 2079; x_wconf 82' lang='lat' dir='ltr'><strong>se</strong></span> <span class='ocrx_word' id='word_1_643' title='bbox 3135 2021 3220 2079; x_wconf 85' lang='lat' dir='ltr'><strong>isti</strong></span> <span class='ocrx_word' id='word_1_644' title='bbox 3247 2020 3571 2078; x_wconf 84' lang='lat' dir='ltr'><strong>arbitrantur</strong></span> 
     </span>
    </p>
   </div>
   <div class='ocr_carea' id='block_1_79' title="bbox 1984 2115 3570 2188">
    <p class='ocr_par' dir='ltr' id='par_1_79' title="bbox 1984 2115 3570 2188">
     <span class='ocr_line' id='line_1_79' title="bbox 1984 2115 3570 2188; baseline -0.001 -17"><span class='ocrx_word' id='word_1_645' title='bbox 1984 2117 2287 2188; x_wconf 70' lang='lat' dir='ltr'><strong>apostolica:</strong></span> <span class='ocrx_word' id='word_1_646' title='bbox 2309 2125 2363 2173; x_wconf 92' lang='lat' dir='ltr'><strong>et</strong></span> <span class='ocrx_word' id='word_1_647' title='bbox 2383 2116 2707 2188; x_wconf 65' lang='lat' dir='ltr'><strong>evangelicae</strong></span> <span class='ocrx_word' id='word_1_648' title='bbox 2732 2117 3102 2188; x_wconf 88' lang='lat' dir='ltr'><strong>obtemperare</strong></span> <span class='ocrx_word' id='word_1_649' title='bbox 3123 2115 3421 2184; x_wconf 67' lang='lat' dir='ltr'><strong>sementim,</strong></span> <span class='ocrx_word' id='word_1_650' title='bbox 3447 2129 3570 2170; x_wconf 89' lang='lat' dir='ltr'><strong>cum</strong></span> 
     </span>
    </p>
   </div>
   <div class='ocr_carea' id='block_1_80' title="bbox 1984 2208 3573 2280">
    <p class='ocr_par' dir='ltr' id='par_1_80' title="bbox 1984 2208 3573 2280">
     <span class='ocr_line' id='line_1_80' title="bbox 1984 2208 3573 2280; baseline -0.002 -14"><span class='ocrx_word' id='word_1_651' title='bbox 1984 2219 2039 2266; x_wconf 88' lang='lat' dir='ltr'><strong>et</strong></span> <span class='ocrx_word' id='word_1_652' title='bbox 2068 2208 2412 2280; x_wconf 84' lang='lat' dir='ltr'><strong>Evangelium</strong></span> <span class='ocrx_word' id='word_1_653' title='bbox 2438 2210 2665 2265; x_wconf 89' lang='lat' dir='ltr'><strong>credunt</strong></span> <span class='ocrx_word' id='word_1_654' title='bbox 2711 2210 2779 2265; x_wconf 89' lang='lat' dir='ltr'><strong>de</strong></span> <span class='ocrx_word' id='word_1_655' title='bbox 2817 2224 2922 2265; x_wconf 91' lang='lat' dir='ltr'><strong>non</strong></span> <span class='ocrx_word' id='word_1_656' title='bbox 2948 2209 3181 2265; x_wconf 88' lang='lat' dir='ltr'><strong>curanda</strong></span> <span class='ocrx_word' id='word_1_657' title='bbox 3211 2208 3475 2279; x_wconf 88' lang='lat' dir='ltr'><strong>corporali</strong></span> <span class='ocrx_word' id='word_1_658' title='bbox 3515 2216 3573 2265; x_wconf 70' lang='lat' dir='ltr'><strong>et</strong></span> 
     </span>
    </p>
   </div>
   <div class='ocr_carea' id='block_1_81' title="bbox 1985 2301 3569 2373">
    <p class='ocr_par' dir='ltr' id='par_1_81' title="bbox 1985 2301 3569 2373">
     <span class='ocr_line' id='line_1_81' title="bbox 1985 2301 3569 2373; baseline -0.001 -15"><span class='ocrx_word' id='word_1_659' title='bbox 1985 2302 2264 2373; x_wconf 88' lang='lat' dir='ltr'><strong>temporali</strong></span> <span class='ocrx_word' id='word_1_660' title='bbox 2295 2303 2417 2358; x_wconf 70' lang='lat' dir='ltr'><strong>vita:</strong></span> <span class='ocrx_word' id='word_1_661' title='bbox 2444 2302 2601 2372; x_wconf 88' lang='lat' dir='ltr'><strong>hujus</strong></span> <span class='ocrx_word' id='word_1_662' title='bbox 2628 2302 2915 2373; x_wconf 83' lang='lat' dir='ltr'><strong>indigentia</strong></span> <span class='ocrx_word' id='word_1_663' title='bbox 2958 2301 3297 2372; x_wconf 61' lang='lat' dir='ltr'><strong>praecepisse,</strong></span> <span class='ocrx_word' id='word_1_664' title='bbox 3328 2309 3384 2356; x_wconf 89' lang='lat' dir='ltr'><strong>et</strong></span> <span class='ocrx_word' id='word_1_665' title='bbox 3420 2301 3569 2371; x_wconf 84' lang='lat' dir='ltr'><strong>Apo-</strong></span> 
     </span>
    </p>
   </div>
   <div class='ocr_carea' id='block_1_82' title="bbox 1982 2392 3570 2464">
    <p class='ocr_par' dir='ltr' id='par_1_82' title="bbox 1982 2392 3570 2464">
     <span class='ocr_line' id='line_1_82' title="bbox 1982 2392 3570 2464; baseline -0.003 -13"><span class='ocrx_word' id='word_1_666' title='bbox 1982 2395 2178 2451; x_wconf 89' lang='lat' dir='ltr'><strong>stolum</strong></span> <span class='ocrx_word' id='word_1_667' title='bbox 2208 2395 2275 2450; x_wconf 90' lang='lat' dir='ltr'><strong>de</strong></span> <span class='ocrx_word' id='word_1_668' title='bbox 2301 2394 2421 2450; x_wconf 91' lang='lat' dir='ltr'><strong>cibo</strong></span> <span class='ocrx_word' id='word_1_669' title='bbox 2448 2402 2503 2449; x_wconf 89' lang='lat' dir='ltr'><strong>et</strong></span> <span class='ocrx_word' id='word_1_670' title='bbox 2532 2408 2697 2464; x_wconf 89' lang='lat' dir='ltr'><strong>opere</strong></span> <span class='ocrx_word' id='word_1_671' title='bbox 2737 2394 3002 2464; x_wconf 87' lang='lat' dir='ltr'><strong>spirituali</strong></span> <span class='ocrx_word' id='word_1_672' title='bbox 3041 2392 3242 2449; x_wconf 76' lang='lat' dir='ltr'><strong>dixisse</strong></span> <span class='ocrx_word' id='word_1_673' title='bbox 3265 2434 3279 2460; x_wconf 94' lang='lat'><strong>,</strong></span> <span class='ocrx_word' id='word_1_674' title='bbox 3325 2392 3426 2459; x_wconf 73' lang='lat' dir='ltr'><strong>Qui</strong></span> <span class='ocrx_word' id='word_1_675' title='bbox 3470 2408 3570 2448; x_wconf 87' lang='lat' dir='ltr'><strong>non</strong></span> 
     </span>
    </p>
   </div>
   <div class='ocr_carea' id='block_1_83' title="bbox 1982 2485 2785 2558">
    <p class='ocr_par' dir='ltr' id='par_1_83' title="bbox 1982 2485 2785 2558">
     <span class='ocr_line' id='line_1_83' title="bbox 1982 2485 2785 2558; baseline -0.005 -16"><span class='ocrx_word' id='word_1_676' title='bbox 1982 2487 2089 2542; x_wconf 85' lang='lat' dir='ltr'><strong>vult</strong></span> <span class='ocrx_word' id='word_1_677' title='bbox 2118 2487 2337 2558; x_wconf 84' lang='lat' dir='ltr'><strong>operari,</strong></span> <span class='ocrx_word' id='word_1_678' title='bbox 2367 2503 2468 2541; x_wconf 89' lang='lat' dir='ltr'><strong>non</strong></span> <span class='ocrx_word' id='word_1_679' title='bbox 2497 2485 2785 2540; x_wconf 84' lang='lat' dir='ltr'><strong>manducet.</strong></span> 
     </span>
    </p>
   </div>
   <div class='ocr_carea' id='block_1_84' title="bbox 2053 2575 3572 2652">
    <p class='ocr_par' dir='ltr' id='par_1_84' title="bbox 2053 2575 3572 2652">
     <span class='ocr_line' id='line_1_84' title="bbox 2053 2575 3572 2652; baseline -0.004 -16"><span class='ocrx_word' id='word_1_680' title='bbox 2053 2580 2279 2637; x_wconf 77' lang='lat' dir='ltr'><strong>CAPUT</strong></span> <span class='ocrx_word' id='word_1_681' title='bbox 2304 2581 2443 2637; x_wconf 89' lang='lat' dir='ltr'><strong>ll.—</strong></span> <span class='ocrx_word' id='word_1_682' title='bbox 2462 2582 2516 2636; x_wconf 79' lang='lat'><strong>&#39;5.</strong></span> <span class='ocrx_word' id='word_1_683' title='bbox 2542 2579 2885 2652; x_wconf 80' lang='lat' dir='ltr'><strong>Refelluntur,</strong></span> <span class='ocrx_word' id='word_1_684' title='bbox 2905 2579 3023 2649; x_wconf 89' lang='lat' dir='ltr'><strong>quia</strong></span> <span class='ocrx_word' id='word_1_685' title='bbox 3040 2587 3095 2632; x_wconf 90' lang='lat' dir='ltr'><strong>ut</strong></span> <span class='ocrx_word' id='word_1_686' title='bbox 3122 2593 3323 2632; x_wconf 82' lang='lat' dir='ltr'><strong>sensum</strong></span> <span class='ocrx_word' id='word_1_687' title='bbox 3340 2575 3572 2649; x_wconf 82' lang='lat' dir='ltr'><strong>Evange-</strong></span> 
     </span>
    </p>
   </div>
   <div class='ocr_carea' id='block_1_85' title="bbox 1984 2668 3573 2740">
    <p class='ocr_par' dir='ltr' id='par_1_85' title="bbox 1984 2668 3573 2740">
     <span class='ocr_line' id='line_1_85' title="bbox 1984 2668 3573 2740; baseline -0.003 -14"><span class='ocrx_word' id='word_1_688' title='bbox 1984 2672 2040 2727; x_wconf 88' lang='lat' dir='ltr'><strong>lii</strong></span> <span class='ocrx_word' id='word_1_689' title='bbox 2066 2689 2127 2728; x_wconf 69' lang='grc' dir='ltr'><strong>επ</strong></span> <span class='ocrx_word' id='word_1_690' title='bbox 2151 2674 2264 2727; x_wconf 91' lang='lat' dir='ltr'><strong>aliis</strong></span> <span class='ocrx_word' id='word_1_691' title='bbox 2295 2683 2340 2727; x_wconf 88' lang='lat' dir='ltr'><strong>et</strong></span> <span class='ocrx_word' id='word_1_692' title='bbox 2361 2672 2477 2727; x_wconf 89' lang='lat' dir='ltr'><strong>aliis</strong></span> <span class='ocrx_word' id='word_1_693' title='bbox 2507 2671 2665 2726; x_wconf 89' lang='lat' dir='ltr'><strong>verbis</strong></span> <span class='ocrx_word' id='word_1_694' title='bbox 2686 2671 2893 2725; x_wconf 85' lang='lat' dir='ltr'><strong>Domini</strong></span> <span class='ocrx_word' id='word_1_695' title='bbox 2922 2670 3124 2735; x_wconf 77' lang='lat' dir='ltr'><strong>habent,</strong></span> <span class='ocrx_word' id='word_1_696' title='bbox 3151 2670 3224 2723; x_wconf 88' lang='lat' dir='ltr'><strong>ita</strong></span> <span class='ocrx_word' id='word_1_697' title='bbox 3247 2670 3415 2723; x_wconf 77' lang='lat' dir='ltr'><strong>locum</strong></span> <span class='ocrx_word' id='word_1_698' title='bbox 3434 2668 3573 2740; x_wconf 72' lang='lat' dir='ltr'><strong>Apo-</strong></span> 
     </span>
    </p>
   </div>
   <div class='ocr_carea' id='block_1_86' title="bbox 1981 2761 3568 2839">
    <p class='ocr_par' dir='ltr' id='par_1_86' title="bbox 1981 2761 3568 2839">
     <span class='ocr_line' id='line_1_86' title="bbox 1981 2761 3568 2839; baseline -0.002 -22"><span class='ocrx_word' id='word_1_699' title='bbox 1981 2764 2100 2818; x_wconf 87' lang='lat' dir='ltr'><strong>stoli</strong></span> <span class='ocrx_word' id='word_1_700' title='bbox 2120 2780 2183 2818; x_wconf 78' lang='lat' dir='ltr'><strong>ea:</strong></span> <span class='ocrx_word' id='word_1_701' title='bbox 2209 2765 2324 2818; x_wconf 89' lang='lat' dir='ltr'><strong>aliis</strong></span> <span class='ocrx_word' id='word_1_702' title='bbox 2346 2765 2454 2835; x_wconf 69' lang='lat' dir='ltr'><strong>eius</strong></span> <span class='ocrx_word' id='word_1_703' title='bbox 2475 2764 2623 2817; x_wconf 86' lang='lat' dir='ltr'><strong>dictis</strong></span> <span class='ocrx_word' id='word_1_704' title='bbox 2636 2762 3018 2839; x_wconf 80' lang='lat' dir='ltr'><strong>intelligendum</strong></span> <span class='ocrx_word' id='word_1_705' title='bbox 3039 2777 3144 2817; x_wconf 88' lang='lat' dir='ltr'><strong>esse</strong></span> <span class='ocrx_word' id='word_1_706' title='bbox 3163 2777 3265 2816; x_wconf 87' lang='lat' dir='ltr'><strong>non</strong></span> <span class='ocrx_word' id='word_1_707' title='bbox 3285 2761 3568 2815; x_wconf 82' lang='lat' dir='ltr'><strong>attendunt.</strong></span> 
     </span>
    </p>
   </div>
   <div class='ocr_carea' id='block_1_87' title="bbox 1980 2854 3569 2927">
    <p class='ocr_par' dir='ltr' id='par_1_87' title="bbox 1980 2854 3569 2927">
     <span class='ocr_line' id='line_1_87' title="bbox 1980 2854 3569 2927; baseline -0.002 -14"><span class='ocrx_word' id='word_1_708' title='bbox 1980 2856 2092 2913; x_wconf 79' lang='lat' dir='ltr'><strong>Nec</strong></span> <span class='ocrx_word' id='word_1_709' title='bbox 2121 2857 2401 2912; x_wconf 87' lang='lat' dir='ltr'><strong>attendunt</strong></span> <span class='ocrx_word' id='word_1_710' title='bbox 2426 2857 2547 2927; x_wconf 86' lang='lat' dir='ltr'><strong>quia</strong></span> <span class='ocrx_word' id='word_1_711' title='bbox 2574 2857 2616 2911; x_wconf 87' lang='lat' dir='ltr'><strong>si</strong></span> <span class='ocrx_word' id='word_1_712' title='bbox 2646 2857 2779 2911; x_wconf 87' lang='lat' dir='ltr'><strong>alius</strong></span> <span class='ocrx_word' id='word_1_713' title='bbox 2802 2856 3023 2919; x_wconf 87' lang='lat' dir='ltr'><strong>diceret,</strong></span> <span class='ocrx_word' id='word_1_714' title='bbox 3054 2855 3333 2910; x_wconf 89' lang='lat' dir='ltr'><strong>Dominum</strong></span> <span class='ocrx_word' id='word_1_715' title='bbox 3354 2854 3569 2924; x_wconf 87' lang='lat' dir='ltr'><strong>quidem</strong></span> 
     </span>
    </p>
   </div>
   <div class='ocr_carea' id='block_1_88' title="bbox 1986 2946 3571 3020">
    <p class='ocr_par' dir='ltr' id='par_1_88' title="bbox 1986 2946 3571 3020">
     <span class='ocr_line' id='line_1_88' title="bbox 1986 2946 3571 3020; baseline -0.002 -15"><span class='ocrx_word' id='word_1_716' title='bbox 1986 2950 2038 3005; x_wconf 90' lang='lat' dir='ltr'><strong>in</strong></span> <span class='ocrx_word' id='word_1_717' title='bbox 2066 2948 2332 3020; x_wconf 86' lang='lat' dir='ltr'><strong>parabolis</strong></span> <span class='ocrx_word' id='word_1_718' title='bbox 2357 2958 2411 3005; x_wconf 88' lang='lat' dir='ltr'><strong>et</strong></span> <span class='ocrx_word' id='word_1_719' title='bbox 2438 2949 2492 3003; x_wconf 92' lang='lat' dir='ltr'><strong>in</strong></span> <span class='ocrx_word' id='word_1_720' title='bbox 2519 2948 2955 3004; x_wconf 90' lang='lat' dir='ltr'><strong>similitudinibus</strong></span> <span class='ocrx_word' id='word_1_721' title='bbox 2982 2948 3284 3019; x_wconf 86' lang='lat' dir='ltr'><strong>loquentem</strong></span> <span class='ocrx_word' id='word_1_722' title='bbox 3325 2946 3393 3002; x_wconf 87' lang='lat' dir='ltr'><strong>dc</strong></span> <span class='ocrx_word' id='word_1_723' title='bbox 3433 2948 3571 3002; x_wconf 88' lang='lat' dir='ltr'><strong>victu</strong></span> 
     </span>
    </p>
   </div>
   <div class='ocr_carea' id='block_1_89' title="bbox 1979 3038 3572 3114">
    <p class='ocr_par' dir='ltr' id='par_1_89' title="bbox 1979 3038 3572 3114">
     <span class='ocr_line' id='line_1_89' title="bbox 1979 3038 3572 3114; baseline -0.004 -15"><span class='ocrx_word' id='word_1_724' title='bbox 1979 3051 2035 3100; x_wconf 89' lang='lat' dir='ltr'><strong>et</strong></span> <span class='ocrx_word' id='word_1_725' title='bbox 2067 3051 2373 3114; x_wconf 85' lang='lat' dir='ltr'><strong>tegnmento</strong></span> <span class='ocrx_word' id='word_1_726' title='bbox 2407 3041 2665 3112; x_wconf 88' lang='lat' dir='ltr'><strong>spirituali</strong></span> <span class='ocrx_word' id='word_1_727' title='bbox 2708 3041 2999 3107; x_wconf 70' lang='lat' dir='ltr'><strong>intonuisse,</strong></span> <span class='ocrx_word' id='word_1_728' title='bbox 3050 3048 3108 3094; x_wconf 91' lang='lat' dir='ltr'><strong>ut</strong></span> <span class='ocrx_word' id='word_1_729' title='bbox 3155 3055 3259 3094; x_wconf 88' lang='lat' dir='ltr'><strong>non</strong></span> <span class='ocrx_word' id='word_1_730' title='bbox 3308 3038 3432 3095; x_wconf 88' lang='lat' dir='ltr'><strong>inde</strong></span> <span class='ocrx_word' id='word_1_731' title='bbox 3465 3040 3572 3094; x_wconf 87' lang='lat' dir='ltr'><strong>sint</strong></span> 
     </span>
    </p>
   </div>
   <div class='ocr_carea' id='block_1_90' title="bbox 1981 3132 3569 3207">
    <p class='ocr_par' dir='ltr' id='par_1_90' title="bbox 1981 3132 3569 3207">
     <span class='ocr_line' id='line_1_90' title="bbox 1981 3132 3569 3207; baseline -0.004 -14"><span class='ocrx_word' id='word_1_732' title='bbox 1981 3137 2194 3193; x_wconf 88' lang='lat' dir='ltr'><strong>solliciti</strong></span> <span class='ocrx_word' id='word_1_733' title='bbox 2224 3137 2363 3194; x_wconf 87' lang='lat' dir='ltr'><strong>servi</strong></span> <span class='ocrx_word' id='word_1_734' title='bbox 2389 3135 2504 3207; x_wconf 87' lang='lat' dir='ltr'><strong>ejus</strong></span> <span class='ocrx_word' id='word_1_735' title='bbox 2536 3136 2695 3205; x_wconf 87' lang='lat' dir='ltr'><strong>(sicut</strong></span> <span class='ocrx_word' id='word_1_736' title='bbox 2714 3135 2843 3189; x_wconf 90' lang='lat' dir='ltr'><strong>dicit</strong></span> <span class='ocrx_word' id='word_1_737' title='bbox 2866 3176 2879 3199; x_wconf 94' lang='lat'><strong>,</strong></span> <span class='ocrx_word' id='word_1_738' title='bbox 2914 3132 3041 3187; x_wconf 85' lang='lat' dir='ltr'><strong>Cum</strong></span> <span class='ocrx_word' id='word_1_739' title='bbox 3069 3149 3154 3187; x_wconf 86' lang='lat' dir='ltr'><strong>vos</strong></span> <span class='ocrx_word' id='word_1_740' title='bbox 3176 3135 3475 3188; x_wconf 67' lang='lat' dir='ltr'><strong>attraxerint</strong></span> <span class='ocrx_word' id='word_1_741' title='bbox 3500 3134 3569 3187; x_wconf 88' lang='lat' dir='ltr'><strong>ad</strong></span> 
     </span>
    </p>
   </div>
   <div class='ocr_carea' id='block_1_91' title="bbox 1971 3224 3571 3302">
    <p class='ocr_par' dir='ltr' id='par_1_91' title="bbox 1971 3224 3571 3302">
     <span class='ocr_line' id='line_1_91' title="bbox 1971 3224 3571 3302; baseline -0.003 -19"><span class='ocrx_word' id='word_1_742' title='bbox 1971 3228 2189 3302; x_wconf 83' lang='lat' dir='ltr'><strong>judicia,</strong></span> <span class='ocrx_word' id='word_1_743' title='bbox 2219 3228 2372 3282; x_wconf 92' lang='lat' dir='ltr'><strong>nolite</strong></span> <span class='ocrx_word' id='word_1_744' title='bbox 2399 3228 2619 3297; x_wconf 85' lang='lat' dir='ltr'><strong>cogitare</strong></span> <span class='ocrx_word' id='word_1_745' title='bbox 2670 3225 2792 3297; x_wconf 88' lang='lat' dir='ltr'><strong>quid</strong></span> <span class='ocrx_word' id='word_1_746' title='bbox 2832 3224 3127 3294; x_wconf 85' lang='lat' dir='ltr'><strong>loquamini.</strong></span> <span class='ocrx_word' id='word_1_747' title='bbox 3176 3224 3393 3278; x_wconf 81' lang='lat' dir='ltr'><strong>Dabitur</strong></span> <span class='ocrx_word' id='word_1_748' title='bbox 3438 3225 3571 3279; x_wconf 83' lang='lat' dir='ltr'><strong>enim</strong></span> 
     </span>
    </p>
   </div>
   <div class='ocr_carea' id='block_1_92' title="bbox 1980 3317 3569 3388">
    <p class='ocr_par' dir='ltr' id='par_1_92' title="bbox 1980 3317 3569 3388">
     <span class='ocr_line' id='line_1_92' title="bbox 1980 3317 3569 3388; baseline -0.003 -12"><span class='ocrx_word' id='word_1_749' title='bbox 1980 3321 2118 3376; x_wconf 83' lang='lat' dir='ltr'><strong>vobis</strong></span> <span class='ocrx_word' id='word_1_750' title='bbox 2156 3321 2209 3375; x_wconf 88' lang='lat' dir='ltr'><strong>in</strong></span> <span class='ocrx_word' id='word_1_751' title='bbox 2238 3318 2329 3373; x_wconf 90' lang='lat' dir='ltr'><strong>illa</strong></span> <span class='ocrx_word' id='word_1_752' title='bbox 2353 3319 2478 3372; x_wconf 85' lang='lat' dir='ltr'><strong>hora</strong></span> <span class='ocrx_word' id='word_1_753' title='bbox 2507 3318 2628 3388; x_wconf 88' lang='lat' dir='ltr'><strong>quid</strong></span> <span class='ocrx_word' id='word_1_754' title='bbox 2667 3317 2943 3388; x_wconf 88' lang='lat' dir='ltr'><strong>loquantini</strong></span> <span class='ocrx_word' id='word_1_755' title='bbox 2966 3331 2985 3370; x_wconf 92' lang='lat'><strong><em>:</em></strong></span> <span class='ocrx_word' id='word_1_756' title='bbox 3018 3332 3118 3371; x_wconf 87' lang='lat' dir='ltr'><strong>non</strong></span> <span class='ocrx_word' id='word_1_757' title='bbox 3148 3317 3281 3371; x_wconf 78' lang='lat' dir='ltr'><strong>enim</strong></span> <span class='ocrx_word' id='word_1_758' title='bbox 3319 3332 3407 3372; x_wconf 85' lang='lat' dir='ltr'><strong>vos</strong></span> <span class='ocrx_word' id='word_1_759' title='bbox 3449 3317 3569 3371; x_wconf 86' lang='lat' dir='ltr'><strong>estis</strong></span> 
     </span>
    </p>
   </div>
   <div class='ocr_carea' id='block_1_93' title="bbox 1979 3409 3569 3487">
    <p class='ocr_par' dir='ltr' id='par_1_93' title="bbox 1979 3409 3569 3487">
     <span class='ocr_line' id='line_1_93' title="bbox 1979 3409 3569 3487; baseline -0.002 -21"><span class='ocrx_word' id='word_1_760' title='bbox 1979 3415 2067 3487; x_wconf 83' lang='lat' dir='ltr'><strong>qui</strong></span> <span class='ocrx_word' id='word_1_761' title='bbox 2096 3411 2379 3485; x_wconf 84' lang='lat' dir='ltr'><strong>loquimini,</strong></span> <span class='ocrx_word' id='word_1_762' title='bbox 2410 3412 2498 3467; x_wconf 86' lang='lat' dir='ltr'><strong>sed</strong></span> <span class='ocrx_word' id='word_1_763' title='bbox 2530 3410 2753 3481; x_wconf 88' lang='lat' dir='ltr'><strong>Spiritus</strong></span> <span class='ocrx_word' id='word_1_764' title='bbox 2798 3409 2972 3464; x_wconf 86' lang='lat' dir='ltr'><strong>Patris</strong></span> <span class='ocrx_word' id='word_1_765' title='bbox 2999 3410 3177 3477; x_wconf 79' lang='lat' dir='ltr'><strong>vestri,</strong></span> <span class='ocrx_word' id='word_1_766' title='bbox 3220 3411 3306 3481; x_wconf 88' lang='lat' dir='ltr'><strong>qui</strong></span> <span class='ocrx_word' id='word_1_767' title='bbox 3347 3410 3569 3482; x_wconf 76' lang='lat' dir='ltr'><strong>loquitur</strong></span> 
     </span>
    </p>
   </div>
   <div class='ocr_carea' id='block_1_94' title="bbox 1978 3502 3567 3582">
    <p class='ocr_par' dir='ltr' id='par_1_94' title="bbox 1978 3502 3567 3582">
     <span class='ocr_line' id='line_1_94' title="bbox 1978 3502 3567 3582; baseline -0.002 -21"><span class='ocrx_word' id='word_1_768' title='bbox 1978 3506 2031 3562; x_wconf 89' lang='lat' dir='ltr'><strong>in</strong></span> <span class='ocrx_word' id='word_1_769' title='bbox 2059 3507 2193 3561; x_wconf 82' lang='lat' dir='ltr'><strong>vobis</strong></span> <span class='ocrx_word' id='word_1_770' title='bbox 2222 3504 2434 3582; x_wconf 64' lang='lat' dir='ltr'><strong>[Mattln</strong></span> <span class='ocrx_word' id='word_1_771' title='bbox 2467 3521 2526 3575; x_wconf 75' lang='grc' dir='ltr'><strong>ι,</strong></span> <span class='ocrx_word' id='word_1_772' title='bbox 2555 3504 2622 3560; x_wconf 83' lang='lat' dir='ltr'><strong>l9</strong></span> <span class='ocrx_word' id='word_1_773' title='bbox 2644 3514 2687 3558; x_wconf 92' lang='lat' dir='ltr'><strong>et</strong></span> <span class='ocrx_word' id='word_1_774' title='bbox 2707 3502 2822 3577; x_wconf 72' lang='lat'><strong>20].</strong></span> <span class='ocrx_word' id='word_1_775' title='bbox 2851 3503 3041 3560; x_wconf 89' lang='lat' dir='ltr'><strong>Sermo</strong></span> <span class='ocrx_word' id='word_1_776' title='bbox 3065 3503 3262 3574; x_wconf 89' lang='lat' dir='ltr'><strong>quippe</strong></span> <span class='ocrx_word' id='word_1_777' title='bbox 3294 3502 3567 3573; x_wconf 84' lang='lat' dir='ltr'><strong>sapientiae</strong></span> 
     </span>
    </p>
   </div>
   <div class='ocr_carea' id='block_1_95' title="bbox 1979 3596 3569 3674">
    <p class='ocr_par' dir='ltr' id='par_1_95' title="bbox 1979 3596 3569 3674">
     <span class='ocr_line' id='line_1_95' title="bbox 1979 3596 3569 3674; baseline -0.006 -14"><span class='ocrx_word' id='word_1_778' title='bbox 1979 3601 2271 3674; x_wconf 87' lang='lat' dir='ltr'><strong>spiritualis</strong></span> <span class='ocrx_word' id='word_1_779' title='bbox 2292 3609 2393 3665; x_wconf 89' lang='lat' dir='ltr'><strong>est,</strong></span> <span class='ocrx_word' id='word_1_780' title='bbox 2426 3599 2493 3656; x_wconf 89' lang='lat' dir='ltr'><strong>de</strong></span> <span class='ocrx_word' id='word_1_781' title='bbox 2519 3613 2624 3670; x_wconf 91' lang='lat' dir='ltr'><strong>quo</strong></span> <span class='ocrx_word' id='word_1_782' title='bbox 2645 3598 2762 3653; x_wconf 85' lang='lat' dir='ltr'><strong>illos</strong></span> <span class='ocrx_word' id='word_1_783' title='bbox 2787 3597 2954 3652; x_wconf 89' lang='lat' dir='ltr'><strong>noluit</strong></span> <span class='ocrx_word' id='word_1_784' title='bbox 2974 3597 3226 3667; x_wconf 88' lang='lat' dir='ltr'><strong>cogitare,</strong></span> <span class='ocrx_word' id='word_1_785' title='bbox 3252 3596 3569 3667; x_wconf 87' lang='lat' dir='ltr'><strong>promittens</strong></span> 
     </span>
    </p>
   </div>
   <div class='ocr_carea' id='block_1_96' title="bbox 1980 3689 3567 3768">
    <p class='ocr_par' dir='ltr' id='par_1_96' title="bbox 1980 3689 3567 3768">
     <span class='ocr_line' id='line_1_96' title="bbox 1980 3689 3567 3768; baseline -0.004 -17"><span class='ocrx_word' id='word_1_786' title='bbox 1980 3695 2121 3768; x_wconf 90' lang='lat' dir='ltr'><strong>quod</strong></span> <span class='ocrx_word' id='word_1_787' title='bbox 2149 3695 2227 3750; x_wconf 89' lang='lat' dir='ltr'><strong>eis</strong></span> <span class='ocrx_word' id='word_1_788' title='bbox 2253 3693 2387 3749; x_wconf 89' lang='lat' dir='ltr'><strong>nihil</strong></span> <span class='ocrx_word' id='word_1_789' title='bbox 2414 3692 2536 3748; x_wconf 90' lang='lat' dir='ltr'><strong>inde</strong></span> <span class='ocrx_word' id='word_1_790' title='bbox 2569 3690 2809 3747; x_wconf 90' lang='lat' dir='ltr'><strong>sollicitis</strong></span> <span class='ocrx_word' id='word_1_791' title='bbox 2827 3698 3169 3760; x_wconf 76' lang='lat' dir='ltr'><strong>prtcstaretur</strong></span> <span class='ocrx_word' id='word_1_792' title='bbox 3186 3689 3229 3761; x_wconf 91' lang='lat'><strong>;)</strong></span> <span class='ocrx_word' id='word_1_793' title='bbox 3253 3689 3567 3760; x_wconf 87' lang='lat' dir='ltr'><strong>Apostolum</strong></span> 
     </span>
    </p>
   </div>
   <div class='ocr_carea' id='block_1_97' title="bbox 1980 3780 3566 3858">
    <p class='ocr_par' dir='ltr' id='par_1_97' title="bbox 1980 3780 3566 3858">
     <span class='ocr_line' id='line_1_97' title="bbox 1980 3780 3566 3858; baseline -0.004 -14"><span class='ocrx_word' id='word_1_794' title='bbox 1980 3798 2157 3844; x_wconf 86' lang='lat' dir='ltr'><strong>autem</strong></span> <span class='ocrx_word' id='word_1_795' title='bbox 2185 3786 2294 3858; x_wconf 85' lang='lat' dir='ltr'><strong>jam</strong></span> <span class='ocrx_word' id='word_1_796' title='bbox 2337 3800 2486 3841; x_wconf 86' lang='lat' dir='ltr'><strong>more</strong></span> <span class='ocrx_word' id='word_1_797' title='bbox 2516 3783 2811 3854; x_wconf 89' lang='lat' dir='ltr'><strong>apostolico</strong></span> <span class='ocrx_word' id='word_1_798' title='bbox 2836 3780 3071 3853; x_wconf 88' lang='lat' dir='ltr'><strong>apertius</strong></span> <span class='ocrx_word' id='word_1_799' title='bbox 3110 3780 3483 3846; x_wconf 88' lang='lat' dir='ltr'><strong>disserentem,</strong></span> <span class='ocrx_word' id='word_1_800' title='bbox 3511 3790 3566 3837; x_wconf 91' lang='lat' dir='ltr'><strong>et</strong></span> 
     </span>
    </p>
   </div>
   <div class='ocr_carea' id='block_1_98' title="bbox 1979 3873 3567 3956">
    <p class='ocr_par' dir='ltr' id='par_1_98' title="bbox 1979 3873 3567 3956">
     <span class='ocr_line' id='line_1_98' title="bbox 1979 3873 3567 3956; baseline -0.006 -16"><span class='ocrx_word' id='word_1_801' title='bbox 1979 3887 2149 3956; x_wconf 81' lang='lat' dir='ltr'><strong>magis</strong></span> <span class='ocrx_word' id='word_1_802' title='bbox 2175 3881 2389 3956; x_wconf 89' lang='lat' dir='ltr'><strong>proprie</strong></span> <span class='ocrx_word' id='word_1_803' title='bbox 2417 3894 2573 3952; x_wconf 89' lang='lat' dir='ltr'><strong>quam</strong></span> <span class='ocrx_word' id='word_1_804' title='bbox 2604 3878 2825 3950; x_wconf 84' lang='lat' dir='ltr'><strong>figurate</strong></span> <span class='ocrx_word' id='word_1_805' title='bbox 2855 3876 3157 3947; x_wconf 87' lang='lat' dir='ltr'><strong>loquentem</strong></span> <span class='ocrx_word' id='word_1_806' title='bbox 3180 3916 3195 3944; x_wconf 93' lang='lat'><strong>,</strong></span> <span class='ocrx_word' id='word_1_807' title='bbox 3226 3875 3362 3931; x_wconf 89' lang='lat' dir='ltr'><strong>sicut</strong></span> <span class='ocrx_word' id='word_1_808' title='bbox 3402 3873 3567 3931; x_wconf 87' lang='lat' dir='ltr'><strong>multa</strong></span> 
     </span>
    </p>
   </div>
   <div class='ocr_carea' id='block_1_99' title="bbox 1979 3965 3563 4047">
    <p class='ocr_par' dir='ltr' id='par_1_99' title="bbox 1979 3965 3563 4047">
     <span class='ocr_line' id='line_1_99' title="bbox 1979 3965 3563 4047; baseline -0.008 -15"><span class='ocrx_word' id='word_1_809' title='bbox 1979 3993 2042 4032; x_wconf 89' lang='lat' dir='ltr'><strong>ac</strong></span> <span class='ocrx_word' id='word_1_810' title='bbox 2086 3991 2221 4047; x_wconf 88' lang='lat' dir='ltr'><strong>pene</strong></span> <span class='ocrx_word' id='word_1_811' title='bbox 2259 3972 2436 4029; x_wconf 86' lang='lat' dir='ltr'><strong>omnia</strong></span> <span class='ocrx_word' id='word_1_812' title='bbox 2480 3986 2599 4027; x_wconf 87' lang='lat' dir='ltr'><strong>sese</strong></span> <span class='ocrx_word' id='word_1_813' title='bbox 2627 3969 2825 4025; x_wconf 87' lang='lat' dir='ltr'><strong>habent</strong></span> <span class='ocrx_word' id='word_1_814' title='bbox 2860 3970 2914 4022; x_wconf 90' lang='lat' dir='ltr'><strong>in</strong></span> <span class='ocrx_word' id='word_1_815' title='bbox 2960 3966 3211 4038; x_wconf 87' lang='lat' dir='ltr'><strong>Epistolis</strong></span> <span class='ocrx_word' id='word_1_816' title='bbox 3236 3965 3563 4036; x_wconf 84' lang='lat' dir='ltr'><strong>apostolicis,</strong></span> 
     </span>
    </p>
   </div>
   <div class='ocr_carea' id='block_1_100' title="bbox 1981 4057 3565 4142">
    <p class='ocr_par' dir='ltr' id='par_1_100' title="bbox 1981 4057 3565 4142">
     <span class='ocr_line' id='line_1_100' title="bbox 1981 4057 3565 4142; baseline -0.007 -19"><span class='ocrx_word' id='word_1_817' title='bbox 1981 4068 2193 4142; x_wconf 88' lang='lat' dir='ltr'><strong>proprie</strong></span> <span class='ocrx_word' id='word_1_818' title='bbox 2228 4064 2294 4125; x_wconf 85' lang='lat' dir='ltr'><strong>de</strong></span> <span class='ocrx_word' id='word_1_819' title='bbox 2321 4072 2482 4137; x_wconf 85' lang='lat' dir='ltr'><strong>opere</strong></span> <span class='ocrx_word' id='word_1_820' title='bbox 2510 4061 2773 4133; x_wconf 88' lang='lat' dir='ltr'><strong>corporali</strong></span> <span class='ocrx_word' id='word_1_821' title='bbox 2813 4061 3039 4131; x_wconf 88' lang='lat' dir='ltr'><strong>ciboque</strong></span> <span class='ocrx_word' id='word_1_822' title='bbox 3078 4058 3295 4124; x_wconf 81' lang='lat' dir='ltr'><strong>dixisse,</strong></span> <span class='ocrx_word' id='word_1_823' title='bbox 3332 4057 3435 4124; x_wconf 88' lang='lat' dir='ltr'><strong>Qui</strong></span> <span class='ocrx_word' id='word_1_824' title='bbox 3464 4074 3565 4112; x_wconf 85' lang='lat' dir='ltr'><strong>non</strong></span> 
     </span>
    </p>
   </div>
   <div class='ocr_carea' id='block_1_101' title="bbox 1979 4153 3569 4232">
    <p class='ocr_par' dir='ltr' id='par_1_101' title="bbox 1979 4153 3569 4232">
     <span class='ocr_line' id='line_1_101' title="bbox 1979 4153 3569 4232; baseline -0.007 -13"><span class='ocrx_word' id='word_1_825' title='bbox 1979 4166 2084 4219; x_wconf 88' lang='lat' dir='ltr'><strong>vult</strong></span> <span class='ocrx_word' id='word_1_826' title='bbox 2110 4161 2330 4232; x_wconf 82' lang='lat' dir='ltr'><strong>operari,</strong></span> <span class='ocrx_word' id='word_1_827' title='bbox 2357 4176 2456 4215; x_wconf 88' lang='lat' dir='ltr'><strong>non</strong></span> <span class='ocrx_word' id='word_1_828' title='bbox 2479 4157 2781 4213; x_wconf 86' lang='lat' dir='ltr'><strong>manducet:</strong></span> <span class='ocrx_word' id='word_1_829' title='bbox 2803 4155 3115 4212; x_wconf 89' lang='lat' dir='ltr'><strong>redderetur</strong></span> <span class='ocrx_word' id='word_1_830' title='bbox 3135 4154 3236 4209; x_wconf 88' lang='lat' dir='ltr'><strong>illis</strong></span> <span class='ocrx_word' id='word_1_831' title='bbox 3260 4153 3416 4209; x_wconf 88' lang='lat' dir='ltr'><strong>dubia</strong></span> <span class='ocrx_word' id='word_1_832' title='bbox 3444 4166 3569 4209; x_wconf 86' lang='lat' dir='ltr'><strong>sen-</strong></span> 
     </span>
    </p>
   </div>
   <div class='ocr_carea' id='block_1_102' title="bbox 1981 4247 3569 4324">
    <p class='ocr_par' dir='ltr' id='par_1_102' title="bbox 1981 4247 3569 4324">
     <span class='ocr_line' id='line_1_102' title="bbox 1981 4247 3569 4324; baseline -0.009 -8"><span class='ocrx_word' id='word_1_833' title='bbox 1981 4261 2146 4316; x_wconf 88' lang='lat' dir='ltr'><strong>tentia</strong></span> <span class='ocrx_word' id='word_1_834' title='bbox 2172 4273 2379 4324; x_wconf 86' lang='lat' dir='ltr'><strong>eorum,</strong></span> <span class='ocrx_word' id='word_1_835' title='bbox 2414 4254 2518 4311; x_wconf 85' lang='lat' dir='ltr'><strong>nisi</strong></span> <span class='ocrx_word' id='word_1_836' title='bbox 2545 4260 2735 4309; x_wconf 59' lang='lat' dir='ltr'><strong>caetera</strong></span> <span class='ocrx_word' id='word_1_837' title='bbox 2757 4250 3020 4307; x_wconf 89' lang='lat' dir='ltr'><strong>dominica</strong></span> <span class='ocrx_word' id='word_1_838' title='bbox 3040 4248 3200 4305; x_wconf 88' lang='lat' dir='ltr'><strong>verba</strong></span> <span class='ocrx_word' id='word_1_839' title='bbox 3224 4247 3569 4304; x_wconf 83' lang='lat' dir='ltr'><strong>consideran-</strong></span> 
     </span>
    </p>
   </div>
   <div class='ocr_carea' id='block_1_103' title="bbox 1982 4339 3567 4423">
    <p class='ocr_par' dir='ltr' id='par_1_103' title="bbox 1982 4339 3567 4423">
     <span class='ocr_line' id='line_1_103' title="bbox 1982 4339 3567 4423; baseline -0.009 -13"><span class='ocrx_word' id='word_1_840' title='bbox 1982 4352 2406 4423; x_wconf 77' lang='lat' dir='ltr'><strong>tes,invenircnt</strong></span> <span class='ocrx_word' id='word_1_841' title='bbox 2434 4346 2632 4419; x_wconf 88' lang='lat' dir='ltr'><strong>aliquid</strong></span> <span class='ocrx_word' id='word_1_842' title='bbox 2679 4344 2819 4401; x_wconf 89' lang='lat' dir='ltr'><strong>unde</strong></span> <span class='ocrx_word' id='word_1_843' title='bbox 2863 4343 3148 4415; x_wconf 87' lang='lat' dir='ltr'><strong>probarent</strong></span> <span class='ocrx_word' id='word_1_844' title='bbox 3173 4357 3293 4397; x_wconf 91' lang='lat' dir='ltr'><strong>eum</strong></span> <span class='ocrx_word' id='word_1_845' title='bbox 3333 4340 3402 4397; x_wconf 88' lang='lat' dir='ltr'><strong>de</strong></span> <span class='ocrx_word' id='word_1_846' title='bbox 3426 4339 3567 4397; x_wconf 87' lang='lat' dir='ltr'><strong>victu</strong></span> 
     </span>
    </p>
   </div>
   <div class='ocr_carea' id='block_1_104' title="bbox 1980 4433 3559 4513">
    <p class='ocr_par' dir='ltr' id='par_1_104' title="bbox 1980 4433 3559 4513">
     <span class='ocr_line' id='line_1_104' title="bbox 1980 4433 3559 4513; baseline -0.011 -9"><span class='ocrx_word' id='word_1_847' title='bbox 1980 4458 2035 4505; x_wconf 91' lang='lat' dir='ltr'><strong>et</strong></span> <span class='ocrx_word' id='word_1_848' title='bbox 2082 4446 2275 4502; x_wconf 88' lang='lat' dir='ltr'><strong>vestitu</strong></span> <span class='ocrx_word' id='word_1_849' title='bbox 2322 4440 2582 4513; x_wconf 87' lang='lat' dir='ltr'><strong>corporali</strong></span> <span class='ocrx_word' id='word_1_850' title='bbox 2627 4453 2733 4493; x_wconf 91' lang='lat' dir='ltr'><strong>non</strong></span> <span class='ocrx_word' id='word_1_851' title='bbox 2772 4435 3048 4493; x_wconf 76' lang='lat' dir='ltr'><strong>curando’</strong></span> <span class='ocrx_word' id='word_1_852' title='bbox 3080 4434 3315 4490; x_wconf 90' lang='lat' dir='ltr'><strong>locutum</strong></span> <span class='ocrx_word' id='word_1_853' title='bbox 3359 4433 3559 4500; x_wconf 89' lang='lat' dir='ltr'><strong>fuisse,</strong></span> 
     </span>
    </p>
   </div>
   <div class='ocr_carea' id='block_1_105' title="bbox 1980 4524 3568 4602">
    <p class='ocr_par' dir='ltr' id='par_1_105' title="bbox 1980 4524 3568 4602">
     <span class='ocr_line' id='line_1_105' title="bbox 1980 4524 3568 4602; baseline -0.011 -7"><span class='ocrx_word' id='word_1_854' title='bbox 1980 4555 2102 4596; x_wconf 90' lang='lat' dir='ltr'><strong>cum</strong></span> <span class='ocrx_word' id='word_1_855' title='bbox 2142 4537 2380 4602; x_wconf 87' lang='lat' dir='ltr'><strong>diceret,</strong></span> <span class='ocrx_word' id='word_1_856' title='bbox 2427 4530 2600 4587; x_wconf 85' lang='lat' dir='ltr'><strong>Nolite</strong></span> <span class='ocrx_word' id='word_1_857' title='bbox 2623 4528 2825 4584; x_wconf 86' lang='lat' dir='ltr'><strong>solliciti</strong></span> <span class='ocrx_word' id='word_1_858' title='bbox 2852 4543 2958 4583; x_wconf 83' lang='lat' dir='ltr'><strong>esse</strong></span> <span class='ocrx_word' id='word_1_859' title='bbox 2994 4525 3116 4596; x_wconf 87' lang='lat' dir='ltr'><strong>quid</strong></span> <span class='ocrx_word' id='word_1_860' title='bbox 3143 4524 3453 4580; x_wconf 87' lang='lat' dir='ltr'><strong>manducetis</strong></span> <span class='ocrx_word' id='word_1_861' title='bbox 3476 4565 3492 4592; x_wconf 94' lang='lat'><strong>,</strong></span> <span class='ocrx_word' id='word_1_862' title='bbox 3521 4531 3568 4579; x_wconf 85' lang='lat' dir='ltr'><strong>et</strong></span> 
     </span>
    </p>
   </div>
   <div class='ocr_carea' id='block_1_106' title="bbox 1979 4614 3569 4706">
    <p class='ocr_par' dir='ltr' id='par_1_106' title="bbox 1979 4614 3569 4706">
     <span class='ocr_line' id='line_1_106' title="bbox 1979 4614 3569 4706; baseline -0.008 -23"><span class='ocrx_word' id='word_1_863' title='bbox 1979 4632 2101 4706; x_wconf 78' lang='lat' dir='ltr'><strong>quid</strong></span> <span class='ocrx_word' id='word_1_864' title='bbox 2127 4629 2322 4694; x_wconf 86' lang='lat' dir='ltr'><strong>bibatis,</strong></span> <span class='ocrx_word' id='word_1_865' title='bbox 2356 4637 2399 4681; x_wconf 88' lang='lat' dir='ltr'><strong>et</strong></span> <span class='ocrx_word' id='word_1_866' title='bbox 2430 4641 2525 4697; x_wconf 91' lang='lat' dir='ltr'><strong>quo</strong></span> <span class='ocrx_word' id='word_1_867' title='bbox 2555 4620 2831 4678; x_wconf 81' lang='lat' dir='ltr'><strong>vestiamini</strong></span> <span class='ocrx_word' id='word_1_868' title='bbox 2849 4635 2869 4685; x_wconf 88' lang='lat'><strong><em>;</em></strong></span> <span class='ocrx_word' id='word_1_869' title='bbox 2897 4619 3041 4675; x_wconf 89' lang='lat' dir='ltr'><strong>velut</strong></span> <span class='ocrx_word' id='word_1_870' title='bbox 3086 4619 3130 4673; x_wconf 90' lang='lat' dir='ltr'><strong>si</strong></span> <span class='ocrx_word' id='word_1_871' title='bbox 3171 4618 3351 4673; x_wconf 90' lang='lat' dir='ltr'><strong>animo</strong></span> <span class='ocrx_word' id='word_1_872' title='bbox 3379 4614 3569 4672; x_wconf 84' lang='lat' dir='ltr'><strong>adver-</strong></span> 
     </span>
    </p>
   </div>
   <div class='ocr_carea' id='block_1_107' title="bbox 1983 4710 3568 4793">
    <p class='ocr_par' dir='ltr' id='par_1_107' title="bbox 1983 4710 3568 4793">
     <span class='ocr_line' id='line_1_107' title="bbox 1983 4710 3568 4793; baseline -0.011 -12"><span class='ocrx_word' id='word_1_873' title='bbox 1983 4732 2155 4781; x_wconf 84' lang='lat' dir='ltr'><strong>terent</strong></span> <span class='ocrx_word' id='word_1_874' title='bbox 2197 4720 2337 4793; x_wconf 90' lang='lat' dir='ltr'><strong>quod</strong></span> <span class='ocrx_word' id='word_1_875' title='bbox 2368 4718 2459 4786; x_wconf 89' lang='lat' dir='ltr'><strong>ait,</strong></span> <span class='ocrx_word' id='word_1_876' title='bbox 2491 4715 2620 4771; x_wconf 72' lang='lat' dir='ltr'><strong>Hac</strong></span> <span class='ocrx_word' id='word_1_877' title='bbox 2650 4715 2782 4770; x_wconf 87' lang='lat' dir='ltr'><strong>enim</strong></span> <span class='ocrx_word' id='word_1_878' title='bbox 2824 4714 2993 4768; x_wconf 88' lang='lat' dir='ltr'><strong>omnia</strong></span> <span class='ocrx_word' id='word_1_879' title='bbox 3034 4711 3216 4767; x_wconf 81' lang='lat' dir='ltr'><strong>Gentes</strong></span> <span class='ocrx_word' id='word_1_880' title='bbox 3259 4710 3518 4781; x_wconf 88' lang='lat' dir='ltr'><strong>inquirunt</strong></span> <span class='ocrx_word' id='word_1_881' title='bbox 3549 4725 3568 4764; x_wconf 91' lang='lat'><strong><em>:</em></strong></span> 
     </span>
    </p>
   </div>
   <div class='ocr_carea' id='block_1_108' title="bbox 1981 4800 3564 4879">
    <p class='ocr_par' dir='ltr' id='par_1_108' title="bbox 1981 4800 3564 4879">
     <span class='ocr_line' id='line_1_108' title="bbox 1981 4800 3564 4879; baseline -0.011 -6"><span class='ocrx_word' id='word_1_882' title='bbox 1981 4817 2053 4873; x_wconf 87' lang='lat' dir='ltr'><strong>ibi</strong></span> <span class='ocrx_word' id='word_1_883' title='bbox 2071 4814 2212 4869; x_wconf 88' lang='lat' dir='ltr'><strong>enim</strong></span> <span class='ocrx_word' id='word_1_884' title='bbox 2225 4809 2456 4867; x_wconf 85' lang='lat' dir='ltr'><strong>ostendit</strong></span> <span class='ocrx_word' id='word_1_885' title='bbox 2472 4807 2538 4865; x_wconf 90' lang='lat' dir='ltr'><strong>de</strong></span> <span class='ocrx_word' id='word_1_886' title='bbox 2566 4806 2695 4879; x_wconf 88' lang='lat' dir='ltr'><strong>ipsis</strong></span> <span class='ocrx_word' id='word_1_887' title='bbox 2712 4804 3075 4876; x_wconf 87' lang='lat' dir='ltr'><strong>corporalibus</strong></span> <span class='ocrx_word' id='word_1_888' title='bbox 3101 4810 3154 4857; x_wconf 90' lang='lat' dir='ltr'><strong>et</strong></span> <span class='ocrx_word' id='word_1_889' title='bbox 3182 4800 3564 4872; x_wconf 89' lang='lat' dir='ltr'><strong>temporalibus</strong></span> 
     </span>
    </p>
   </div>
   <div class='ocr_carea' id='block_1_109' title="bbox 1981 4891 3565 4974">
    <p class='ocr_par' dir='ltr' id='par_1_109' title="bbox 1981 4891 3565 4974">
     <span class='ocr_line' id='line_1_109' title="bbox 1981 4891 3565 4974; baseline -0.013 -7"><span class='ocrx_word' id='word_1_890' title='bbox 1981 4926 2041 4968; x_wconf 89' lang='lat' dir='ltr'><strong>se</strong></span> <span class='ocrx_word' id='word_1_891' title='bbox 2068 4910 2284 4967; x_wconf 86' lang='lat' dir='ltr'><strong>dixisse.</strong></span> <span class='ocrx_word' id='word_1_892' title='bbox 2320 4906 2395 4962; x_wconf 86' lang='lat' dir='ltr'><strong>Ita</strong></span> <span class='ocrx_word' id='word_1_893' title='bbox 2426 4918 2551 4974; x_wconf 81' lang='lat' dir='ltr'><strong>ergo</strong></span> <span class='ocrx_word' id='word_1_894' title='bbox 2570 4944 2584 4969; x_wconf 94' lang='lat'><strong>,</strong></span> <span class='ocrx_word' id='word_1_895' title='bbox 2617 4900 2661 4956; x_wconf 88' lang='lat' dir='ltr'><strong>si</strong></span> <span class='ocrx_word' id='word_1_896' title='bbox 2690 4898 2793 4955; x_wconf 90' lang='lat' dir='ltr'><strong>hoc</strong></span> <span class='ocrx_word' id='word_1_897' title='bbox 2824 4898 2993 4954; x_wconf 90' lang='lat' dir='ltr'><strong>solum</strong></span> <span class='ocrx_word' id='word_1_898' title='bbox 3022 4894 3090 4951; x_wconf 90' lang='lat' dir='ltr'><strong>de</strong></span> <span class='ocrx_word' id='word_1_899' title='bbox 3125 4894 3223 4949; x_wconf 88' lang='lat' dir='ltr'><strong>hac</strong></span> <span class='ocrx_word' id='word_1_900' title='bbox 3260 4908 3321 4949; x_wconf 89' lang='lat' dir='ltr'><strong>re</strong></span> <span class='ocrx_word' id='word_1_901' title='bbox 3347 4891 3565 4947; x_wconf 85' lang='lat' dir='ltr'><strong>dixisset</strong></span> 
     </span>
    </p>
   </div>
   <div class='ocr_carea' id='block_1_110' title="bbox 1983 4985 3564 5074">
    <p class='ocr_par' dir='ltr' id='par_1_110' title="bbox 1983 4985 3564 5074">
     <span class='ocr_line' id='line_1_110' title="bbox 1983 4985 3564 5074; baseline -0.012 -15"><span class='ocrx_word' id='word_1_902' title='bbox 1983 5001 2290 5074; x_wconf 84' lang='lat' dir='ltr'><strong>Apostolus,</strong></span> <span class='ocrx_word' id='word_1_903' title='bbox 2328 4997 2426 5067; x_wconf 90' lang='lat' dir='ltr'><strong>Qui</strong></span> <span class='ocrx_word' id='word_1_904' title='bbox 2455 5012 2555 5050; x_wconf 87' lang='lat' dir='ltr'><strong>non</strong></span> <span class='ocrx_word' id='word_1_905' title='bbox 2577 4994 2679 5050; x_wconf 90' lang='lat' dir='ltr'><strong>vult</strong></span> <span class='ocrx_word' id='word_1_906' title='bbox 2709 4990 2941 5065; x_wconf 84' lang='lat' dir='ltr'><strong>aperari,</strong></span> <span class='ocrx_word' id='word_1_907' title='bbox 2973 5004 3072 5043; x_wconf 88' lang='lat' dir='ltr'><strong>non</strong></span> <span class='ocrx_word' id='word_1_908' title='bbox 3104 4985 3408 5050; x_wconf 87' lang='lat' dir='ltr'><strong>manducet;</strong></span> <span class='ocrx_word' id='word_1_909' title='bbox 3439 4998 3564 5055; x_wconf 89' lang='lat' dir='ltr'><strong>pos-</strong></span> 
     </span>
    </p>
   </div>
   <div class='ocr_carea' id='block_1_111' title="bbox 1982 5078 3568 5153">
    <p class='ocr_par' dir='ltr' id='par_1_111' title="bbox 1982 5078 3568 5153">
     <span class='ocr_line' id='line_1_111' title="bbox 1982 5078 3568 5153; baseline -0.011 -1"><span class='ocrx_word' id='word_1_910' title='bbox 1982 5106 2103 5153; x_wconf 88' lang='lat' dir='ltr'><strong>sent</strong></span> <span class='ocrx_word' id='word_1_911' title='bbox 2145 5095 2261 5150; x_wconf 78' lang='lat' dir='ltr'><strong>lnec</strong></span> <span class='ocrx_word' id='word_1_912' title='bbox 2302 5091 2463 5149; x_wconf 86' lang='lat' dir='ltr'><strong>verba</strong></span> <span class='ocrx_word' id='word_1_913' title='bbox 2509 5090 2561 5143; x_wconf 86' lang='lat' dir='ltr'><strong>in</strong></span> <span class='ocrx_word' id='word_1_914' title='bbox 2609 5087 2765 5142; x_wconf 89' lang='lat' dir='ltr'><strong>aliam</strong></span> <span class='ocrx_word' id='word_1_915' title='bbox 2810 5082 3013 5140; x_wconf 87' lang='lat' dir='ltr'><strong>traduci</strong></span> <span class='ocrx_word' id='word_1_916' title='bbox 3056 5078 3372 5138; x_wconf 89' lang='lat' dir='ltr'><strong>sententiam</strong></span> <span class='ocrx_word' id='word_1_917' title='bbox 3404 5095 3417 5133; x_wconf 92' lang='lat'><strong>:</strong></span> <span class='ocrx_word' id='word_1_918' title='bbox 3448 5092 3568 5135; x_wconf 90' lang='lat' dir='ltr'><strong>cum</strong></span> 
     </span>
    </p>
   </div>
   <div class='ocr_carea' id='block_1_112' title="bbox 1982 5169 3571 5251">
    <p class='ocr_par' dir='ltr' id='par_1_112' title="bbox 1982 5169 3571 5251">
     <span class='ocr_line' id='line_1_112' title="bbox 1982 5169 3571 5251; baseline -0.016 0"><span class='ocrx_word' id='word_1_919' title='bbox 1982 5208 2111 5251; x_wconf 86' lang='lat' dir='ltr'><strong>vero</strong></span> <span class='ocrx_word' id='word_1_920' title='bbox 2135 5187 2317 5248; x_wconf 89' lang='lat' dir='ltr'><strong>multis</strong></span> <span class='ocrx_word' id='word_1_921' title='bbox 2345 5184 2459 5240; x_wconf 87' lang='lat' dir='ltr'><strong>aliis</strong></span> <span class='ocrx_word' id='word_1_922' title='bbox 2488 5180 2618 5238; x_wconf 91' lang='lat' dir='ltr'><strong>locis</strong></span> <span class='ocrx_word' id='word_1_923' title='bbox 2648 5176 3005 5250; x_wconf 89' lang='lat' dir='ltr'><strong>Epistolarum</strong></span> <span class='ocrx_word' id='word_1_924' title='bbox 3032 5186 3270 5237; x_wconf 89' lang='lat' dir='ltr'><strong>suarum,</strong></span> <span class='ocrx_word' id='word_1_925' title='bbox 3298 5170 3425 5242; x_wconf 87' lang='lat' dir='ltr'><strong>quid</strong></span> <span class='ocrx_word' id='word_1_926' title='bbox 3446 5169 3571 5227; x_wconf 87' lang='lat' dir='ltr'><strong>hinc</strong></span> 
     </span>
    </p>
   </div>
   <div class='ocr_carea' id='block_1_113' title="bbox 1982 5266 3574 5354">
    <p class='ocr_par' dir='ltr' id='par_1_113' title="bbox 1982 5266 3574 5354">
     <span class='ocr_line' id='line_1_113' title="bbox 1982 5266 3574 5354; baseline -0.016 -8"><span class='ocrx_word' id='word_1_927' title='bbox 1982 5286 2197 5354; x_wconf 87' lang='lat' dir='ltr'><strong>sentiat,</strong></span> <span class='ocrx_word' id='word_1_928' title='bbox 2220 5278 2555 5354; x_wconf 87' lang='lat' dir='ltr'><strong>apertissime</strong></span> <span class='ocrx_word' id='word_1_929' title='bbox 2596 5273 2819 5337; x_wconf 89' lang='lat' dir='ltr'><strong>doceat;</strong></span> <span class='ocrx_word' id='word_1_930' title='bbox 2862 5266 3133 5339; x_wconf 89' lang='lat' dir='ltr'><strong>superfluo</strong></span> <span class='ocrx_word' id='word_1_931' title='bbox 3183 5272 3474 5333; x_wconf 88' lang='lat' dir='ltr'><strong>conantur,</strong></span> <span class='ocrx_word' id='word_1_932' title='bbox 3519 5273 3574 5321; x_wconf 91' lang='lat' dir='ltr'><strong>et</strong></span> 
     </span>
    </p>
   </div>
   <div class='ocr_carea' id='block_1_114' title="bbox 1983 5356 3574 5439">
    <p class='ocr_par' dir='ltr' id='par_1_114' title="bbox 1983 5356 3574 5439">
     <span class='ocr_line' id='line_1_114' title="bbox 1983 5356 3574 5439; baseline -0.016 -2"><span class='ocrx_word' id='word_1_933' title='bbox 1983 5380 2085 5438; x_wconf 87' lang='lat' dir='ltr'><strong>sibi</strong></span> <span class='ocrx_word' id='word_1_934' title='bbox 2128 5385 2182 5434; x_wconf 90' lang='lat' dir='ltr'><strong>et</strong></span> <span class='ocrx_word' id='word_1_935' title='bbox 2218 5371 2427 5432; x_wconf 72' lang='lat' dir='ltr'><strong>caneris</strong></span> <span class='ocrx_word' id='word_1_936' title='bbox 2466 5366 2746 5439; x_wconf 88' lang='lat' dir='ltr'><strong>caliginem</strong></span> <span class='ocrx_word' id='word_1_937' title='bbox 2791 5360 3093 5426; x_wconf 88' lang='lat' dir='ltr'><strong>obducere,</strong></span> <span class='ocrx_word' id='word_1_938' title='bbox 3122 5365 3180 5414; x_wconf 91' lang='lat' dir='ltr'><strong>ut</strong></span> <span class='ocrx_word' id='word_1_939' title='bbox 3205 5356 3346 5429; x_wconf 90' lang='lat' dir='ltr'><strong>quod</strong></span> <span class='ocrx_word' id='word_1_940' title='bbox 3375 5356 3574 5413; x_wconf 87' lang='lat' dir='ltr'><strong>utiliter</strong></span> 
     </span>
    </p>
   </div>
   <div class='ocr_carea' id='block_1_115' title="bbox 1985 5451 3574 5532">
    <p class='ocr_par' dir='ltr' id='par_1_115' title="bbox 1985 5451 3574 5532">
     <span class='ocr_line' id='line_1_115' title="bbox 1985 5451 3574 5532; baseline -0.014 0"><span class='ocrx_word' id='word_1_941' title='bbox 1985 5474 2073 5532; x_wconf 89' lang='lat' dir='ltr'><strong>illa</strong></span> <span class='ocrx_word' id='word_1_942' title='bbox 2110 5470 2341 5528; x_wconf 74' lang='lat' dir='ltr'><strong>Charitas</strong></span> <span class='ocrx_word' id='word_1_943' title='bbox 2365 5472 2547 5521; x_wconf 90' lang='lat' dir='ltr'><strong>monet</strong></span> <span class='ocrx_word' id='word_1_944' title='bbox 2576 5474 2680 5517; x_wconf 93' lang='lat' dir='ltr'><strong>non</strong></span> <span class='ocrx_word' id='word_1_945' title='bbox 2724 5456 2895 5512; x_wconf 92' lang='lat' dir='ltr'><strong>solum</strong></span> <span class='ocrx_word' id='word_1_946' title='bbox 2924 5453 3103 5511; x_wconf 86' lang='lat' dir='ltr'><strong>facere</strong></span> <span class='ocrx_word' id='word_1_947' title='bbox 3128 5452 3317 5520; x_wconf 86' lang='lat' dir='ltr'><strong>nolint,</strong></span> <span class='ocrx_word' id='word_1_948' title='bbox 3349 5451 3444 5509; x_wconf 87' lang='lat' dir='ltr'><strong>sed</strong></span> <span class='ocrx_word' id='word_1_949' title='bbox 3475 5468 3574 5509; x_wconf 89' lang='lat' dir='ltr'><strong>nec</strong></span> 
     </span>
    </p>
   </div>
   <div class='ocr_carea' id='block_1_116' title="bbox 1985 5545 3573 5637">
    <p class='ocr_par' dir='ltr' id='par_1_116' title="bbox 1985 5545 3573 5637">
     <span class='ocr_line' id='line_1_116' title="bbox 1985 5545 3573 5637; baseline -0.016 -12"><span class='ocrx_word' id='word_1_950' title='bbox 1985 5565 2278 5637; x_wconf 87' lang='lat' dir='ltr'><strong>intelligere</strong></span> <span class='ocrx_word' id='word_1_951' title='bbox 2304 5558 2423 5631; x_wconf 88' lang='lat' dir='ltr'><strong>ipsi,</strong></span> <span class='ocrx_word' id='word_1_952' title='bbox 2449 5563 2540 5612; x_wconf 89' lang='lat' dir='ltr'><strong>aut</strong></span> <span class='ocrx_word' id='word_1_953' title='bbox 2563 5554 2629 5609; x_wconf 91' lang='lat' dir='ltr'><strong>ab</strong></span> <span class='ocrx_word' id='word_1_954' title='bbox 2649 5552 2765 5606; x_wconf 88' lang='lat' dir='ltr'><strong>aliis</strong></span> <span class='ocrx_word' id='word_1_955' title='bbox 2790 5546 3011 5620; x_wconf 85' lang='lat' dir='ltr'><strong>intelligi</strong></span> <span class='ocrx_word' id='word_1_956' title='bbox 3030 5546 3216 5615; x_wconf 86' lang='lat' dir='ltr'><strong>velint,</strong></span> <span class='ocrx_word' id='word_1_957' title='bbox 3248 5560 3357 5601; x_wconf 90' lang='lat' dir='ltr'><strong>non</strong></span> <span class='ocrx_word' id='word_1_958' title='bbox 3380 5545 3573 5602; x_wconf 87' lang='lat' dir='ltr'><strong>timen-</strong></span> 
     </span>
    </p>
   </div>
   <div class='ocr_carea' id='block_1_117' title="bbox 2050 5728 3575 5816">
    <p class='ocr_par' dir='ltr' id='par_1_117' title="bbox 2050 5728 3575 5816">
     <span class='ocr_line' id='line_1_117' title="bbox 2050 5728 3575 5816; baseline -0.018 -14"><span class='ocrx_word' id='word_1_959' title='bbox 2050 5751 2087 5816; x_wconf 35' lang='grc'><strong>⁸,</strong></span> <span class='ocrx_word' id='word_1_960' title='bbox 2102 5748 2175 5801; x_wconf 86' lang='lat' dir='ltr'><strong>sic</strong></span> <span class='ocrx_word' id='word_1_961' title='bbox 2206 5752 2309 5816; x_wconf 52' lang='grc' dir='ltr'><strong>διδ.</strong></span> <span class='ocrx_word' id='word_1_962' title='bbox 2337 5747 2393 5791; x_wconf 80' lang='lat' dir='ltr'><strong>At</strong></span> <span class='ocrx_word' id='word_1_963' title='bbox 2415 5737 2549 5801; x_wconf 88' lang='lat' dir='ltr'><strong>editi,</strong></span> <span class='ocrx_word' id='word_1_964' title='bbox 2576 5732 2871 5787; x_wconf 85' lang='lat' dir='ltr'><strong>manducare</strong></span> <span class='ocrx_word' id='word_1_965' title='bbox 2894 5729 3226 5798; x_wconf 83' lang='lat' dir='ltr'><strong>spiritualiter,</strong></span> <span class='ocrx_word' id='word_1_966' title='bbox 3252 5728 3307 5783; x_wconf 81' lang='lat' dir='ltr'><strong>id</strong></span> <span class='ocrx_word' id='word_1_967' title='bbox 3329 5736 3415 5793; x_wconf 87' lang='lat' dir='ltr'><strong>est,</strong></span> <span class='ocrx_word' id='word_1_968' title='bbox 3440 5742 3575 5795; x_wconf 65' lang='lat' dir='ltr'><strong>pasci</strong></span> 
     </span>
    </p>
   </div>
   <div class='ocr_carea' id='block_1_118' title="bbox 1986 5811 3575 5922">
    <p class='ocr_par' dir='ltr' id='par_1_118' title="bbox 1986 5811 3575 5922">
     <span class='ocr_line' id='line_1_118' title="bbox 1986 5811 3575 5922; baseline -0.01 -1"><span class='ocrx_word' id='word_1_969' title='bbox 1986 5811 2376 5919; x_wconf 43' lang='lat' dir='ltr'><strong>mibt‘iigdeiiione</strong></span> <span class='ocrx_word' id='word_1_970' title='bbox 2394 5873 2501 5913; x_wconf 73' lang='grc' dir='ltr'><strong>ιον.</strong></span> <span class='ocrx_word' id='word_1_971' title='bbox 2528 5861 2656 5912; x_wconf 88' lang='lat' dir='ltr'><strong>male</strong></span> <span class='ocrx_word' id='word_1_972' title='bbox 2679 5862 2908 5911; x_wconf 87' lang='lat' dir='ltr'><strong>omissum</strong></span> <span class='ocrx_word' id='word_1_973' title='bbox 2933 5865 3027 5922; x_wconf 90' lang='lat' dir='ltr'><strong>est,</strong></span> <span class='ocrx_word' id='word_1_974' title='bbox 3051 5857 3267 5911; x_wconf 78' lang='lat' dir='ltr'><strong>curtatdo</strong></span> <span class='ocrx_word' id='word_1_975' title='bbox 3279 5870 3297 5921; x_wconf 90' lang='lat'><strong><em>;</em></strong></span> <span class='ocrx_word' id='word_1_976' title='bbox 3313 5854 3443 5921; x_wconf 86' lang='lat' dir='ltr'><strong>quod</strong></span> <span class='ocrx_word' id='word_1_977' title='bbox 3462 5867 3575 5906; x_wconf 67' lang='lat' dir='ltr'><strong>vero</strong></span> 
     </span>
    </p>
   </div>
   <div class='ocr_carea' id='block_1_119' title="bbox 1990 5924 2941 5990">
    <p class='ocr_par' dir='ltr' id='par_1_119' title="bbox 1990 5924 2941 5990">
     <span class='ocr_line' id='line_1_119' title="bbox 1990 5924 2941 5990; baseline -0.016 -1"><span class='ocrx_word' id='word_1_978' title='bbox 1990 5940 2104 5989; x_wconf 83' lang='lat' dir='ltr'><strong>bum</strong></span> <span class='ocrx_word' id='word_1_979' title='bbox 2129 5936 2173 5983; x_wconf 85' lang='lat' dir='ltr'><strong>in</strong></span> <span class='ocrx_word' id='word_1_980' title='bbox 2200 5931 2341 5981; x_wconf 80' lang='lat' dir='ltr'><strong>editis</strong></span> <span class='ocrx_word' id='word_1_981' title='bbox 2364 5927 2468 5978; x_wconf 85' lang='lat' dir='ltr'><strong>aliis</strong></span> <span class='ocrx_word' id='word_1_982' title='bbox 2491 5926 2668 5990; x_wconf 74' lang='lat' dir='ltr'><strong>legitur</strong></span> <span class='ocrx_word' id='word_1_983' title='bbox 2694 5930 2745 5976; x_wconf 84' lang='lat' dir='ltr'><strong>et</strong></span> <span class='ocrx_word' id='word_1_984' title='bbox 2766 5924 2815 5974; x_wconf 88' lang='lat' dir='ltr'><strong>in</strong></span> <span class='ocrx_word' id='word_1_985' title='bbox 2831 5927 2941 5975; x_wconf 74' lang='lat' dir='ltr'><strong>las.</strong></span> 
     </span>
    </p>
   </div>
  </div>
