4070 6334
528 414 631 477 531

529 543 613 592 tes
638 529 784 606 quod
810 528 1065 601 scriptum
1089 530 1196 596 est,
1223 522 1406 581 Noluit
1422 522 1702 594 intelligere
1717 529 1772 578 ut
1793 523 1914 579 bene
1937 529 2107 594 ageret

533 628 705 701 (Psal.
735 640 910 691 xxxv,
941 623 1019 693 Δ).

602 714 826 775 CAPUT
864 714 1042 770 lll.--
1083 713 1142 769 4.
1191 709 1349 766 Pauli
1393 716 1702 781 praceptum
1752 708 1816 762 de
1862 706 2119 777 corporali

532 826 685 884 opere
711 826 819 865 esse
847 807 1083 880 probatur
1099 820 1164 861 ea:
1186 803 1564 859 circumstantia
1592 800 1835 857 lectionis.
1865 798 2115 870 Emeruitlo

531 919 623 960 suo
649 901 845 956 Paulus
872 898 1041 953 docuit
1060 894 1182 961 quid
1208 894 1517 965 praeceperit.
1551 892 1705 948 Prius
1732 905 1860 961 ergo
1887 889 2113 946 demon-

531 988 703 1051 strare
724 993 979 1049 debemus
1003 990 1217 1045 beatum
1242 986 1543 1059 apostolum
1573 984 1793 1039 Paulum
1814 997 1977 1053 opera
1995 995 2116 1037 eor-

531 1087 733 1159 poralia
758 1098 943 1142 servos
972 1081 1068 1137 Dei
1092 1079 1304 1151 operari
1330 1079 1584 1141 voluisse,
1619 1090 1738 1146 qum
1764 1076 1925 1129 tinem
1955 1073 2117 1129 habe-

538 1190 656 1235 rent
683 1190 927 1248 magnam
951 1175 968 1207 ³
995 1171 1325 1244 spiritualem
1349 1168 1672 1233 mercedem,
1706 1166 1773 1221 ad
1793 1165 1897 1221 hoc
1922 1172 1979 1219 ut
2002 1164 2118 1234 ipso

533 1272 674 1326 victu
699 1277 753 1324 et
782 1274 1088 1339 legumento
1111 1279 1144 1319 a
1172 1263 1318 1319 nullo
1358 1260 1656 1330 indigerent
1680 1298 1698 1326 ,
1748 1256 1842 1312 sed
1872 1254 2116 1310 manibus

533 1364 645 1418 suis
675 1362 790 1416 huic
811 1360 913 1417 sibi
942 1363 1289 1430 procurarent
1318 1370 1334 1409 :
1360 1351 1552 1409 deinde
1573 1349 1859 1407 ostendere
1885 1361 2117 1418 evange-

536 1454 636 1509 liea
674 1452 768 1508 illa
805 1457 1093 1521 praecepta,
1122 1447 1191 1503 de
1220 1445 1409 1517 quibus
1433 1441 1672 1499 nonnulli
1696 1455 1802 1495 non
1831 1439 2008 1494 solum
2035 1437 2117 1508 pi-

532 1546 775 1618 gritiam,
804 1544 901 1601 sed
924 1543 1085 1599 etiam
1108 1538 1463 1610 arrogantiam
1492 1550 1644 1591 suam
1669 1532 1879 1599 fovent,
1905 1537 2121 1602 aposto-

537 1640 639 1696 lico
654 1644 922 1709 praecepto
934 1642 989 1691 et
1002 1631 1246 1703 exemplo
1266 1646 1371 1686 non
1392 1643 1510 1685 esse
1525 1626 1811 1683 contraria.
1829 1622 2119 1679 Videamus

537 1730 716 1799 itaque
738 1727 879 1783 unde
902 1725 970 1781 ad
995 1725 1098 1780 hoc
1121 1722 1328 1780 venerit
1352 1719 1638 1791 Apostolus
1658 1758 1673 1785 ,
1700 1724 1761 1772 ut
1790 1715 2025 1779 diceret,
2057 1712 2119 1769 Si

532 1820 647 1887 quis
676 1835 776 1874 non
796 1818 902 1873 vult
933 1815 1134 1887 operari
1156 1856 1172 1883 ,
1204 1830 1306 1869 non
1327 1811 1634 1876 manducet;
1676 1817 1731 1865 et
1756 1806 1883 1879 quid
1926 1805 2119 1861 deinde

536 1917 793 1966 conterat
811 1950 827 1976 ,
856 1916 915 1964 ut
939 1922 1007 1963 ex
1036 1906 1151 1977 ipsa
1177 1902 1571 1967 circumstantia
1596 1899 1839 1956 lectionis
1866 1904 2121 1968 appareat

531 2002 801 2060 declarata
843 1999 1127 2056 sententia.
1158 1995 1548 2060 Denuntiamus,
1582 1991 1771 2063 inquit,
1805 1989 1964 2056 vobis,
2007 1992 2119 2059 fra-

534 2102 655 2158 tres,
683 2093 739 2146 in
763 2091 965 2147 nomine
981 2088 1190 2144 Domini
1215 2086 1371 2141 nostri
1390 2083 1426 2139 Ι
1430 2100 1515 2139 esu
1540 2081 1747 2148 Christi,
1776 2088 1831 2134 ut
1854 2077 2121 2135 subtraha-

534 2186 721 2240 tis‘uos
764 2183 828 2237 ab
869 2182 1009 2236 omni
1053 2180 1212 2250 fratre
1254 2176 1468 2247 inquiete
1493 2172 1802 2238 ambulante,
1835 2179 1880 2225 et
1910 2185 2011 2225 non
2035 2185 2115 2223 se-

531 2275 757 2331 cundum
782 2272 1101 2328 traditionem
1121 2285 1273 2341 quam
1293 2274 1589 2337 acceperunt
1614 2281 1647 2318 a
1670 2263 1831 2318 nobis.
1854 2261 1967 2331 Ipsi
1986 2260 2119 2315 enim

533 2366 673 2422 scitis
700 2363 948 2435 quomodo
1001 2369 1228 2434 aporteat
1282 2357 1470 2412 imitari
1518 2372 1645 2422 nos;
1707 2354 1828 2425 quia
1871 2368 1973 2407 non
2011 2351 2119 2422 fui-

536 2474 649 2513 mus
673 2455 881 2528 inquieti
922 2455 1054 2510 inter
1082 2469 1187 2521 vos,
1231 2466 1387 2522 neque
1426 2465 1607 2522 panem
1644 2447 1706 2501 ab
1752 2446 1920 2515 aliqua
1946 2445 2120 2514 gratis

534 2548 949 2606 manducauimus
967 2586 982 2614 ,
1011 2546 1099 2602 sed
1125 2546 1179 2601 in
1206 2545 1375 2599 labore
1398 2552 1444 2598 et
1473 2540 1767 2613 fatigatione
1790 2538 1872 2592 die
1897 2553 1957 2590 ac
1977 2545 2121 2590 nocte

532 2651 819 2715 operantes,
856 2656 919 2695 ne
941 2656 1089 2711 quem
1114 2645 1332 2693 uestrum
1355 2649 1677 2707 gravaremus
1699 2647 1719 2686 :
1747 2647 1847 2685 non
1876 2630 1993 2701 quia
2020 2644 2120 2684 non

535 2734 853 2790 habuerimus
883 2740 1175 2806 potestatem
1192 2771 1207 2797 ,
1234 2728 1322 2785 sed
1348 2736 1401 2783 ut
1426 2726 1753 2796 nosmetipsos
1779 2727 1996 2794 formam
2023 2721 2120 2775 da-

533 2845 702 2884 remus
729 2827 868 2883 uobis
892 2867 909 2896 ,
950 2842 1051 2897 qua
1079 2840 1169 2880 nos
1203 2820 1547 2877 imitaremini.
1587 2816 1726 2871 Nam
1754 2824 1800 2871 et
1842 2831 1955 2869 cum
1981 2814 2121 2885 apud

534 2936 626 2976 uos
653 2934 894 2985 essemus,
926 2918 1022 2972 hoc
1051 2916 1187 2971 vobis
1213 2912 1647 2985 prwcipiebamus,
1675 2908 1914 2980 quoniam
1938 2907 1983 2962 si
2011 2906 2122 2977 quis

536 3028 640 3066 non
662 3010 768 3065 uult
795 3008 1013 3080 operari,
1042 3023 1143 3062 non
1171 3004 1457 3060 manducet.
1487 3002 1782 3057 Audiuimus
1809 3001 1941 3055 enim
1967 3016 2121 3071 quos-

432 3148 437 3163 ,
537 3102 658 3157 dam
682 3102 827 3157 inter
848 3117 934 3156 vos
960 3098 1220 3153 ambulare
1242 3096 1488 3167 inquiete,
1531 3093 1660 3148 nihil
1688 3101 1949 3163 operantes
1974 3133 1990 3163 ,
2034 3090 2123 3147 sed

541 3196 735 3252 curiose
761 3202 984 3265 agentes.
1016 3189 1113 3246 His
1141 3197 1309 3243 autem
1333 3187 1419 3259 qui
1443 3184 1691 3256 ejusmodi
1713 3192 1850 3251 sunt,
1889 3183 2124 3254 principi-

539 3304 652 3343 mus
675 3295 724 3341 et
746 3285 1063 3341 obsecramus
1090 3283 1144 3337 in
1184 3281 1404 3335 Domino
1429 3277 1465 3333 Ι
1469 3295 1555 3333 esu
1583 3277 1802 3345 Christo,
1834 3284 1887 3329 ut
1915 3292 2031 3330 cum
2055 3275 2126 3331 si-

542 3379 698 3437 lentio
725 3386 989 3450 aperantes
1013 3391 1197 3449 panem
1221 3390 1370 3429 suum
1406 3372 1709 3427 manducent
1737 3368 1811 3440 (11
1834 3368 2013 3424 Thess.
2042 3383 2122 3436 tu,

590 3470 736 3542 ~12).
778 3468 915 3537 Quid
958 3466 1027 3523 ad
1069 3466 1184 3521 haec
1211 3464 1316 3520 dici
1344 3471 1544 3533 potest,
1590 3459 2016 3532 quandoquidem
2057 3472 2126 3514 ne

539 3562 786 3633 cuiquam
828 3567 1013 3630 postea
1052 3556 1237 3612 liceret
1281 3555 1383 3609 hoc
1433 3567 1532 3623 pro
1573 3552 1866 3617 voluntate,
1896 3564 2001 3604 non
2029 3562 2125 3619 pro

539 3652 798 3709 charitate
827 3646 1188 3716 interpretari,
1219 3644 1464 3713 exemplo
1502 3656 1599 3697 suo
1626 3641 1808 3696 docuit
1833 3639 1959 3709 quid
1991 3653 2124 3709 prac-

537 3740 776 3811 ceperit?
796 3739 875 3794 Illi
894 3738 1037 3793 enim
1061 3745 1312 3806 tanquam
1334 3732 1590 3803 Apostolo
1611 3730 1943 3802 prmdicatori
1962 3730 2126 3784 Evan-

539 3830 692 3902 gelii,
721 3828 873 3885 militi
898 3826 1135 3893 Christi,
1171 3823 1453 3896 plantatori
1480 3822 1672 3889 vineae,
1703 3821 1903 3891 pastori
1949 3821 2126 3892 gregis

542 3921 894 3978 constituerat
927 3918 1184 3974 Dominus
1205 3924 1263 3972 ut
1289 3913 1359 3971 de
1383 3912 1673 3984 Evangelio
1696 3911 1934 3978 viveret;
1961 3920 2015 3969 et
2042 3920 2123 3967 ta-

543 4031 670 4073 men
697 4016 812 4086 ipse
840 4011 1165 4084 stipendium
1205 4009 1305 4065 sibi
1343 4007 1580 4064 debitum
1607 4021 1716 4062 non
1754 4004 1952 4077 exegit,
1984 4012 2044 4061 ut
2066 4018 2125 4061 se

541 4108 770 4164 formam
792 4104 948 4159 daret
963 4102 1041 4157 eis
1061 4102 1152 4171 qui
1167 4100 1379 4171 exigere
1408 4096 1641 4153 indebita
1665 4094 1984 4164 cupiebant:
2016 4094 2124 4150 sic-

543 4208 604 4256 ut
642 4198 709 4254 ad
750 4193 1054 4253 Corinthios
1111 4192 1274 4260 dicit,
1333 4190 1457 4258 Quis
1494 4188 1677 4244 militat
1719 4188 1824 4243 suis
1864 4186 2125 4259 stipendiis

544 4290 809 4360 unquam?
861 4285 985 4353 Quis
1016 4284 1209 4356 plantat
1255 4281 1485 4348 vineam,
1515 4288 1563 4334 et
1599 4279 1662 4333 de
1689 4280 1855 4349 fructu
1889 4279 1996 4351 ejus
2023 4294 2127 4333 non

543 4380 683 4438 edit?
713 4378 837 4446 Quis
867 4376 1025 4447 pascit
1052 4388 1251 4447 gregem
1274 4412 1289 4438 ,
1322 4379 1369 4427 et
1394 4370 1456 4425 de
1495 4368 1623 4424 lacte
1649 4369 1813 4442 gregis
1842 4386 1941 4424 non
1966 4368 2127 4442 perci-

544 4471 663 4543 pit?
691 4468 833 4540 Ergo
858 4466 1002 4540 quod
1046 4465 1150 4521 sibi
1191 4462 1482 4520 debebatur
1504 4503 1519 4528 ,
1559 4460 1732 4517 noluit
1771 4460 2039 4531 accipere,
2067 4466 2127 4516 ut

544 4560 793 4633 exemplo
811 4558 928 4631 ejus
947 4564 1340 4619 coercerentur,
1364 4553 1453 4626 qui
1482 4552 1579 4610 sibi
1607 4568 1711 4608 non
1734 4553 1803 4608 ita
1829 4551 2089 4607 ordinatis
2102 4553 2124 4585 ¹

544 4651 865 4711 ἱιιἘοειθεὶει
904 4649 1027 4706 talia
1056 4648 1241 4704 deberi
1267 4646 1680 4703 arbitrabantur.
1708 4643 1843 4713 Quid
1872 4652 1955 4701 est
1983 4644 2126 4701 enim

544 4746 689 4821 quod
728 4744 844 4800 ait:
878 4740 1058 4813 Neque
1084 4756 1264 4811 panem
1304 4739 1463 4810 gratis
1490 4736 1551 4793 ab
1588 4736 1755 4806 aliquo
1795 4736 2125 4792 manducavi-

546 4857 681 4908 mus,
704 4838 794 4895 sed
814 4838 869 4893 in
896 4835 1065 4891 labore
1088 4843 1136 4889 et
1164 4833 1457 4905 fatigatione
1479 4830 1562 4884 die
1587 4845 1647 4884 ac
1670 4836 1813 4884 nocte
1839 4837 2123 4900 operantes,

544 4948 609 4988 ne
627 4946 776 5003 quem
795 4936 1012 4984 vestrum
1030 4940 1350 4997 gravaremus
1371 4939 1389 4976 :
1410 4938 1509 4977 non
1536 4922 1655 4993 quia
1679 4936 1778 4995 non
1808 4919 2127 4976 habuerimus

547 5032 860 5096 potestatem,
889 5019 977 5076 sed
1004 5027 1060 5074 ut
1088 5033 1178 5072 nos
1205 5016 1420 5086 formam
1444 5011 1676 5068 daremus
1700 5011 1864 5079 vobis,
1892 5028 1991 5083 qua
2038 5028 2128 5067 nos

544 5111 910 5171 imitaremini?
953 5107 1186 5166 Audiam.
1226 5121 1352 5176 ergo
1393 5103 1585 5175 quibus
1622 5100 1725 5158 hoc
1770 5099 2044 5173 praecepit,
2073 5100 2127 5158 id

549 5216 654 5275 est,
683 5207 774 5278 qui
802 5220 908 5261 non
936 5200 1136 5258 habent
1160 5196 1296 5254 hanc
1324 5204 1640 5267 potestatem
1665 5209 1822 5269 quam
1851 5192 1941 5250 ille
1969 5192 2129 5249 habe-

551 5300 661 5367 bat,
694 5305 753 5353 ut
789 5291 1157 5354 tantummodo
1202 5288 1545 5362 spiritualiter
1587 5294 1871 5358 cperantes
1909 5283 2129 5341 mandu-

548 5399 673 5447 cent
698 5404 888 5461 panem
922 5403 952 5442 a
979 5384 1244 5458 corporali
1275 5380 1456 5438 labore
1483 5379 1768 5453 gratuitum
1801 5394 1815 5433 :
1845 5386 1897 5434 et
1940 5392 2126 5448 quem-

552 5481 839 5538 admodum
867 5479 1015 5548 dicit,
1049 5475 1383 5548 Prwcipimus
1410 5482 1457 5529 et
1484 5473 1801 5528 obsecramus
1827 5470 1881 5525 in
1908 5468 2127 5537 Christo,

553 5583 610 5629 ut
634 5589 747 5629 cum
777 5573 976 5628 silentio
1001 5578 1265 5643 aperantes
1294 5583 1474 5640 panem
1501 5581 1645 5622 suum
1669 5563 1992 5630 manducent,
2021 5577 2129 5619 non

550 5666 824 5739 disputent
850 5672 1035 5720 contra
1060 5659 1485 5719 manifestissima
1513 5655 1675 5712 verba
1701 5652 1977 5727 Apostoli;
2005 5651 2128 5723 quia

551 5767 607 5817 et
628 5758 730 5814 hoc
766 5755 994 5827 pertinet
1022 5754 1088 5810 ad
1113 5752 1417 5818 silentium,
1463 5764 1583 5806 cum
1624 5762 1730 5820 quo
1775 5745 1972 5805 debent
2000 5758 2129 5816 ope-

613 5895 634 5931 s
664 5900 792 5956 κει,
817 5890 1041 5960 haberent
1061 5889 1112 5942 in
1131 5900 1354 5960 magnam
1407 5948 1437 5960 η

612 5960 635 5997 ³
665 5965 741 6014 Et.
763 5950 816 6012 et
835 5955 1059 6024 plerique
1081 5950 1439 6019 blssqqordinali

1477 404 1567 465 DE
1601 404 1828 466 OPERE
1863 401 2354 478 MONACHORUM,
2390 407 2447 466 S.
2487 400 2850 467 AUGUSTINI

2226 532 2404 580 rantes
2427 523 2747 581 manducare
2774 537 2963 595 panem
2991 536 3167 579 suum.

2290 616 2514 673 CAPUT
2550 617 2638 674 1V.
2658 647 2729 659 --
2757 618 2809 674 5.
2843 616 2997 671 Pauli
3020 616 3265 672 sententia
3298 631 3363 671 ea:
3387 617 3503 673 aliis
3524 618 3637 690 ejus
3664 618 3801 693 Ερε-

2217 709 2363 765 stolis
2383 711 2664 766 declarata.
2687 711 3030 766 Enucleatius
3041 718 3218 766 autem
3233 709 3799 782 etdiligentiusadhuc

2220 803 2320 859 ista
2341 804 2501 859 verba
2521 804 2912 860 considerarem
2928 814 3084 875 atque
3100 812 3404 871 tractarem,
3425 806 3529 860 nisi
3545 804 3797 862 haberem

2219 892 2319 948 alia
2346 894 2457 950 loca
2480 894 2838 966 Epistolarum
2862 895 2977 966 ejus
3004 896 3172 951 multo
3192 895 3576 965 manifestiora,
3607 899 3801 968 quibus

2218 984 2423 1039 collatis
2452 995 2506 1040 et
2536 988 2637 1040 ista
2666 986 2915 1057 liquidius
2943 987 3365 1054 manilestantur,
3397 996 3453 1044 et
3479 988 3523 1042 si
3549 989 3650 1044 ista
3689 1005 3797 1047 non

2224 1085 2425 1141 essent,
2455 1076 2544 1131 illa
2583 1076 2909 1133 sufﬁcerent.
2948 1077 3031 1131 Ad
3056 1076 3362 1133 Corinthios
3388 1079 3530 1134 enim
3559 1079 3803 1136 scribens

2221 1170 2289 1226 de
2319 1170 2418 1226 hac
2443 1171 2629 1227 eadem
2654 1186 2733 1238 re,
2766 1172 2834 1227 ita
2864 1172 3031 1227 dicit:
3063 1170 3185 1225 Non
3211 1188 3324 1227 sum
3349 1172 3512 1227 liber?
3547 1188 3649 1228 non
3690 1189 3803 1229 sum

2219 1264 2518 1334 apostolus?
2547 1261 2733 1317 Nonne
2769 1262 3023 1318 Christum
3044 1260 3234 1317 .Jesum
3272 1262 3545 1317 Dominum
3571 1273 3803 1319 nostrum

2218 1357 2322 1410 uidi
2336 1356 2361 1410 ?
2390 1355 2574 1411 Nonne
2599 1372 2727 1425 opus
2753 1371 2923 1409 meum
2946 1371 3033 1410 vos
3059 1356 3175 1409 estis
3215 1355 3269 1409 in
3313 1354 3577 1411 Domino?
3601 1356 3664 1411 Si
3685 1358 3805 1413 aliis

2220 1461 2321 1500 non
2345 1462 2457 1500 sum
2484 1445 2763 1516 apostolus,
2789 1444 2925 1500 vobis
2948 1454 3285 1499 verumtamen
3310 1461 3443 1499 sum.
3468 1446 3805 1517 Signaculum

2220 1540 2351 1593 enim
2382 1538 2693 1609 apostolatus
2732 1538 2828 1592 mei
2865 1554 2952 1593 vos
2980 1539 3098 1593 estis
3122 1539 3177 1593 in
3204 1539 3446 1594 Domino.
3479 1539 3596 1594 Hea
3624 1541 3804 1610 defen-

2218 1631 2295 1685 sio
2322 1631 2389 1685 ad
2416 1647 2500 1686 eos
2531 1631 2615 1700 qui
2658 1646 2736 1684 me
2769 1630 3083 1701 interrogant
3111 1633 3218 1686 hazc
3256 1640 3347 1686 est.
3401 1629 3664 1701 Numquid
3700 1649 3805 1687 non

2220 1721 2458 1777 habemus
2480 1731 2771 1793 potestatem
2791 1724 2807 1754 ¹
2838 1721 3180 1776 manducandi
3198 1731 3246 1775 et
3269 1722 3515 1777 bibendi?
3538 1722 3804 1794 Numquid

2221 1828 2321 1867 non
2351 1812 2588 1867 habemus
2631 1821 2921 1882 potestate»:
2960 1828 3187 1868 sororem
3222 1812 3481 1868 mulierem
3514 1815 3806 1869 circumlu-

2220 1903 2384 1968 cendi,
2414 1904 2542 1958 sicut
2571 1912 2618 1958 et
2637 1905 2803 1959 creteri
2828 1904 3076 1975 Apostoli,
3102 1913 3149 1958 et
3174 1908 3357 1975 fratres
3384 1904 3611 1970 Domini,
3638 1915 3686 1960 et
3707 1906 3806 1962 Ce-

2223 1994 2349 2063 phas
2394 1992 2437 2065 (1
2475 1993 2592 2049 Cor.
2629 1992 2900 2066 ix,~l-7).
2943 1994 3077 2049 Vide
3100 1990 3542 2065 quemadmodum
3572 1996 3805 2065 primum

2220 2086 2466 2142 ostendat
2489 2070 2619 2157 quid
2639 2087 2741 2142 sibi
2769 2086 2947 2153 liceat,
2969 2093 3024 2141 ct
3053 2086 3174 2141 ideo
3200 2087 3356 2142 liceat
3380 2088 3501 2157 quia
3524 2089 3804 2159 apostolus

2220 2187 2321 2235 est.
2350 2177 2477 2233 Inde
2496 2178 2636 2234 enim
2664 2178 2827 2248 empit
2850 2196 2863 2231 :
2893 2178 3014 2233 Non
3037 2195 3150 2234 sum
3166 2179 3328 2234 liber?
3355 2198 3456 2236 non
3472 2197 3583 2236 sum
3598 2193 3805 2253 aposto-

2222 2270 2341 2324 lus?
2380 2271 2448 2325 Et
2473 2270 2661 2340 probat
2699 2284 2759 2325 se
2803 2270 3101 2341 apostolum
3148 2285 3290 2339 esse,
3339 2271 3521 2328 dicens
3558 2291 3572 2327 :
3615 2272 3809 2331 Nonne

2221 2358 2475 2415 Christum
2502 2360 2678 2414 Iesum
2705 2358 2983 2415 Dominum
3027 2370 3254 2415 nostrum
3294 2362 3396 2416 vidi
3413 2364 3439 2417 ?
3464 2362 3647 2418 Nonne
3669 2380 3809 2436 opus

2221 2467 2387 2507 meum
2424 2470 2510 2507 vos
2537 2453 2655 2507 estis
2680 2454 2733 2506 in
2760 2451 3023 2507 Domino?
3050 2453 3166 2522 Quo
3192 2454 3419 2524 probato
3443 2456 3677 2512 ostendit
3699 2458 3809 2516 sibi

2222 2542 2384 2598 licere
2406 2543 2549 2613 quod
2574 2543 2783 2598 cmteris
2809 2544 3114 2615 Apostolis;
3143 2544 3195 2600 id
3215 2554 3316 2612 est,
3344 2554 3402 2601 ut
3424 2562 3527 2602 non
3555 2558 3811 2618 operetur

2222 2633 2467 2689 manibus
2492 2634 2602 2689 suis
2623 2673 2639 2700 ,
2671 2633 2766 2690 sed
2796 2648 2861 2690 ex
2887 2634 3174 2706 Evangelio
3197 2637 3357 2703 vivat,
3391 2637 3529 2693 sicut
3550 2638 3811 2710 Dominus

2221 2724 2530 2793 constituit,
2572 2725 2714 2795 quod
2750 2726 2805 2781 in
2834 2724 3285 2797 consequentibus
3320 2730 3657 2799 apertissime
3699 2731 3808 2789 de-

2223 2818 2540 2874 monstravit
2568 2836 2585 2874 :
2615 2819 2684 2875 ad
2712 2819 2816 2875 hoc
2842 2820 2984 2875 enim
3014 2828 3070 2876 et
3095 2819 3282 2877 ﬁdeles
3324 2822 3576 2878 mulieres
3603 2822 3814 2882 haben-

2227 2918 2307 2967 tes
2336 2918 2602 2968 terrenam
2628 2910 2978 2967 substantiam
3004 2911 3149 2967 ibant
3170 2926 3289 2967 cum
3311 2912 3390 2968 eis
3407 2953 3423 2979 ,
3451 2923 3506 2970 et
3529 2914 3813 2972 ministra-

2222 3002 2351 3058 bant
2392 3003 2472 3058 eis
2523 3003 2591 3059 de
2638 3002 2936 3059 substantia
2978 3017 3109 3071 sua,
3153 3012 3210 3058 ut
3258 3003 3452 3059 nullius
3502 3003 3815 3075 indigerent

2227 3095 2417 3150 horum
2438 3110 2556 3166 quae
2575 3095 2642 3151 ad
2663 3095 2963 3151 necessaria
2984 3096 3103 3150 vitae
3123 3095 3277 3165 hujus
3297 3094 3560 3166 pertinent
3580 3098 3621 3149 ².
3646 3096 3816 3163 Quod

2225 3186 2412 3243 beatus
2437 3187 2633 3242 Paulus
2662 3186 2826 3241 licere
2849 3186 3062 3257 quidem
3090 3187 3188 3242 sibi
3214 3186 3559 3255 demonstrat,
3588 3187 3732 3244 sicut
3758 3196 3816 3245 et

2225 3281 2404 3335 cmteri
2454 3280 2697 3350 Apostoli
2738 3279 3021 3348 faciebant,
3068 3280 3164 3336 sed
3210 3295 3273 3337 ea
3317 3288 3576 3351 potestate
3620 3296 3681 3337 se
3732 3282 3815 3339 uti

2226 3372 2461 3428 noluisse
2488 3381 2669 3442 postea
2695 3381 3095 3428 commemorat.
3129 3373 3242 3430 Hoc
3266 3373 3483 3444 quidam
3506 3389 3613 3430 non
3642 3374 3814 3431 intel-

2227 3462 2470 3533 ligentcs,
2516 3478 2624 3519 non
2670 3479 2893 3518 sororem
2931 3466 3232 3533 mulierem,
3275 3480 3397 3522 cum
3441 3466 3530 3522 ille
3576 3466 3809 3537 diceret,

2229 3550 2493 3623 Numquid
2538 3570 2639 3608 non
2681 3554 2918 3610 trabeatus
2946 3565 3241 3627 potestatem
3281 3573 3503 3613 sororem
3549 3559 3814 3614 mulierem

2226 3645 2670 3699 circumducendi?
2698 3646 2793 3702 sed
2823 3663 3029 3702 uxorem
3067 3648 3398 3719 interpretati
3424 3658 3569 3705 sunt.
3600 3650 3814 3707 Fefellit

2227 3750 2323 3792 eos
2348 3735 2493 3791 verbi
2520 3736 2680 3806 graeci
2709 3738 3028 3809 ambiguitas
3048 3780 3064 3807 ,
3094 3737 3238 3809 quod
3263 3749 3318 3795 et
3347 3754 3481 3796 uxor
3520 3748 3575 3795 et
3615 3741 3815 3799 mulier

2226 3826 2414 3883 eodem
2458 3827 2623 3883 verbo
2672 3844 2845 3899 grazce
2888 3830 3104 3885 dicitur.
3132 3831 3444 3902 Quanquam
3471 3832 3574 3888 hoc
3612 3833 3684 3888 ita
3712 3849 3814 3905 po-

2226 3919 2392 3974 suerit
2412 3918 2720 3989 Apostolus,
2751 3931 2810 3977 ut
2843 3921 2955 3976 falli
2983 3938 3090 3977 non
3120 3922 3403 3979 debuerint
3432 3942 3447 3979 :
3475 3925 3595 3996 quia
3635 3941 3815 3997 neque

2227 4008 2488 4064 mulierem
2516 4012 2881 4067 tantummodo
2904 4013 3012 4081 ait,
3043 4013 3136 4069 sed
3163 4031 3385 4069 sororem
3413 4017 3674 4071 mulierem
3699 4016 3811 4089 (a);

2228 4118 2400 4174 neque
2428 4103 2678 4169 ducendi,
2703 4106 2799 4160 sed
2827 4104 3252 4161 circumducendi.
3277 4106 3655 4165 Verumtamen
3675 4109 3815 4165 alios

2228 4193 2545 4265 interpretes
2571 4210 2676 4250 non
2703 4194 2891 4251 fefellit
2912 4195 3027 4252 haec
3044 4198 3378 4269 ambiguitas,
3405 4207 3461 4256 ct
3483 4199 3747 4257 mulierem
3766 4200 3814 4271 ³,

2227 4300 2335 4343 non
2359 4302 2589 4353 uxorem,
2616 4287 2947 4358 interpretati
2973 4297 3116 4345 sunt.

2298 4379 2526 4437 CAPUT
2552 4380 2619 4437 V.
2640 4411 2711 4422 —
2734 4381 2789 4437 6.
2817 4381 3072 4451 Apostolis
3106 4385 3406 4457 permissum
3445 4387 3679 4442 mulieres
3715 4387 3817 4445 sibi

2228 4472 2568 4529 ministrantes
2640 4488 2809 4528 secum
2865 4474 3047 4529 habere
3108 4477 3335 4547 emnplo
3398 4477 3606 4533 Christi.
3655 4478 3817 4546 Quod

2228 4564 2466 4635 quisquis
2490 4572 2640 4635 putat
2666 4580 2773 4620 non
2798 4565 3035 4636 potuisse
3058 4565 3126 4621 ab
3148 4566 3418 4637 Apostolis
3444 4567 3580 4636 ﬁeri,
3605 4576 3663 4623 ut
3682 4583 3813 4626 cum

2229 4656 2309 4712 eis
2351 4664 2548 4712 sancta:
2585 4656 3006 4712 conversationis
3050 4656 3303 4713 mulieres
3330 4658 3640 4725 circuirent,
3673 4675 3816 4731 qua-

2229 4760 2458 4817 cumque
2486 4745 2830 4817 Evangelium
2856 4746 3215 4818 praedicabant
3235 4789 3251 4817 ,
3281 4756 3339 4802 ut
3366 4749 3447 4805 eis
3473 4748 3541 4805 de
3565 4764 3661 4805 sua
3685 4752 3819 4808 sub-

2227 4838 2420 4896 stantia
2439 4837 2801 4894 ministrarent
2820 4838 3141 4904 necessaria,
3168 4837 3518 4910 Evangelium
3540 4839 3741 4907 audiat,
3760 4848 3820 4897 et

2228 4937 2514 5001 cognoscat
2538 4928 2983 5000 quemadmodum
3011 4927 3114 4985 hoc
3138 4930 3303 5000 ipsius
3326 4929 3537 4987 Domini
3564 4932 3819 5003 exemplo

2228 5020 2507 5077 iaciebant.
2524 5019 2778 5075 Dominus
2790 5020 2931 5075 enim
2941 5028 3125 5077 noster
3136 5037 3284 5079 more
3301 5023 3681 5081 misericordia:
3700 5040 3821 5083 sua:

2230 5112 2607 5172 inﬁrmioribus
2632 5114 2979 5184 comp-aliens,
3002 5130 3124 5171 cum
3144 5115 3197 5173 ei
3211 5127 3431 5189 possent
3449 5120 3636 5191 Angeli
3658 5119 3825 5175 mini-

2230 5214 2422 5272 strare,
2450 5212 2505 5260 et
2530 5204 2731 5260 loculos
2756 5204 3018 5277 habebat,
3069 5224 3175 5280 quo
3226 5209 3529 5267 mitteretur
3566 5215 3821 5283 pecunia,

2230 5311 2351 5369 qua:
2374 5297 2744 5354 conferebatur
2768 5299 2950 5372 utique
2973 5316 3004 5357 a
3028 5301 3183 5359 bonis
3228 5302 3472 5362 ﬁdelibus
3508 5321 3695 5361 eorum
3738 5310 3789 5361 vi
3804 5338 3824 5348 ο

2232 5392 2341 5447 ctui
2365 5392 2665 5448 necessaria
2696 5408 2710 5447 :
2740 5408 2875 5465 quos
2902 5394 3106 5451 loculos
3126 5395 3277 5452 Juda:
3302 5398 3717 5465 commendavit,
3768 5409 3827 5454 nt

2232 5482 2395 5540 etiam
2421 5482 2567 5539 iures
2594 5483 2638 5538 si
2662 5484 2863 5541 evitare
2889 5499 2995 5541 non
3027 5500 3325 5557 possemus,
3373 5488 3606 5545 tolerare
3632 5489 3684 5543 in
3716 5488 3801 5546 15e-

2234 5574 2394 5632 clesia
2421 5575 2766 5632 disceremus.
2798 5575 2892 5633 Ille
2928 5579 3068 5633 enim
3094 5594 3152 5632 ea
3177 5595 3290 5649 qua:
3316 5580 3654 5650 mittebantur,
3679 5580 3826 5639 sicut

2297 5691 2317 5764 ξ
2350 5695 2399 5764 tn
2417 5698 2523 5741 Mss-
2547 5688 2812 5764 νιετίείιιξφν
2838 5688 3106 5764 meum;
3127 5690 3250 5764 loco:

2261 5813 2273 5824 .
2296 5756 2318 5786 ³
2349 5763 2526 5824 anes
2552 5751 2728 5816 "prope'
2749 5760 2877 5814 Mss,
2909 5751 2974 5803 ad
3017 5751 3329 5806 substantiam
3364 5755 3476 5809 vita:
3516 5757 3660 5821 hujus
3704 5768 3827 5823 rer-

2234 5821 2446 5943 mg’gdla
2462 5878 2617 5943 editio
2636 5885 2745 5928 Iov.
2768 5877 2933 5943 habet,
2957 5876 3070 5943 quia
3089 5891 3301 5943 sororem
3319 5883 3585 5943 mulieran.

2299 5941 2373 6011 (α)
2401 5939 2644 6009 ΑάεΙρΙιέη
2665 5939 2869 6011 gunaica
2889 5938 3156 6017 peﬁagein.
