4070 6334
266 429 368 486 555

261 538 327 593 de
354 535 446 590 illo
474 534 733 603 scriptum
755 540 856 595 est,
882 530 1139 600 auferebat
1167 529 1344 603 (Jaan.
1377 543 1470 591 sn,
1500 525 1577 595 li).
1624 526 1687 579 Et
1727 540 1850 578 mu-

262 629 420 684 lieres
450 628 618 681 voluit
649 636 703 679 ut
727 642 786 681 se
816 625 881 678 ad
910 621 1256 693 prasparauda
1280 629 1334 675 et
1360 617 1709 673 miuistranda
1753 632 1852 672 ne-

261 721 494 777 cessaria
535 728 920 788 sequerentur,
950 714 1241 769 ostendens
1270 712 1394 782 quid
1433 709 1774 780 evangelistis
1799 716 1853 763 et

260 811 523 867 ministris
554 810 649 863 Dei
678 816 930 877 tanquam
961 806 1239 869 militibus,
1271 818 1301 857 a
1342 802 1584 872 plebibus
1616 801 1707 856 Dei
1740 811 1855 853 tan-

259 920 417 973 qnaut
449 899 871 969 provincialibus
898 897 1218 960 deberetur;
1264 903 1318 949 ut
1356 894 1401 949 si
1443 896 1559 963 quis
1601 908 1666 947 eo
1713 891 1851 961 quod

257 994 358 1048 sibi
390 992 702 1055 deberetur,
733 989 805 1042 uti
828 987 1023 1067 pollet,
1065 987 1203 1040 sicut
1234 986 1424 1039 Paulus
1462 985 1730 1053 apostolus
1757 999 1857 1038 no-

257 1086 379 1149 luit,
412 1084 644 1154 amplius
676 1082 1006 1152 impenderet
1033 1080 1313 1143 Ecclesiae,
1342 1096 1446 1132 non
1481 1078 1741 1148 exigendo
1763 1076 1859 1132 sti-

259 1178 517 1250 pendium
565 1176 822 1239 debitum,
866 1173 959 1229 sed
1002 1171 1368 1243 quotidianum
1409 1173 1606 1226 victum
1636 1170 1703 1225 de
1746 1171 1856 1225 suis

260 1271 537 1327 laboribus
559 1266 917 1338 transigenda.
949 1266 1206 1319 Audierat
1230 1264 1375 1320 enim
1405 1262 1750 1327 stabularios,
1784 1260 1852 1315 ad

260 1379 421 1434 quem
454 1362 769 1415 vulneratus
799 1359 888 1412 ille
918 1356 1204 1427 perductus
1231 1365 1312 1410 est
1345 1372 1359 1410 :
1388 1354 1450 1408 Si
1476 1354 1596 1423 quid
1638 1352 1858 1421 amplius

261 1454 570 1525 (rogaveris,
601 1453 654 1505 in
684 1449 940 1505 redeundo
964 1447 1174 1502 reddam
1201 1447 1286 1500 tibi
1318 1444 1465 1513 (Luc.
1493 1460 1547 1507 ι,
1579 1444 1691 1514 55).
1733 1444 1860 1496 Am-

263 1551 404 1619 plius
449 1560 582 1616 ergo
624 1544 878 1616 erogabat
916 1541 1190 1610 apostolus
1230 1538 1448 1602 Paulus,
1498 1536 1587 1605 qui
1628 1535 1757 1596 suis,
1804 1542 1862 1588 ut

260 1640 379 1709 ipse
420 1646 667 1699 testatur,
713 1632 990 1703 stipendiis
1029 1630 1290 1686 militabat
1319 1627 1361 1698 (ι
1382 1626 1500 1683 Cor.
1532 1643 1605 1688 Ix,
1639 1625 1787 1691 7-15,
1815 1633 1861 1678 et

262 1729 313 1785 ll
339 1727 457 1784 Cor.
484 1745 557 1792 xx,
584 1728 661 1798 7).
698 1724 753 1779 lu
779 1723 1068 1792 Evangelio
1096 1722 1238 1776 enim
1265 1721 1522 1789 scriptum
1546 1726 1628 1772 est
1653 1735 1665 1770 :
1698 1716 1861 1771 Dein-

264 1838 384 1889 ceps
428 1830 476 1873 et
518 1822 625 1887 ipse
654 1818 748 1871 iter
774 1815 990 1888 faciebat
1021 1830 1109 1885 per
1133 1813 1355 1867 civitates
1394 1820 1439 1864 et
1478 1810 1687 1863 castella
1729 1824 1863 1880 pra:-

264 1915 445 1967 dicans
496 1921 543 1965 et
585 1910 935 1981 euangelizanti
961 1923 1169 1978 regnum
1197 1904 1325 1969 Dei;
1366 1914 1411 1958 et
1440 1902 1705 1956 duodecim
1748 1917 1863 1954 cum

263 2005 379 2067 illo,
429 2012 475 2057 et
531 2002 762 2056 mulieres
791 2001 976 2068 aliqua?
1000 2014 1113 2070 qua:
1164 2007 1306 2052 erant
1333 2005 1523 2049 curata:
1551 2012 1582 2047 a
1604 1992 1863 2062 spiritibus

265 2097 508 2168 malignis
533 2105 580 2149 et
610 2093 990 2164 inﬁrmitatibus
1020 2107 1039 2146 :
1070 2090 1240 2145 Maria
1266 2106 1379 2161 quw
1409 2098 1611 2142 vocatur
1645 2086 1695 2141 Μ
1702 2086 1863 2157 agda-

267 2192 404 2257 leue,
431 2189 494 2243 de
515 2205 612 2259 qua
638 2186 889 2241 diemonia
913 2195 1100 2256 septem
1127 2183 1353 2238 exierant
1371 2182 1411 2247 ¹,
1439 2189 1486 2235 et
1508 2178 1713 2233 Joanna
1737 2193 1867 2231 uxor

266 2281 459 2338 Chuzae
490 2280 833 2350 procuratoris
862 2277 1083 2332 Herodis
1105 2318 1120 2343 ,
1148 2286 1192 2329 et
1222 2275 1484 2338 Susanna,
1517 2282 1561 2326 et
1591 2272 1707 2326 alia:
1735 2270 1868 2324 mul-

271 2385 360 2440 tce,
388 2389 501 2442 qua?
524 2370 874 2426 ministrabant
900 2371 971 2423 eis
996 2368 1058 2421 de
1082 2367 1406 2439 facultatibus
1430 2365 1536 2417 suis
1565 2361 1714 2431 (Luc.
1748 2377 1864 2427 vui,

271 2466 417 2534 1-5).
448 2464 561 2518 Hoc
591 2462 896 2530 exemplum
924 2459 1132 2515 Domini
1161 2457 1502 2511 imitabantur
1522 2454 1781 2523 Apostoli,
1801 2452 1867 2508 ad

272 2554 647 2624 accipiendum
694 2552 793 2607 sibi
833 2550 1072 2606 debitum
1118 2550 1331 2613 cibum;
1359 2547 1424 2602 de
1464 2562 1568 2616 quo
1598 2547 1736 2601 idem
1768 2546 1871 2599 Do-

274 2648 458 2701 minus
484 2644 822 2715 apertissime
844 2643 1079 2712 loquitur
1107 2655 1120 2696 ;
1147 2640 1359 2703 Euntes,
1386 2639 1575 2708 inquit,
1599 2636 1873 2707 prwdicate

274 2738 533 2800 dicentes,
563 2737 684 2806 quia
711 2733 1135 2806 apprOpinquavit
1178 2747 1385 2801 regnum
1413 2731 1670 2784 caslorum.
1714 2725 1873 2796 Inﬁr-

276 2847 386 2883 mos
414 2838 590 2881 curate
614 2868 629 2891 ,
661 2835 881 2879 mortuos
909 2825 1164 2887 suscitate,
1200 2821 1423 2891 leprosos
1463 2820 1701 2873 inundate
1723 2861 1737 2886 ,
1769 2818 1877 2873 αω-

276 2921 450 2975 mania
476 2919 660 2991 ejicite.
698 2917 871 2972 Gratis
895 2915 1176 2987 accepistis.
1206 2915 1362 2983 gratis
1390 2915 1523 2966 date.
1554 2910 1729 2966 Nolite
1756 2929 1874 2980 pos-

278 3014 447 3068 sidere
471 3028 675 3075 aurum,
706 3027 864 3081 neque
885 3018 1172 3079 argentum,
1198 3022 1354 3075 neque
1375 3005 1636 3075 pecuniam
1658 3005 1710 3057 in
1735 3004 1876 3057 zonis

279 3105 480 3171 vestris,
516 3118 674 3171 neque
701 3118 875 3172 peram
902 3101 953 3153 in
978 3100 1056 3152 via
1080 3141 1094 3162 ,
1124 3114 1281 3169 neque
1310 3098 1436 3150 duas
1477 3096 1691 3157 tunicas,
1724 3111 1879 3164 neque

282 3197 651 3259 culceamenta,
675 3212 832 3264 neque
871 3194 1098 3264 virgam:
1123 3193 1306 3263 dignus
1355 3201 1428 3244 est
1457 3192 1588 3244 enim
1618 3191 1879 3256 operarius

282 3288 396 3341 cibo
420 3304 510 3340 suo
544 3285 753 3357 (Matth.
776 3283 1015 3355 x,7-lO).
1046 3285 1181 3337 Ecce
1208 3283 1293 3336 ubi
1322 3282 1595 3335 constituit
1625 3281 1880 3336 Dominus

283 3379 428 3449 quod
460 3380 603 3432 idem
628 3379 903 3447 apostolus
928 3384 1330 3431 commemorat.
1353 3376 1433 3429 Ad
1466 3375 1566 3427 hoc
1586 3374 1728 3429 enim
1748 3374 1882 3428 dixit

282 3471 377 3525 illa
400 3471 579 3524 omnia
609 3487 675 3524 ne
705 3477 997 3540 portarent,
1030 3478 1084 3521 ut
1113 3469 1200 3521 ubi
1228 3484 1360 3537 opus
1389 3475 1550 3530 esset,
1581 3467 1648 3521 ab
1669 3467 1746 3521 eis
1787 3481 1875 3520 ac-

282 3562 528 3633 ciperent
555 3563 747 3632 quibus
776 3560 1156 3616 annuntiabanl
1184 3576 1404 3629 regnum
1430 3558 1543 3612 Dei.

361 3653 591 3708 CAPUT
632 3653 720 3707 Vl.
761 3683 834 3693 —
875 3654 925 3706 7.
966 3650 1043 3706 De
1097 3651 1372 3722 Evangelia
1418 3653 1575 3704 vivere
1625 3666 1723 3703 non
1761 3650 1883 3704 solis

290 3744 581 3821 Apostolis,
603 3745 691 3799 sed
717 3753 763 3798 et
792 3744 906 3798 aliis
936 3760 1221 3797 concessum
1250 3761 1279 3796 a
1310 3743 1526 3796 Christo.
1546 3740 1621 3796 Ne
1645 3742 1765 3812 quis
1784 3758 1884 3796 au-

292 3847 403 3890 tem
436 3838 727 3890 arbitretur
766 3834 893 3888 solis
918 3834 1196 3888 duodecim
1224 3833 1326 3887 hoc
1356 3832 1518 3887 fuisse
1547 3847 1882 3899 concessum;

289 3927 415 3980 vide
443 3929 605 3981 etiam
634 3926 759 3996 quid
788 3925 958 3980 Lucas
986 3934 1165 3979 narret
1197 3944 1209 3979 :
1242 3922 1364 3977 I’ast
1391 3924 1517 3989 lucc,
1548 3925 1748 3993 inquit,
1794 3924 1885 3978 de-

286 4016 790 4088 signarit-Dominus
820 4026 863 4071 et
890 4017 1017 4070 alios
1048 4018 1366 4086 septuaginta
1391 4015 1539 4079 duos,
1557 4026 1603 4068 et
1623 4015 1754 4068 misit
1772 4015 1887 4068 illos

289 4109 434 4163 binos
462 4119 580 4162 ante
607 4109 791 4178 facient
831 4126 976 4162 suam
1019 4109 1069 4161 in
1109 4124 1305 4160 onmem
1345 4106 1594 4160 civitatem
1638 4114 1685 4159 et
1725 4105 1890 4159 locum

290 4217 391 4269 quo
418 4210 522 4253 erat
552 4200 662 4267 ipse
690 4208 947 4252 venturus.
981 4196 1046 4251 Et
1076 4197 1271 4251 dicebat
1300 4197 1402 4250 illis
1434 4212 1452 4250 :
1481 4195 1663 4250 Mess-is
1687 4194 1889 4262 quidem

290 4293 471 4350 multa.
507 4291 733 4360 operarii
777 4300 945 4345 autent
992 4290 1141 4359 pauci
1183 4305 1202 4344 :
1240 4300 1414 4360 rogate
1452 4305 1569 4358 ergo
1616 4287 1892 4341 Dominum

293 4384 469 4437 messis
490 4424 504 4447 ,
550 4393 602 4435 ut
630 4382 793 4435 mittat
824 4381 1079 4452 operarios
1117 4381 1171 4433 in
1214 4395 1423 4433 messem
1452 4396 1617 4433 suam.
1650 4376 1676 4431 Ι
1685 4387 1750 4444 te,
1782 4393 1893 4432 ecce

294 4492 391 4545 ego
433 4477 576 4528 mitto
620 4490 707 4528 vos
753 4472 879 4527 sicut
922 4488 1079 4543 agnos
1115 4473 1244 4525 inter
1273 4471 1440 4541 lupos.
1476 4468 1652 4525 Nolite
1690 4480 1893 4540 portare

295 4568 579 4629 sacculum,
611 4582 769 4635 neque
793 4582 983 4635 peram,
1017 4580 1173 4633 neque
1197 4563 1557 4625 calceameuta,
1581 4573 1625 4617 et
1647 4564 1893 4616 nemiuem

300 4679 390 4731 per
415 4663 547 4713 viain
575 4658 935 4715 salutaveritis.
967 4657 1032 4711 In
1061 4673 1422 4728 quamcumque
1447 4655 1651 4709 domum
1677 4657 1898 4708 intrave-

298 4754 427 4820 ritis,
461 4754 680 4823 printum
720 4750 868 4804 dicite
908 4766 925 4803 :
964 4748 1081 4803 Pax
1119 4750 1233 4802 huic
1271 4747 1459 4800 domui.
1490 4745 1557 4799 Et
1583 4745 1628 4800 si
1653 4746 1718 4800 ibi
1748 4748 1896 4816 fuerit

300 4847 437 4915 filius
460 4845 622 4915 pacis,
647 4843 917 4913 requiescet
938 4859 1088 4912 super
1108 4841 1251 4895 illum
1272 4856 1373 4910 pax
1393 4849 1553 4891 vestra
1573 4853 1590 4891 :
1610 4838 1688 4891 sin
1709 4848 1894 4906 autem,

302 4938 373 4990 ad
401 4956 485 4992 ros
514 4946 806 4991 revertetur.
837 4933 902 4988 In
928 4935 1101 4988 eadem
1132 4942 1299 4986 autem
1325 4932 1473 4985 doma
1502 4938 1714 4995 manete,
1744 4930 1897 4984 eden-

304 5045 377 5087 tes
423 5044 471 5086 et
520 5033 740 5085 bibentes
768 5047 879 5099 quae
918 5028 1057 5098 apud
1096 5028 1210 5081 illos
1240 5035 1352 5080 sunt
1397 5040 1417 5079 :
1455 5025 1637 5096 dignus
1667 5033 1737 5077 est
1768 5024 1899 5077 enint

304 5126 568 5195 operarius
595 5123 821 5177 mercede
844 5140 935 5175 sua
966 5119 1114 5193 (Luc.
1144 5136 1177 5174 χ
1198 5161 1212 5187 ,
1246 5119 1392 5189 1-7).
1423 5117 1517 5172 llic
1547 5128 1765 5186 apparet
1792 5132 1898 5171 non

303 5237 424 5276 esse
457 5220 541 5274 illa
568 5220 732 5289 jussa,
763 5217 856 5272 sed
884 5216 1175 5287 permissa;
1202 5224 1257 5268 ut
1277 5213 1512 5283 quisquis
1540 5210 1612 5265 uti
1640 5211 1813 5272 vellet,
1837 5224 1901 5263 eo

304 5322 549 5367 uteretur
578 5310 718 5379 quod
750 5309 848 5363 sibi
880 5310 1061 5362 liceret
1086 5322 1151 5361 ex
1180 5305 1387 5361 Domini
1417 5302 1826 5366 constitutione;
1853 5299 1899 5354 si

301 5406 426 5474 quis
450 5415 629 5456 autem
666 5402 742 5454 uti
772 5402 954 5466 nollet,
990 5416 1092 5454 non
1121 5407 1303 5452 contra
1326 5397 1528 5467 jussum
1557 5394 1773 5459 laceret,
1804 5391 1898 5449 sed

301 5496 373 5549 de
402 5510 502 5549 suo
522 5496 644 5562 jure
679 5492 892 5547 cederet
926 5489 1319 5544 misericordias
1347 5499 1401 5543 et
1430 5488 1741 5542 laboriosius
1767 5500 1900 5539 con-

302 5596 552 5641 versatus
581 5586 601 5616 ¹
632 5583 682 5637 in
713 5582 1019 5651 Evangelia,
1050 5581 1101 5634 iu
1126 5596 1231 5649 quo
1256 5587 1308 5633 et
1334 5577 1564 5631 debitam
1597 5575 1900 5631 mercedem

305 5676 479 5734 nollet
504 5676 769 5745 accipere.
798 5673 1045 5743 Alioquin
1075 5682 1257 5726 contra
1286 5672 1487 5741 iussum
1531 5668 1738 5724 Domini
1779 5668 1902 5724 fecit

371 5814 388 5843 ⁸
422 5812 500 5859 sic
521 5817 625 5859 Mss.
653 5809 895 5856 Editiones
914 5818 1049 5863 vero,
1076 5801 1311 5855 dwmonia
1334 5810 1507 5867 septem
1533 5800 1755 5866 ejecerut.

371 5876 391 5906 ³
422 5874 498 5922 sic
520 5880 623 5920 Mss.
651 5878 707 5919 Αι
731 5870 864 5925 editi,
892 5875 1267 5917 conversaretur.

548 5958 778 6022 Ssacr.
824 5955 1098 6017 Auuusr.
1148 5953 1252 6015 Vl.

1636 412 1836 467 LiliiLll
1877 407 2075 465 UNUS.

3442 414 3549 473 554

1959 522 2265 593 Apostolus,
2293 523 2380 591 qui
2410 532 2753 594 posteaquam
2774 525 3007 580 ostendit
3032 524 3129 580 sibi
3155 526 3337 595 licere,
3361 530 3542 585 statim

1959 612 2183 683 subjecit
2208 630 2224 665 :
2255 613 2358 669 Sed
2379 625 2543 668 tamen
2570 631 2660 685 ego
2689 630 2788 669 non
2810 632 2920 670 sum
2942 633 3061 672 usus
3083 617 3178 671 hac
3205 629 3463 687 potestate.

2031 721 2261 778 CAPUT
2296 722 2404 778 γη.
2434 754 2508 765 -
2533 725 2587 779 8.
2626 723 2934 780 Potestatem
2974 744 3073 781 non
3103 731 3348 798 aperandi
3374 732 3549 785 datam

1960 818 2236 889 Apostolis,
2260 835 2364 873 esse
2388 820 2769 892 intelligendam
2793 821 2856 875 de
2879 839 3030 891 apere
3055 825 3327 892 corporali.
3355 823 3458 879 Sed
3482 824 3548 879 ad

1966 910 2202 965 ordinem
2231 911 2533 979 redeamus,
2567 927 2628 967 ac
2663 921 2828 967 totum
2870 914 3040 983 ipsum
3090 914 3341 983 Epistula:
3380 917 3549 970 locum

1960 1001 2242 1073 diligenter
2264 1003 2683 1059 consideremus.
2718 1003 3005 1073 Numquid,
3038 1005 3226 1075 inquit,
3259 1023 3359 1059 non
3401 1005 3554 1060 habe-

1962 1111 2074 1148 mus
2114 1096 2366 1169 liceittiant
2395 1096 2739 1150 manducandi
2772 1106 2820 1150 et
2866 1096 3104 1150 bibendi?
3146 1096 3407 1168 Numquid
3454 1114 3554 1151 non

1965 1186 2208 1241 habemus
2246 1189 2501 1242 licentiam
2542 1203 2767 1243 sorores;
2796 1191 3057 1243 mulierem
3097 1192 3557 1246 circumducendi?

1964 1280 2132 1348 Quam
2179 1281 2443 1336 licentiam
2480 1280 2640 1346 dixit,
2674 1282 2773 1335 nisi
2809 1298 2965 1352 quam
3016 1281 3275 1336 Dominus
3305 1281 3447 1335 dedit
3478 1282 3555 1336 cis

1963 1389 2099 1443 qmis
2126 1373 2194 1428 ad
2222 1373 2614 1443 praedicandum
2636 1389 2857 1443 regnum
2885 1374 3142 1429 ctelorum
3166 1373 3328 1439 misit,
3348 1373 3552 1440 dicens,

1965 1466 2046 1520 Ea
2092 1481 2203 1534 qua:
2247 1467 2311 1520 ab
2356 1467 2479 1535 ipsis
2507 1467 2523 1497 ⁸
2568 1475 2684 1519 sunt
2738 1465 3038 1519 manducata
3065 1482 3084 1519 :
3110 1465 3293 1536 dignus
3318 1473 3390 1518 est
3421 1464 3554 1517 enim

1965 1560 2227 1631 operarius
2262 1558 2488 1612 mercede
2538 1575 2668 1624 sua;
2709 1569 2762 1612 et
2805 1573 2864 1612 se
2912 1558 3084 1627 ipsum
3137 1571 3439 1626 proponens
3490 1554 3557 1609 ad

1965 1657 2202 1727 ejusdem
2235 1657 2511 1727 potestatis
2536 1658 2867 1726 exemplum,
2900 1657 2983 1711 cui
3019 1655 3341 1709 tidelissinnc
3372 1654 3561 1708 mulie-

1965 1763 2053 1803 res
2082 1747 2205 1802 talia
2226 1748 2527 1802 necessaria
2558 1747 2625 1802 de
2651 1748 2761 1801 suis
2786 1746 3122 1800 facultatibus
3147 1744 3555 1799 ministrabmt?

1966 1841 2209 1909 Amplius
2239 1850 2415 1895 autem
2448 1839 2572 1894 fecit
2598 1838 2873 1910 apostolus
2918 1838 3111 1891 Paulus
3133 1878 3147 1901 ,
3181 1846 3238 1890 ut
3267 1835 3333 1889 de
3363 1851 3561 1904 coapo-

1966 1933 2118 1986 stolis
2160 1932 2272 1986 suis
2310 1930 2689 1986 documentum
2734 1929 3015 1983 adhiberet
3055 1928 3213 1996 hujus
3256 1926 3485 1982 licentia:
3528 1940 3559 1978 a

1968 2023 2196 2078 Domino
2221 2025 2520 2093 permissae.
2552 2023 2734 2093 Neque
2765 2022 2906 2077 enim
2950 2019 3348 2090 reprehendens
3376 2018 3560 2089 subje-

1967 2116 2078 2180 cit,
2124 2114 2271 2170 Sicut
2299 2124 2346 2169 et
2372 2114 2539 2169 cteteri
2571 2113 2818 2183 Apostoli,
2848 2121 2895 2167 et
2922 2115 3105 2184 fratres
3137 2110 3363 2173 Domini,
3390 2120 3436 2163 et
3463 2109 3560 2163 Ce-

1970 2206 2135 2275 phas;
2183 2205 2277 2260 sed
2324 2216 2382 2260 ut
2429 2205 2556 2260 hinc
2606 2204 2912 2259 ostenderet
2955 2203 3056 2257 hoc
3098 2218 3156 2256 se
3188 2203 3432 2269 accipere
3464 2218 3559 2253 no-

1971 2295 2155 2362 luisse,
2183 2296 2325 2366 quod
2351 2297 2399 2351 ei
2431 2296 2595 2352 licere
2619 2296 2863 2365 accipere
2891 2305 3207 2348 casterorum
3230 2293 3389 2347 etiam
3412 2306 3564 2346 com-

1972 2389 2273 2444 militonum
2325 2389 2442 2459 ejus
2492 2403 2643 2444 more
2691 2387 3030 2460 probaretur.
3078 2386 3157 2438 Αη
3204 2402 3294 2456 ego
3335 2384 3473 2438 solus
3522 2392 3566 2436 et

1971 2480 2237 2536 Barnabas
2262 2499 2361 2535 non
2388 2482 2626 2536 habemus
2651 2488 2945 2551 potestatem
2972 2495 3070 2531 non
3104 2477 3351 2547 operandi
3367 2477 3393 2530 ?
3429 2475 3567 2529 Ecce

1974 2575 2190 2629 abstulit
2224 2590 2439 2628 omnem
2481 2572 2866 2627 dubitationem
2904 2571 3064 2624 etiam
3098 2569 3415 2623 tardissimis
3443 2582 3565 2621 cor-

1978 2666 2154 2731 dibus,
2190 2674 2247 2719 ut
2276 2665 2572 2735 intelligant
2611 2664 2678 2718 de
2707 2678 2809 2733 qua
2849 2661 3159 2731 operatione
3183 2659 3342 2714 dicat.
3372 2655 3569 2728 thuid

1977 2758 2117 2813 enim
2146 2758 2252 2822 ait,
2281 2755 2361 2809 An
2388 2772 2477 2826 ego
2503 2754 2641 2808 solus
2668 2763 2713 2806 et
2743 2751 3006 2805 Barnabas
3031 2766 3132 2804 non
3160 2748 3397 2803 habemus
3423 2757 3569 2819 pote-

1976 2859 2156 2904 statem
2188 2865 2288 2903 non
2333 2846 2578 2918 operandi
2598 2847 2624 2900 7
2649 2846 2751 2900 nisi
2780 2843 2902 2915 quia
2933 2857 3121 2898 omnes
3149 2841 3488 2911 evangelistm
3517 2847 3573 2893 ct

1981 2940 2209 2994 ministri
2255 2938 2403 2992 verbi
2451 2937 2544 2991 Dei
2584 2936 2854 2990 habebant
2897 2945 3214 3004 potestatem
3260 2948 3290 2986 a
3348 2931 3572 2985 Domino

1980 3044 2274 3103 acceptam,
2306 3043 2359 3085 ut
2392 3046 2495 3084 non
2526 3040 2874 3099 aperarentur
2896 3029 2918 3059 ⁸
2946 3026 3191 3081 manibus
3220 3026 3350 3089 suis,
3383 3024 3475 3079 sed
3504 3039 3569 3079 ex

1982 3127 2269 3194 Evangelia
2287 3125 2545 3188 viverent,
2569 3129 2854 3189 operantes
2882 3116 3249 3172 tantummodo
3279 3114 3572 3184 spiritualia

1983 3219 2034 3272 in
2065 3215 2440 3286 praedicatione
2466 3213 2616 3282 regni
2642 3211 2898 3266 cuilorum
2921 3249 2935 3273 ,
2967 3219 3022 3263 et
3050 3206 3401 3261 aedificatione
3429 3205 3575 3273 pacis

1984 3308 2259 3364 Ecclesite.
2282 3305 2466 3376 Neque
2491 3305 2632 3360 enim
2659 3303 2937 3373 quisquam
2968 3309 3144 3370 potest
3170 3300 3348 3353 dicere
3373 3298 3439 3352 de
3461 3298 3572 3367 ipsa

1984 3400 2244 3472 spirituali
2273 3399 2585 3469 Operatione
2610 3395 2811 3449 dixisse
2842 3394 3173 3462 Apostolum,
3208 3391 3285 3443 Au
3315 3407 3405 3459 ego
3433 3390 3574 3443 solus

1985 3505 2030 3546 et
2057 3492 2317 3545 Barnabas
2334 3505 2434 3543 non
2452 3488 2689 3541 habemus
2707 3495 2996 3556 potestatem
3018 3500 3115 3536 non
3132 3482 3407 3552 aperandi?
3429 3481 3577 3535 llanc

1986 3585 2128 3639 enim
2171 3591 2486 3653 potestatem
2518 3595 2621 3634 nou
2651 3576 2901 3648 operandi
2933 3590 3120 3630 omnes
3161 3573 3233 3627 illi
3270 3572 3572 3627 habebant:

1987 3678 2128 3733 dicat
2159 3692 2285 3746 ergo
2316 3675 2406 3745 qui
2437 3681 2663 3729 conatur
2692 3678 2958 3739 praecepta
2999 3668 3288 3738 apOstolica
3340 3666 3393 3717 in
3449 3679 3576 3718 sen-

1990 3771 2208 3825 tentiam
2251 3783 2401 3823 suam
2445 3766 2736 3835 depravare
2763 3770 2921 3831 atque
2960 3766 3293 3829 pervertere;
3326 3755 3500 3818 dicat,
3533 3754 3576 3806 si

1988 3863 2179 3927 audet,
2214 3873 2401 3914 omnes
2428 3856 2781 3925 evangelistas
2806 3868 2835 3906 a
2869 3851 3094 3906 Domino
3123 3848 3396 3917 accepisse
3423 3857 3577 3917 pote-

1990 3962 2181 4008 statem
2214 3968 2319 4004 non
2358 3945 2775 4018 evangelizandi.
2819 3946 2889 3997 At
2929 3944 2973 3998 si
3008 3942 3107 3995 hoc
3137 3938 3577 3994 absurdissimum

1992 4053 2047 4101 et
2091 4042 2487 4097 insanissimum
2526 4051 2606 4095 ρει
2648 4038 2826 4092 dicere
2853 4077 2866 4100 ,
2908 4050 3005 4090 cur
3042 4034 3231 4086 uolunt
3284 4031 3581 4101 intelligere

1992 4135 2134 4206 quod
2164 4133 2411 4188 omnibus
2442 4140 2638 4201 pateat,
2667 4127 2937 4196 accepisse
2963 4126 3176 4195 quidem
3206 4123 3323 4177 illos
3349 4130 3581 4191 potesta-

1995 4238 2101 4285 tem
2133 4243 2238 4282 non
2269 4225 2543 4295 aperaudi,
2566 4221 2661 4278 sed
2679 4235 2839 4290 opera
2855 4218 3150 4289 corporalia
3172 4215 3365 4287 quibus
3387 4216 3580 4267 victum

1994 4329 2296 4393 quiererent
2315 4360 2331 4382 ,
2362 4317 2483 4388 quia
2514 4316 2698 4387 dignus
2734 4323 2808 4368 est
2831 4312 3091 4384 aperarius
3118 4309 3225 4363 cibo
3253 4324 3347 4363 suo
3376 4316 3422 4361 et
3451 4323 3582 4360 mer-

1995 4415 2115 4469 cede
2149 4429 2273 4479 sua,
2312 4412 2450 4465 sicut
2488 4405 2835 4476 Evangelium
2874 4402 3151 4473 loquitur?
3181 4400 3294 4455 Non
3322 4415 3448 4469 ergo
3482 4398 3584 4452 soli

1997 4505 2195 4562 Paulus
2238 4511 2293 4558 et
2336 4500 2605 4555 Barnabas
2642 4497 2904 4552 habebant
2941 4503 3258 4565 potestatem
3299 4506 3405 4547 non
3453 4506 3586 4557 0pc-

1998 4597 2180 4660 randi;
2210 4594 2305 4649 sed
2329 4607 2519 4647 omnes
2548 4591 2744 4660 pariter
2782 4587 3049 4643 habebant
3080 4586 3218 4641 hanc
3248 4593 3582 4654 potestatein,

2000 4706 2102 4761 qua
2134 4689 2221 4743 isti
2250 4702 2354 4741 non
2388 4684 2705 4747 utebantur,
2737 4681 2966 4750 amplius
3006 4677 3362 4748 impcndendo
3405 4676 3586 4730 Eccle«

2002 4783 2116 4846 sim,
2144 4780 2279 4833 sicut
2307 4779 2363 4832 in
2392 4776 2497 4831 illis
2534 4776 2666 4830 locis
2711 4774 2799 4827 ubi
2846 4771 3319 4843 evangelizabaut,
3360 4762 3587 4821 inﬁrmis

2001 4885 2297 4942 congruere
2322 4867 2648 4937 judicabant.
2691 4864 2758 4918 Et
2802 4864 2943 4931 ideo,
2988 4877 3055 4916 ne
3085 4859 3421 4930 coapostolos
3462 4871 3589 4909 suos

2003 4961 2412 5034 reprehendisse
2437 4958 2725 5021 videretur,
2759 4954 3028 5022 subjungit
3056 4963 3109 5005 et
3137 4951 3263 5004 dicit
3294 4965 3307 5003 :
3340 4947 3463 5013 Quis
3489 4946 3588 4998 mi-

2004 5056 2116 5109 litat
2144 5053 2247 5106 suis
2271 5049 2538 5121 stipendiis
2566 5062 2785 5115 unquam
2809 5046 2835 5098 ?
2863 5044 2987 5108 Quis
3015 5042 3172 5112 pascit
3200 5054 3419 5110 gregem,
3453 5046 3501 5089 et
3528 5038 3591 5090 dc

2006 5149 2134 5203 lacte
2156 5147 2317 5217 gregis
2356 5160 2454 5197 non
2485 5140 2737 5212 percipit?
2771 5135 3032 5203 Numquid
3048 5133 3320 5186 secundum
3339 5129 3589 5181 hominem

2006 5241 2113 5293 htec
2136 5235 2353 5307 loquor?
2381 5235 2457 5286 An
2481 5230 2588 5285 Lex
2610 5247 2708 5284 non
2736 5229 2843 5281 ha'c
2871 5225 3029 5279 dicit?
3051 5222 3118 5276 In
3140 5223 3249 5292 lege
3270 5220 3402 5273 enim
3425 5220 3593 5288 Moysi

2006 5333 2245 5400 scriptum
2270 5338 2342 5382 est
2370 5343 2388 5381 :
2416 5324 2541 5379 Bovi
2569 5322 2822 5376 trituranti
2859 5336 2912 5371 os
2958 5332 3058 5370 non
3087 5313 3380 5385 infrenabis.
3421 5312 3589 5365 Num-

2006 5424 2128 5496 quid
2153 5423 2215 5475 de
2240 5420 2392 5473 bobus
2414 5418 2624 5488 pertinet
2645 5414 2710 5466 ad
2732 5413 2889 5464 Deum
2909 5409 2934 5462 ?
2951 5409 3028 5461 An
3050 5416 3254 5477 propter
3274 5422 3365 5459 uos
3387 5405 3591 5458 omnino

2009 5514 2174 5570 dicit?
2203 5512 2417 5582 Propter
2438 5523 2529 5563 nos
2555 5507 2684 5560 enim
2708 5504 2947 5571 scriptum
2989 5509 3081 5569 est,
3110 5500 3228 5570 quia
3252 5498 3393 5552 debet
3422 5498 3473 5549 in
3505 5512 3592 5566 spe

2075 5739 2091 5770 ⁸
2125 5734 2261 5793 tanti,
2290 5728 2420 5794 apud
2442 5727 2585 5792 ipsos.
2611 5731 2814 5783 Attus,
2860 5722 2918 5771 ab
2961 5720 3101 5786 ipsis.
3138 5726 3300 5769 Grece
3346 5726 3440 5779 est,
3484 5715 3593 5781 par'

2010 5798 2354 5915 αυίᾱίῖωιὺιιω,
2375 5855 2707 5915 operarcntur,
2732 5849 2873 5897 abest
2893 5860 2921 5895 a
2944 5845 3192 5909 plerisque
3209 5849 3317 5893 Mss.
3602 5814 3610 5820 ’

2944 5927 3338 6010 {Dim-ltuit.)
