4070 6334
453 417 544 494 qui
561 424 675 475 erat
697 431 867 485 arare,
889 423 936 472 et
966 413 1209 470 trituram
1231 411 1284 467 in
1309 427 1398 483 spe
1422 411 1617 482 {ructus
1631 407 1974 481 participandi
2000 408 2040 462 ί.

454 513 554 572 His
579 509 760 567 verbis
803 509 934 564 satis
979 506 1180 562 indicat
1225 503 1502 574 apostolus
1547 501 1765 564 Paulus,
1806 513 1916 556 non
1948 499 2051 556 sibi

456 603 662 676 aliquid
708 614 996 674 usurpasse
1033 599 1174 658 ultra
1210 596 1446 652 debitum
1489 592 1829 665 eaapostolos
1875 605 2004 646 suos
2027 631 2048 660 ,

454 699 580 772 quia
633 709 741 752 non
789 693 1150 765 operabantur
1191 687 1562 759 corporaliter,
1613 685 1754 742 unde
1784 684 2048 739 haberent

453 785 584 850 huic
612 790 735 845 vita:
763 786 1063 843 necessaria
1087 785 1133 851 ',
1161 781 1278 850 sed,
1305 781 1444 836 sicut
1468 779 1724 834 Dominus
1749 777 2045 844 constituti,

455 900 526 942 ει
547 881 834 954 Evangelia
867 879 1106 935 viventes
1129 890 1320 947 panem
1350 874 1637 944 gratuitum
1667 870 2050 926 manducarcnt

456 977 526 1032 ab
550 976 630 1032 eis
653 973 844 1046 quibus
863 969 1146 1042 gratuitam
1172 966 1397 1038 gratiam
1420 962 1798 1036 praedicabant.
1828 961 2047 1032 Stipem—

387 1108 389 1110 -
457 1067 608 1125 dium
632 1066 775 1122 enim
801 1078 955 1118 suum
988 1069 1236 1131 tanquam
1267 1057 1462 1112 milites
1485 1055 1849 1128 accipiebant,
1885 1062 1944 1106 et
1980 1051 2049 1108 de

393 1143 398 1183 ⁹
457 1159 633 1216 vineae
660 1171 756 1230 per
779 1170 874 1212 eos
895 1154 1144 1224 plantata:
1168 1148 1364 1214 fructu,
1388 1146 1527 1220 quod
1557 1161 1691 1218 apus
1721 1154 1856 1212 erat,
1880 1145 2048 1200 libere

458 1249 846 1322 decerpebant;
878 1256 932 1303 et
956 1247 1024 1301 de
1053 1245 1228 1316 gregis
1251 1257 1412 1314 quem
1446 1240 1754 1312 pascebant,
1783 1240 1920 1294 lacte
1946 1252 2042 1310 po-

459 1347 677 1411 tabam;
709 1351 765 1399 et
800 1358 870 1398 ex
910 1355 1034 1395 area
1061 1354 1218 1411 quam
1255 1334 1572 1392 triturabaut
1594 1373 1609 1399 ,
1652 1331 1832 1388 cibum
1862 1347 2047 1388 sume.-

441 1433 758 1585 ΔικὶὲἱίΡυΤ
789 1521 924 1578 Vill.
962 1547 1036 1562 -—
1074 1518 1129 1575 9.
1179 1487 1478 1587 Apostolum
1522 1513 1785 1582 manifeste
1823 1510 1962 1584 loqui
1987 1513 2050 1567 de

459 1638 610 1695 apere
634 1634 895 1674 manuum.
923 1615 1170 1686 Apertius
1197 1620 1370 1666 autem
1413 1618 1606 1666 caetera
1643 1609 1952 1675 connectit,
1993 1615 2049 1664 et

461 1712 682 1770 omnino
722 1707 896 1765 aufert
936 1721 1124 1762 omnes
1149 1702 1494 1760 dubitationis
1535 1703 1805 1770 ambages.
1853 1699 1915 1754 Si
1957 1716 2049 1754 nos

460 1805 634 1872 vobis,
675 1799 872 1872 inquit,
901 1795 1186 1872 spiritualia
1221 1795 1603 1860 seminavimus,
1649 1808 1888 1866 magnum
1913 1800 1982 1846 est
2005 1791 2050 1846 si

459 1905 622 1951 vestra
660 1892 889 1948 carnalia
935 1889 1220 1944 metamus?
1255 1885 1384 1954 Quae
1424 1895 1547 1942 sunt
1580 1885 1872 1956 spinitualia
1929 1899 2049 1954 quae

459 1985 766 2050 seminavit,
799 1983 902 2039 nisi
946 1981 1170 2036 verbum
1212 1985 1268 2034 et
1311 1975 1622 2050 mysterium
1672 1975 1693 2006 ³
1727 1973 2051 2031 sacramenti

460 2080 612 2151 regni
642 2073 935 2136 caelorum?
965 2073 1094 2143 Quae
1125 2081 1304 2130 autem
1334 2069 1567 2127 carnalia
1601 2084 1722 2140 quae
1756 2066 1858 2122 sibi
1889 2067 2051 2122 licere

459 2187 666 2231 metere
708 2171 856 2235 dicit,
899 2169 1000 2224 nisi
1031 2166 1146 2222 haec
1175 2164 1520 2236 temporalia,
1562 2177 1681 2236 qua:
1723 2161 1847 2216 vitae
1892 2168 2052 2230 atque

459 2266 767 2336 indigentia:
785 2262 963 2318 carnis
984 2259 1186 2315 indulta
1215 2258 1372 2314 sunt?
1400 2257 1525 2312 Haec
1543 2264 1722 2311 autem
1749 2254 1850 2308 sibi
1874 2253 2051 2308 debita

459 2372 522 2414 se
551 2357 618 2412 ab
647 2356 725 2411 eis
765 2369 874 2408 non
903 2351 1160 2422 quaisisse
1188 2363 1289 2404 nec
1318 2347 1593 2418 accepisse
1623 2345 1954 2407 manifestat,
1985 2359 2054 2400 ne

460 2447 605 2521 quod
647 2443 1087 2517 impedimentum
1127 2439 1282 2496 daret
1325 2435 1614 2508 Evangelia
1653 2435 1874 2492 Christi.
1914 2435 2054 2506 Quid

459 2548 663 2605 restat,
694 2545 751 2593 ut
780 2535 1140 2606 intelligamus
1167 2547 1290 2588 eum
1329 2539 1606 2601 operatum
1641 2545 1762 2585 esse
1792 2529 1934 2585 unde
1972 2529 2052 2582 vi-

460 2643 608 2691 ctum
657 2630 924 2696 haberet,
971 2624 1077 2682 nisi
1118 2623 1398 2694 corporale
1427 2637 1562 2692 opus
1594 2621 1964 2693 corporalibus
1999 2628 2057 2676 et

458 2723 757 2782 visibilibus
799 2718 1046 2777 manibus
1080 2715 1227 2772 suis?
1255 2714 1389 2770 Nam
1417 2714 1464 2768 si
1491 2712 1559 2768 de
1602 2711 1862 2784 spirituali
1891 2725 2054 2780 apere

463 2817 662 2874 victum
691 2821 747 2868 et
774 2816 1135 2884 tegumentum
1179 2812 1482 2878 qumreret,
1528 2803 1583 2859 id
1626 2811 1727 2866 est,
1775 2811 1832 2856 ut
1868 2801 1936 2858 ab
1975 2801 2056 2855 eis

460 2907 582 2966 hzec
623 2905 912 2975 acciperet,
955 2915 1093 2973 quas
1134 2900 1186 2954 in
1233 2897 1520 2968 Evangelia
1561 2894 1900 2959 aediﬁcabat,
1945 2908 2055 2948 non

463 3005 858 3070 consequenter
877 2995 1080 3051 diceret
1109 3011 1124 3048 :
1157 2990 1218 3048 Si
1245 2991 1337 3046 alii
1362 2989 1620 3061 potestatis
1640 2997 1816 3043 vestra
1843 2986 2053 3058 partici-

463 3102 612 3165 pant,
638 3108 740 3147 non
765 3090 927 3163 magis
950 3105 1041 3144 nos
1057 3086 1084 3142 ἵ
1105 3084 1212 3142 Sed
1238 3101 1339 3139 non
1359 3099 1530 3138 sumus
1548 3081 1629 3136 usi
1653 3080 1749 3134 hac
1778 3088 2056 3151 potestate;

463 3187 554 3242 sed
598 3183 769 3240 omnia
817 3183 1112 3244 toleramus,
1145 3193 1225 3234 'ne
1268 3173 1404 3248 quod
1437 3173 1855 3244 impedimentum
1882 3172 2058 3225 demus

465 3276 744 3350 Evangelia
770 3273 978 3331 Christi.
1007 3271 1122 3341 Qua
1152 3275 1414 3340 potestate
1445 3281 1505 3322 se
1531 3265 1660 3322 dicit
1703 3279 1809 3320 non
1861 3279 2014 3319 usum
2037 3305 2054 3330 ,

466 3369 570 3426 nisi
599 3383 757 3439 quam
790 3364 1022 3420 habebat
1063 3363 1118 3418 in
1163 3375 1258 3417 eos
1303 3375 1335 3414 a
1379 3357 1607 3413 Domina
1647 3365 1924 3426 acceptam
1948 3395 1968 3424 ,
1998 3363 2060 3410 ut

467 3478 656 3520 eorum
697 3457 929 3515 carnalia
977 3462 1225 3522 meteret,
1265 3452 1334 3508 ad
1359 3453 1558 3508 victum
1586 3451 1706 3506 vitae
1732 3449 1912 3520 hujus,
1940 3464 2060 3520 quae

468 3557 522 3612 in
551 3570 713 3612 carne
735 3549 946 3623 agitur?
967 3549 1118 3619 cujus
1134 3545 1412 3618 potestatis
1429 3543 1715 3615 participes
1730 3551 1882 3598 erant
1896 3542 2062 3597 etiam

469 3649 580 3713 alii,
614 3645 703 3714 qui
734 3659 842 3697 non
871 3640 950 3696 eis
982 3640 1152 3710 primo
1183 3637 1528 3706 Evangelium
1571 3633 2058 3700 annuntiaverunt,

471 3739 564 3792 sed
595 3735 661 3788 ad
690 3747 873 3788 eorum
901 3728 1200 3786 Ecclesium
1231 3727 1461 3796 idipsum
1494 3723 1850 3795 praedicantes
1877 3733 2061 3794 postea

471 3834 758 3884 venerunt.
786 3822 912 3879 Ideo
936 3837 1059 3876 cum
1098 3819 1358 3886 dixisset,
1389 3818 1450 3873 Si
1485 3833 1576 3872 nos
1603 3815 1740 3870 vobis
1773 3817 2065 3887 spiritantia

473 3918 826 3976 seminavimus
849 3957 864 3980 ,
906 3929 1147 3984 magnum
1171 3921 1242 3966 est
1269 3911 1313 3965 si
1334 3909 1562 3964 carnalia
1587 3919 1747 3964 vestra
1775 3910 2064 3966 metamus?

472 4009 720 4080 subjecit,
741 4006 799 4062 Si
824 4005 914 4061 alii
937 4003 1198 4078 potestatis
1222 4012 1398 4058 vestra!
1422 4001 1748 4073 participant,
1775 4018 1876 4056 non
1901 4001 2064 4072 magis

475 4104 613 4160 nos?
639 4104 704 4158 Et
729 4117 850 4156 cum
875 4100 1298 4155 demonstrasset.
1318 4095 1446 4166 quid
1475 4095 1553 4150 eis
1577 4096 1858 4166 potestatis
1879 4105 2058 4151 esset:

479 4196 587 4256 Sed
615 4211 716 4252 non
742 4209 918 4249 sumus
945 4192 1025 4247 usi
1043 4233 1060 4257 ,
1087 4189 1287 4260 inquit,
1328 4190 1422 4244 liae
1457 4197 1736 4259 potestate;
1781 4189 1871 4244 sed
1897 4190 2069 4248 onmia

478 4290 752 4346 toleramus
775 4325 792 4350 ,
835 4302 900 4341 ne
937 4283 1072 4355 quod
1121 4281 1534 4352 impedimentum
1572 4281 1746 4336 demus
1791 4280 2067 4352 Evangelia

478 4380 687 4438 Christi.
715 4378 903 4434 Dicant
926 4391 1056 4448 ergo
1079 4375 1196 4442 isti,
1219 4373 1487 4445 quomoda
1520 4374 1587 4429 de
1613 4388 1776 4444 apere
1807 4375 2070 4446 spirituali

478 4472 748 4530 carnalem
775 4473 973 4525 victum
1003 4467 1233 4526 habebat
1256 4465 1566 4536 Apostolus,
1594 4477 1927 4538 cumaperte
1951 4469 2070 4540 ipse.

478 4564 622 4622 dicat
648 4579 752 4620 non
780 4578 840 4618 se
865 4576 1022 4617 usum
1051 4575 1172 4616 esse
1201 4559 1302 4616 hac
1328 4569 1614 4630 potestate.
1642 4562 1714 4618 At
1737 4562 1784 4618 si
1811 4562 1878 4618 de
1903 4578 2071 4634 opere

481 4656 745 4728 spirituali
773 4653 1042 4710 carnalem
1075 4653 1274 4710 victum
1310 4667 1420 4707 non
1450 4653 1709 4720 habebat,
1737 4663 1905 4710 restat
1927 4665 1982 4712 ut
2001 4657 2072 4714 do

480 4761 644 4822 opere
665 4745 928 4815 corporali
955 4743 1220 4810 habuerit,
1249 4753 1304 4799 et
1329 4744 1453 4801 inde
1471 4744 1653 4802 dicat:
1683 4746 1860 4818 Neque
1889 4765 2072 4821 partem

479 4839 640 4912 gratis
663 4837 725 4892 ab
750 4836 920 4910 aliqua
941 4833 1385 4904 manducavimus,
1425 4838 1514 4892 sed
1537 4840 1592 4892 in
1620 4839 1794 4894 labore
1813 4850 1861 4896 et
1883 4843 2074 4914 fatiga-

485 4933 622 4988 tione
645 4939 786 4986 naete
816 4939 866 4986 et
890 4929 974 4984 die
999 4939 1262 4998 aperantes
1282 4970 1306 4994 ,η
1325 4946 1388 4983 ne
1414 4946 1570 5001 quem
1586 4940 1802 4986 vestrum
1827 4947 2074 5005 gravare-

483 5039 596 5080 ntus
621 5038 642 5080 :
667 5039 768 5079 non
785 5023 905 5091 quia
930 5021 951 5053 ⁸
979 5038 1079 5077 non
1109 5021 1432 5077 habuerimus
1461 5031 1775 5092 potestatem,
1793 5026 1882 5082 sed
1896 5034 1951 5079 ut
1977 5041 2074 5082 nos

485 5121 706 5189 [orntum
728 5115 968 5172 darems
989 5107 1126 5170 vobis
1144 5155 1158 5181 ,
1183 5130 1286 5187 qua
1312 5131 1404 5168 nos
1427 5114 1753 5170 imitaremini
1778 5115 1795 5185 (
1819 5114 1864 5171 ll
1899 5116 2066 5173 Thess.

483 5223 565 5277 ιιι,
586 5209 621 5266 8
641 5218 688 5263 et
706 5207 786 5279 9).
829 5205 1036 5274 Omnia,
1067 5205 1258 5276 inquit,
1295 5206 1588 5274 toleramus,
1612 5222 1674 5261 ne
1701 5207 1836 5277 quod
1860 5207 2074 5278 impedi-

487 5309 706 5358 mentum
734 5299 912 5358 demus
935 5299 1212 5370 Evangelia
1241 5297 1446 5353 Christi.

547 5477 567 5542 ἓ
599 5481 728 5542 ηερε,
749 5467 805 5542 te.
822 5486 906 5542 ne
923 5467 1249 5542 ρανίίσίραριιέί
1266 5484 1292 5542 ς.
1305 5471 1480 5542 omissa
1501 5483 1644 5542 voca
1667 5471 1875 5542 fruetus.

545 5537 570 5571 ι
600 5534 705 5585 sala
731 5533 878 5584 editio
900 5533 1032 5594 Ilov.,
1067 5533 1193 5584 unde
1211 5533 1436 5585 traherent
1469 5533 1613 5587 victui
1634 5533 1907 5586 necessaria

546 5597 572 5633 ⁸
599 5598 932 5646 Cisterciensis
945 5597 1120 5654 codex,
1151 5595 1483 5646 ministerium.

481 5659 1359 5844 ﬁvitégtgipmaaugusunus
1399 5656 2070 5788 rem

1395 289 1486 348 DE
1522 284 1751 346 omne
1779 241 2280 350 ueniendum,
2322 281 2381 338 s.
2422 280 2792 340 AUGUSTINI

3637 279 3744 341 556

2226 405 2450 463 CAPUT
2481 407 2571 463 IX.
2594 438 2665 449 —
2690 407 2776 464 10.
2800 404 3036 478 Apertius
3055 417 3101 463 et
3121 408 3308 463 clarius
3333 407 3389 462 id
3408 423 3514 462 esse
3540 421 3602 461 ea:
3624 421 3748 462 eon-

2156 503 2490 574 sequentibue.
2521 503 2586 557 Et
2611 501 2748 556 redit
2773 517 2980 568 rursus,
3013 501 3292 573 modisque
3317 500 3564 556 omnibus
3583 501 3746 555 etiam

2155 605 2316 666 atque
2339 595 2498 649 etiam
2522 593 2856 649 commendat
2878 593 3002 664 quid
3025 593 3124 648 sibi
3152 594 3328 654 liceat.
3357 601 3414 647 et
3433 601 3612 648 tamen
3638 607 3746 646 non

2153 685 2329 740 hciat.
2356 684 2596 752 Nescitis,
2633 685 2822 756 inquit,
2868 686 3104 755 quoniam
3129 686 3217 755 qi
3241 685 3293 737 in
3315 686 3500 755 templo
3529 701 3752 755 aperan-

2153 783 2258 844 tur,
2289 793 2402 847 quae
2421 777 2488 830 de
2505 777 2690 847 templo
2713 786 2828 830 sunt
2856 777 3051 831 edunt?
3071 777 3157 846 qui
3209 777 3395 830 altaria
3417 778 3708 830 deserviunt
3731 819 3746 843 ,

2153 871 2340 925 altario
2369 871 2770 942 compatiuntur
2818 871 2878 924 ’ἲ
2919 869 3007 924 Sic
3049 880 3096 924 et
3135 869 3382 924 Dominus
3411 871 3662 924 ordinavit
3687 871 3752 925 iis

2151 964 2241 1031 qui
2285 961 2619 1032 Evangelium
2659 962 2959 1015 enituntiant
2983 1003 2998 1028 ,
3031 959 3094 1015 de
3126 961 3402 1030 Evangelia
3426 964 3586 1016 vivere
3612 979 3631 1015 :
3657 977 3752 1032 ego

2153 1067 2326 1110 atterit
2352 1058 2544 1112 nullius
2572 1056 2752 1109 horum
2789 1069 2912 1109 usus
2955 1071 3088 1109 sum.
3139 1055 3275 1124 Quid
3319 1055 3420 1110 hoc
3467 1055 3754 1125 apertius?

2152 1149 2280 1220 quid
2307 1148 2536 1203 clarius?
2577 1149 2778 1202 Vereor
2811 1161 2882 1203 uo
2921 1151 3058 1202 forte
3085 1161 3208 1202 eam
3239 1148 3445 1204 dissero
3482 1149 3666 1203 volens
3696 1146 3753 1204 id

2155 1249 2450 1312 expauere,
2473 1243 2758 1296 obscurum
2787 1241 2874 1295 ttat
2895 1241 3036 1310 quod
3066 1257 3160 1311 per
3186 1257 3246 1297 se
3275 1242 3414 1297 lucet
3441 1251 3496 1297 et
3519 1241 3688 1298 claret
3701 1243 3752 1298 '.

2153 1335 2254 1403 Qui
2277 1335 2424 1389 enim
2470 1335 2585 1388 haec
2630 1335 2787 1389 verba
2821 1343 2927 1388 non
2959 1333 3282 1405 iutelligrmt.
3311 1344 3400 1390 aut
3430 1349 3488 1390 se
3518 1351 3627 1391 non
3667 1337 3754 1392 in-

2154 1425 2395 1496 telligere
2429 1426 2658 1494 lingunt,
2691 1439 2807 1480 mea
2837 1425 3002 1479 multo
3031 1427 3206 1480 minus
3232 1427 3530 1494 intelligunt
3568 1429 3654 1482 vel
3688 1441 3752 1483 se

2154 1521 2451 1591 intelligere
2493 1523 2810 1592 proﬁtentur
2841 1535 2860 1574 :
2890 1520 2993 1576 nisi
3033 1520 3171 1577 lbrte
3211 1532 3490 1591 propterea
3520 1523 3628 1578 cito
3665 1523 3750 1578 in-

2154 1613 2394 1682 telligant
2440 1619 2642 1676 nostra,
2678 1613 2796 1682 quia
2833 1613 3147 1667 Conceditur
3173 1613 3249 1667 eis
3283 1611 3552 1668 intellecta
3593 1614 3746 1668 deri-

2155 1705 2316 1771 dere,
2342 1705 2408 1760 de
2431 1705 2669 1776 Apostali
2699 1713 2876 1760 autem
2909 1705 3088 1760 verbis
3113 1721 3217 1760 non
3247 1705 3385 1760 idem
3416 1707 3750 1764 conceditur.

2155 1795 2448 1866 Propterea
2491 1797 2578 1850 ubi
2611 1799 2765 1850 aliter
2793 1811 2854 1851 ea
2885 1797 3174 1852 secundum
3224 1813 3376 1852 suam
3421 1801 3749 1854 sententiam

2156 1889 2494 1958 interpretari
2531 1903 2636 1942 non
2680 1897 2928 1958 possunt,
2963 1890 3123 1944 etiam
3154 1889 3296 1945 clara
3336 1899 3391 1945 et
3420 1889 3704 1947 manifesta
3735 1933 3751 1959 ,

2155 1981 2382 2035 obscura
2422 1988 2479 2036 et
2523 1981 2730 2035 incerta
2769 1993 2887 2034 esse
2927 1981 3283 2050 respondent,
3323 1983 3445 2052 quia
3492 1997 3654 2052 prava
3698 1989 3756 2038 et

2157 2085 2407 2143 perversa
2463 2087 2568 2127 non
2611 2073 2828 2127 audent.
2862 2073 3069 2128 Clamat
3107 2072 3268 2127 homo
3311 2075 3440 2140 Dei,
3496 2073 3755 2130 Dominus

2157 2163 2408 2219 ordinavit
2433 2166 2496 2218 iis
2521 2167 2608 2238 qui
2645 2163 2976 2234 Evangelium
3017 2168 3336 2230 annuntiant,
3374 2167 3437 2220 de
3475 2165 3754 2238 Evangelia

2158 2259 2354 2323 vivere;
2381 2273 2472 2328 ego
2498 2268 2664 2312 autem
2695 2259 2884 2312 nullius
2909 2261 3091 2312 harum
3121 2273 3242 2314 usus
3272 2277 3420 2328 sum;
3449 2271 3502 2314 et
3526 2273 3757 2318 canatur

2157 2363 2284 2405 cara
2309 2359 2363 2405 et
2389 2352 2604 2420 sanguis
2627 2359 2771 2405 recta
2800 2351 3112 2421 depravare,
3141 2362 3324 2421 aperta
3350 2353 3602 2410 claudere
3623 2398 3638 2422 ,
3664 2368 3758 2410 se-

2158 2451 2287 2497 rena
2329 2442 2666 2498 obnubilare.
2696 2442 3003 2512 Spirituale,
3037 2444 3227 2515 inquit,
3252 2461 3387 2516 opus
3416 2445 3664 2514 faciebat,
3694 2453 3755 2504 et

2159 2533 2282 2589 inde
2325 2536 2555 2590 vivebat.
2605 2535 2662 2590 Si
2695 2535 2765 2590 ita
2797 2545 2910 2602 est,
2941 2535 3009 2592 de
3039 2537 3329 2608 Evangelia
3368 2540 3579 2595 vivebat
3610 2559 3623 2595 :
3655 2556 3755 2597 cur

2158 2635 2288 2697 ergo
2326 2627 2491 2692 dicit,
2539 2627 2790 2683 Dominus
2815 2629 3064 2684 ordinavit
3087 2631 3150 2684 iis
3180 2633 3263 2700 qui
3297 2629 3630 2705 Evangelium
3657 2652 3757 2690 an-

2159 2720 2412 2787 nuntiant,
2436 2719 2498 2775 de
2519 2719 2795 2794 Evangelia
2822 2723 3012 2788 vivere;
3033 2739 3124 2794 ego
3153 2732 3317 2778 autem
3357 2727 3546 2781 nullius
3571 2727 3756 2781 lterum

2159 2827 2281 2868 usus
2305 2813 2465 2869 sum."
2491 2813 2597 2870 Aut
2629 2815 2676 2870 si
2705 2823 2759 2870 et
2798 2815 2902 2871 hoc
2937 2817 3107 2886 ipsum
3149 2811 3288 2888 quod
3325 2818 3411 2873 hic
3438 2811 3637 2876 dictum
3669 2829 3759 2876 est

2160 2905 2341 2969 vivere,
2384 2906 2678 2961 secundum
2723 2907 3053 2977 Spiritualcm
3090 2909 3253 2963 vitam
3281 2911 3466 2964 volunt
3492 2913 3760 2982 interpre-

2161 2996 2283 3059 tari,
2312 2996 2511 3050 nullam
2541 3012 2690 3068 spem
2715 2996 2942 3053 habebat
2971 2999 3262 3069 Apostolus
3287 3002 3351 3056 ad
3381 2999 3550 3056 Deum
3575 3003 3661 3072 qui
3684 3001 3760 3058 de

2164 3085 2458 3156 Evangelia
2500 3103 2606 3142 non
2645 3089 2881 3156 vivebat,
2929 3091 3052 3160 quia
3107 3087 3263 3160 dixit,
3311 3091 3521 3147 Nullius
3566 3093 3761 3148 Irarum

2163 3189 2287 3232 esus
2328 3195 2460 3232 sum.
2500 3179 2839 3250 Quapropter
2883 3190 2943 3235 ut
2987 3195 3111 3250 spes
3159 3182 3230 3236 illi
3271 3194 3411 3238 certa
3451 3193 3596 3239 esset
3631 3185 3762 3241 vitae

2162 3278 2416 3337 sternte,
2462 3270 2531 3326 de
2579 3271 2867 3343 Evangelia
2910 3272 3096 3343 utique
3153 3274 3497 3344 splrimaliter
3540 3275 3762 3331 vivebat

2163 3361 2476 3430 Apostolus.
2507 3363 2660 3432 Quod
2695 3379 2825 3434 ergo
2850 3365 2953 3431 ait,
2988 3363 3100 3436 Ego
3137 3375 3305 3420 autem
3345 3361 3535 3422 nullius
3569 3368 3761 3422 horum

2163 3467 2285 3507 usus
2309 3468 2443 3519 sum,
2475 3453 2543 3508 de
2570 3456 2673 3508 vita
2702 3455 2800 3508 ista
2827 3471 2948 3524 quas
2978 3456 3030 3509 in
3066 3469 3227 3510 carne
3263 3455 3437 3523 agitur
3459 3459 3576 3512 sine
3601 3457 3764 3512 dubi-

2166 3547 2366 3600 tatione
2388 3547 2511 3601 facit
2536 3546 2788 3618 intelligi,
2821 3547 2962 3617 quod
3003 3545 3138 3604 dixit
3165 3549 3448 3605 Dominum
3477 3551 3764 3608 ordinasse

2165 3637 2231 3693 iis
2274 3640 2362 3708 qui
2410 3639 2752 3708 Evangeliutn
2785 3642 3105 3696 annuntiant
3131 3641 3196 3697 de
3227 3641 3513 3714 Evangelia
3535 3646 3718 3699 vivere
3739 3686 3759 3712 ,

2167 3730 2221 3785 id
2240 3737 2342 3796 est,
2365 3732 2527 3786 vitam
2556 3733 2708 3787 istam
2735 3735 2818 3788 cui
2841 3749 2975 3804 opus
3008 3748 3090 3791 est
3116 3736 3255 3791 victu
3284 3745 3337 3791 et
3368 3747 3670 3807 tegumenta
3689 3738 3764 3794 de

2169 3822 2455 3893 Evangelia
2478 3826 2809 3896 transigere;
2854 3825 2991 3882 sicut
3037 3829 3282 3898 superius
3321 3829 3388 3883 de
3426 3832 3537 3886 suis
3563 3846 3767 3901 eoapo-

2169 3917 2322 3971 stolis
2360 3915 2498 3970 dixit
2526 3935 2539 3970 :
2569 3917 2710 3972 unde
2734 3917 2849 3988 ipse
2875 3919 3132 3975 Dominus
3168 3921 3278 3986 ait,
3311 3919 3509 3993 Dignus
3531 3931 3604 3975 est
3632 3939 3766 3992 ope-

2169 4008 2336 4062 rarius
2360 4007 2471 4062 cillo
2495 4025 2622 4076 suo;
2648 4018 2730 4073 et.
2765 4009 2948 4082 dignus
2987 4019 3058 4066 est
3088 4013 3349 4081 aperarius
3381 3995 3604 4068 mercede
3641 4029 3765 4070 sua.

2170 4098 2322 4154 Hunc
2359 4099 2536 4170 itaque
2565 4101 2745 4155 cibum
2781 4112 2834 4156 et
2871 4101 3008 4158 hanc
3047 4103 3351 4158 mercedem
3395 4103 3768 4160 sustentanda:

2169 4189 2328 4260 hujus
2352 4192 2476 4245 vitze
2499 4191 2732 4247 debitam
2761 4194 3102 4265 evangelistis
3127 4193 3149 4226 ⁸
3165 4237 3180 4263 ,
3201 4195 3268 4250 ab
3285 4196 3364 4251 eis
3388 4197 3578 4266 quibus
3598 4212 3769 4251 evan-

2170 4283 2428 4354 gelizabat
2455 4297 2560 4339 non
2587 4289 2792 4356 accepit
2833 4288 3142 4356 Apostolus,
3173 4304 3359 4344 verum
3395 4289 3612 4356 dicens,
3648 4287 3768 4362 Ego

2172 4383 2337 4428 autem
2367 4377 2558 4429 nullius
2584 4376 2762 4431 lterum
2793 4394 2912 4432 usus
2939 4394 3072 4432 sum.

2242 4465 2467 4523 CAPUT
2497 4465 2641 4524 1.-
2665 4467 2751 4522 ll.
2778 4467 2861 4523 Ea:
2881 4467 3156 4541 Evangelia
3173 4487 3262 4526 cur
3282 4488 3384 4527 non
3404 4467 3518 4526 vivit
3538 4471 3764 4529 Paulus.

2173 4556 2242 4613 Et
2268 4559 2526 4628 sequitur,
2547 4568 2600 4614 et
2623 4560 2864 4632 adjungit
2883 4603 2899 4627 ,
2924 4577 2991 4617 ne
3016 4560 3153 4618 forte
3173 4563 3452 4635 quisquam
3472 4564 3771 4622 arbitretur

2174 4649 2296 4706 ideo
2335 4665 2456 4706 eum
2514 4667 2620 4705 non
2664 4653 2976 4722 accepisse,
3017 4654 3140 4724 quia
3198 4655 3272 4710 illi
3319 4672 3424 4710 non
3461 4655 3765 4712 dederant:

2176 4741 2297 4798 Non
2334 4747 2501 4798 autem
2545 4745 2725 4815 scripsi
2762 4745 2869 4800 luet:
2909 4753 2963 4799 ut
2999 4747 3069 4800 ita
3097 4747 3225 4817 ﬁant
3249 4747 3304 4801 in
3331 4765 3443 4815 me;
3473 4748 3660 4803 bonum
3692 4759 3770 4804 est

2175 4835 2300 4889 mihi
2327 4837 2488 4908 magis
2505 4837 2651 4903 mori,
2675 4853 2827 4907 quam
2848 4837 3065 4908 gloriam
3093 4855 3253 4894 meam
3277 4839 3541 4912 quisquam
3560 4841 3770 4896 inanem

2175 4929 2350 5000 faciat.
2379 4929 2548 4997 Quam
2577 4930 2833 4999 gloriam,
2861 4931 2961 4985 nisi
2993 4946 3153 5001 quam
3193 4931 3392 4988 habere
3418 4935 3586 4988 valuit
3621 4935 3766 5004 apud

2177 5021 2377 5088 Deum,
2427 5023 2478 5076 in
2517 5019 2731 5077 Christo
2771 5025 3102 5093 compatiens
3154 5015 3407 5092 infirmis;
3449 5027 3590 5083 sicut
3636 5041 3770 5084 mox

2175 5115 2510 5186 apertissime
2533 5114 2771 5169 dicturus
2799 5117 2920 5170 est?
2949 5116 3012 5172 Si
3041 5117 3177 5171 enim
3205 5119 3642 5191 evangelieavero,
3679 5119 3768 5174 in-

2175 5207 2308 5278 quit,
2341 5221 2441 5260 non
2469 5211 2542 5259 est
2570 5205 2693 5259 mihi
2720 5205 2884 5279 gloria
2911 5223 2931 5262 :
2957 5212 3224 5266 necessitas
3247 5211 3380 5265 enim
3409 5212 3534 5265 milii
3559 5213 3766 5266 ineunt-

2175 5297 2284 5364 ηις
2312 5295 2365 5353 id
2388 5305 2488 5364 est,
2523 5297 2884 5354 sustentandae
2933 5301 3055 5355 vitm
3093 5301 3282 5372 hujus.
3351 5302 3440 5356 Va:
3485 5305 3622 5358 erum
3671 5305 3770 5360 erit

2175 5390 2321 5457 milii,
2361 5390 2553 5461 inquit,
2581 5399 2627 5446 st
2655 5408 2755 5447 non
2774 5393 3180 5464 evangelieavero
3211 5411 3230 5448 :
3258 5393 3310 5450 id
3339 5406 3441 5464 est,
3471 5397 3616 5452 malo
3639 5413 3768 5453 meo

2240 5602 2260 5667 ξ
2290 5599 2622 5667 cisterciensis
2639 5602 2814 5664 codex,
2836 5600 3309 5667 comparticipantur.

2239 5663 2264 5726 ξ
2292 5669 2367 5726 Er.
2393 5671 2446 5713 et
2468 5663 2633 5726 plures
2653 5672 2779 5724 Mss,
2797 5663 2991 5715 clamat.

2241 5724 2263 5757 ³
2294 5725 2429 5786 witi,
2457 5722 2563 5776 vitm
2585 5722 3618 5794 debitumconcesstgnevangelistiszabest,
3651 5742 3770 5784 σω-

2178 5798 2381 5847 cessum.
2401 5801 2430 5838 a
2453 5797 2580 5846 Mss.
2606 5796 2656 5840 et
2676 5802 2738 5840 ex
2758 5790 2834 5842 his
2858 5787 3074 5842 nonnulli
3094 5787 3293 5854 habent,
3315 5787 3525 5844 debitam
