4070 6334
566 296 575 297 κ
598 284 652 304 ςι⁴

259 334 355 393 587

259 465 356 507 non
373 441 779 516 evangelisabo,
796 440 919 512 quia
936 437 1076 494 fame
1095 434 1391 498 cruciabor,
1419 439 1475 488 et
1492 430 1631 487 unde
1653 430 1829 485 vivam

257 559 357 600 non
381 539 613 596 habebo.
645 537 775 592 Nam
806 533 1067 605 sequitur,
1104 540 1155 586 et
1186 529 1311 584 dicit
1342 547 1354 582 :
1388 527 1450 583 Si
1489 529 1621 581 enim
1665 526 1833 581 colens

257 636 340 690 bac
368 633 527 703 Iccio,
560 628 834 683 mercedem
863 624 1038 678 habeo.
1073 622 1351 676 Volentem
1390 635 1449 673 se
1473 617 1602 672 dicit
1628 616 1831 681 facere,

255 729 294 782 si
323 725 467 779 nulla
509 723 631 777 vita:
671 718 828 788 hujus
861 714 1136 771 fulcienda:
1174 712 1494 767 necessitate
1528 708 1835 778 compulsus

256 819 401 883 facit;
454 825 512 872 et
557 814 628 869 ob
680 811 785 868 hoc
823 810 1020 866 habere
1074 807 1416 872 mercedem,
1466 805 1648 874 utique
1695 801 1834 872 apud

256 913 416 968 Deum
461 908 644 979 gloriae
680 905 1039 975 sempiternae.
1085 898 1165 956 δῖ’
1184 908 1353 955 autem
1396 898 1600 960 invitm,
1642 895 1832 964 inquit,

254 1002 561 1074 dispensatio
580 1000 704 1055 milii
723 998 914 1053 credita
930 1005 1002 1051 est
1015 1013 1036 1050 :
1056 994 1111 1050 id
1131 1004 1232 1058 est,
1256 993 1300 1048 si
1322 990 1640 1047 necessitate
1657 997 1831 1042 transv

254 1095 455 1167 igendae
486 1092 641 1163 hujus
669 1090 792 1144 vita:
825 1089 1021 1143 invitus
1040 1101 1202 1157 cogor
1224 1082 1607 1153 evangelizare,
1626 1080 1835 1146 dispen-

253 1187 376 1242 satio
414 1185 541 1239 mihi
583 1180 777 1237 credita
817 1190 925 1244 est;
968 1187 1027 1234 ut
1078 1178 1282 1233 scilicet
1324 1190 1396 1230 ex
1436 1172 1837 1244 dispensatione

253 1294 405 1342 mea,
455 1276 579 1346 quia
627 1273 939 1336 Christum,
1003 1271 1125 1341 quia
1186 1268 1505 1324 vcritatem‘
1561 1266 1833 1335 praedico,

254 1370 498 1444 quamvis
521 1384 589 1424 ex
620 1367 925 1431 occisione,
945 1365 1188 1436 quamvis
1211 1379 1326 1417 mea
1348 1376 1615 1432 qua'rens,
1643 1374 1835 1429 quam-

252 1462 335 1517 vis
373 1460 577 1515 terreni
615 1458 963 1515 emolumenti
998 1456 1317 1510 neceSsitate
1358 1452 1665 1522 compulsus
1690 1491 1708 1515 ,
1747 1450 1837 1505 alii

253 1552 557 1625 proﬁciant,
576 1565 676 1620 ego
703 1560 878 1603 autem
907 1547 1047 1617 apud
1093 1548 1255 1602 Deum
1298 1545 1597 1599 mercedem
1643 1542 1841 1612 glorio-

252 1661 359 1703 sam
388 1646 536 1699 illam
577 1642 1065 1712 sempiternumque
1095 1655 1198 1692 non
1246 1636 1488 1691 habeam.
1523 1635 1649 1700 Quae
1678 1650 1797 1704 ergo
1816 1672 1833 1698 ,

252 1736 437 1807 inquit.
464 1750 653 1789 merces
675 1732 798 1786 mihi
826 1733 917 1786 erit
936 1732 963 1786 ?
990 1732 1328 1801 Interrogans
1348 1729 1480 1782 dixit
1509 1745 1525 1780 ι
1557 1736 1836 1796 prepterea

251 1823 624 1896 suspendenda
646 1832 727 1878 est
743 1822 1122 1893 pronuntiatio,
1136 1822 1307 1876 donec
1324 1818 1663 1889 respondeat.
1683 1814 1835 1886 Quod

253 1929 306 1975 ut
328 1918 546 1974 facilius
576 1916 921 1987 intelligatur,
950 1926 1201 1985 tanquam
1240 1928 1339 1969 nos
1376 1928 1500 1968 eum
1542 1912 1837 1978 interroge—

251 2025 389 2077 mus,
418 2010 553 2079 Qua:
597 2024 725 2079 ergo
774 2008 867 2063 tibi
913 2023 1119 2062 merces
1145 2007 1285 2070 erit,
1314 2004 1591 2073 Apostole,
1623 1999 1838 2071 quando

253 2103 553 2160 mercedem
585 2103 741 2157 istam
782 2110 1047 2155 terrenam
1086 2099 1245 2153 etiam
1293 2094 1635 2167 evangelistis
1684 2093 1838 2147 bonis

251 2194 506 2260 debitam,
522 2209 627 2248 non
647 2201 863 2263 propter
890 2193 989 2246 hoc
1008 2187 1519 2259 evangelizantibus,
1540 2184 1633 2239 sed
1657 2192 1835 2237 tatucn

251 2295 665 2357 «insequentem
692 2295 745 2340 et
773 2285 1008 2339 oblatam
1033 2298 1101 2339 es
1130 2281 1336 2337 Domini
1376 2280 1711 2334 ordinatione
1749 2292 1840 2331 su-

250 2384 545 2449 mentihns,
566 2391 621 2437 tu
649 2397 758 2438 non
785 2379 1020 2453 accipis?
1045 2395 1163 2449 qtae
1187 2393 1315 2449 ergo
1346 2377 1438 2432 tihi
1463 2389 1670 2431 merces
1695 2371 1838 2428 erit?

252 2477 379 2534 Vide
414 2476 546 2548 quid
577 2474 899 2545 respondeat
940 2492 954 2527 :
990 2470 1057 2529 Ut
1083 2472 1455 2542 evangelium,
1491 2467 1693 2537 inquit,
1733 2466 1841 2519 sine

250 2580 457 2643 sumptu
480 2585 669 2641 ponam
698 2567 1059 2637 Evangeliam;
1085 2566 1136 2621 id
1163 2572 1266 2630 est,
1296 2575 1353 2617 ut
1384 2579 1488 2617 non
1521 2562 1591 2615 sit
1616 2559 1840 2613 creden-

253 2664 393 2720 tibus
423 2670 797 2732 sumptuosum
828 2658 1199 2728 Evangelium,
1223 2671 1290 2711 ne
1314 2662 1497 2724 putent
1516 2652 1581 2706 ad
1609 2651 1714 2706 hoc
1738 2649 1842 2705 sibi

252 2754 637 2823 evangelizari,
657 2762 713 2807 ut
736 2752 787 2806 id
812 2749 1152 2820 evangelista:
1188 2748 1340 2817 quasi
1368 2746 1600 2801 vendere
1624 2743 1843 2797 videan-

252 2857 353 2904 tur.
398 2848 467 2902 Et
511 2856 687 2902 tamen
732 2845 871 2900 redit
894 2845 1053 2898 etiam
1094 2851 1252 2911 atque
1287 2842 1469 2907 etiam,
1498 2850 1557 2893 ut
1593 2836 1845 2893 ostendat

252 2940 373 3010 quid
398 2939 505 2993 sibi
521 2939 640 3009 iure
658 2937 929 2991 dominico
959 2936 1118 2991 liceat
1137 2977 1153 3000 ,
1182 2942 1240 2989 et
1268 2935 1381 3004 ipse
1407 2948 1510 2986 non
1541 2932 1698 2988 iaciat
1728 2948 1742 2984 :
1772 2927 1845 2985 Ut

253 3046 349 3085 non
374 3029 582 3096 abutar,
613 3028 808 3098 inquit,
839 3036 1084 3098 potestate
1110 3042 1221 3078 mea
1249 3026 1299 3078 in
1330 3022 1625 3096 Evangelia.

322 3119 559 3176 CAPUT
586 3117 841 3174 XL—lg.
862 3115 927 3170 In
943 3117 1037 3170 hac
1054 3133 1126 3177 re,
1146 3117 1266 3169 utin
1284 3114 1417 3179 aliis,
1438 3113 1630 3168 Paulus
1645 3127 1845 3168 excom-

258 3214 495 3286 passione
519 3229 573 3266 se
598 3211 814 3280 inﬁrmis
841 3209 1205 3263 accommodat.
1228 3207 1491 3273 Quomodo
1506 3207 1615 3261 sine
1643 3207 1846 3274 ﬁctione

255 3318 297 3359 et
330 3305 546 3377 fallacia
582 3308 748 3376 [actus
780 3312 853 3356 est
877 3302 1022 3372 quasi
1046 3301 1136 3354 sub
1164 3301 1269 3371 lege
1305 3308 1351 3353 et
1393 3299 1537 3369 quasi
1576 3298 1684 3351 sine
1715 3298 1843 3367 lege.

256 3398 426 3454 Timet
464 3414 529 3452 ne
566 3397 915 3467 Evangeliunt,
937 3397 981 3449 si
1010 3411 1072 3448 ea:
1096 3411 1153 3448 eo
1176 3395 1323 3459 vivat,
1353 3392 1527 3447 venale
1562 3401 1759 3460 putetur
1782 3388 1844 3443 ab

256 3490 500 3562 inﬁrmis.
523 3489 640 3545 Jam
680 3504 807 3544 vero
844 3488 966 3558 quia
996 3486 1284 3541 inﬁrmitati
1325 3485 1598 3539 hominum
1627 3498 1847 3553 compa-

260 3584 401 3639 lieus
431 3584 482 3638 id
512 3581 769 3647 faciebat,
801 3580 1078 3633 audiamus
1111 3578 1388 3648 sequentia
1423 3595 1435 3629 :
1472 3575 1597 3629 Cum
1622 3577 1754 3628 enim
1789 3574 1852 3627 li-

260 3674 342 3730 bsr
384 3675 509 3740 sim,
542 3674 728 3743 inquit,
758 3688 822 3727 ea:
850 3671 1112 3737 omnibus,
1136 3688 1359 3726 omnium
1395 3687 1472 3723 me
1494 3685 1689 3724 servum
1716 3670 1847 3739 feci,

257 3778 310 3821 ut
336 3768 516 3838 plures
540 3766 884 3835 lucrifacerem
915 3780 933 3818 :
957 3765 1019 3818 iis
1046 3765 1130 3832 qui
1158 3765 1249 3817 sub
1270 3762 1404 3833 Lege
1423 3771 1562 3827 sunt,
1590 3760 1738 3832 quasi
1760 3761 1851 3815 sub

258 3855 416 3929 Lege,
440 3874 558 3911 cum
588 3874 688 3910 non
723 3859 818 3911 sim
844 3857 951 3925 ipse
974 3856 1065 3908 sub
1090 3854 1221 3925 Lege
1239 3896 1255 3919 ,
1285 3864 1339 3907 ut
1378 3870 1461 3908 eos
1491 3854 1574 3923 qui
1602 3852 1695 3907 sub
1722 3852 1856 3922 Lege

260 3962 408 4005 eram
448 3951 833 4021 lucrifacereni;
872 3950 935 4002 iis
959 3948 1046 4019 qui
1075 3949 1181 4001 sine
1210 3946 1344 4016 Lege
1369 3955 1490 4000 sunt
1509 3986 1523 4008 ,
1567 3947 1713 4017 quasi
1747 3947 1857 3999 sine

261 4043 419 4116 Lege,
448 4060 566 4096 cum
597 4042 707 4097 sine
724 4042 834 4113 lege
859 4041 953 4094 Dei
979 4057 1081 4094 non
1103 4041 1199 4094 sint
1219 4078 1234 4104 ,
1257 4038 1345 4093 sed
1373 4038 1469 4091 sim
1497 4037 1551 4091 in
1579 4040 1686 4107 lege
1710 4036 1857 4092 Clari-

260 4138 347 4200 sti,
380 4145 440 4189 ιιι
484 4136 834 4206 lurrifacerem
876 4149 960 4187 eos
996 4133 1082 4202 qui
1110 4134 1218 4185 sine
1242 4131 1375 4202 Lege
1399 4140 1535 4184 sunt.
1566 4129 1718 4198 Quod
1751 4146 1859 4184 non

264 4227 559 4283 Siinttlandi
584 4227 813 4280 versutia
842 4224 1100 4290 faciebat,
1128 4224 1225 4278 Sed
1263 4221 1624 4291 Compatiendi
1648 4222 1860 4277 miscri-

264 4321 491 4383 cordia;
524 4318 577 4372 id
599 4326 711 4381 cst,
743 4331 847 4370 non
874 4315 1025 4385 quasi
1051 4325 1107 4369 ut
1131 4329 1190 4370 se
1217 4315 1438 4383 lingeret
1459 4313 1724 4378 Judaeum,
1752 4313 1860 4367 sic-

266 4418 325 4463 ut
374 4408 620 4464 nonnulli
665 4415 1004 4477 putaverunt,
1031 4407 1154 4476 quia
1183 4405 1417 4473 legitima
1448 4415 1628 4461 vetera
1644 4405 1862 4461 ieroso-

267 4503 434 4574 lymis
463 4501 768 4556 observavit
798 4500 895 4571 (a).
928 4498 1073 4554 Fecit
1099 4500 1244 4554 enim
1270 4499 1373 4554 hoc
1406 4500 1699 4555 secundum
1732 4499 1863 4554 libe-

269 4611 401 4650 rant
427 4604 483 4650 et
530 4594 865 4649 manifestam
894 4594 1212 4648 sententiam
1251 4608 1433 4660 suam,
1476 4593 1529 4647 in
1568 4610 1670 4664 qua
1714 4594 1863 4660 dicit,

269 4685 618 4742 Circumcisus
659 4687 773 4755 quis
824 4694 1028 4740 vocatus
1075 4685 1191 4741 est?
1240 4701 1342 4739 non
1397 4684 1619 4739 adducat
1664 4701 1867 4756 prepa-

270 4780 478 4845 tium';
502 4777 556 4833 id
586 4786 671 4834 est
691 4818 707 4844 ,
740 4793 845 4831 non
874 4777 952 4832 sic
985 4776 1146 4839 vivat,
1170 4776 1319 4845 quasi
1350 4776 1671 4845 praeputium
1699 4775 1868 4829 addu-

271 4873 439 4931 xerit.
462 4881 518 4926 et
546 4871 597 4925 id
628 4869 770 4941 quod
800 4870 1091 4925 nudaverat
1133 4871 1326 4924 texerit
1373 4885 1390 4925 :
1426 4870 1565 4925 sicut
1603 4869 1711 4924 alio
1750 4870 1869 4925 loco

274 4965 431 5033 dicit,
464 4965 793 5019 Circumcido
823 4974 913 5018 tua
947 4964 1248 5035 prcputium
1294 4962 1432 5031 facta
1470 4972 1542 5016 est
1583 4961 1775 5032 (Rom.
1808 4975 1867 5029 ιι,

272 5057 399 5131 25).
433 5058 739 5112 Secundum
767 5057 903 5112 hanc
928 5072 1063 5127 ergo
1085 5056 1403 5111 sententiam
1442 5070 1593 5110 suam
1613 5095 1629 5119 ,
1654 5071 1754 5125 qua
1786 5055 1867 5109 di-

273 5149 373 5214 cit,
404 5147 749 5203 Circumcisus
771 5149 883 5219 quis
905 5157 1108 5203 vocatus
1137 5157 1209 5219 est
1226 5147 1252 5200 .9
1280 5164 1382 5201 non
1411 5146 1633 5201 adducat
1663 5163 1871 5217 prepo—

273 5242 436 5295 tium.
462 5240 531 5294 lu
565 5241 821 5311 prtrputio
841 5241 955 5309 quis
981 5253 1182 5293 matus
1213 5240 1323 5293 est?
1350 5256 1450 5294 non
1490 5240 1875 5293 circumsidetur

280 5331 327 5403 (l
354 5331 483 5388 Cor.
507 5348 603 5397 vn,
632 5332 759 5402 l8);
789 5331 912 5386 fecit
952 5332 1036 5384 illa
1074 5346 1197 5401 quae
1238 5347 1343 5385 non
1384 5331 1798 5401 intelligentihns
1822 5341 1876 5386 et

274 5440 478 5497 parum
519 5425 918 5481 attendentibus
960 5425 1176 5480 ﬁnxisse
1222 5433 1436 5494 putatus
1482 5434 1609 5489 est;
1661 5425 1877 5480 Judrus

277 5520 565 5573 enimet-at
576 5528 635 5574 et
648 5519 999 5574 circumcisus
1014 5529 1251 5583 vocatus;
1275 5519 1443 5572 noluit
1459 5518 1723 5574 adducere
1745 5535 1881 5588 prte-

347 5654 370 5687 ³
414 5651 580 5703 Plures
596 5658 728 5712 Msa,
747 5649 1120 5715 quat/tristiori,
1146 5660 1237 5714 qua
1258 5651 1515 5701 irritatum.

348 5717 374 5748 ²
410 5722 508 5765 Hoc
532 5721 585 5764 et
602 5714 820 5777 proximo
843 5714 1083 5780 locovmt,
1116 5715 1432 5777 prwimtium,
1462 5727 1491 5765 ιι
1508 5720 1614 5763 Mss.
1634 5714 1791 5780 abest,
1813 5718 1886 5771 uti

281 5786 396 5830 διε
422 5789 582 5839 graeco
603 5783 744 5827 textu
766 5776 989 5838 Apostoli.

350 5839 439 5905 (α)
460 5839 654 5889 Hieron.
680 5840 730 5893 in
754 5841 894 5903 epist.
932 5841 1060 5889 inter
1082 5839 1447 5901 Augustinianas
1470 5841 1555 5897 75,
1583 5857 1629 5890 ιι.
1656 5842 1733 5893 9-1
1749 5843 1787 5892 1.

1660 311 1861 369 ΜΒΞῖΒ
1898 310 2105 369 υΝυὸυ

1948 424 2176 495 putium,
2203 423 2256 478 id
2277 430 2379 491 est,
2396 423 2565 480 noluit
2590 426 2663 482 ita
2686 426 2866 484 vivere
2892 443 2957 483 ac
2975 431 3019 485 si
3048 430 3397 491 circumcisus
3420 450 3528 493 non

1946 523 2108 570 esset.
2137 515 2252 569 Hoc
2280 516 2421 569 enim
2459 516 2571 585 jam
2617 517 2670 571 in
2722 526 2986 587 potestate
3024 519 3284 578 habebat.
3315 526 3384 581 Et
3426 526 3531 585 sub

1945 606 2089 677 Lege
2105 607 2316 678 quidem
2336 623 2442 662 non
2464 618 2586 663 erat
2605 607 2742 664 sicut
2768 611 2841 666 illi
2869 613 2956 681 qui
2971 628 3090 667 eam
3107 614 3375 672 serviliter
3394 634 3527 690 ape-

1946 702 2221 766 rabantur;
2258 702 2354 757 sed
2382 712 2559 758 tamen
2580 705 2630 758 in
2662 706 2776 776 lege
2805 706 2898 761 Dei
2922 716 2977 762 et
2999 708 3217 765 Christi.
3242 709 3357 767 Non
3383 714 3530 771 enim

1947 794 2050 848 alia
2080 795 2167 850 lex
2206 803 2323 849 erat
2349 796 2437 850 illa
2461 805 2515 851 et
2538 798 2639 850 alia
2673 799 2758 853 lex
2792 800 2905 864 Dei,
2946 802 3085 856 sicut
3125 804 3321 873 perditi
3356 805 3529 862 Mani»

1947 884 2083 939 eluci
2114 885 2291 940 solent
2315 885 2516 942 dicere.
2538 888 2785 957 Alioquin
2808 891 2853 945 si
2878 906 2998 946 cum
3021 893 3111 948 illa
3135 893 3288 960 fecit,
3319 895 3535 956 ﬁnxisse

1948 975 2216 1044 putandus
2239 986 2349 1040 est;
2377 979 2527 1033 tinxit
2554 989 2609 1033 et
2631 996 2891 1051 paganum
2928 993 2981 1038 et
3008 985 3324 1041 sacriﬁcavit
3355 988 3533 1056 idolis,

1953 1067 2073 1135 quia
2091 1066 2219 1121 dicit
2240 1068 2437 1123 factum
2457 1086 2516 1123 se
2548 1069 2713 1126 fuisse
2739 1072 2802 1126 iis
2817 1075 2904 1143 qui
2926 1076 3042 1130 sine
3064 1076 3207 1146 Lege
3234 1088 3358 1134 sunt
3381 1082 3536 1151 quasi

1951 1160 2068 1215 sine
2096 1158 2257 1231 Lege.
2271 1162 2413 1230 Quos
2430 1164 2613 1233 utique
2630 1181 2732 1218 non
2751 1166 2851 1221 nisi
2866 1165 3127 1237 Gentiles,
3149 1187 3280 1240 quos
3292 1172 3533 1244 Psganos

1951 1250 2198 1319 dicimus,
2230 1254 2343 1308 vult
2368 1254 2607 1325 intelligi.
2638 1256 2795 1311 Aliud
2826 1268 2907 1312 est
2933 1275 3060 1329 ergo
3090 1276 3209 1315 esse
3240 1263 3340 1318 sub
3369 1262 3533 1335 Lego,

1949 1344 2091 1399 aliud
2121 1345 2170 1399 in
2200 1344 2359 1416 Lege,
2386 1348 2527 1401 aliud
2546 1352 2661 1403 sine
2695 1349 2853 1422 Lege.
2880 1351 2992 1407 Sub
3017 1352 3158 1423 Lege
3182 1356 3424 1411 carnales
3438 1357 3535 1413 Ju-

1950 1435 2049 1489 dtei
2066 1454 2081 1491 :
2098 1437 2148 1490 in
2168 1437 2307 1508 Lege
2319 1439 2620 1509 spirituales
2634 1451 2689 1495 et
2711 1442 2881 1497 Judaei
2900 1452 2953 1499 et
2973 1443 3282 1511 Christiani;
3303 1448 3444 1504 unde
3460 1448 3539 1505 im

1950 1538 2300 1582 servaverunt
2324 1546 2527 1585 morem
2552 1532 2698 1586 illum
2726 1534 2955 1602 patrium
2973 1568 2991 1602 ,
3019 1536 3117 1591 sed
3139 1552 3301 1593 onera
3323 1539 3536 1594 insolita

1950 1619 2291 1675 credentibus
2308 1620 2564 1676 Gentibus
2583 1640 2688 1678 non
2719 1625 3117 1695 imposuerunt;
3136 1637 3190 1684 et
3213 1630 3330 1685 ideo
3349 1641 3404 1687 et
3419 1632 3497 1687 illi
3517 1633 3537 1665 ⁸

1948 1709 2244 1766 cireumcisi
2263 1722 2385 1767 sunt
2417 1715 2564 1768 :sine
2584 1715 2725 1785 Lege
2737 1726 2914 1773 autem
2934 1718 3133 1775 Gentes
3157 1737 3275 1791 qua:
3303 1723 3540 1780 nondum

1950 1802 2309 1868 crediderunt,
2326 1807 2517 1875 quibus
2538 1818 2711 1862 tamen
2738 1825 2798 1865 se
2822 1812 3108 1880 Apostolus
3123 1816 3434 1885 congruis“
3461 1825 3540 1873 te-

1948 1902 2118 1948 statur
2145 1910 2238 1965 per
2264 1898 2663 1954 misericordem
2690 1903 3133 1970 compassionem,
3158 1920 3264 1960 nou
3296 1921 3391 1975 per
3415 1923 3541 1963 ver-

1947 1984 2188 2054 sipellem
2217 1986 2634 2055 simulationem;
2669 1991 2719 2045 id
2749 2002 2850 2057 est,
2881 2002 2940 2047 ut
2954 2009 3020 2047 eo
3040 1997 3205 2051 modo
3233 1998 3541 2056 subveniret

1950 2078 2148 2130 carnali
2174 2077 2360 2132 Judmo
2381 2080 2462 2143 vel
2494 2080 2726 2151 Pagano,
2755 2097 2862 2153 quo
2891 2085 3053 2139 modo
3075 2086 3177 2141 sibi
3203 2088 3341 2157 ipse,
3363 2092 3408 2145 si
3431 2090 3537 2148 hoc

1950 2176 2117 2233 esset,
2148 2170 2420 2225 subveniri
2448 2172 2706 2227 voluisset
2736 2191 2750 2227 :
2778 2183 2995 2243 portans
3022 2177 3204 2247 utique
3227 2195 3413 2235 eorum
3446 2182 3536 2236 in-

1954 2256 2262 2312 firmitatem
2292 2261 2344 2313 in
2381 2262 2768 2330 compassionis
2801 2265 3184 2335 similitudine,
3207 2285 3316 2325 non
3353 2270 3542 2329 fallens

1951 2349 2005 2404 in
2034 2352 2295 2406 mendacii
2328 2353 2577 2420 ﬁctione;
2608 2356 2745 2411 sicut
2779 2359 3034 2414 continuo
3062 2363 3326 2431 sequitur,
3366 2373 3422 2420 et
3454 2366 3556 2421 die

1950 2439 2044 2505 cit,
2076 2440 2267 2497 Factus
2295 2461 2405 2498 sum
2426 2446 2644 2513 inﬁrmis
2663 2447 2918 2516 inﬁrmus,
2940 2459 2997 2504 ut
3023 2451 3251 2520 inﬁrmos
3276 2454 3543 2528 lucriface-

1951 2548 2058 2586 rem
2080 2533 2252 2606 (lCor.
2284 2551 2358 2601 Ix,
2394 2535 2580 2607 1-22).
2609 2537 2745 2592 Hinc
2762 2540 2903 2593 enim
2936 2541 3273 2612 loquebatur,
3304 2548 3541 2604 utetiam

1953 2626 2131 2679 omnia
2158 2626 2245 2678 illa
2267 2625 2490 2682 diceret.
2521 2626 2671 2681 Sicut
2717 2644 2846 2699 ergo
2888 2630 3030 2699 quod
3060 2631 3233 2688 factus
3274 2646 3355 2690 est
3393 2636 3545 2691 inﬁr-

1951 2718 2056 2774 mis
2077 2719 2342 2785 inﬁrmus,
2373 2735 2477 2775 non
2504 2730 2623 2776 erat
2648 2722 3020 2789 mendacium;
3049 2724 3127 2779 sic
3155 2735 3208 2781 et
3225 2738 3417 2784 caetera
3456 2729 3545 2785 ills

1952 2815 2225 2885 superius.
2263 2814 2433 2882 Quam
2463 2815 2605 2870 enim
2654 2816 2784 2871 dicit
2815 2816 3180 2875 inﬁrmitatem
3220 2836 3372 2876 suam
3416 2838 3543 2893 erga

1956 2906 2201 2961 inﬁrmos
2243 2904 2429 2973 fuisse,
2462 2907 2564 2962 nisi
2593 2908 2952 2977 compatiendi
2989 2911 3102 2976 eis,
3135 2912 3186 2966 in
3216 2920 3420 2967 tantum
3447 2923 3543 2981 ut,

1953 3016 2025 3055 ne
2048 3000 2320 3056 videretur
2345 3001 2591 3055 venditor
2621 3002 2918 3072 Evangelii,
2942 3012 2997 3058 et
3021 3004 3170 3060 verbi
3200 3006 3292 3060 Dei
3324 3022 3544 3062 cursum

1955 3093 2095 3162 apud
2128 3093 2405 3161 imperitos
2431 3094 2482 3145 in
2514 3092 2706 3147 malam
2736 3095 3095 3162 suspicionem
3132 3095 3388 3151 decidens
3435 3098 3543 3151 itu-

1956 3184 2183 3255 pediret,
2208 3184 2378 3238 nollet
2409 3184 2654 3253 accipere
2692 3186 2834 3254 quod
2856 3185 2979 3254 jure
3014 3185 3284 3240 dominico
3309 3187 3546 3244 debeba-

1957 3275 2080 3329 tur?
2104 3274 2256 3343 Quod
2279 3275 2322 3328 si
2353 3276 2530 3339 vellet,
2563 3289 2665 3328 non
2695 3276 2875 3345 utique
2902 3277 3239 3344 mentiretur,
3266 3280 3387 3348 quia
3420 3294 3550 3338 vero

1957 3364 2295 3453 debebatur’:
2325 3366 2538 3435 et,quia
2570 3365 2773 3431 noluit,
2800 3382 2904 3419 non
2933 3367 3115 3436 utique
3145 3370 3401 3423 mentitus
3440 3379 3546 3425 est.

1956 3457 2139 3528 Neque
2166 3459 2307 3513 enim
2340 3459 2471 3512 dixit
2500 3473 2605 3512 non
2646 3458 2746 3513 sibi
2776 3458 2958 3512 deberi
2984 3475 2999 3512 :
3033 3459 3125 3513 sed
3154 3460 3335 3516 deberi
3364 3470 3548 3517 osten-

1959 3550 2060 3616 dit,
2087 3558 2142 3605 et
2169 3550 2348 3605 debito
2368 3566 2425 3603 se
2450 3565 2607 3603 usum
2641 3564 2745 3603 non
2768 3563 2907 3613 esse,
2940 3565 3039 3604 nec
3062 3552 3280 3605 omnino
3309 3552 3384 3605 uti
3415 3553 3551 3608 velle

1959 3641 2235 3713 professus
2261 3652 2378 3703 est,
2410 3655 2476 3695 co
2508 3641 2622 3709 ipso
2658 3640 2827 3695 lactus
2863 3642 3132 3706 inﬁrmus,
3157 3658 3262 3711 quo
3294 3652 3553 3712 potestate

1961 3750 2058 3791 sua
2089 3736 2161 3789 uti
2191 3734 2391 3797 noluit;
2426 3743 2531 3786 tam
2576 3732 2910 3787 misericordi
2949 3734 3151 3788 scilicet
3186 3734 3401 3790 indutus
3422 3735 3552 3792 alle-

1963 3835 2071 3888 ctu,
2114 3835 2170 3880 ut
2208 3826 2466 3893 cogitaret
2494 3823 2941 3894 quemadmodum
2972 3840 3153 3879 secum
3182 3827 3265 3895 agi
3290 3827 3476 3891 vellet,
3507 3827 3556 3883 si

1964 3926 2020 3973 et
2050 3918 2162 3987 ipse
2202 3918 2273 3970 ita
2317 3917 2694 3982 intirniaretnr,
2724 3924 2783 3970 ut
2825 3925 3001 3985 posset
3034 3917 3100 3971 de
3141 3915 3249 3971 illis
3290 3933 3384 3987 per
3419 3934 3557 3989 quos

1966 4009 2067 4063 sibi
2097 4007 2436 4077 Evangelium
2461 4008 2859 4077 pra-dicaretur,
2882 4008 2925 4062 si
2953 4023 3049 4064 eos
3076 4007 3280 4064 videret
3311 4020 3555 4080 sumptus

1967 4099 2229 4169 accipere.
2264 4100 2411 4169 quasi
2442 4100 2907 4153 mercimoniorum
2934 4098 3202 4154 nundinas
3234 4101 3513 4171 suspicari.

1976 4182 1981 4189 ’
2038 4191 2264 4247 CAPUT
2305 4192 2512 4246 Xll.-—
2538 4194 2623 4246 l5.
2657 4190 2989 4259 Iit/iratorum
3033 4192 3269 4262 periculis
3311 4196 3553 4267 tremefa-

1968 4292 2077 4338 ctus
2106 4284 2239 4353 eligit
2269 4281 2529 4349 laborare,
2559 4300 2711 4351 quam
2742 4284 2806 4336 de
2830 4281 3106 4353 Evangelia
3134 4284 3314 4339 eicere.
3342 4285 3415 4339 De
3458 4286 3558 4341 hac

1970 4374 2277 4431 inﬁrmitate
2304 4390 2395 4429 sua
2424 4376 2553 4428 dicit
2580 4376 2687 4428 alio
2710 4375 2828 4429 loco
2859 4393 2873 4428 :
2897 4373 3046 4429 Facti
3076 4393 3250 4431 sumus
3280 4378 3476 4446 parvuli
3503 4378 3557 4432 in

1972 4470 2134 4524 medio
2161 4480 2396 4534 vestrum,
2417 4479 2653 4536 tanquam
2672 4468 2715 4521 si
2744 4467 2917 4522 nutrix
2935 4469 3098 4538 foueat
3117 4469 3255 4539 ﬁlios
3273 4488 3412 4526 suos.
3426 4471 3558 4527 Nam

1973 4561 2089 4629 ejus
2113 4560 2509 4615 circumstantia
2542 4560 2782 4614 lectionis
2803 4560 2904 4617 hoc
2930 4562 3126 4618 indicat
3157 4580 3171 4617 :
3204 4562 3385 4633 Neque
3402 4565 3556 4631 enim,

1974 4651 2165 4722 inquit,
2192 4651 2462 4721 aliquando
2496 4651 2550 4705 ia
2584 4667 2812 4707 sermone
2834 4653 3147 4710 adulationis
3184 4658 3392 4726 fuititus,
3433 4656 3562 4709 sicut

1974 4746 2146 4809 scitis;
2188 4761 2344 4814 neque
2385 4746 2436 4798 in
2468 4746 2727 4800 occasione
2754 4747 3042 4815 cupiditatis
3065 4787 3083 4813 ,
3113 4747 3247 4801 Deus
3288 4750 3421 4801 testis
3456 4758 3565 4811 est;

1975 4851 2133 4906 neque
2156 4846 2430 4906 quwrentes
2468 4839 2531 4890 ab
2570 4838 2852 4891 hominibus
2870 4839 3107 4909 gloriam,
3140 4855 3295 4906 neque
3334 4856 3363 4889 α
3408 4839 3558 4902 ubis,

1976 4946 2133 5001 neque
2156 4929 2217 4983 ab
2245 4930 2361 4984 aliis
2382 4945 2402 4994 ;
2427 4947 2540 4984 cum
2559 4948 2816 5000 possemus
2833 4932 2975 4987 oneri
2996 4932 3130 4986 vobis
3148 4948 3273 4996 esse,
3300 4939 3351 4982 ut
3378 4930 3566 4984 Christi

1976 5022 2207 5094 Apostoli
2235 5037 2254 5076 :
2279 5022 2366 5076 sed
2406 5024 2531 5094 facti
2567 5039 2738 5077 sumus
2778 5024 2977 5093 parvuli
3017 5024 3071 5076 in
3119 5022 3281 5074 medio
3318 5029 3567 5086 uestrum;

1982 5125 2217 5186 tanquam
2242 5117 2287 5170 si
2310 5117 2484 5169 nutrix
2511 5118 2671 5186 [coeat
2706 5116 2840 5183 ﬁlios
2875 5132 2993 5170 suos
3032 5114 3087 5183 (l
3119 5112 3291 5167 Thess.
3325 5129 3392 5176 ιι,
3415 5114 3561 5183 5-7).

1982 5210 2132 5276 Quod
2159 5225 2285 5280 ergo
2310 5208 2375 5263 ad
2406 5206 2715 5263 Corinthios
2739 5207 2867 5262 dicit
2886 5249 2899 5267 ,
2937 5206 3132 5260 habere
3157 5219 3215 5258 se
3246 5213 3566 5273 potestatem

1983 5300 2309 5369 apostolatus
2336 5300 2453 5364 sui,
2498 5300 2636 5355 sicut
2673 5308 2727 5353 et
2766 5296 2943 5350 cancri
2977 5294 3214 5363 ΔρομοΙί
3241 5337 3255 5360 ,
3287 5312 3388 5367 qua
3420 5305 3571 5366 pote-

1985 5400 2120 5446 state
2135 5408 2287 5446 usum
2316 5408 2494 5447 senon
2522 5406 2638 5445 esse
2661 5396 2917 5450 testatur;
2943 5386 3041 5441 hoc
3059 5387 3217 5441 etiam
3248 5388 3296 5442 in
3328 5390 3430 5441 isto
3454 5389 3570 5444 loco

1987 5482 2053 5536 ad
2072 5483 2307 5537 Thessala
2320 5483 2573 5536 iniceuses
2590 5480 2681 5533 ait.
2703 5476 2826 5529 Cum
2845 5494 3100 5546 possemus
3116 5480 3256 5532 oneri
3283 5479 3416 5533 vobis
3442 5497 3569 5545 esse,

1988 5583 2040 5627 ut
2074 5574 2259 5630 Christi
2298 5570 2525 5641 Apostoli
2563 5584 2581 5624 :
2613 5568 2903 5623 secundum
2935 5569 3073 5640 quod
3108 5568 3364 5626 Dominus
3406 5573 3571 5638 dicit,

2059 5786 2074 5814 ι
2112 5782 2245 5847 lidili,
2272 5793 2354 5847 ηεξ
2381 5777 2468 5829 illi.
2498 5786 2547 5826 Al
2576 5787 2677 5827 uss.
2700 5778 2900 5837 habent,
2922 5778 3061 5847 etilli
3092 5782 3333 5846 :scilicot,
3354 5782 3579 5847 spiritua-

1995 5844 2075 5895 les
2096 5844 2242 5892 Judaei
2270 5843 2350 5905 qui
2382 5848 2638 5892 servarunt
2661 5854 2845 5891 morem
2862 5846 3086 5907 patrium.

3626 298 3637 305 ν
