4070 6334
459 343 565 402 559

460 456 660 528 Dignus
681 463 752 508 est
776 453 1037 522 operarius
1064 450 1290 505 mercede
1321 466 1433 504 sua.
1469 449 1604 506 Nam
1647 450 1926 505 hinc‘eum
1955 446 2041 502 di-

459 564 608 614 cere,
639 546 768 600 illud
802 546 997 600 indicat
1023 543 1164 612 quod
1194 559 1352 612 supra
1374 544 1550 612 posuit
1581 562 1593 598 :
1629 543 1805 612 Neque
1833 543 1883 596 in
1905 556 2052 595 occa-

459 639 600 692 sione
621 635 914 705 cupiditatis
937 677 951 698 ,
976 633 1114 688 Deus
1151 635 1286 688 testis
1327 643 1420 688 est.
1446 634 1550 689 Per
1589 635 1690 689 hoc
1721 635 1865 691 enim
1909 631 2050 702 quod

458 728 580 799 jure
609 727 875 782 dominico
901 724 1194 780 debebatur
1221 725 1374 780 bonis
1401 727 1771 796 evangelistis,
1797 740 1898 778 non
1925 738 2049 792 pro-

461 828 585 888 pter
609 817 712 872 hoc
741 816 1254 885 evangelizantibus,
1287 817 1379 870 sed
1423 817 1784 886 quaerentibus
1827 829 2050 884 regnum

463 909 586 976 Dei,
617 917 675 962 ut
705 908 816 962 haec
838 908 1013 963 omnia
1034 917 1429 976 apponerentur
1455 909 1530 962 eis
1549 948 1564 972 ,
1597 906 1938 961 inveniebant
1965 903 2052 958 alii

465 1002 824 1068 occasionem,
872 1001 936 1056 de
971 1001 1162 1071 quibus
1211 999 1350 1054 idem
1377 1000 1541 1068 dicit,
1572 999 1752 1070 Neque
1789 1000 1922 1054 enim
1970 997 2055 1052 isti

467 1097 580 1150 Deo
601 1096 839 1157 serviunt,
871 1095 959 1148 sed
992 1110 1084 1147 suo
1124 1093 1282 1146 ventri
1321 1090 1504 1164 (Rom.
1533 1108 1625 1147 xvr
1649 1134 1664 1159 ,
1706 1093 1817 1162 18).
1855 1090 2055 1158 Quibus

467 1187 606 1240 hanc
630 1181 964 1241 occasionem
982 1193 1256 1253 amputare
1279 1183 1803 1254 volebatApoStolus,
1823 1180 2055 1236 utetiam

469 1276 612 1348 quod
633 1277 732 1331 sibi
771 1277 914 1345 juste
951 1275 1268 1340 debebatur,
1297 1276 1583 1331 omitteret.
1627 1277 1824 1345 Aperte
1862 1274 2057 1342 quippe

471 1368 574 1424 hoc
603 1369 716 1437 ipse
750 1367 982 1423 ostendit
1021 1367 1075 1420 in
1103 1365 1337 1422 secunda
1374 1366 1441 1420 ad
1479 1365 1814 1431 Corinthios,
1845 1364 1913 1418 ab
1939 1363 2057 1417 aliis

465 1459 725 1515 Ecclesiis
751 1460 1023 1529 suppletas
1049 1458 1232 1513 dicens
1261 1461 1607 1513 necessitates
1647 1473 1791 1512 suas.
1827 1455 2058 1511 Venerat

469 1554 636 1618 enim,
681 1553 814 1607 sicut
862 1560 1113 1620 apparet,
1141 1550 1207 1604 ad
1239 1559 1437 1604 tantam
1476 1549 1850 1618 indigentiam,
1889 1558 1948 1602 ut
1991 1547 2059 1602 de

469 1645 773 1716 longinquis
817 1644 1070 1699 Ecclesiis
1105 1644 1154 1698 ei
1197 1643 1497 1698 necessaria
1534 1643 1904 1706 mitterentur,
1932 1640 2057 1694 dum

470 1749 651 1795 tamen
695 1739 762 1794 ab
807 1739 884 1793 eis
930 1737 1070 1808 apud
1109 1751 1240 1807 quos
1267 1736 1418 1792 erat‘
1449 1735 1582 1790 nihil
1626 1735 1731 1789 tale
1769 1735 2056 1802 acciperet.

475 1831 742 1902 Numquid
773 1841 1052 1900 peccatum,
1082 1831 1270 1900 inquit,
1300 1829 1416 1898 feci,
1441 1846 1518 1882 me
1535 1829 1698 1898 ipsum
1723 1825 2058 1890 humiliando,

473 1937 529 1979 ut
560 1942 644 1979 vos
688 1924 1063 1991 exaltaremini,
1107 1923 1346 1993 quoniam
1382 1922 1539 1993 gratis
1588 1920 1921 1991 Evangelium
1969 1917 2061 1972 Dei

473 2016 811 2087 evangeliaavi
840 2016 1014 2068 vobis?
1035 2014 1176 2068 Alias
1207 2012 1464 2066 Ecclesias
1495 2011 1770 2081 exspoliari
1814 2009 2063 2077 accipiens

473 2110 778 2182 stipendium
823 2109 889 2161 ad
932 2117 1149 2162 vestram
1187 2105 1640 2170 ministrationem;
1687 2112 1730 2156 et
1769 2118 1881 2155 cum
1927 2099 2066 2170 apud

471 2218 561 2257 vos
592 2203 796 2272 fuissem
816 2211 861 2254 et
884 2215 1108 2270 egerem,
1139 2199 1324 2252 nemini
1354 2200 1518 2268 gravis
1547 2198 1642 2267 fui.
1675 2194 1813 2248 Nam
1848 2195 1902 2248 id
1930 2193 2066 2262 quod

480 2294 654 2348 deerat
683 2294 806 2344 mihi
839 2293 1238 2362 adimpleverunt
1285 2293 1470 2362 fratres
1499 2289 1582 2358 qui
1609 2297 1846 2341 venerunt
1876 2304 1906 2339 a
1944 2285 2065 2338 Ma-

475 2383 707 2450 cedonia,
741 2393 785 2436 et
815 2383 865 2435 in
897 2381 1127 2434 omnibus
1155 2381 1416 2451 ingravate
1442 2396 1519 2432 me
1543 2396 1596 2431 in
1622 2379 1758 2431 vobis
1788 2376 2062 2442 custodiri,

478 2484 523 2529 et
552 2476 852 2528 custodiam.
887 2471 980 2528 Est
1003 2475 1183 2527 veritas
1209 2471 1390 2525 Christi
1422 2471 1473 2523 in
1505 2487 1608 2534 me,
1631 2468 1748 2538 quia
1774 2467 1937 2538 gloria
1961 2467 2068 2520 lucc

480 2583 583 2620 non
607 2567 907 2635 infringetur
927 2566 978 2618 in
1007 2579 1082 2616 me
1107 2564 1158 2616 in
1183 2561 1469 2632 regionibus
1487 2559 1709 2612 Achaiae.
1729 2557 1930 2624 Quare?
1951 2556 2069 2625 quia

477 2675 581 2712 non
606 2674 690 2712 vos
715 2657 916 2728 diligo?
940 2655 1078 2708 Deus
1105 2654 1216 2707 scit.
1253 2651 1400 2719 Quod
1427 2661 1593 2703 autem
1617 2651 1748 2720 facio
1774 2658 1818 2700 et
1845 2647 2069 2717 facturus

476 2767 612 2816 sum,
647 2760 700 2803 ut
715 2758 971 2818 amputem
997 2746 1312 2800 occasionem
1341 2760 1510 2798 eorum
1532 2743 1617 2811 qui
1641 2739 1810 2794 volunt
1840 2738 2068 2792 occasio-

478 2857 612 2909 nem,
661 2852 716 2894 ut
767 2841 820 2893 in
850 2855 947 2908 quo
985 2836 1290 2909 gloriantur,
1338 2835 1657 2888 inveniantur
1706 2837 1837 2885 sicut
1888 2840 1933 2882 et
1978 2844 2068 2882 nos

479 2934 550 3005 (ll
572 2933 688 2989 Cor.
721 2948 794 2997 χι,
827 2929 1003 3000 7-12).
1035 2930 1109 2983 De
1147 2928 1246 2981 hac
1295 2927 1456 2996 igitur
1481 2923 1760 3008 occasione
1787 2936 1942 2992 quam
1985 2920 2072 2978 hic

483 3043 545 3082 se
569 3027 698 3082 dicit
723 3033 1019 3094 amputare,
1049 3021 1216 3076 voluit
1239 3019 1459 3089 intelligi
1487 3017 1626 3087 quod
1664 3017 1735 3070 ibi
1763 3016 1854 3082 ait,
1887 3013 2070 3084 Neque

479 3120 533 3174 in
554 3120 816 3175 occasione
836 3116 1148 3188 cupiditatis,
1178 3113 1312 3167 Deus
1341 3113 1479 3166 testis
1499 3121 1592 3166 est.
1620 3111 1687 3164 Et
1710 3108 1851 3180 quod
1882 3108 1966 3162 hic
1983 3107 2070 3161 di-

481 3214 573 3277 cit,
609 3212 694 3266 Me
716 3213 878 3283 ipsum
904 3205 1240 3270 humiliando,
1273 3215 1326 3258 ut
1357 3221 1441 3257 vos
1467 3202 1817 3256 exaltaremini
1838 3217 1857 3255 :
1887 3199 1988 3254 hoc
2017 3199 2070 3253 in

476 3308 652 3378 prima
682 3307 747 3359 ad
769 3303 986 3359 eosdem
1020 3299 1348 3362 Corinthios,
1378 3296 1568 3350 Factus
1591 3313 1702 3350 sum
1741 3295 1956 3364 inﬁrmis
1993 3295 2074 3376 in-

483 3402 694 3471 firmus;
725 3398 826 3452 hoc
857 3395 923 3450 ad
960 3393 1488 3456 Thessalonicenses,
1522 3389 1716 3443 Factus
1741 3405 1853 3442 sum
1890 3403 2073 3456 parvu-

485 3494 566 3548 lus
610 3493 662 3546 in
703 3490 866 3544 medio
904 3497 1154 3552 vestrum,
1181 3496 1422 3553 tanquam
1451 3485 1494 3536 si
1538 3483 1709 3536 nutrix
1747 3481 1910 3550 foveat
1941 3479 2074 3547 filios

485 3602 623 3640 suos.
653 3581 882 3637 Proinde
915 3577 1132 3633 attende
1162 3577 1438 3646 sequentia
1465 3593 1476 3628 :
1508 3573 1613 3639 Ita,
1648 3573 1841 3642 inquit,
1873 3571 2073 3624 deside-

484 3687 655 3731 rantes
676 3692 781 3740 vos,
807 3671 971 3742 placet
996 3671 1252 3737 impertire
1277 3669 1413 3722 vobis
1435 3684 1536 3720 non
1559 3667 1721 3720 solunt
1745 3664 2074 3732 Evangelium

485 3768 602 3833 Dei,
632 3782 800 3819 verum
826 3764 976 3816 etiam
1015 3762 1213 3813 animos
1251 3769 1452 3812 nostras
1481 3773 1501 3820 ;
1528 3758 1767 3826 quoniam
1793 3755 2074 3808 charissimi

486 3858 630 3912 nobis
664 3856 787 3928 facti
822 3855 959 3908 estis.
995 3849 1356 3906 Itecardamini
1394 3848 1526 3900 enim
1552 3889 1566 3911 ,
1601 3850 1784 3917 fratres
1807 3886 1820 3909 ,
1857 3845 2076 3898 laborem

487 3961 712 4005 nostrum
742 3958 787 4002 et
811 3961 1122 4010 (erumnam,
1156 3952 1299 3996 nocte
1317 3951 1362 3994 et
1401 3940 1482 3994 die
1515 3948 1798 4010 operanles,
1833 3954 1894 3990 ne
1931 3953 2075 4006 quem

488 4051 703 4096 vestrum
730 4053 1054 4109 gratutremus
1081 4034 1099 4103 (
1124 4033 1143 4087 1
1174 4031 1347 4086 Thess.
1372 4049 1428 4096 ιι,
1461 4032 1514 4096 8,
1539 4030 1620 4100 9).
1655 4030 1766 4082 Hoc
1805 4027 1946 4082 enim
1989 4043 2078 4081 su-

493 4135 671 4203 perius
701 4133 792 4192 ait,
831 4127 953 4182 Cum
999 4141 1254 4197 possemus
1293 4122 1434 4176 oneri
1465 4121 1600 4174 vobis
1639 4117 1776 4184 esse,
1811 4130 1865 4172 ut
1893 4119 2078 4173 Christi

492 4223 742 4296 Apostoli.
767 4221 1104 4275 lulirtnorum
1133 4217 1290 4286 igitur
1316 4213 1562 4283 periculis
1587 4254 1603 4279 ,
1635 4229 1699 4266 ne
1731 4211 1878 4265 falsis
1903 4212 2078 4281 suspi-

494 4316 735 4374 cionibus
783 4312 959 4382 agitati
1009 4309 1246 4362 odissent
1289 4309 1438 4376 quasi
1484 4306 1669 4358 venale
1706 4303 2076 4372 Evangelium,

497 4424 744 4478 tanquam
772 4403 1003 4475 paternis
1027 4400 1384 4468 maternisque
1410 4398 1700 4452 visceribus
1741 4396 2080 4452 tren'lel'actns

496 4502 600 4555 hoc
622 4498 762 4552 fecit.
789 4496 879 4550 Sic
904 4494 1064 4548 etiam
1091 4493 1143 4545 in
1169 4490 1385 4546 Actibus
1414 4489 1788 4558 Apostolorum
1827 4487 1966 4542 idem
1998 4489 2081 4542 lo-

497 4595 696 4665 quitur,
725 4606 844 4645 cum
876 4604 905 4642 a
937 4587 1115 4642 Mileto
1144 4585 1362 4638 mittens
1387 4583 1654 4652 Ephesum
1684 4590 1929 4636 vocasset
1959 4579 2083 4635 inde

498 4685 842 4755 presbyteros
869 4675 1138 4742 Ecclesiae,
1170 4673 1363 4744 quibus
1389 4674 1526 4728 inter
1542 4673 1703 4726 multa
1741 4691 1753 4726 :
1783 4672 2081 4741 Argentum,

507 4775 688 4846 inquit,
715 4782 760 4826 et
797 4785 979 4824 aurum
1004 4767 1080 4821 vel
1107 4776 1288 4820 vestem
1319 4764 1510 4818 nullius
1543 4764 1830 4834 concupiui,
1858 4764 1956 4832 ipsi
1987 4761 2085 4816 sci-

500 4870 602 4932 tis;
643 4863 880 4935 quoniam
921 4858 1292 4914 necessitatibus
1319 4857 1440 4909 meis
1480 4865 1524 4908 et
1560 4871 1732 4908 eorum
1769 4854 1853 4923 qui
1888 4868 2084 4906 mecum

502 4961 726 5029 fuerunt,
751 4954 830 5007 ha:
847 4968 1024 5005 manus
1053 4949 1332 5004 servierint.
1359 4945 1543 5001 Omnia
1571 4944 1763 4999 ostendi
1791 4943 1944 5006 vobis,
1968 4957 2087 5011 qum

502 5051 641 5104 niam
683 5047 754 5101 sic
783 5046 1065 5099 laborantes
1107 5050 1302 5112 oportet
1337 5041 1520 5111 juvare
1550 5038 1780 5105 inﬁrmos
1801 5077 1813 5097 ,
1843 5050 2086 5088 memores

499 5145 652 5199 etiam
691 5140 950 5194 verborum
982 5135 1186 5190 Domini
1213 5133 1244 5186 J
1252 5149 1337 5186 esu
1356 5175 1367 5194 ,
1395 5132 1512 5201 quia
1538 5131 1645 5199 ipse
1684 5129 1811 5200 dixit
1839 5143 1858 5180 :
1883 5126 2088 5180 Beatius

501 5250 573 5293 est
598 5237 755 5306 magis
777 5235 898 5288 dare
923 5248 1075 5302 qttam
1094 5230 1321 5299 accipere
1347 5227 1482 5296 (Act.
1515 5241 1603 5288 xx,
1627 5221 1839 5291 53-35).

575 5327 802 5384 CAPUT
840 5324 1065 5380 Xlll.—
1095 5324 1179 5376 M.
1217 5319 1362 5388 Quod
1393 5327 1497 5372 erat
1519 5333 1644 5386 opus
1670 5313 1932 5384 corporale
1961 5314 2092 5382 Apo—

505 5423 643 5475 stoli.
680 5419 846 5486 Opera
872 5418 1080 5470 honesta
1105 5415 1170 5467 ad
1205 5415 1386 5466 rictum
1413 5407 1832 5477 comparandum.
1866 5406 1958 5459 llic
1983 5405 2092 5459 for—

511 5524 652 5568 tasse
697 5511 885 5579 aliquis
927 5510 1068 5562 dicat
1112 5504 1231 5561 {Si
1275 5503 1549 5573 corporale
1594 5517 1725 5566 Opus
1775 5498 2094 5567 operabatur

511 5602 816 5674 Apostolus,
864 5600 1004 5654 unde
1042 5599 1203 5652 vitam
1235 5598 1390 5650 istam
1418 5600 1772 5654 sustentaret;
1803 5587 1942 5659 quod
1979 5594 2097 5642 erat

507 5698 684 5767 ipsum
716 5707 870 5762 opus,
900 5701 956 5746 et
981 5690 1194 5760 quando
1218 5690 1266 5742 ei
1288 5688 1511 5762 vacabat
1535 5695 1589 5760 et
1615 5683 1821 5754 operari
1850 5692 1904 5737 et
1923 5681 2097 5737 Evan-

571 5809 591 5840 ³
627 5805 822 5866 Quidam
846 5811 968 5859 Mss,
987 5799 1298 5872 prwdicabat.

1405 333 1490 389 DE
1527 331 1755 390 OPERE
1793 329 2292 400 MONACHORUM,
2332 331 2388 389 S.
2431 332 2799 390 AUGUSTI-Nl

3639 336 3742 394 560

2158 448 2352 518 gelium
2384 450 2707 518 praedicare?
2733 448 2826 504 Cui
2867 449 3166 519 respondeo
3191 467 3202 502 :
3225 449 3354 505 Puta
3371 466 3458 505 me
3485 453 3694 506 nescire
3721 463 3740 514 ς

2157 541 2506 609 corporaliter
2535 549 2708 595 tamen
2747 552 3024 612 operatum
3055 557 3204 608 esse,
3238 552 3290 595 et
3332 543 3454 596 inde
3497 545 3551 596 in
3579 558 3742 600 carne

2159 633 2385 700 vixisse,
2419 651 2522 688 non
2570 644 2748 688 autem
2787 650 2940 689 usmn
2993 644 3258 706 potestate
3282 650 3439 704 quam
3476 635 3736 691 Dominus

2159 724 2432 792 Apostolis
2483 723 2738 792 dederat,
2789 736 2847 780 ut
2893 726 3240 795 Evangelium
3312 727 3630 780 annuntians
3679 727 3749 782 de

2163 813 2450 884 Evangelio
2476 817 2696 882 viveret,
2744 832 2805 871 ea
2834 833 2952 887 quae
2980 832 3139 886 supra
3162 817 3300 871 dicta
3332 827 3456 871 sum
3500 819 3616 872 sine
3641 819 3748 873 ulla

2163 905 2490 961 dubitatione
2527 916 2809 962 testantur.
2861 907 3046 979 Neque
3071 909 3215 963 enim
3256 917 3348 962 aut
3380 926 3488 963 uno
3512 909 3632 964 loco
3658 917 3753 965 aut

2162 997 2396 1054 breviter
2416 1000 2613 1054 dictum
2639 1013 2741 1066 est,
2773 1011 2828 1056 ut
2859 1004 3025 1072 possit
3051 1002 3282 1070 cujusvis
3305 1003 3616 1057 astutissimi
3643 1013 3753 1057 ter-

2160 1091 2514 1161 giversatione
2540 1094 2593 1147 in
2621 1094 2779 1148 aliam
2801 1093 3006 1149 traduci
3030 1095 3372 1166 pervertique
3399 1095 3748 1149 sententiam.

2161 1183 2294 1239 Cum
2329 1185 2484 1254 igitur
2508 1194 2667 1240 tanta:
2707 1187 3035 1242 auctoritatis
3067 1196 3173 1240 tam
3206 1187 3413 1257 magnis
3455 1195 3509 1241 et
3547 1187 3757 1242 crebris

2171 1277 2402 1331 molibus
2428 1278 2905 1333 contradicentium
2946 1288 3252 1333 conteratur
3275 1279 3600 1342 adversitas;
3627 1279 3759 1348 quid

2163 1382 2193 1420 a
2222 1383 2306 1422 me
2331 1379 2596 1441 quptruut,
2623 1371 2702 1423 vel
2730 1370 2884 1439 quale
2909 1384 3042 1438 opus
3065 1370 3290 1424 iaciebat
3326 1371 3410 1424 vel
3433 1369 3648 1441 quando
3677 1369 3763 1424 l'a-

2163 1387 2193 1420 a
2222 1387 2306 1422 me
2331 1387 2416 1438 qtr
2439 1387 2596 1436 :ruut,
2623 1387 2702 1423 vei
2730 1387 2884 1439 quate
2909 1387 3042 1438 opus
3065 1387 3290 1424 iaciebat
3326 1387 3410 1424 vet
3433 1387 3648 1441 quanuo
3677 1387 3762 1424 Ia-

2163 1387 2576 1552 ciebat'i/{Juum
2605 1462 2737 1530 scio,
2766 1463 2887 1531 quia
2911 1477 3009 1517 nec
3038 1464 3175 1517 furta
3197 1461 3443 1529 faciebat,
3479 1478 3578 1517 nec
3598 1461 3762 1517 eﬂ'ra-

2165 1558 2282 1605 ctor
2309 1561 2398 1605 aut
2432 1552 2570 1606 latro
2601 1564 2737 1619 erat,
2776 1569 2877 1608 nec
2915 1554 3116 1622 auriga,
3153 1564 3246 1608 aut
3275 1564 3518 1620 venator,
3547 1564 3642 1608 aut
3670 1554 3759 1608 hi-

2165 1643 2316 1710 strio,
2350 1659 2448 1698 nec
2476 1645 2796 1713 turpilucrus
2821 1663 2832 1698 :
2861 1645 2956 1699 sed
2981 1646 3294 1700 innocenter
3317 1655 3370 1700 et
3391 1647 3616 1701 honeste
3637 1661 3763 1715 qua:

2166 1747 2287 1805 apta
2317 1747 2439 1791 sunt
2466 1737 2710 1792 humanis
2739 1739 2922 1792 usibus
2953 1738 3305 1806 operabatur;
3333 1738 3469 1793 sicut
3511 1753 3630 1792 sese
3664 1738 3762 1791 ha-

2169 1827 2294 1882 bent
2333 1844 2494 1898 opera
2523 1829 2792 1883 fabrorum
2813 1871 2828 1895 ,
2853 1840 3198 1897 structorum,
3227 1841 3489 1894 sutorum,
3523 1831 3762 1884 rustico-

2167 1933 2304 1982 rum,
2334 1928 2385 1974 et
2413 1920 2494 1972 his
2519 1920 2730 1975 similia.
2761 1919 2944 1990 Neque
2972 1921 3114 1976 enim
3144 1921 3394 1976 honestas
3426 1923 3538 1989 ipsa
3572 1936 3762 1990 reprc-

2171 2009 2372 2075 hendit,
2402 2011 2541 2080 quod
2572 2009 2916 2081 reprehendit
2943 2012 3190 2080 superbia
3217 2027 3400 2065 eorum
3428 2011 3518 2079 qui
3543 2010 3762 2064 honesti

2170 2103 2348 2156 vocari
2378 2113 2587 2169 amant,
2618 2104 2709 2158 sed
2741 2120 2858 2158 esse
2893 2119 2999 2158 non
3033 2114 3232 2158 amant.
3265 2103 3380 2158 Non
3414 2104 3576 2173 igitur
3603 2102 3763 2157 dedi-

2171 2203 2427 2264 gnaretur
2465 2195 2752 2262 Apostolus
2773 2195 2884 2250 sive
2915 2196 3238 2250 rusticaumn
3265 2211 3398 2263 Opus
3421 2195 3634 2263 aliquod
3664 2210 3732 2264 ag
3751 2224 3766 2236 -

2171 2284 2340 2352 gredi,
2375 2285 2486 2338 sive
2519 2286 2569 2338 iu
2600 2285 2848 2354 opilicum
2891 2286 3071 2340 labore
3103 2288 3324 2340 versari.
3355 2285 3456 2352 Qui
3487 2286 3628 2340 enim
3659 2287 3759 2349 ait,

2173 2376 2299 2430 Sine
2327 2375 2603 2442 o/fensione
2639 2388 2794 2432 estote
2829 2378 3047 2444 ludatis,
3079 2391 3125 2432 et
3156 2378 3348 2433 Graecis
3379 2424 3392 2443 ,
3429 2389 3472 2431 et
3515 2377 3768 2432 Ecclesia!

2172 2467 2270 2523 Dei
2301 2469 2341 2542 (Ι
2367 2468 2485 2524 Cur.
2513 2486 2568 2535 κ,
2599 2470 2712 2539 52),
2743 2487 2876 2540 quos
2897 2471 2951 2524 in
2986 2471 3085 2525 hac
3119 2487 3280 2526 causa
3312 2471 3545 2525 revereri
3579 2479 3768 2539 posset

2173 2561 2380 2630 ignoro.
2414 2563 2466 2616 Si
2496 2562 2710 2618 Jutheos
2741 2563 3002 2630 dixerint;
3033 2564 3358 2618 Patriarclne
3383 2579 3573 2633 pecora
3602 2580 3768 2633 [lave-

2174 2665 2297 2709 runt
2324 2673 2338 2708 :
2369 2658 2411 2709 si
2433 2656 2671 2723 Graecos,
2701 2673 2836 2727 quos
2865 2659 3024 2712 etiam
3047 2658 3290 2728 Paganos
3320 2658 3578 2721 dicimus;
3597 2657 3766 2712 etiam

2175 2748 2524 2819 philosophos
2558 2750 2780 2804 multum
2812 2751 2912 2806 sibi
2942 2751 3286 2805 honorabiles
3318 2761 3532 2805 sutores
3561 2751 3768 2805 habue-

2174 2848 2299 2893 runt
2327 2859 2340 2894 :
2370 2841 2412 2894 si
2441 2841 2733 2895 Ecclesium
2766 2842 2892 2908 Dei;
2924 2842 3084 2897 homo
3113 2844 3200 2896 ille
3223 2843 3399 2912 justus
3430 2853 3482 2898 et
3512 2844 3576 2920 ad
3605 2844 3762 2898 testi-

2176 2932 2410 2986 monium
2438 2933 2732 3002 cunjngalis
2771 2949 2985 3004 semper
3015 2950 3281 2990 mansurae
3306 2936 3626 3006 virginitatis
3654 2935 3772 2990 ele-

2175 3032 2318 3088 ctus,
2363 3025 2448 3079 cui
2477 3024 2798 3092 desponsata
2839 3035 2955 3079 erat
2994 3027 3145 3096 virgo
3172 3027 3352 3090 Maria,
3398 3044 3516 3094 qua:
3558 3028 3774 3095 peperit

2175 3114 2463 3181 Christum,
2493 3115 2642 3170 faber
2670 3115 2769 3170 fuit
2795 3117 3010 3186 (Matth.
3042 3099 3160 3183 aut,
3188 3119 3301 3188 55).
3333 3119 3597 3188 Quidquid
3627 3136 3772 3187 ergo

2177 3207 2368 3262 horum
2399 3224 2518 3262 cum
2559 3209 2858 3264 innocentia
2897 3220 2951 3264 et
2997 3211 3111 3264 sine
3148 3211 3331 3265 fraude
3359 3212 3604 3266 homines
3631 3226 3772 3282 ope-

2177 3311 2393 3368 rantur,
2422 3301 2619 3356 homnn
2650 3311 2750 3356 est.
2784 3302 2917 3356 Nam
2950 3313 3218 3371 praecavet
3258 3304 3359 3358 hoc
3385 3312 3440 3358 et
3481 3305 3594 3371 ipse
3624 3306 3777 3373 Apo-

2178 3394 2364 3459 stolus,
2395 3409 2460 3447 ne
2489 3396 2766 3464 quisquam
2794 3409 2859 3449 ex
2895 3395 3218 3449 necessitate
3248 3397 3612 3450 sustentanda:
3643 3395 3774 3450 vita:

2179 3487 2230 3540 in
2262 3486 2398 3539 mala
2439 3501 2600 3555 opera
2643 3486 2926 3541 dilabatur.
2961 3487 3058 3553 Qui
3095 3488 3385 3557 furabatur,
3431 3487 3632 3555 inquit,
3651 3485 3774 3554 jam

2179 3595 2279 3632 non
2300 3583 2498 3648 furetur
2525 3595 2543 3632 :
2567 3578 2728 3648 magis
2752 3589 2920 3632 autem
2954 3577 3144 3631 laboret
3171 3579 3403 3632 manibus
3428 3579 3532 3631 suis
3557 3578 3770 3645 bonum,

2180 3679 2233 3722 ut
2263 3670 2442 3722 habeat
2484 3669 2617 3722 unde
2659 3669 2876 3722 tribuere
2912 3669 2995 3722 cui
3031 3685 3159 3736 opus
3194 3680 3264 3722 est
3299 3669 3512 3738 (Ephes.
3547 3685 3619 3734 Iv,
3646 3667 3772 3740 28).

2179 3759 2292 3814 Hoc
2315 3775 2443 3829 ergo
2474 3761 2611 3814 scire
2641 3759 2838 3815 sufﬁcit
2859 3799 2872 3824 ,
2900 3761 3020 3828 quia
3051 3768 3105 3814 et
3144 3760 3197 3813 in
3231 3761 3345 3828 ipso
3371 3775 3532 3828 opere
3573 3775 3774 3830 corpo-

2181 3852 2277 3904 rali
2301 3851 2349 3904 id
2380 3851 2521 3920 quod
2548 3853 2741 3905 bonum
2767 3862 2849 3906 est
2877 3851 3196 3919 Operabatur
3222 3852 3531 3922 Apostolus.

2250 3944 2477 4000 CAPUT
2507 3944 2648 3998 XIV.
2676 3945 2856 4000 -15.
2890 3943 3108 4010 Quando
3136 3944 3314 3999 soleret
3351 3944 3622 4015 Apostolus
3647 3960 3779 4014 ape-

2180 4038 2303 4090 rari.
2331 4037 2698 4091 Monac/torum
2720 4038 2899 4090 otium.
2923 4036 3147 4104 Quando
3173 4046 3348 4091 autem
3369 4036 3563 4090 soleret
3582 4052 3782 4104 opera-

2183 4129 2247 4194 ri,
2273 4129 2322 4181 id
2345 4138 2444 4194 est,
2469 4129 2662 4196 quibus
2685 4137 2980 4196 temporum
3005 4127 3208 4196 spatiis,
3234 4141 3300 4180 ne
3321 4127 3388 4178 ab
3411 4125 3781 4194 evangelizan-

2183 4219 2250 4272 do
2269 4219 2634 4288 impediretur,
2658 4218 2777 4286 quis
2800 4217 2966 4287 possit
2984 4217 3440 4285 comprehendere
3455 4218 3477 4268 ἲ
3494 4217 3635 4270 Sane
3649 4216 3780 4284 quia

2183 4321 2236 4365 et
2265 4311 2468 4364 diurnis
2496 4318 2551 4362 et
2573 4310 2846 4363 nocturnis
2875 4308 3019 4361 horis
3047 4309 3385 4377 operabatur,
3418 4310 3530 4377 ipse
3558 4323 3662 4362 non
3691 4317 3780 4360 ta-

2183 4405 2292 4458 cuit
2320 4401 2360 4475 (I
2385 4401 2559 4455 Thess.
2587 4418 2645 4466 ιι,
2665 4403 2720 4464 9,
2740 4412 2786 4455 et
2812 4401 2852 4456 ιι
2877 4401 3051 4455 Thess.
3075 4418 3150 4468 ιιι,
3171 4402 3244 4470 8).
3269 4401 3645 4456 Verumtamen
3663 4402 3780 4467 isti,

2185 4497 2274 4566 qui
2298 4507 2546 4566 tanquam
2563 4498 2789 4552 multum
2807 4497 3064 4566 negotiosi
3093 4506 3148 4551 et
3175 4496 3414 4565 occupati
3443 4495 3509 4550 de
3536 4504 3783 4564 tempore

2187 4587 2511 4658 operationis
2533 4588 2824 4658 inquirunt,
2843 4587 2966 4657 quid
2987 4586 3184 4656 agunt?
3210 4585 3475 4656 Numquid
3492 4585 3588 4655 ipsi
3609 4585 3678 4639 ab
3696 4585 3788 4641 Jo-

2188 4681 2416 4736 rusaiem
2440 4697 2534 4751 per
2553 4681 2831 4736 circuitum
2855 4694 3024 4748 usque
3043 4679 3106 4732 ad
3129 4677 3394 4747 lllyricnm
3417 4685 3586 4731 terras
3605 4676 3788 4730 Evan-

2188 4777 2327 4846 gelio
2361 4774 2742 4844 repleverunt?
2771 4781 2862 4826 aut
2887 4771 3141 4842 quidquid
3165 4770 3400 4839 gentium
3431 4769 3785 4823 barbararum

2191 4867 2448 4923 remansit
2466 4865 2640 4920 adhuc
2658 4863 2962 4918 obeundum
2993 4873 3047 4917 et
3072 4861 3400 4930 implendum
3427 4859 3494 4914 de
3521 4874 3652 4930 pace
3678 4859 3788 4914 Ec-

2191 4959 2366 5014 clesia:
2397 4954 2789 5025 susceperunt?
2817 4954 3071 5008 Novimus
3101 4970 3194 5008 eos
3249 4954 3298 5007 in
3339 4953 3622 5023 quamdam
3652 4966 3787 5006 san-

2193 5059 2330 5104 ctam
2363 5051 2670 5102 societatem
2700 5045 3021 5100 otiosissime
3071 5055 3442 5115 congregatos.
3489 5043 3787 5098 Mirandum

2194 5157 2308 5195 rem
2337 5138 2460 5194 fecit
2485 5138 2789 5206 Apostolus,
2814 5137 2905 5206 qui
2935 5151 3123 5191 revera
3147 5137 3198 5190 in
3233 5147 3376 5190 tanta
3424 5135 3790 5190 sollicitudine

2195 5232 2432 5287 omnium
2465 5229 2847 5295 Ecclesiarum,
2873 5237 2928 5283 et
2956 5237 3367 5298 propagatarum
3399 5236 3456 5282 et
3484 5241 3791 5296 propagan-

2196 5322 2403 5386 darum,
2443 5321 2508 5374 ad
2564 5320 2679 5390 ejus
2731 5335 2914 5374 curam
2965 5319 3311 5389 laboremque
3366 5320 3786 5388 pertinentium,

2198 5416 2358 5470 etiam
2403 5413 2646 5467 manibus
2689 5413 3006 5482 operabatur
3034 5430 3047 5466 :
3071 5422 3350 5482 propterea
3384 5422 3560 5466 tamen
3594 5453 3608 5475 ,
3663 5426 3791 5466 cum

2199 5507 2336 5575 apud
2365 5503 2670 5559 Corinthios
2697 5513 2840 5559 esset
2867 5513 3157 5574 eiegeret,
3205 5503 3404 5558 nemini
3448 5501 3664 5573 quidem
3691 5518 3796 5558 eo~

2202 5614 2317 5652 rum
2333 5598 2468 5666 apud
2497 5612 2630 5666 quos
2656 5606 2790 5662 erat,
2817 5611 2992 5666 gravns
3021 5595 3148 5661 fuit;
3173 5594 3267 5649 sed
3319 5594 3476 5663 plane
3516 5593 3658 5663 quod
3719 5595 3800 5650 illi

2205 5689 2411 5752 deerat,
2453 5690 2832 5756 suppleverunt
2867 5696 3059 5743 tratres
3101 5686 3192 5756 qui
3225 5694 3485 5742 venerunt
3523 5700 3588 5740 ex
3619 5684 3803 5741 Macc-

2206 5782 2361 5836 donia
2389 5780 2464 5852 (ll
2491 5779 2607 5834 Cor.
2641 5795 2718 5846 ιιι,
2741 5779 2819 5850 9).

3333 5871 3416 5904 .f
