4070 6334
251 377 340 440 ω,
1669 369 1870 429 LIBER
1909 371 2105 431 unus.

313 496 543 552 CAPUT
580 495 697 554 XV.
726 523 795 535 -—-
816 494 904 550 16.
927 493 1123 548 Paulus
1166 493 1462 565 prtecipiens
1493 495 1696 562 operari
1723 510 1830 546 ser-

249 607 326 643 sos
359 587 469 652 Dei,
501 606 603 642 non
628 588 731 641 vult
763 597 928 641 tamen
957 603 1130 640 eorum
1178 587 1496 639 necessitates
1549 585 1714 636 minus
1742 601 1832 636 cn-

248 686 349 737 rari
379 701 410 735 a
437 683 693 750 ﬁdelibus.
715 679 884 735 Labor
927 682 1078 735 servis
1121 679 1217 732 Dei
1246 679 1502 749 eligendus
1550 678 1633 743 qui
1663 677 1834 729 (mimo

249 777 398 829 libero
425 784 742 835 exerceatur,
772 774 879 826 sine
906 788 1030 825 cura
1052 780 1096 824 et
1120 771 1414 839 cupiditate.
1459 768 1587 822 Nam
1642 777 1694 821 et
1722 768 1834 835 ipse

249 875 464 939 propter
493 864 755 936 ejusmodi
803 864 1152 918 necessitates
1181 869 1506 921 sanctorum,
1535 860 1621 928 qui
1645 872 1834 928 quam-

248 961 323 1014 vis
373 958 652 1028 praeceptis
689 956 806 1024 ejus
840 956 1231 1024 obtemperent,
1257 962 1313 1006 ut
1337 967 1455 1006 cum
1475 950 1686 1004 silentio
1710 963 1839 1018 ope-

247 1060 418 1107 mntes
444 1065 599 1103 suum
625 1064 812 1117 panem
840 1046 1179 1112 manducent,
1207 1053 1428 1114 possunt
1457 1051 1630 1096 tamen
1655 1040 1838 1094 multis

247 1160 310 1199 ex
337 1142 516 1197 causis
548 1141 782 1209 indigere
809 1140 1180 1207 supplemento
1213 1137 1390 1206 aliquo
1417 1135 1600 1189 talium
1628 1143 1836 1187 susten-

250 1237 530 1296 talionum,
561 1248 679 1286 cum
707 1232 927 1285 dixisset
977 1229 1096 1282 talia
1144 1229 1342 1282 docens
1375 1237 1429 1282 et
1454 1239 1786 1296 prtcmonens
1818 1265 1834 1291 ,

249 1327 342 1381 His
370 1336 539 1378 autent
565 1323 650 1392 qui
677 1321 922 1393 ejusmodi
944 1330 1080 1384 sunt,
1108 1319 1427 1388 prtecipimus
1455 1326 1500 1369 et
1526 1317 1838 1369 obsecramus

246 1422 294 1473 in
321 1417 547 1472 Domino
575 1415 605 1468 ,Ι
613 1433 697 1468 esu
719 1413 936 1476 Christo,
969 1421 1018 1464 ut
1047 1427 1159 1464 cum
1184 1410 1380 1463 silentio
1411 1416 1670 1478 operantes
1693 1421 1838 1458 suum

253 1528 428 1582 panem
447 1508 782 1567 manducent;
815 1521 880 1558 nc
909 1505 982 1558 illi
1007 1503 1095 1572 qui
1129 1501 1393 1555 habebant
1421 1500 1562 1554 unde
1593 1514 1837 1553 necessa-

251 1604 320 1656 ria
354 1601 526 1654 servis
553 1600 643 1652 Dei
675 1598 992 1666 przeherent,
1014 1595 1112 1648 hac
1138 1592 1419 1648 occasione
1449 1591 1835 1661 pigresccrcnt,

251 1697 539 1765 providens
567 1695 820 1748 continuo
850 1692 1092 1761 subjecit,
1131 1689 1226 1743 Vos
1254 1697 1437 1751 autem,
1463 1693 1643 1759 fratres
1676 1729 1691 1752 ,
1745 1703 1839 1740 no-

250 1790 329 1840 lite
349 1787 602 1856 inﬁrmari
626 1784 984 1854 benefacientes
1017 1779 1290 1853 (llThess.
1319 1795 1395 1844 ιιι,
1427 1781 1506 1844 12,
1534 1779 1645 1848 15).
1681 1779 1743 1831 Et
1775 1777 1840 1830 ad

249 1882 419 1935 Titum
448 1896 571 1935 cum
599 1879 880 1944 scriberet,
917 1877 1120 1940 dicens,
1171 1872 1361 1928 Zenam
1411 1872 1749 1942 legisperitum
1796 1878 1844 1924 et

252 1974 429 2042 Apollo
449 1973 664 2026 sollicite
689 1971 953 2040 prtemitte,
981 1977 1036 2020 ut
1063 1966 1191 2020 nihil
1234 1965 1336 2019 illis
1389 1965 1550 2028 desit;
1579 1972 1635 2016 ut
1663 1972 1845 2018 osten-

254 2065 397 2119 deret
424 2064 566 2118 unde
596 2063 700 2116 illis
723 2061 854 2115 nihil
881 2060 1071 2114 deesse
1095 2057 1338 2120 deberet,
1359 2057 1611 2110 continuo
1632 2054 1846 2123 subjun-

251 2159 344 2221 xit,
377 2155 592 2208 Discant
610 2163 780 2228 gutem
810 2161 856 2205 et
885 2152 1040 2204 nostri
1062 2150 1204 2202 bonis
1231 2147 1464 2217 operibus
1516 2162 1730 2213 praeesse
1777 2145 1846 2197 ad

255 2249 560 2302 necessarios
591 2263 731 2310 usus,
765 2260 826 2298 ne
853 2245 952 2296 sint
973 2241 1272 2310 infructuosi
1322 2238 1461 2307 (Tit.
1494 2254 1569 2302 III,
1609 2238 1694 2302 15,
1730 2237 1843 2304 ll).

253 2340 591 2395 Timmhenm
621 2337 804 2404 etiam,
832 2351 990 2407 quem
1009 2335 1135 2388 dicit
1163 2332 1628 2402 germanissimum
1659 2329 1843 2396 ﬁlium,

253 2432 506 2502 quoniam
542 2429 747 2486 sciebat
784 2441 1008 2496 corpore
1052 2425 1320 2479 inﬁrmum
1347 2466 1361 2488 ,
1391 2424 1526 2475 sicut
1580 2419 1844 2487 ostendit,

258 2538 482 2576 monens
505 2537 631 2575 cum
655 2535 721 2574 ne
759 2534 947 2588 aquam
974 2517 1200 2582 biberet,
1228 2515 1321 2569 scd
1348 2514 1555 2568 modico
1582 2513 1704 2566 vino
1731 2521 1847 2566 nte-

254 2624 416 2678 retur,
449 2620 669 2681 propter
693 2608 1030 2663 stomachum
1057 2617 1113 2661 et
1140 2607 1446 2674 frequentes
1475 2617 1596 2659 suas
1628 2601 1850 2657 inﬁrmi-

256 2715 388 2760 tates
413 2707 432 2772 (
455 2705 473 2758 l
497 2703 636 2757 Tim.
670 2719 724 2769 v,
747 2703 840 2770 25)
861 2719 874 2764 ;
897 2701 1018 2770 quia
1041 2700 1094 2754 in
1121 2714 1285 2767 opere
1307 2696 1570 2765 corporali
1597 2695 1849 2749 laborare

256 2813 362 2851 non
381 2805 614 2866 poterat,
645 2812 712 2848 ne
736 2794 870 2847 forte
899 2808 1018 2845 cum
1047 2791 1283 2861 indigere
1308 2789 1471 2843 nollet
1492 2789 1630 2841 victu
1670 2785 1847 2858 quoti-

256 2890 412 2943 diano
436 2890 506 2940 ab
534 2888 614 2941 eis
639 2886 830 2955 quibus
863 2883 1203 2953 Erangelium
1235 2881 1566 2935 ministrabat
1591 2881 1631 2942 ί,
1672 2881 1848 2948 aliqua

257 2982 357 3035 sibi
388 2980 604 3049 negotia
630 2986 916 3048 quaereret,
937 2978 1128 3046 quibus
1151 2975 1312 3028 animi
1333 2974 1448 3042 ejus
1481 2973 1851 3042 implicaretur

259 3073 488 3126 intentio
519 3069 695 3141 (aliud
727 3078 808 3122 est
827 3069 968 3123 enim
1003 3082 1227 3135 corpore
1254 3065 1495 3118 laborare
1521 3065 1697 3117 animo
1719 3062 1849 3116 libe-

258 3179 343 3228 ro,
368 3165 502 3218 sicut
525 3162 722 3232 opifex,
751 3162 794 3215 si
825 3175 930 3215 non
960 3161 1029 3214 sit
1054 3158 1420 3212 fraudulentus
1439 3166 1491 3211 et
1521 3171 1712 3209 avarus
1747 3195 1760 3218 ,
1794 3161 1850 3208 et

259 3255 478 3324 privata:
507 3254 583 3306 rei
607 3253 824 3315 avidus;
855 3249 996 3304 aliud
1016 3257 1193 3303 autem
1226 3248 1398 3316 ipsum
1428 3247 1664 3299 animum
1692 3259 1851 3299 occu-

259 3361 386 3416 pare
413 3346 560 3400 curis
583 3341 896 3412 colligendze
923 3341 1041 3396 sine
1080 3339 1323 3408 corporis
1356 3338 1532 3391 labore
1563 3336 1800 3406 pecunia:
1831 3377 1847 3403 ,

257 3438 395 3491 sicut
417 3444 544 3490 sunt
567 3434 651 3489 vel
679 3433 1058 3503 negotiatores,
1089 3431 1174 3485 vel
1208 3437 1600 3500 procuratores,
1620 3428 1700 3482 vel
1723 3443 1852 3482 con-

261 3526 516 3580 ductores
542 3545 556 3578 :
583 3539 708 3578 cura
731 3524 872 3577 enim
907 3528 1161 3592 praesunt,
1191 3535 1296 3574 non
1347 3519 1590 3574 manibus
1619 3533 1849 3586 Operan-

261 3627 365 3680 tur,
391 3617 622 3685 ideoque
649 3616 821 3684 ipsum
849 3613 1084 3667 animum
1117 3626 1273 3665 suum
1316 3618 1576 3679 occupant
1623 3607 1851 3662 habendi

259 3706 620 3763 sollicitudine
645 3704 663 3776 )
691 3721 706 3757 :
735 3702 1073 3759 Timotheum
1100 3715 1227 3771 ergo
1247 3739 1262 3766 ,
1291 3715 1360 3754 ne
1395 3699 1447 3752 in
1481 3699 1602 3752 talia
1656 3697 1853 3751 incide-

260 3813 362 3868 ret,
393 3803 517 3874 quia
548 3816 642 3872 per
662 3799 1028 3856 inﬁrmitatem
1059 3795 1302 3867 corporis
1353 3793 1596 3848 manibus
1645 3792 1852 3862 operari

259 3912 364 3952 non
404 3903 634 3966 poterat,
666 3893 743 3946 sic
785 3891 1115 3953 exhortatur,
1166 3895 1347 3942 monet
1399 3895 1454 3940 et
1501 3886 1849 3940 consolatur:

261 3989 486 4055 Labora,
520 3986 720 4055 inquit,
747 3985 873 4038 sicut
900 3983 1058 4037 bonus
1109 3979 1252 4034 miles
1281 3979 1468 4033 Christi
1509 3976 1655 4031 Iesu.
1687 3975 1853 4030 Nemo

259 4083 483 4134 militum
509 4078 614 4131 Deo
638 4077 866 4145 implicat
894 4092 948 4128 se
973 4072 1182 4143 negotiis
1208 4068 1554 4135 stecularibus,
1579 4077 1632 4120 ut
1657 4066 1854 4139 placeat

259 4177 338 4227 cui
358 4191 412 4227 se
443 4171 694 4242 probavit.
715 4168 853 4222 Nam
879 4168 964 4235 qui
995 4168 1047 4219 in
1066 4180 1227 4234 agone
1254 4162 1528 4224 contendit,
1565 4177 1665 4214 non
1706 4177 1853 4215 coro-

259 4278 414 4320 natur
445 4264 546 4318 nisi
572 4263 790 4333 legitime
806 4259 1086 4314 certaverit.
1121 4257 1216 4311 Hic
1245 4272 1313 4311 ne
1341 4256 1427 4310 ille
1461 4263 1728 4323 pateretur
1755 4269 1854 4308 an-

258 4360 485 4428 gustias,
518 4357 724 4419 dicens,
752 4353 951 4407 Fodere
992 4368 1092 4405 non
1137 4366 1339 4420 possum
1365 4391 1378 4415 ,
1408 4348 1692 4402 mendicare
1736 4363 1856 4400 con-

259 4449 452 4519 fundor
509 4446 672 4516 (Luc.
708 4461 819 4510 XVI,
853 4444 906 4512 '5)
933 4461 947 4510 ;
977 4443 1238 4511 adjunxit,
1279 4440 1610 4494 Laborantem
1661 4439 1857 4509 agrico-

262 4544 368 4596 lam
393 4543 617 4612 primum
663 4547 856 4607 oportet
885 4537 947 4590 de
1002 4534 1246 4606 fructibus
1295 4534 1547 4602 percipere
1595 4531 1672 4604 (ll
1720 4531 1850 4584 Tim.

264 4649 324 4698 ll,
353 4634 420 4706 ϐ)
455 4652 469 4687 :
499 4631 796 4687 secundum
844 4627 970 4682 illud
1009 4626 1150 4696 quod
1181 4626 1245 4678 ad
1271 4624 1574 4679 Corinthios
1612 4623 1852 4692 dixerat,

267 4726 396 4790 Quis
442 4725 628 4779 militat
674 4723 780 4776 suis
811 4719 1076 4789 stipendiis
1106 4718 1368 4787 unquam?
1403 4716 1525 4781 Quis
1558 4715 1751 4784 plantat
1781 4715 1856 4767 vi-

259 4834 434 4880 neam,
465 4826 512 4869 et
535 4814 597 4868 de
618 4817 788 4886 fructu
808 4814 918 4880 eius
939 4827 1038 4864 non
1060 4810 1158 4862 edit
1177 4811 1202 4862 ἱ)
1235 4808 1357 4872 Quis
1383 4808 1544 4876 pascit
1573 4823 1790 4876 gregem,
1812 4815 1857 4859 et

258 4911 320 4961 de
347 4911 480 4962 lacte
501 4907 666 4979 gregis
693 4922 794 4958 non
823 4905 1032 4975 percipit
1055 4901 1110 4974 (l
1141 4901 1257 4954 Cor.
1288 4915 1362 4963 lx,
1393 4900 1446 4963 7)
1469 4900 1492 4950 ?
1517 4897 1665 4951 Fecit
1692 4899 1759 4950 ita
1775 4913 1858 4952 se-

258 5016 453 5056 curum
471 5008 680 5055 castum
705 4997 1106 5065 evangelistam,
1139 4991 1325 5045 nonad
1357 4991 1456 5043 hoc
1487 4989 1857 5058 evangelizan-

258 5104 365 5150 tcrn
403 5105 458 5148 ut
482 5092 739 5147 venderet
760 5089 1128 5158 Evangelium,
1155 5085 1247 5140 sed
1269 5095 1444 5137 tamen
1468 5082 1590 5136 huic
1617 5083 1742 5136 vita:
1765 5096 1858 5135 ne-

261 5188 498 5241 cessaria
532 5185 645 5240 suis
672 5184 774 5238 sibi
802 5181 1057 5236 exhibere
1103 5178 1347 5232 manibus
1404 5191 1508 5230 non
1540 5175 1802 5229 valentem
1841 5193 1855 5242 ;

251 5292 314 5334 nt
343 5279 676 5348 intelligeret
697 5318 712 5342 ,
737 5274 877 5344 quod
905 5271 1263 5327 necessarium
1290 5269 1388 5323 sibi
1416 5269 1657 5323 sumebat
1683 5267 1750 5321 ab
1779 5265 1859 5323 eis

253 5373 456 5441 quibus
512 5379 762 5436 tanquam
810 5363 1224 5434 provincialibus
1269 5361 1564 5423 militabat,
1621 5367 1678 5414 et
1723 5373 1860 5429 quos

262 5472 528 5533 tanquam
559 5461 767 5514 vineam
795 5459 1000 5511 cultura
1031 5453 1312 5509 exercebat
1339 5453 1422 5508 vel
1451 5461 1699 5521 tanquam
1733 5466 1856 5520 gre-

185 5611 206 5682 ξ
293 5619 332 5688 γι
377 5617 517 5674 Editi,
545 5629 653 5666 cum
675 5615 906 5688 indigeret
930 5622 974 5666 et
993 5613 1229 5688 polletuti
1267 5611 1401 5688 rictu
1423 5609 1730 5688 quotitliano,
1759 5616 1854 5684 etc.

249 5687 309 5742 at
331 5688 477 5736 3155.,
526 5692 636 5728 cum
674 5674 890 5742 indigere
926 5677 1071 5742 nollet
1108 5675 1231 5742 rictu
1271 5674 1563 5742 quotidi/mo,
1606 5681 1720 5730 ete.,
1754 5675 1859 5742 qni-

249 5735 657 5802 hthdamtamen
692 5735 827 5801 meo,
848 5742 911 5789 tis
945 5742 1026 5802 qui
1062 5735 1403 5802 habent,'cum
1425 5735 1731 5802 mdigeretet
1753 5735 1856 5802 uol-

249 5802 316 5856 tes
345 5803 480 5852 victu
506 5801 783 5872 quotidiana
813 5797 871 5851 ab
901 5797 975 5852 eis
1002 5800 1169 5864 quiims
1214 5801 1516 5866 Evangelium
1534 5797 1541 5798 7
1560 5797 1855 5850 ministrabat

3375 429 3384 434 .
3418 383 3523 440 562

1941 509 2059 565 gem
2090 492 2358 562 pascebat,
2391 508 2496 547 non
2526 505 2646 548 esse
2670 489 3062 548 mendicitatem
3089 535 3103 560 ,
3147 496 3240 550 sed
3285 505 3522 568 potesta-

1943 595 2070 642 tem.

2011 679 2236 735 CAPUT
2279 678 2420 734 XVI.
2450 681 2632 735 —l"l.
2661 679 2851 734 Paulus
2896 682 2999 736 vult
3051 699 3081 735 a
3130 682 3362 751 ﬁdelibus
3403 703 3527 755 sup-

1943 771 2070 840 pleri
2091 773 2402 826 necessitates
2430 788 2682 826 servorum
2728 772 2841 838 Dei,
2873 775 2958 844 qui
2979 776 3162 827 victum
3188 777 3283 828 sibi
3311 787 3522 846 propter

1942 866 2289 937 occupationes
2311 866 2386 919 vel
2409 866 2724 933 inﬁrmitates
2752 883 3049 936 comparare
3071 885 3172 920 non
3198 867 3384 921 valent.
3427 868 3476 921 Μ
3485 871 3530 922 i-

1943 959 2272 1012 nisteriumin
2303 969 2520 1024 sanctos,
2550 976 2648 1028 quo
2671 960 2974 1030 supplentur
3022 961 3250 1014 carnalia
3275 961 3336 1015 iis
3355 978 3387 1013 a
3418 962 3534 1031 qui-

1942 1047 2032 1102 bus
2051 1048 2266 1102 vicissim
2300 1049 2616 1120 accipiuntur
2643 1050 2950 1119 spiritualia.
2983 1049 3150 1104 Paulo
3201 1050 3434 1104 obediant
3482 1060 3528 1105 et

1943 1143 2072 1196 servi
2089 1141 2181 1195 Dei
2211 1143 2591 1207 laborando;et
2617 1142 2732 1196 boni
2771 1144 2943 1211 ﬁdeles
2993 1161 3164 1197 eorum
3209 1145 3530 1200 necessitates

1942 1233 2242 1303 supplendo.
2278 1234 2500 1303 Propter
2529 1235 2622 1288 has
2650 1234 2807 1303 igitur
2854 1236 2938 1289 vel
2978 1237 3351 1304 occupationes
3409 1252 3529 1294 ser-

1944 1340 2131 1380 vorum
2163 1324 2277 1388 Dei,
2302 1325 2382 1379 vel
2418 1325 2748 1380 inﬁrmitates
2789 1327 3092 1394 corporales
3140 1343 3259 1396 qum
3309 1329 3530 1384 omnino

1945 1416 2135 1472 deesse
2163 1432 2270 1470 non
2300 1426 2540 1485 possunt,
2577 1433 2680 1470 non
2709 1418 2880 1472 snlnm
2933 1419 3190 1487 permittit
3245 1421 3531 1490 Apostolus

1946 1517 2248 1561 sanctorum
2279 1509 2594 1578 indigentias
2623 1510 2857 1578 suppleri
2888 1526 2916 1562 a
2949 1510 3103 1563 bonis
3131 1510 3394 1578 ﬁdelibus,
3428 1512 3524 1567 sed

1947 1598 2104 1652 etiam
2127 1599 2477 1654 saluberrime
2509 1599 2767 1654 hortatur.
2795 1600 3030 1669 Excepta
3067 1603 3208 1655 enim
3235 1601 3319 1655 illa
3368 1612 3523 1672 pote-

1947 1698 2102 1755 state,
2132 1707 2230 1758 qna
2255 1705 2311 1744 se
2331 1690 2459 1743 dicit
2490 1692 2600 1758 ipse
2624 1707 2726 1744 non
2753 1708 2927 1755 nsum,
2959 1693 3041 1746 cui
3073 1701 3252 1748 tamen
3284 1695 3530 1750 servien-

1947 1780 2070 1835 dum
2101 1796 2218 1835 esse
2248 1797 2276 1834 a
2305 1781 2550 1836 ﬁdelibus
2582 1782 3062 1851 prazcipit,dicens,
3087 1783 3429 1838 Communicet
3451 1787 3537 1855 qui

1948 1872 2286 1925 catechizatur
2315 1872 2480 1938 verbo,
2505 1873 2549 1925 ei
2573 1873 2658 1939 qui
2691 1889 2743 1926 se
2775 1875 3068 1936 catechizat,
3098 1875 3150 1926 in
3179 1874 3410 1928 omnibus
3439 1875 3534 1929 bo-

1949 1964 2028 2018 uis
2058 1963 2263 2035 (Galat.
2293 1981 2363 2028 vr,
2387 1964 2444 2034 6)
2472 1980 2486 2017 :
2522 1973 2740 2034 excepta
2763 1981 2889 2035 ergo
2939 1964 3037 2019 hac
3066 1975 3348 2035 potestate,
3373 1982 3533 2036 quam

1951 2056 2100 2110 verbi
2131 2056 2501 2125 prmdicatores
2529 2058 2724 2112 habere
2754 2059 2804 2110 in
2835 2072 2929 2112 eos
2958 2059 3149 2127 quibus
3199 2059 3528 2129 prtedicant,

1951 2163 2094 2218 saepe
2127 2158 2371 2212 testatur,
2403 2149 2560 2202 etiam
2589 2149 2788 2202 sanctis
2831 2150 2919 2218 qui
2970 2150 3146 2204 omnia
3175 2166 3271 2204 sua
3321 2151 3537 2206 vendita

1953 2241 2371 2304 distribuerant,
2404 2241 2838 2313 etJerosolymis
2893 2241 3201 2296 habitabant
3255 2244 3306 2296 in
3353 2254 3540 2303 sancta

1954 2331 2329 2385 communione
2380 2333 2518 2396 vitm,
2552 2346 2656 2384 non
2688 2332 2928 2385 dicentes
2975 2333 3172 2402 aliquid
3215 2336 3487 2404 proprium
3520 2378 3537 2404 ,

1955 2423 2148 2491 quibus
2177 2431 2330 2475 erant
2354 2421 2531 2475 omnia
2561 2422 2883 2487 communia,
2903 2433 2954 2477 et
2978 2425 3154 2478 anima
3185 2436 3239 2480 et
3262 2441 3354 2480 cor
3375 2444 3538 2483 unum

1953 2513 2005 2566 in
2026 2514 2188 2567 Deum
2215 2514 2364 2580 (Act.
2393 2530 2450 2578 ll,
2481 2513 2569 2577 44,
2595 2523 2640 2566 et
2667 2529 2738 2579 tv,
2770 2514 2862 2582 52)
2883 2531 2898 2580 ;
2923 2514 2988 2568 ab
3009 2515 3260 2570 Ecclesiis
3287 2516 3540 2574 Gentium

1955 2603 2252 2658 necessaria
2281 2603 2515 2658 conferri
2546 2605 2784 2674 przecipit
2817 2614 2871 2658 et
2916 2604 3177 2659 hortatur.
3211 2606 3336 2660 Inde
3366 2616 3446 2661 est
3485 2617 3540 2664 ct

1954 2695 2081 2749 illud
2108 2696 2172 2749 ad
2198 2695 2467 2750 Romanos
2501 2714 2515 2750 :
2548 2693 2702 2749 Nunc
2724 2697 2881 2766 igitur
2910 2714 3113 2768 pergam
3133 2696 3421 2753 Jerusalem
3447 2700 3541 2756 nti-

1955 2787 2172 2840 nistrare
2199 2788 2406 2840 sanctis.
2441 2786 2640 2841 Placuit
2695 2791 2826 2864 enim
2882 2788 3200 2846 Macedonia:
3242 2801 3288 2846 et
3335 2793 3544 2850 Achaia

1954 2880 2352 2933 communionem
2376 2880 2600 2948 aliquam
2627 2881 2791 2948 facere
2813 2885 2865 2934 in
2907 2899 3152 2952 pauperes
3200 2894 3492 2940 sanctorum
3523 2927 3538 2951 ,

1952 2973 2039 3041 qui
2061 2982 2175 3025 sunt
2199 2970 2504 3025 Jerusalem.
2539 2971 2742 3024 Placuit
2773 2974 2904 3027 enim
2948 2974 3073 3039 illis,
3107 2984 3150 3027 ct
3174 2976 3418 3030 debitores
3455 2994 3545 3032 eo-

1953 3083 2068 3120 rum
2095 3075 2235 3120 sunt.
2262 3065 2319 3120 St
2347 3066 2479 3118 enim
2529 3066 2878 3135 spiritualibus
2907 3083 3077 3120 eorum
3132 3071 3538 3129 communicave-

1953 3167 2073 3211 runt
2123 3157 2341 3222 (ientes,
2374 3157 2548 3209 debent
2603 3167 2649 3210 et
2708 3158 2759 3209 in
2800 3159 3086 3212 carnalibus
3131 3161 3415 3214 ministrare
3465 3163 3539 3218 eis

1955 3251 1975 3320 (
2005 3251 2150 3304 Rom.
2177 3267 2268 3316 xv,
2296 3252 2350 3316 5,
2380 3250 2494 3318 27).
2529 3250 2638 3305 Iloc
2667 3251 2843 3305 simile
2874 3261 2956 3306 est.
2979 3252 3053 3305 illi
3077 3253 3218 3322 quod
3247 3256 3319 3308 ait
3351 3255 3418 3310 ad
3438 3252 3543 3312 C0-

1954 3341 2180 3397 rinthios
2209 3359 2224 3396 :
2253 3341 2311 3397 Si
2365 3359 2453 3396 nos
2492 3342 2627 3395 vobis
2673 3343 2960 3413 spiritualia
3013 3346 3395 3410 seminavimus,
3430 3363 3541 3402 ma-

1955 3450 2109 3504 gnum
2132 3444 2202 3486 est
2230 3434 2273 3486 si
2299 3434 2524 3486 carnalia
2550 3444 2711 3487 vestra
2740 3443 2985 3488 metamus
3024 3434 3078 3506 (I
3119 3434 3235 3488 Cor.
3269 3452 3318 3491 Ix
3336 3477 3351 3501 ,
3387 3438 3447 3490 11
3476 3436 3540 3507 )?

1956 3522 2084 3577 Item
2107 3523 2170 3577 ad
2197 3523 2502 3578 Corinthios
2532 3525 2582 3578 in
2600 3525 2830 3578 secunda
2869 3545 2882 3580 :
2918 3525 3105 3578 Natant
3137 3536 3324 3590 autem,
3347 3529 3536 3600 inquit,

1957 3617 2091 3670 vobis
2122 3618 2354 3687 facimus,
2386 3620 2587 3688 fratres,
2612 3621 2826 3689 gratiam
2859 3617 2952 3672 Dei
2978 3635 3092 3688 qua:
3117 3619 3237 3672 data
3259 3631 3332 3674 est
3361 3623 3414 3676 in
3437 3621 3545 3680 Ec-

1955 3707 2118 3762 clesiis
2149 3708 2480 3776 Macedonica,
2511 3710 2630 3780 quia
2659 3711 2713 3765 in
2739 3711 2901 3764 multa
2924 3711 3215 3782 probatione
3246 3713 3536 3772 tribulatio-

1956 3803 2090 3866 nis‘,
2114 3802 2422 3856 abundantia
2474 3805 2647 3873 gaudii
2676 3821 2849 3858 eorum
2888 3815 2932 3858 et
2977 3805 3233 3876 profunda
3265 3818 3537 3876 paupertas

1957 3910 2128 3948 eorum
2152 3894 2422 3948 abundavit
2443 3895 2494 3947 in
2519 3895 2706 3949 divitiis
2731 3897 3068 3966 simplicitatis
3086 3914 3282 3962 eorum;
3312 3900 3430 3969 quia
3453 3916 3542 3956 se-

1957 3986 2178 4039 cundum
2222 3987 2346 4039 vires
2375 4027 2388 4048 ,
2422 3987 2759 4040 testimonium
2813 3988 3046 4057 perhibeo
3071 3990 3115 4054 ’,
3145 3998 3191 4042 et
3216 4006 3374 4060 supra
3412 3992 3542 4044 vires

1957 4078 2228 4130 voluntarii
2259 4080 2484 4149 fuerunt,
2518 4095 2630 4131 eum
2660 4079 2829 4131 multis
2855 4081 3084 4150 precibus
3109 4082 3424 4139 obsecrantes
3447 4101 3542 4140 nos

1957 4172 2173 4242 gratiam
2199 4181 2245 4224 et
2272 4172 2669 4225 communionem
2696 4172 3079 4226 ministrationis
3107 4190 3222 4242 qua:
3244 4175 3297 4236 lit
3337 4177 3391 4228 in
3425 4196 3547 4232 sau-

1957 4273 2094 4318 ctos:
2123 4272 2170 4316 et
2193 4279 2291 4316 non
2317 4262 2566 4332 quomodo
2586 4265 2914 4332 speravimus,
2937 4264 3024 4316 sed
3049 4282 3102 4318 se
3144 4266 3278 4336 ipsos
3309 4270 3547 4324 tradidit-

1956 4363 2074 4406 runt
2104 4355 2319 4422 primum
2347 4354 2560 4407 Domino
2581 4395 2595 4419 ,
2624 4365 2668 4406 et
2699 4354 2840 4406 nobis
2886 4372 2971 4424 per
2994 4355 3300 4411 voluntatem
3329 4359 3450 4427 Dei,
3479 4365 3548 4420 ad

1958 4448 2328 4516 deprecandum
2357 4446 2543 4512 Titum,
2575 4457 2628 4499 ut
2654 4447 2904 4515 quomodo
2935 4450 3101 4518 erepit,
3128 4452 3199 4504 sic
3231 4461 3275 4505 et
3303 4470 3546 4511 consum-

1959 4550 2058 4592 met
2087 4542 2137 4592 in
2162 4557 2244 4593 vos
2262 4541 2410 4592 etiam
2456 4542 2670 4610 gratiam
2699 4543 2868 4594 istam.
2905 4543 3010 4597 Sed
3038 4547 3290 4613 quontodo
3348 4567 3550 4618 semper

1961 4631 2268 4685 abundatis3
2309 4632 2362 4684 in
2388 4631 2616 4685 onmibus
2647 4633 2769 4701 ﬁde,
2797 4644 2841 4710 et
2871 4634 3018 4687 verbo
3045 4677 3059 4694 .
3111 4647 3156 4689 et
3200 4639 3408 4695 scientia
3439 4681 3454 4704 ,
3503 4652 3551 4696 ct

1961 4724 2098 4776 omni
2124 4722 2310 4784 studio,
2340 4732 2386 4775 et
2416 4740 2473 4776 ea
2501 4740 2615 4790 qua:
2647 4741 2709 4776 ea:
2735 4726 2870 4777 vobis
2901 4736 2971 4779 est
2999 4727 3047 4780 iu
3072 4745 3161 4782 nos
3189 4730 3455 4793 charitate,
3496 4742 3549 4783 ut

1961 4823 2004 4866 et
2030 4815 2082 4866 in
2110 4814 2203 4865 hac
2221 4814 2383 4883 gratia
2404 4813 2687 4866 abundetis.
2723 4814 2841 4868 Non
2872 4817 3144 4871 secundum
3167 4819 3434 4886 imperium
3469 4820 3550 4872 (Ιὶ-

1962 4920 2041 4971 co,
2073 4905 2157 4957 sed
2183 4905 2617 4974 prapteraliorum
2641 4905 2862 4958 studium
2893 4919 2935 4958 et
2957 4919 3132 4960 vestra:
3149 4909 3408 4962 churitalis
3430 4909 3547 4963 cha-

1961 4996 2253 5050 rissimunt‘
2282 4995 2518 5067 probans.
2551 4996 2704 5050 Scitis
2729 4999 2858 5050 enim
2899 4999 3113 5068 gratiam
3149 4998 3351 5051 Domini
3383 5003 3542 5057 nostri

1960 5087 2086 5142 Iesu
2103 5087 2306 5152 Christi,
2335 5090 2570 5161 quoniam
2597 5099 2800 5160 propter
2819 5106 2898 5142 vos
2919 5094 3287 5160 pauperfactus
3306 5103 3394 5148 est.
3430 5111 3545 5150 cum

1963 5181 2099 5237 dives
2120 5192 2262 5247 esset,
2289 5193 2342 5236 ut
2367 5184 2504 5236 illius
2527 5193 2822 5252 paupertate
2841 5200 2925 5234 vos
2955 5183 3262 5235 ditaremini.
3315 5185 3379 5240 la‘t
3422 5204 3550 5244 con-

1964 5275 2130 5329 silium
2156 5276 2207 5327 in
2233 5275 2325 5328 hoc
2355 5275 2460 5328 do:
2492 5275 2584 5328 hoc
2607 5277 2734 5328 enim
2764 5274 2900 5326 vobis
2945 5273 3167 5341 prodest,
3209 5277 3292 5344 qni
3336 5295 3434 5331 non
3461 5295 3549 5332 so-

1963 5367 2068 5421 lum
2098 5367 2280 5436 facere,
2304 5367 2391 5420 sed
2419 5367 2566 5419 etiam
2613 5365 2738 5420 velle
2779 5365 2994 5432 ca'pistis
3044 5365 3106 5418 ab
3151 5384 3285 5420 anno
3341 5366 3548 5440 priore}

1987 5608 1997 5618 _
2027 5546 2043 5578 ί
2066 5544 2292 5618 plerique
2314 5555 2370 5593 ac
2407 5541 2621 5604 potiores
2643 5548 2767 5598 Mss,
2794 5537 2844 5588 in
2867 5535 3017 5588 multa
3039 5537 3342 5594 tribulatione
3375 5545 3548 5608 proba-

1959 5614 2215 5776 :oralfdliti,
2236 5664 2458 5731 perhibeo
2478 5664 2592 5716 illis.
2615 5664 2777 5724 abest,
2795 5661 2911 5720 illis,
2938 5677 2965 5711 a
2987 5672 3090 5714 Mss.
3119 5671 3171 5716 et
3187 5679 3214 5715 a
3237 5681 3396 5732 graeco
3407 5675 3550 5719 textu

1999 5745 2086 5776 [305
2101 5749 2132 5776 .t'
2158 5746 2189 5776 ι.

2017 5746 2058 5776 :n
2101 5739 2189 5777 .‹,·Ι⁷.

1963 5739 2443 5839 Αιθδξὶδόοοίηυηδίε
2460 5796 2560 5850 Ms,
2590 5801 2735 5848 super
2767 5787 3038 5840 abundatis.

2025 5856 2049 5890 δ
2080 5860 2211 5906 Unus
2233 5859 2285 5904 et
2305 5851 2428 5904 alter
2451 5853 2626 5916 codex,
2652 5851 2894 5919 ingenium
2915 5853 3269 5928 charissimam,
