4070 6334
520 434 632 492 563

521 562 657 601 nunc
680 553 847 600 autem
873 553 920 599 et
950 543 1084 612 facto
1112 541 1352 613 perﬁcito,
1377 547 1432 592 ut
1479 535 1903 607 quemadmodum
1929 549 2103 604 prom-

524 648 640 710 ptus
665 647 736 692 est
757 636 957 690 animus
982 633 1269 696 voluntatis,
1316 631 1390 686 ita
1426 630 1490 684 sit
1535 637 1581 683 et
1633 624 1926 699 perﬁciendi
1955 639 2019 680 ea:
2051 637 2110 677 eo

524 729 661 801 quod
678 729 882 798 quisque
902 725 1067 780 habet.
1100 724 1162 780 Si
1188 724 1321 780 enim
1349 731 1608 794 prontptus
1651 727 1723 775 est
1754 718 1956 772 animus
1981 757 1996 784 ,
2027 731 2111 770 se-

526 821 749 875 cundum
777 819 830 872 id
855 817 988 888 quod
1008 815 1154 870 habet
1170 811 1488 886 acceptabilis
1513 820 1607 878 est,
1625 826 1725 864 non
1747 807 2021 863 secundum
2057 804 2112 859 id

535 911 670 982 quod
690 927 792 964 non
818 907 982 963 habet.
1014 906 1135 961 Non
1152 907 1284 960 enim
1305 914 1358 958 ut
1385 904 1499 958 aliis
1522 904 1584 957 sit
1615 901 1838 974 refectio,
1867 899 2005 953 vobis
2025 913 2111 950 au-

528 1011 627 1056 tem
655 1001 910 1072 angustia,
941 999 1028 1054 sed
1048 1016 1138 1067 pro
1163 997 1448 1068 (equalitate
1468 997 1520 1048 in
1550 998 1643 1048 hoc
1665 1003 1906 1062 tempore,
1942 1001 1994 1044 ut
2023 1005 2111 1054 ve-

533 1104 640 1148 stra
668 1093 982 1148 abundantia
1009 1092 1072 1145 sit
1115 1091 1183 1144 ad
1230 1089 1436 1143 illorum
1475 1086 1701 1157 inopiam
1719 1127 1734 1150 ,
1761 1094 1815 1138 ut
1837 1093 1881 1136 et
1908 1082 2116 1138 illorum

529 1185 842 1239 abundantia
870 1185 960 1252 ﬁat
985 1183 1038 1236 in
1069 1190 1284 1235 vestram
1317 1179 1538 1252 inopiam
1559 1218 1574 1243 ,
1602 1187 1658 1229 ut
1701 1178 1790 1246 ﬁat
1808 1174 2072 1246 aequalitas
2094 1213 2110 1238 ,

529 1276 658 1329 sicut
683 1275 929 1344 scriptum
953 1282 1062 1328 est:
1090 1273 1189 1338 Qui
1211 1271 1443 1334 multum,
1477 1285 1577 1323 non
1611 1267 1917 1330 abundavit;
1956 1274 2001 1318 et
2030 1263 2116 1336 qui

529 1367 806 1432 modicum,
840 1384 940 1420 non
963 1365 1122 1435 defuit
1151 1365 1246 1418 illi.
1279 1363 1483 1418 Gratias
1529 1371 1694 1414 autem
1721 1359 1848 1423 Deo,
1899 1359 1981 1427 qui
2029 1356 2118 1410 de-

533 1457 604 1512 dit
633 1458 766 1510 idem
795 1458 1018 1511 studium
1068 1472 1158 1524 pro
1180 1455 1314 1508 vobis
1337 1455 1389 1507 in
1410 1453 1559 1506 corde
1601 1451 1701 1506 Titi
1725 1467 1740 1505 :
1769 1451 1886 1522 quia
1937 1465 2117 1502 conso-

480 1543 488 1625 ί
538 1553 780 1606 lationem
817 1552 1016 1624 quidem
1046 1551 1298 1620 suscepit;
1321 1547 1589 1602 studiosior
1618 1555 1782 1598 autem
1820 1560 1934 1602 cum
1965 1550 2116 1607 esset,

537 1654 716 1715 sponte
735 1645 856 1696 exiit
876 1643 942 1695 ad
969 1659 1071 1695 vos.
1105 1641 1339 1694 Misimus
1359 1650 1523 1692 autem
1557 1654 1670 1691 cum
1691 1653 1747 1688 eo
1770 1639 1998 1706 fratrem,
2027 1649 2118 1686 cu-

527 1735 622 1806 jus
647 1735 757 1788 laus
786 1735 838 1787 in
868 1731 1145 1806 Evangelia
1171 1743 1240 1786 est
1264 1747 1351 1802 per
1373 1746 1544 1784 omnes
1565 1726 1840 1782 Ecclesias.
1874 1725 1994 1778 Non
2037 1739 2120 1778 so-

535 1824 641 1880 lum
665 1835 851 1893 autent,
878 1826 965 1880 sed
991 1836 1044 1880 ει·
1069 1824 1334 1878 ordinatus
1389 1831 1460 1876 est
1515 1820 1577 1874 ab
1621 1817 1864 1874 Ecclesiis
1887 1817 1903 1848 ί
1957 1830 2123 1869 comes

542 1918 961 1989 peregrinationis
984 1928 1187 1981 nostraz,
1221 1931 1336 1968 cum
1367 1914 1461 1966 hac
1480 1914 1644 1986 gratia
1671 1926 1782 1981 qua:
1809 1909 2123 1962 ministratur

538 2025 570 2062 a
602 2009 743 2063 nobis
771 2009 840 2061 ad
869 2008 1078 2062 Domini
1127 2007 1344 2080 gloriam
1370 2016 1415 2060 et
1442 2013 1732 2076 promptum
1775 2002 2000 2054 animum
2040 2014 2124 2051 no-

538 2108 699 2154 strum
722 2097 796 2172 (a)
814 2116 828 2153 :
844 2101 1119 2153 devitantes
1137 2097 1252 2164 hoc,
1279 2114 1342 2151 ne
1361 2096 1470 2166 quis
1491 2111 1580 2148 nos
1598 2091 1926 2164 reprehendat
1959 2091 2008 2142 in
2029 2088 2124 2140 hac

535 2189 850 2262 plenitudine
871 2230 887 2257 ,
916 2206 1029 2260 qua:
1053 2189 1368 2243 ministratur
1387 2203 1419 2239 a
1442 2185 1605 2240 nobis.
1638 2182 1966 2237 Providentus
1991 2178 2125 2234 enim

535 2282 687 2350 bona,
720 2302 821 2338 non
850 2284 1016 2339 solum
1044 2300 1214 2338 coram
1245 2281 1366 2347 Deo,
1402 2280 1490 2334 sed
1517 2281 1668 2333 etiam
1696 2293 1868 2332 coram
1906 2272 2126 2328 homini-

536 2375 649 2430 bus.
673 2375 733 2429 ln
760 2375 844 2430 his
867 2377 1044 2431 verbis
1073 2383 1314 2446 apparet,
1354 2383 1609 2444 quantum
1654 2385 1761 2425 non
1805 2368 1978 2422 solum
2023 2379 2123 2418 cu-

539 2481 656 2520 ram
688 2476 990 2521 sanctarum
1023 2466 1254 2536 plebium
1279 2480 1398 2520 esse
1425 2463 1673 2528 voluerit,
1707 2461 2009 2514 ministrare
2028 2471 2124 2510 ne-

537 2559 770 2615 cessaria
797 2559 995 2613 sanctis
1019 2559 1115 2613 Dei
1144 2558 1336 2624 servis,
1397 2555 1679 2610 consilium
1723 2553 1775 2606 in
1822 2552 1922 2605 hoc
1950 2549 2082 2604 dans
2105 2587 2120 2614 ,

535 2650 657 2720 quia
681 2649 784 2706 hoc
813 2649 980 2720 magis
1005 2649 1131 2719 ipsis
1157 2649 1245 2719 qui
1268 2651 1371 2703 hoc
1393 2647 1653 2702 faciebant
1674 2644 1940 2714 proderat,
1965 2655 2124 2710 quam

537 2739 649 2794 illis
673 2755 796 2810 erga
830 2755 966 2810 quos
998 2741 1262 2796 faciebant
1313 2740 1452 2811 (illis
1482 2738 1623 2793 enim
1654 2734 1797 2790 aliud
1830 2732 2121 2804 proderat,

533 2831 590 2887 id
613 2842 717 2898 est,
751 2832 854 2888 hoc
878 2847 1005 2902 erga
1025 2847 1082 2887 se
1107 2832 1363 2901 obsequio
1400 2830 1624 2884 fratrum
1667 2842 1886 2882 suorum
1940 2832 2126 2879 sancte

540 2923 639 2986 uti,
670 2938 772 2977 nec
800 2933 1018 2993 prOpter
1072 2921 1174 2978 hoc
1231 2922 1341 2975 Deo
1371 2918 1594 2984 servire,
1638 2934 1738 2974 nec
1783 2918 1882 2970 ista
1913 2929 2126 2970 sumere

539 3014 643 3069 nisi
669 3014 736 3070 ad
759 3013 1107 3085 supplendam
1137 3011 1530 3077 necessitatem,
1577 3024 1682 3064 non
1710 3008 1775 3064 ad
1803 3005 2123 3077 pascendam

537 3105 840 3177 pigritiam)
865 3125 878 3158 :
900 3106 993 3160 sed
1019 3105 1179 3161 etiam
1208 3118 1358 3157 suam
1387 3117 1570 3157 curam
1597 3101 1786 3156 beatus
1837 3097 2126 3168 Apostolus

539 3205 745 3270 tantam
775 3197 904 3251 dicit
933 3198 986 3250 in
1015 3195 1115 3250 hac
1140 3195 1561 3258 ministratione,
1589 3208 1708 3264 quae
1746 3205 1887 3246 nunc
1915 3206 2008 3260 per
2034 3189 2128 3252 Ti-

543 3296 658 3341 tum
690 3289 1168 3353 transmittebatur,
1197 3296 1253 3342 ut
1272 3288 1523 3342 comitem
1551 3284 1994 3356 peregrinatiOnis
2013 3297 2125 3337 suae

537 3390 760 3453 propter
804 3381 906 3436 hoc
955 3388 1339 3436 commemoret
1383 3379 1685 3434 ordinatum
1725 3378 1792 3432 ab
1835 3375 2123 3440 Ecclesiis,

538 3472 665 3527 boni
697 3473 987 3528 testimonii
1007 3472 1279 3527 hominem
1311 3471 1437 3538 Dei,
1464 3471 1611 3542 cujus
1662 3470 1794 3535 laus,
1844 3469 2047 3540 inquit,
2071 3467 2126 3521 in

541 3562 820 3634 Evangelio
837 3575 908 3618 est
925 3581 1014 3634 per
1038 3580 1208 3618 omnes
1229 3561 1505 3616 Ecclesias.
1533 3561 1600 3615 Et
1619 3561 1686 3615 ad
1707 3561 1809 3615 hoc
1824 3559 1953 3616 dicit
1976 3560 2124 3614 illum

543 3655 847 3709 ordinatum
878 3655 1130 3710 comitem
1155 3654 1292 3719 sibi,
1324 3663 1385 3708 ut
1425 3653 1688 3708 devitarc:
1733 3651 2007 3706 hominum
2037 3664 2124 3704 re-

545 3743 957 3812 prehensiones,
983 3760 1050 3798 ne
1074 3745 1191 3798 sine
1221 3744 1526 3798 testimonio
1565 3750 1871 3796 sanctorum
1923 3741 1976 3795 in
2025 3739 2130 3795 hoc

545 3834 847 3889 ministerio
866 3836 1132 3891 sociorum
1152 3877 1166 3901 ,
1191 3844 1440 3904 tanquam
1467 3835 1567 3889 sibi
1597 3835 1838 3903 accipere
1858 3872 1872 3898 ,
1898 3843 1950 3886 et
1973 3831 2026 3886 in
2051 3832 2128 3886 si-

542 3939 643 3979 nus
671 3926 836 3980 sims'
859 3935 1170 3982 convertere
1197 3927 1265 3980 ab
1289 3926 1514 3982 inﬁrmis
1540 3933 1594 3980 et
1619 3925 1795 3995 impiis
1825 3933 2125 3995 putaretur,

541 4031 668 4086 qua
717 4019 1012 4088 accipiebat
1046 4018 1112 4072 ad
1156 4019 1478 4090 supplendas
1528 4018 1874 4073 necessitates
1918 4026 2131 4072 saneto-

546 4122 667 4163 rum
697 4123 794 4177 per
821 4125 880 4164 se
907 4109 1172 4164 alierenda
1203 4112 1287 4167 vel
1313 4110 1674 4166 distribuenda
1701 4109 2077 4180 indigentibus.

616 4219 705 4276 l8.
746 4219 812 4274 Et
840 4220 996 4289 paulo
1024 4231 1140 4290 post
1183 4221 1357 4276 dicit:
1392 4221 1530 4273 Nam
1574 4221 1636 4273 de
1678 4218 1953 4274 ministerio
1994 4222 2131 4293 quod

543 4313 604 4384 ﬁt
630 4314 683 4367 in
706 4323 924 4381 sanctos,
957 4331 1018 4370 ex
1040 4314 1316 4368 abundanti
1345 4324 1415 4367 est
1439 4315 1560 4366 mihi
1580 4311 1792 4368 scribere
1815 4313 1970 4368 vobis.
2003 4315 2128 4370 Scio

544 4407 679 4460 enim
719 4417 1004 4477 promptum
1047 4422 1152 4461 esse
1189 4407 1416 4460 animant
1457 4415 1691 4469 vestrum,
1732 4405 1794 4458 de
1817 4422 1915 4476 quo
1939 4404 2130 4476 glorior

465 4547 468 4550 .
543 4515 639 4571 pro
687 4499 822 4553 vobis
857 4499 998 4568 apud
1037 4498 1384 4560 Macedonas;
1421 4497 1656 4567 quoniam
1701 4497 1896 4550 Achaia
1947 4508 2130 4568 parata

545 4601 618 4646 est
640 4591 703 4645 ab
732 4608 865 4645 anno
893 4593 1079 4663 priore,
1109 4601 1153 4645 et
1193 4607 1307 4661 qua:
1329 4607 1393 4646 ea:
1436 4590 1572 4644 vobis
1613 4599 1686 4644 est
1709 4592 1965 4646 aemulatio
2005 4593 2128 4665 irri-

546 4686 668 4739 tavit
693 4684 882 4755 plures.
943 4683 1174 4737 Misimus
1215 4693 1382 4738 autem
1410 4687 1609 4754 fratres,
1654 4699 1716 4736 ne
1752 4684 1916 4753 gloria
1956 4667 2127 4742 nostra

544 4793 698 4846 quam
736 4775 972 4830 habemus
1013 4775 1066 4828 in
1105 4774 1239 4828 vobis
1263 4815 1278 4842 ,
1323 4784 1588 4828 evacuetur
1625 4775 1677 4828 in.
1719 4774 1816 4828 hac
1859 4785 2018 4845 parte,
2053 4785 2124 4844 ut,

543 4871 675 4922 sicut
709 4867 816 4922 dixi
835 4909 850 4934 ,
896 4869 1062 4938 parati
1089 4867 1196 4920 sitis
1224 4883 1242 4920 :
1270 4882 1332 4920 ne
1363 4883 1474 4920 cum
1504 4867 1725 4922 venerint
1769 4883 1963 4921 mecum
2008 4867 2128 4920 Illa-

527 4961 776 5025 .cedones,
805 4969 850 5013 et
874 4960 1148 5015 invenerint
1176 4974 1262 5013 vos
1298 4960 1595 5030 imparatos,
1622 4960 1992 5030 confundamur
2013 4977 2122 5028 nos,

546 5065 600 5108 ut
625 5071 724 5108 non
745 5053 910 5106 dicam
936 5070 1042 5121 vos,
1065 5054 1117 5106 in
1144 5052 1238 5106 hac
1265 5052 1562 5107 substantia.
1623 5051 1979 5107 Necessarium
2008 5069 2129 5126 ergo

545 5147 826 5200 existimavi
853 5163 1032 5218 rogare
1056 5149 1237 5218 fratres
1257 5186 1270 5210 ,
1301 5155 1354 5199 ut
1379 5145 1665 5216 praecedant
1693 5147 1760 5200 ad
1783 5163 1888 5212 vos,
1919 5157 1966 5200 et
1988 5163 2126 5218 prta-

547 5246 724 5308 parent
755 5240 868 5308 jam
919 5238 1113 5304 pridem
1153 5238 1509 5309 repromissum
1556 5241 1686 5293 hanc
1738 5238 2129 5296 benedictionem

546 5341 761 5384 vestram
780 5372 794 5395 ,
834 5341 891 5385 ut
933 5334 995 5386 sit
1023 5342 1200 5404 parata
1219 5374 1234 5400 ,
1279 5333 1352 5387 sic
1387 5333 1533 5403 quasi
1573 5332 1959 5388 benedictionem
1980 5376 1994 5401 ,
2025 5351 2128 5392 non

547 5421 694 5490 quasi
741 5424 1022 5478 avaritiam.
1079 5423 1192 5478 Hoc
1237 5433 1404 5478 autem
1433 5423 1454 5456 ³
1479 5465 1493 5490 ,
1545 5424 1646 5492 Qui
1689 5440 1836 5493 parce
1879 5427 2123 5496 seminat,

613 5573 633 5604 ⁸
669 5579 796 5632 Mss,
835 5573 1082 5628 ordinatus
1103 5574 1165 5626 ab
1202 5576 1456 5639 Ecclesiis;
1479 5579 1675 5632 omisso.
1714 5585 1801 5638 est,
1829 5579 1955 5643 quod
1981 5581 2128 5631 etiam

548 5645 578 5685 ι
599 5647 761 5688 timeo
784 5637 942 5688 abest.
1921 5684 1923 5686 .

663 5697 929 5748 Casalensis
949 5707 1050 5758 Ms.,
1071 5699 1123 5752 in
1146 5713 1256 5751 suos
1279 5714 1406 5752 usus.

616 5759 637 5792 ³
667 5761 802 5818 mliti,
829 5760 917 5812 hoc
939 5770 1100 5814 mitem
1127 5761 1254 5816 dico.
1278 5767 1446 5830 Abest,
1470 5762 1598 5830 dico,
1627 5779 1655 5816 a
1823 5772 1873 5821 et
1902 5777 1934 5817 a
1967 5778 2130 5830 graeco

549 5830 689 5888 textu
711 5825 935 5888 Apostoli.

611 5885 686 5952 (a)
717 5885 876 5955 Forte,
901 5891 1125 5945 vestrm

1487 423 1575 479 DE
1614 419 1842 480 OPEllE
1871 415 2368 481 MONACHORUM,
2399 416 2456 474 S.
2497 416 2866 474 AUGUSTINI

3681 419 3788 478 564

2218 548 2366 604 parce
2386 540 2431 586 et
2458 540 2602 602 metet
2625 548 2646 597 ;
2672 539 2720 586 et
2740 532 2826 604 qui
2853 530 3064 588 seminat
3087 529 3141 590 in
3178 529 3540 602 (iurisdictione,
3565 534 3626 592 in
3653 535 3800 594 belo-

2217 624 2432 680 dictione
2477 633 2525 678 et
2568 634 2730 680 metet.
2793 622 3142 696 Unusquisque
3184 625 3456 687 secundum
3497 628 3635 697 quod
3675 643 3800 693 pro-

2217 716 2383 786 posuit
2410 716 2578 781 corde,
2606 731 2705 772 non
2725 731 2788 776 ea:
2806 716 3005 770 tristitia
3032 723 3117 772 aut
3144 731 3206 772 eat
3232 717 3518 772 necessitate
3546 732 3566 770 :
3587 716 3803 772 hilarata

2217 808 2349 866 enim
2395 809 2620 862 datorem
2663 806 2827 878 diligit
2879 805 3040 864 Deus.
3094 804 3283 868 Potens
3331 815 3404 860 est
3445 815 3616 862 autem
3663 805 3804 863 Deus

2217 916 2410 954 omnem
2436 901 2654 970 gratiam
2682 898 3017 954 abundantem
3053 898 3225 967 facere
3251 899 3304 952 iu
3332 899 3488 964 vobis,
3531 908 3588 954 ut
3605 899 3665 954 in
3689 915 3805 954 aiu—

2215 993 2362 1050 nibus
2388 1008 2584 1062 semper
2620 1007 2817 1046 omnem
2859 991 3202 1062 sufﬁcientiam
3241 990 3498 1058 habentes,
3538 990 3805 1046 abuldctis

2219 1082 2271 1135 in
2299 1097 2445 1135 omne
2485 1098 2610 1156 opus
2655 1081 2877 1135 bonum:
2919 1081 3048 1136 sicut
3075 1080 3322 1150 scriptum
3369 1089 3476 1144 est,
3525 1080 3800 1151 Dispersit,

2221 1173 2358 1228 dedit
2389 1174 2717 1250 pauperibus,
2737 1174 2941 1243 justitia
2975 1175 3090 1244 ejus
3124 1182 3290 1228 manet
3315 1173 3368 1227 in
3390 1183 3652 1230 cateruam.
3704 1175 3810 1243 Qui

2222 1273 2388 1320 autem
2408 1265 2751 1320 subministrat
2779 1280 2945 1318 semen
2969 1264 3257 1328 seminanti,
3290 1273 3336 1318 et
3357 1281 3538 1334 partem
3558 1266 3610 1320 in
3639 1283 3811 1320 escam

2221 1355 2649 1419 subministrabit,
2689 1365 2734 1408 et
2773 1354 3126 1424 multiplicabit
3163 1355 3540 1412 seminationem
3568 1367 3804 1425 vestram,

2223 1456 2272 1500 et
2295 1447 2493 1518 augebit
2527 1459 2799 1502 crescentes
2827 1447 2996 1517 fruges
3011 1448 3226 1517 justitia:
3253 1460 3448 1517 uestris,
3476 1461 3528 1502 ut
3555 1451 3608 1504 in
3637 1452 3808 1506 omni-

2223 1539 2314 1594 bus
2335 1542 2480 1594 ditati
2513 1542 2530 1572 ⁸
2556 1542 2608 1596 in
2635 1557 2832 1598 omnem
2873 1541 3276 1610 simplicitatem,
3320 1557 3435 1611 qua
3458 1553 3700 1611 operatur
3725 1561 3816 1613 per

2225 1648 2316 1684 nos
2364 1632 2640 1702 gratiarum
2687 1632 2932 1688 actionem
2979 1630 3088 1685 Deo
3129 1647 3150 1686 :
3193 1633 3430 1702 quoniam
3479 1635 3816 1688 ministerium

2226 1731 2499 1802 [unctionis
2542 1731 2698 1800 hujus
2737 1746 2841 1784 non
2887 1730 3053 1782 solum
3109 1728 3308 1798 supplet
3356 1745 3415 1781 ea
3463 1744 3580 1800 qua:
3629 1729 3817 1782 desunt

2223 1822 2440 1887 sanctis,
2468 1823 2556 1876 sed
2585 1832 2632 1876 et
2659 1823 2918 1877 abundare
2956 1823 3078 1894 facit
3118 1841 3206 1893 per
3228 1821 3500 1878 multorum
3529 1825 3817 1894 gratiarum

2226 1915 2471 1967 actionem
2514 1913 2656 1977 Deo,
2704 1931 2794 1984 per
2838 1915 3183 1984 probationem
3232 1917 3615 1972 ministrutionis
3659 1917 3817 1988 hujus

2227 2007 2568 2078 glorificantes
2614 2007 2779 2060 Deunt
2814 2009 2870 2061 in
2915 2009 3147 2078 obsequio
3185 2008 3516 2080 confessionis
3557 2021 3738 2062 vestrae
3763 2011 3820 2064 in

2227 2098 2559 2169 Evangelium
2590 2101 2611 2132 ³
2657 2099 2864 2166 Christi,
2893 2110 2941 2155 et
2983 2100 3306 2172 simplicitate
3348 2103 3822 2158 communicationis

2228 2192 2281 2245 in
2303 2192 2419 2246 illos
2443 2201 2489 2244 et
2510 2191 2562 2245 in
2601 2208 2794 2259 omnes,
2823 2202 2870 2247 et
2899 2194 2952 2247 in
2975 2194 3201 2264 ipsorum
3225 2196 3515 2264 precatione
3532 2212 3632 2266 pro
3657 2196 3820 2264 vobis,

2228 2283 2620 2338 desiderantium
2644 2301 2730 2339 vos
2771 2295 2976 2354 propter
3019 2285 3341 2344 excellentem
3383 2287 3598 2358 gratiam
3639 2287 3739 2342 Dei
3763 2289 3825 2343 in

2227 2375 2384 2430 vobis.
2415 2374 2618 2430 Gratias
2647 2375 2754 2430 Deo
2777 2394 2931 2447 super
2951 2377 3282 2433 inenarrabili
3301 2378 3440 2434 dono
3459 2382 3568 2451 ejus
3597 2381 3661 2452 (ll
3685 2379 3821 2437 Cor.

2229 2487 2320 2526 vm
2353 2481 2400 2526 et
2433 2471 2532 2541 ix).
2563 2470 2772 2537 Quanta
2797 2472 3120 2542 pinguedine
3144 2483 3342 2528 sancta:
3367 2474 3567 2528 laetitiis
3593 2475 3663 2530 sit
3687 2491 3823 2545 per-

2228 2562 2380 2618 fusus
2399 2565 2707 2633 Apostolus,
2729 2563 2855 2618 dum
2877 2564 3114 2633 loquitur
3127 2567 3198 2620 de
3217 2565 3428 2622 alterm
3447 2568 3828 2638 supplemento

2230 2657 2533 2728 indigentia
2575 2658 2804 2714 militum
2827 2669 2881 2715 et
2909 2661 3316 2730 provincialium
3349 2661 3572 2727 Christi,
3603 2664 3729 2720 hinc
3751 2665 3828 2721 de

2229 2749 2390 2806 rebus
2425 2750 2727 2805 carnalibus
2755 2751 2806 2805 in
2837 2751 2975 2818 illos,
3001 2752 3125 2808 inde
3151 2763 3330 2809 autem
3357 2753 3430 2810 de
3454 2756 3831 2824 spiritalibus

2229 2842 2284 2898 in
2342 2842 2514 2908 istos;
2559 2851 2616 2896 ut
2674 2844 3046 2912 esclaaret,
3103 2853 3160 2902 et
3207 2853 3456 2916 tanquam
3511 2856 3824 2902 sanctorum

2228 2932 2542 3004 gaudiorum
2583 2934 2763 3002 sagina
2815 2934 3118 2992 eructuaret
3146 2976 3163 3004 ,
3191 2935 3414 3004 dicens,
3457 2935 3664 2992 Gratias
3705 2936 3828 2992 Deo

2228 3039 2382 3092 super
2404 3024 2728 3080 inenarrabili
2753 3025 2888 3080 dono
2915 3028 3025 3098 ejus
3041 3026 3068 3080 ?

2301 3133 2391 3190 l9.
2413 3135 2561 3190 Sicut
2582 3151 2710 3206 ergo
2736 3151 2840 3190 non
2861 3137 3089 3192 cessavit
3111 3137 3412 3208 Apostolus,
3431 3133 3550 3192 imo
3573 3138 3824 3206 Spiritus

2231 3225 2324 3280 Dei
2357 3226 2634 3294 possidens
2655 3235 2714 3281 et
2729 3228 2959 3296 impleas
2985 3236 3040 3283 et
3059 3243 3232 3298 agens
3253 3243 3347 3283 eor
3368 3229 3509 3299 eius,
3535 3231 3825 3286 exuet-tari

2230 3316 2418 3373 ﬁdeles
2459 3318 2554 3388 qui
2607 3318 2866 3373 haberent
2929 3319 3232 3387 Μήδειοώί
3263 3319 3286 3352 ³
3329 3322 3707 3387 substantiam,
3763 3328 3831 3376 It
3869 3303 3884 3306 “

2228 3407 2363 3463 nihil
2397 3408 2611 3463 deesset
2656 3409 3066 3465 necessitatibus
3106 3423 3382 3465 servorum
3411 3411 3527 3476 Dei,
3570 3412 3662 3481 qui
3699 3411 3830 3466 cel-

2229 3499 2428 3554 siores:
2469 3503 2767 3556 sanctitatis
2801 3503 3023 3571 gradum
3053 3502 3106 3555 in
3147 3503 3382 3557 Ecclesia
3411 3513 3595 3558 tenere
3627 3503 3830 3560 Volue-

2229 3602 2372 3656 runt,
2406 3602 2462 3646 ut
2499 3594 2615 3664 spei
2655 3593 2927 3648 saeuiat-is
2963 3595 3172 3649 vincula
3217 3604 3407 3650 cuncta
3446 3595 3826 3665 pra-uiderent,

2229 3691 2288 3740 et
2317 3684 2554 3740 animum
2598 3687 2818 3740 liberum
2867 3685 3060 3741 divina:
3105 3686 3308 3740 militia:
3349 3687 3700 3742 dedicarem:
3743 3689 3828 3743 sic

2229 3775 2429 3831 debent
2447 3787 2500 3831 et
2525 3778 2622 3847 ipsi
2645 3779 2922 3848 μηνοειδής
2941 3777 3059 3847 ejus
3075 3777 3320 3844 obedire,
3345 3786 3405 3833 ut
3427 3778 3830 3848 oompatianiur

2230 3865 2474 3931 inﬁrmis,
2501 3876 2558 3922 et
2584 3883 2767 3923 amore
2813 3869 3033 3939 privata:
3072 3869 3149 3923 rei
3187 3883 3294 3924 non
3339 3869 3526 3939 illigati
3567 3869 3828 3926 rit-auibus

2223 3959 2343 4016 suis
2388 3959 2442 4013 in
2481 3974 2770 4014 comam
2813 3960 3059 4015 laborare
3111 3959 3155 4028 ⁵,
3199 3961 3501 4032 praepositis
3547 3962 3658 4015 suis
3699 3963 3829 4018 sine

2229 4067 2504 4107 murmure
2542 4053 2955 4122 obtemperare;
2997 4060 3056 4106 ut
3097 4052 3198 4108 hoc
3221 4053 3528 4122 suppleatur
3553 4068 3620 4108 ex
3661 4052 3827 4109 obla-

2231 4142 2465 4198 tionibus
2517 4143 2779 4198 bonon
2830 4143 3104 4210 ﬁdelium,
3157 4144 3299 4214 quod
3354 4143 3715 4199 laborantibus
3769 4153 3830 4200 et

2225 4233 2429 4304 aliquid
2459 4235 2599 4290 unde
2623 4236 2820 4289 victum
2859 4235 3151 4306 transigant
3191 4236 3555 4304 operantibus,
3599 4244 3830 4304 propter

2229 4324 2571 4381 inlimitata
2599 4336 2775 4382 tanien
2802 4328 3110 4396 corporales
3147 4327 3442 4396 aliquorum
3468 4367 3486 4394 ,
3515 4336 3572 4383 et
3597 4338 3829 4398 proma-

2227 4419 2620 4475 ecclesiasticas
2642 4421 3020 4492 occupationes
3047 4420 3134 4475 vel
3161 4421 3518 4477 eruditionem
3549 4421 3825 4479 doctrina:

2227 4510 2499 4578 salutaris,
2529 4511 2719 4567 deesse
2748 4513 3048 4582 putaverint
3063 4512 3109 4565 ⁵.

2299 4624 2526 4682 CAPUT
2556 4625 2716 4680 XVII.
2743 4654 2810 4668 ——
2830 4625 2921 4682 ΞΟ.
2953 4624 3239 4680 Obtendunt
3269 4625 3400 4697 pigri
3422 4640 3600 4679 vacare
3622 4638 3676 4680 se
3702 4642 3829 4682 ora-

2233 4701 2375 4784 tioni,
2405 4717 2633 4789 psalmis,
2675 4717 2875 4772 lectioni
2899 4727 2946 4772 et
2971 4719 3116 4773 verbo
3146 4717 3259 4772 Dei.
3302 4716 3448 4772 Inter
3487 4719 3826 4773 laborandum

2231 4809 2382 4863 licere
2409 4811 2640 4880 psallere.
2701 4809 2988 4864 Lectionem
3025 4827 3127 4864 non
3168 4809 3424 4882 prodesse,
3453 4809 3554 4864 nisi
3577 4811 3668 4880 ﬁat
3689 4813 3828 4881 quod

2233 4900 2433 4970 legitur.
2479 4900 2618 4968 Quid
2664 4901 2807 4955 enim
2851 4909 3009 4971 agant
3061 4901 3151 4972 qui
3207 4901 3416 4972 operari
3468 4903 3830 4970 corporaliter

2233 4991 2438 5057 nolunt,
2482 4993 2568 5045 cui
2611 4991 2687 5046 rei
2727 5001 2916 5056 vacent
2959 4992 3100 5048 scire
3145 4993 3410 5048 desidero.
3456 4991 3826 5064 Orationibus,

2229 5084 2497 5155 inquiunt,
2523 5094 2576 5140 et
2599 5083 2840 5154 psalmis,
2869 5095 2923 5140 et
2951 5085 3185 5153 lectioni,
3216 5098 3270 5142 et
3295 5087 3458 5141 verbo
3481 5086 3592 5141 Dei.
3621 5086 3829 5144 Sancta

2232 5179 2388 5248 plane
2413 5177 2518 5230 vita
2543 5185 2596 5231 et
2621 5175 2820 5233 Christi
2847 5179 3108 5235 suavitate
3134 5180 3156 5212 ⁸
3191 5179 3472 5236 laudabilis
3502 5196 3519 5240 :
3562 5182 3655 5237 sed
3683 5183 3729 5238 si
3758 5183 3829 5239 ab

2231 5270 2316 5325 bis
2344 5269 2598 5324 evocandi
2625 5284 2730 5324 non
2759 5286 2964 5337 sumus,
3002 5287 3102 5329 nec
3127 5273 3553 5330 manducandum
3581 5286 3686 5340 est,
3721 5291 3827 5331 nec

2230 5362 2361 5433 ipsa:
2400 5375 2536 5418 escae
2561 5362 2797 5433 quotidie
2837 5363 3224 5436 praeparandus,
3272 5375 3329 5420 ut
3371 5367 3578 5442 possint
3620 5367 3826 5439 apponi

2295 5520 2313 5551 ι
2347 5519 2482 5576 Editi,
2509 5516 2650 5586 ditati
2668 5518 2936 5586 abtmdetis.
2965 5521 3193 5584 Verbum,
3236 5521 3501 5586 abundetis,
3537 5537 3634 5574 non
3660 5531 3738 5575 est
3775 5527 3830 5578 in

2229 5586 2358 5642 ωε,
2383 5596 2476 5631 nec
2500 5584 2785 5644 exprimitur
2796 5583 2856 5644 iu
2870 5595 3050 5644 gra‘oo.

2296 5648 2315 5676 ²
2351 5645 2482 5700 tiditi,
2510 5643 2559 5693 in
2573 5642 2832 5707 ’I-Jvangelio
2855 5642 3302 5707 {dissentientibus
3316 5652 3422 5698 llas.

2299 5707 2318 5737 ³
2354 5714 2364 5751 t
2391 5721 2480 5754 nus
2505 5720 2534 5753 e
2561 5706 2789 5755 t'atiatuis
2814 5714 2935 5768 uss,
2963 5707 3106 5768 hujus
3136 5706 3322 5757 numdi.

2297 5769 2319 5799 δ
2350 5770 2420 5818 sic
2445 5783 2544 5817 mss.
2574 5775 2628 5816 Al
2653 5769 2786 5825 editi,
2809 5766 2860 5818 in
2884 5766 3121 5818 certissimi
3144 5769 3320 5820 labore.

2298 5831 2319 5893 β
2353 5836 2447 5893 tam,
2473 5827 2696 5893 potuerit.
2721 5837 2846 5893 tutus
2870 5843 2898 5878 e
2927 5832 3158 5880 Vaticanis
3180 5837 3314 5893 5155.,
3325 5831 3550 5893 patuerit.

2257 5972 2259 5974 η
2303 5892 2322 5924 ⁸
2351 5889 2486 5948 editis
2506 5899 2552 5944 et
2567 5889 2620 5947 in
2640 5889 2817 5944 Christi
2831 5897 3080 5950 suavitate.
3105 5893 3271 5959 Abest,
3292 5889 3364 5960 in,
3391 5906 3422 5944 a
3440 5900 3550 5949 las.
