  <div class='ocr_page' id='page_1' title='image "/cluster/home/n/w/nwhite01/storage/ocr_20150623/40/hvd.32044024147290/289.png"; bbox 0 0 4070 6334; ppageno 0'>
   <div class='ocr_carea' id='block_1_1' title="bbox 511 379 626 435">
    <p class='ocr_par' dir='ltr' id='par_1_1' title="bbox 511 379 626 435">
     <span class='ocr_line' id='line_1_1' title="bbox 511 379 626 435; baseline -0.009 0"><span class='ocrx_word' id='word_1_1' title='bbox 511 379 626 435; x_wconf 78' lang='lat'><strong>567&#39;</strong></span> 
     </span>
    </p>
   </div>
   <div class='ocr_carea' id='block_1_2' title="bbox 514 505 2106 580">
    <p class='ocr_par' dir='ltr' id='par_1_2' title="bbox 514 505 2106 580">
     <span class='ocr_line' id='line_1_2' title="bbox 514 505 2106 580; baseline -0.004 -11"><span class='ocrx_word' id='word_1_2' title='bbox 514 514 702 570; x_wconf 83' lang='lat' dir='ltr'><strong>falsam</strong></span> <span class='ocrx_word' id='word_1_3' title='bbox 748 509 1130 576; x_wconf 69' lang='lat' dir='ltr'><strong>pra-tendere:</strong></span> <span class='ocrx_word' id='word_1_4' title='bbox 1174 505 1317 562; x_wconf 84' lang='lat' dir='ltr'><strong>aliud</strong></span> <span class='ocrx_word' id='word_1_5' title='bbox 1359 515 1536 562; x_wconf 89' lang='lat' dir='ltr'><strong>autem</strong></span> <span class='ocrx_word' id='word_1_6' title='bbox 1575 508 1652 563; x_wconf 92' lang='lat' dir='ltr'><strong>sic</strong></span> <span class='ocrx_word' id='word_1_7' title='bbox 1693 508 1904 580; x_wconf 87' lang='lat' dir='ltr'><strong>decipi,</strong></span> <span class='ocrx_word' id='word_1_8' title='bbox 1945 517 2000 564; x_wconf 88' lang='lat' dir='ltr'><strong>et</strong></span> <span class='ocrx_word' id='word_1_9' title='bbox 2027 507 2106 562; x_wconf 90' lang='lat' dir='ltr'><strong>sic</strong></span> 
     </span>
    </p>
   </div>
   <div class='ocr_carea' id='block_1_3' title="bbox 513 601 2109 677">
    <p class='ocr_par' dir='ltr' id='par_1_3' title="bbox 513 601 2109 677">
     <span class='ocr_line' id='line_1_3' title="bbox 513 601 2109 677; baseline -0.004 -15"><span class='ocrx_word' id='word_1_10' title='bbox 513 605 783 677; x_wconf 84' lang='lat' dir='ltr'><strong>decipere,</strong></span> <span class='ocrx_word' id='word_1_11' title='bbox 814 613 872 659; x_wconf 90' lang='lat' dir='ltr'><strong>ut</strong></span> <span class='ocrx_word' id='word_1_12' title='bbox 900 605 1118 673; x_wconf 82' lang='lat' dir='ltr'><strong>insuper</strong></span> <span class='ocrx_word' id='word_1_13' title='bbox 1137 601 1259 656; x_wconf 90' lang='lat' dir='ltr'><strong>ideo</strong></span> <span class='ocrx_word' id='word_1_14' title='bbox 1280 601 1521 656; x_wconf 89' lang='lat' dir='ltr'><strong>videatur</strong></span> <span class='ocrx_word' id='word_1_15' title='bbox 1546 601 1599 655; x_wconf 95' lang='lat' dir='ltr'><strong>in</strong></span> <span class='ocrx_word' id='word_1_16' title='bbox 1619 601 1788 656; x_wconf 86' lang='lat' dir='ltr'><strong>servis</strong></span> <span class='ocrx_word' id='word_1_17' title='bbox 1809 601 1902 657; x_wconf 85' lang='lat' dir='ltr'><strong>Dei</strong></span> <span class='ocrx_word' id='word_1_18' title='bbox 1936 601 2109 670; x_wconf 83' lang='lat' dir='ltr'><strong>major</strong></span> 
     </span>
    </p>
   </div>
   <div class='ocr_carea' id='block_1_4' title="bbox 514 692 2108 767">
    <p class='ocr_par' dir='ltr' id='par_1_4' title="bbox 514 692 2108 767">
     <span class='ocr_line' id='line_1_4' title="bbox 514 692 2108 767; baseline -0.004 -13"><span class='ocrx_word' id='word_1_19' title='bbox 514 713 636 756; x_wconf 82' lang='lat' dir='ltr'><strong>esse</strong></span> <span class='ocrx_word' id='word_1_20' title='bbox 688 697 923 767; x_wconf 85' lang='lat' dir='ltr'><strong>justitia,</strong></span> <span class='ocrx_word' id='word_1_21' title='bbox 971 695 1094 766; x_wconf 84' lang='lat' dir='ltr'><strong>quia</strong></span> <span class='ocrx_word' id='word_1_22' title='bbox 1143 692 1316 764; x_wconf 91' lang='lat' dir='ltr'><strong>potuit</strong></span> <span class='ocrx_word' id='word_1_23' title='bbox 1376 693 1516 748; x_wconf 85' lang='lat' dir='ltr'><strong>inter</strong></span> <span class='ocrx_word' id='word_1_24' title='bbox 1559 693 1835 763; x_wconf 92' lang='lat' dir='ltr'><strong>imperitos</strong></span> <span class='ocrx_word' id='word_1_25' title='bbox 1881 707 2108 762; x_wconf 85' lang='lat' dir='ltr'><strong>regnare</strong></span> 
     </span>
    </p>
   </div>
   <div class='ocr_carea' id='block_1_5' title="bbox 511 787 2107 862">
    <p class='ocr_par' dir='ltr' id='par_1_5' title="bbox 511 787 2107 862">
     <span class='ocr_line' id='line_1_5' title="bbox 511 787 2107 862; baseline -0.003 -17"><span class='ocrx_word' id='word_1_26' title='bbox 511 791 744 862; x_wconf 79' lang='lat' dir='ltr'><strong>pigritia.</strong></span> <span class='ocrx_word' id='word_1_27' title='bbox 793 790 894 858; x_wconf 86' lang='lat' dir='ltr'><strong>Qui</strong></span> <span class='ocrx_word' id='word_1_28' title='bbox 937 790 1078 845; x_wconf 91' lang='lat' dir='ltr'><strong>enim</strong></span> <span class='ocrx_word' id='word_1_29' title='bbox 1109 802 1290 842; x_wconf 84' lang='lat' dir='ltr'><strong>veram</strong></span> <span class='ocrx_word' id='word_1_30' title='bbox 1331 788 1572 857; x_wconf 87' lang='lat' dir='ltr'><strong>corporis</strong></span> <span class='ocrx_word' id='word_1_31' title='bbox 1601 787 1834 843; x_wconf 75' lang='lat' dir='ltr'><strong>ostendit</strong></span> <span class='ocrx_word' id='word_1_32' title='bbox 1876 787 2107 841; x_wconf 79' lang='lat' dir='ltr'><strong>infirmi-</strong></span> 
     </span>
    </p>
   </div>
   <div class='ocr_carea' id='block_1_6' title="bbox 516 877 2105 950">
    <p class='ocr_par' dir='ltr' id='par_1_6' title="bbox 516 877 2105 950">
     <span class='ocr_line' id='line_1_6' title="bbox 516 877 2105 950; baseline -0.004 -12"><span class='ocrx_word' id='word_1_33' title='bbox 516 893 710 950; x_wconf 90' lang='lat' dir='ltr'><strong>tatem,</strong></span> <span class='ocrx_word' id='word_1_34' title='bbox 757 883 989 938; x_wconf 85' lang='lat' dir='ltr'><strong>humane</strong></span> <span class='ocrx_word' id='word_1_35' title='bbox 1029 878 1343 935; x_wconf 89' lang='lat' dir='ltr'><strong>tractandus</strong></span> <span class='ocrx_word' id='word_1_36' title='bbox 1393 888 1511 945; x_wconf 88' lang='lat' dir='ltr'><strong>est;</strong></span> <span class='ocrx_word' id='word_1_37' title='bbox 1554 879 1644 950; x_wconf 91' lang='lat' dir='ltr'><strong>qui</strong></span> <span class='ocrx_word' id='word_1_38' title='bbox 1688 888 1865 934; x_wconf 91' lang='lat' dir='ltr'><strong>autem</strong></span> <span class='ocrx_word' id='word_1_39' title='bbox 1916 877 2105 932; x_wconf 80' lang='lat' dir='ltr'><strong>falsam</strong></span> 
     </span>
    </p>
   </div>
   <div class='ocr_carea' id='block_1_7' title="bbox 513 971 2106 1044">
    <p class='ocr_par' dir='ltr' id='par_1_7' title="bbox 513 971 2106 1044">
     <span class='ocr_line' id='line_1_7' title="bbox 513 971 2106 1044; baseline -0.002 -15"><span class='ocrx_word' id='word_1_40' title='bbox 513 975 797 1044; x_wconf 69' lang='lat' dir='ltr'><strong>praetendit</strong></span> <span class='ocrx_word' id='word_1_41' title='bbox 825 983 878 1030; x_wconf 90' lang='lat' dir='ltr'><strong>et</strong></span> <span class='ocrx_word' id='word_1_42' title='bbox 923 974 1169 1030; x_wconf 76' lang='lat' dir='ltr'><strong>convinci</strong></span> <span class='ocrx_word' id='word_1_43' title='bbox 1213 987 1320 1026; x_wconf 92' lang='lat' dir='ltr'><strong>non</strong></span> <span class='ocrx_word' id='word_1_44' title='bbox 1350 981 1558 1042; x_wconf 91' lang='lat' dir='ltr'><strong>potest,</strong></span> <span class='ocrx_word' id='word_1_45' title='bbox 1605 973 1713 1027; x_wconf 91' lang='lat' dir='ltr'><strong>Deo</strong></span> <span class='ocrx_word' id='word_1_46' title='bbox 1758 971 2106 1026; x_wconf 89' lang='lat' dir='ltr'><strong>dimittendus</strong></span> 
     </span>
    </p>
   </div>
   <div class='ocr_carea' id='block_1_8' title="bbox 514 1063 2102 1136">
    <p class='ocr_par' dir='ltr' id='par_1_8' title="bbox 514 1063 2102 1136">
     <span class='ocr_line' id='line_1_8' title="bbox 514 1063 2102 1136; baseline -0.003 -16"><span class='ocrx_word' id='word_1_47' title='bbox 514 1075 596 1120; x_wconf 87' lang='lat' dir='ltr'><strong>est</strong></span> <span class='ocrx_word' id='word_1_48' title='bbox 619 1085 632 1120; x_wconf 94' lang='lat'>:</span> <span class='ocrx_word' id='word_1_49' title='bbox 657 1074 847 1120; x_wconf 79' lang='lat' dir='ltr'><strong>neuter</strong></span> <span class='ocrx_word' id='word_1_50' title='bbox 865 1076 1043 1122; x_wconf 79' lang='lat' dir='ltr'><strong>tamen</strong></span> <span class='ocrx_word' id='word_1_51' title='bbox 1070 1081 1254 1121; x_wconf 90' lang='lat' dir='ltr'><strong>eormn</strong></span> <span class='ocrx_word' id='word_1_52' title='bbox 1281 1065 1634 1136; x_wconf 80' lang='lat' dir='ltr'><strong>perniciosam</strong></span> <span class='ocrx_word' id='word_1_53' title='bbox 1658 1064 1895 1134; x_wconf 82' lang='lat' dir='ltr'><strong>regulam</strong></span> <span class='ocrx_word' id='word_1_54' title='bbox 1921 1063 2032 1133; x_wconf 84' lang='lat' dir='ltr'><strong>ﬁgit</strong></span> <span class='ocrx_word' id='word_1_55' title='bbox 2051 1063 2102 1130; x_wconf 69' lang='grc' dir='ltr'>ις</span> 
     </span>
    </p>
   </div>
   <div class='ocr_carea' id='block_1_9' title="bbox 513 1158 2106 1230">
    <p class='ocr_par' dir='ltr' id='par_1_9' title="bbox 513 1158 2106 1230">
     <span class='ocr_line' id='line_1_9' title="bbox 513 1158 2106 1230; baseline -0.001 -17"><span class='ocrx_word' id='word_1_56' title='bbox 513 1161 634 1230; x_wconf 85' lang='lat' dir='ltr'><strong>quia</strong></span> <span class='ocrx_word' id='word_1_57' title='bbox 663 1160 833 1214; x_wconf 91' lang='lat' dir='ltr'><strong>bonus</strong></span> <span class='ocrx_word' id='word_1_58' title='bbox 859 1175 1045 1215; x_wconf 89' lang='lat' dir='ltr'><strong>servus</strong></span> <span class='ocrx_word' id='word_1_59' title='bbox 1076 1161 1168 1215; x_wconf 91' lang='lat' dir='ltr'><strong>Dei</strong></span> <span class='ocrx_word' id='word_1_60' title='bbox 1199 1170 1251 1215; x_wconf 92' lang='lat' dir='ltr'><strong>et</strong></span> <span class='ocrx_word' id='word_1_61' title='bbox 1278 1159 1557 1214; x_wconf 79' lang='lat' dir='ltr'><strong>manifeste</strong></span> <span class='ocrx_word' id='word_1_62' title='bbox 1587 1159 1799 1213; x_wconf 80' lang='lat' dir='ltr'><strong>infirmo</strong></span> <span class='ocrx_word' id='word_1_63' title='bbox 1829 1158 1976 1212; x_wconf 84' lang='lat' dir='ltr'><strong>fratri</strong></span> <span class='ocrx_word' id='word_1_64' title='bbox 2009 1173 2106 1212; x_wconf 90' lang='lat' dir='ltr'><strong>suo</strong></span> 
     </span>
    </p>
   </div>
   <div class='ocr_carea' id='block_1_10' title="bbox 513 1250 2103 1322">
    <p class='ocr_par' dir='ltr' id='par_1_10' title="bbox 513 1250 2103 1322">
     <span class='ocr_line' id='line_1_10' title="bbox 513 1250 2103 1322; baseline 0.001 -19"><span class='ocrx_word' id='word_1_65' title='bbox 513 1252 700 1316; x_wconf 80' lang='lat' dir='ltr'><strong>servit,</strong></span> <span class='ocrx_word' id='word_1_66' title='bbox 728 1261 781 1305; x_wconf 91' lang='lat' dir='ltr'><strong>et</strong></span> <span class='ocrx_word' id='word_1_67' title='bbox 808 1250 1007 1306; x_wconf 81' lang='lat' dir='ltr'><strong>fallenti</strong></span> <span class='ocrx_word' id='word_1_68' title='bbox 1053 1268 1174 1306; x_wconf 91' lang='lat' dir='ltr'><strong>cum</strong></span> <span class='ocrx_word' id='word_1_69' title='bbox 1205 1251 1394 1318; x_wconf 87' lang='lat' dir='ltr'><strong>credit,</strong></span> <span class='ocrx_word' id='word_1_70' title='bbox 1441 1252 1562 1322; x_wconf 89' lang='lat' dir='ltr'><strong>quia</strong></span> <span class='ocrx_word' id='word_1_71' title='bbox 1606 1250 1803 1304; x_wconf 89' lang='lat' dir='ltr'><strong>malum</strong></span> <span class='ocrx_word' id='word_1_72' title='bbox 1833 1266 1954 1305; x_wconf 91' lang='lat' dir='ltr'><strong>eum</strong></span> <span class='ocrx_word' id='word_1_73' title='bbox 1997 1265 2103 1305; x_wconf 89' lang='lat' dir='ltr'><strong>non</strong></span> 
     </span>
    </p>
   </div>
   <div class='ocr_carea' id='block_1_11' title="bbox 513 1341 2103 1408">
    <p class='ocr_par' dir='ltr' id='par_1_11' title="bbox 513 1341 2103 1408">
     <span class='ocr_line' id='line_1_11' title="bbox 513 1341 2103 1408; baseline 0 -14"><span class='ocrx_word' id='word_1_74' title='bbox 513 1349 682 1408; x_wconf 85' lang='lat' dir='ltr'><strong>putat,</strong></span> <span class='ocrx_word' id='word_1_75' title='bbox 715 1356 820 1394; x_wconf 90' lang='lat' dir='ltr'><strong>non</strong></span> <span class='ocrx_word' id='word_1_76' title='bbox 852 1341 1090 1396; x_wconf 89' lang='lat' dir='ltr'><strong>imitatur</strong></span> <span class='ocrx_word' id='word_1_77' title='bbox 1115 1351 1174 1396; x_wconf 89' lang='lat' dir='ltr'><strong>ut</strong></span> <span class='ocrx_word' id='word_1_78' title='bbox 1199 1343 1371 1397; x_wconf 89' lang='lat' dir='ltr'><strong>malus</strong></span> <span class='ocrx_word' id='word_1_79' title='bbox 1393 1343 1502 1407; x_wconf 87' lang='lat' dir='ltr'><strong>sit;</strong></span> <span class='ocrx_word' id='word_1_80' title='bbox 1533 1350 1586 1396; x_wconf 90' lang='lat' dir='ltr'><strong>et</strong></span> <span class='ocrx_word' id='word_1_81' title='bbox 1615 1343 1658 1397; x_wconf 91' lang='lat' dir='ltr'><strong>si</strong></span> <span class='ocrx_word' id='word_1_82' title='bbox 1691 1357 1795 1396; x_wconf 93' lang='lat' dir='ltr'><strong>non</strong></span> <span class='ocrx_word' id='word_1_83' title='bbox 1837 1342 1884 1397; x_wconf 90' lang='lat' dir='ltr'><strong>ei</strong></span> <span class='ocrx_word' id='word_1_84' title='bbox 1911 1341 2103 1406; x_wconf 89' lang='lat' dir='ltr'><strong>credit,</strong></span> 
     </span>
    </p>
   </div>
   <div class='ocr_carea' id='block_1_12' title="bbox 513 1432 2104 1505">
    <p class='ocr_par' dir='ltr' id='par_1_12' title="bbox 513 1432 2104 1505">
     <span class='ocr_line' id='line_1_12' title="bbox 513 1432 2104 1505; baseline 0.003 -19"><span class='ocrx_word' id='word_1_85' title='bbox 513 1432 753 1488; x_wconf 89' lang='lat' dir='ltr'><strong>fallacem</strong></span> <span class='ocrx_word' id='word_1_86' title='bbox 779 1445 950 1505; x_wconf 88' lang='lat' dir='ltr'><strong>putat,</strong></span> <span class='ocrx_word' id='word_1_87' title='bbox 989 1451 1052 1490; x_wconf 88' lang='lat' dir='ltr'><strong>ac</strong></span> <span class='ocrx_word' id='word_1_88' title='bbox 1077 1435 1425 1490; x_wconf 84' lang='lat' dir='ltr'><strong>nihilominus</strong></span> <span class='ocrx_word' id='word_1_89' title='bbox 1451 1452 1555 1490; x_wconf 92' lang='lat' dir='ltr'><strong>non</strong></span> <span class='ocrx_word' id='word_1_90' title='bbox 1587 1437 1841 1490; x_wconf 86' lang='lat' dir='ltr'><strong>imitatur.</strong></span> <span class='ocrx_word' id='word_1_91' title='bbox 1898 1436 1980 1491; x_wconf 85' lang='lat' dir='ltr'><strong>Ab</strong></span> <span class='ocrx_word' id='word_1_92' title='bbox 2010 1435 2104 1490; x_wconf 91' lang='lat' dir='ltr'><strong>illo</strong></span> 
     </span>
    </p>
   </div>
   <div class='ocr_carea' id='block_1_13' title="bbox 511 1526 2102 1598">
    <p class='ocr_par' dir='ltr' id='par_1_13' title="bbox 511 1526 2102 1598">
     <span class='ocr_line' id='line_1_13' title="bbox 511 1526 2102 1598; baseline 0.001 -20"><span class='ocrx_word' id='word_1_93' title='bbox 511 1539 642 1579; x_wconf 93' lang='lat' dir='ltr'><strong>vero</strong></span> <span class='ocrx_word' id='word_1_94' title='bbox 681 1526 772 1595; x_wconf 91' lang='lat' dir='ltr'><strong>qui</strong></span> <span class='ocrx_word' id='word_1_95' title='bbox 801 1526 946 1592; x_wconf 88' lang='lat' dir='ltr'><strong>dicit,</strong></span> <span class='ocrx_word' id='word_1_96' title='bbox 991 1527 1118 1582; x_wconf 73' lang='lat' dir='ltr'><strong>Hzec</strong></span> <span class='ocrx_word' id='word_1_97' title='bbox 1156 1536 1238 1582; x_wconf 90' lang='lat' dir='ltr'><strong>est</strong></span> <span class='ocrx_word' id='word_1_98' title='bbox 1274 1543 1398 1582; x_wconf 88' lang='lat' dir='ltr'><strong>vera</strong></span> <span class='ocrx_word' id='word_1_99' title='bbox 1430 1526 1656 1598; x_wconf 89' lang='lat' dir='ltr'><strong>justitia,</strong></span> <span class='ocrx_word' id='word_1_100' title='bbox 1699 1537 1755 1580; x_wconf 88' lang='lat' dir='ltr'><strong>ut</strong></span> <span class='ocrx_word' id='word_1_101' title='bbox 1806 1527 1938 1582; x_wconf 87' lang='lat' dir='ltr'><strong>nihil</strong></span> <span class='ocrx_word' id='word_1_102' title='bbox 1979 1543 2102 1581; x_wconf 89' lang='lat' dir='ltr'><strong>cor-</strong></span> 
     </span>
    </p>
   </div>
   <div class='ocr_carea' id='block_1_14' title="bbox 512 1617 2102 1688">
    <p class='ocr_par' dir='ltr' id='par_1_14' title="bbox 512 1617 2102 1688">
     <span class='ocr_line' id='line_1_14' title="bbox 512 1617 2102 1688; baseline 0.001 -17"><span class='ocrx_word' id='word_1_103' title='bbox 512 1617 766 1686; x_wconf 87' lang='lat' dir='ltr'><strong>poraliter</strong></span> <span class='ocrx_word' id='word_1_104' title='bbox 806 1619 1077 1686; x_wconf 81' lang='lat' dir='ltr'><strong>operando</strong></span> <span class='ocrx_word' id='word_1_105' title='bbox 1107 1619 1379 1674; x_wconf 86' lang='lat' dir='ltr'><strong>imitemur</strong></span> <span class='ocrx_word' id='word_1_106' title='bbox 1406 1619 1637 1673; x_wconf 85' lang='lat' dir='ltr'><strong>volatilia</strong></span> <span class='ocrx_word' id='word_1_107' title='bbox 1675 1621 1819 1684; x_wconf 77' lang='lat' dir='ltr'><strong>eteli,</strong></span> <span class='ocrx_word' id='word_1_108' title='bbox 1851 1620 2102 1688; x_wconf 89' lang='lat' dir='ltr'><strong>quoniam</strong></span> 
     </span>
    </p>
   </div>
   <div class='ocr_carea' id='block_1_15' title="bbox 511 1708 2104 1780">
    <p class='ocr_par' dir='ltr' id='par_1_15' title="bbox 511 1708 2104 1780">
     <span class='ocr_line' id='line_1_15' title="bbox 511 1708 2104 1780; baseline 0.001 -19"><span class='ocrx_word' id='word_1_109' title='bbox 511 1708 602 1777; x_wconf 88' lang='lat' dir='ltr'><strong>qui</strong></span> <span class='ocrx_word' id='word_1_110' title='bbox 634 1708 740 1763; x_wconf 85' lang='lat' dir='ltr'><strong>tale</strong></span> <span class='ocrx_word' id='word_1_111' title='bbox 782 1709 979 1778; x_wconf 89' lang='lat' dir='ltr'><strong>aliquid</strong></span> <span class='ocrx_word' id='word_1_112' title='bbox 1024 1710 1182 1764; x_wconf 88' lang='lat' dir='ltr'><strong>fuerit</strong></span> <span class='ocrx_word' id='word_1_113' title='bbox 1227 1719 1478 1780; x_wconf 75' lang='lat' dir='ltr'><strong>operatus</strong></span> <span class='ocrx_word' id='word_1_114' title='bbox 1524 1719 1708 1764; x_wconf 90' lang='lat' dir='ltr'><strong>contra</strong></span> <span class='ocrx_word' id='word_1_115' title='bbox 1758 1710 2104 1780; x_wconf 86' lang='lat' dir='ltr'><strong>Evangelium</strong></span> 
     </span>
    </p>
   </div>
   <div class='ocr_carea' id='block_1_16' title="bbox 513 1799 2100 1870">
    <p class='ocr_par' dir='ltr' id='par_1_16' title="bbox 513 1799 2100 1870">
     <span class='ocr_line' id='line_1_16' title="bbox 513 1799 2100 1870; baseline 0.002 -18"><span class='ocrx_word' id='word_1_116' title='bbox 513 1799 675 1854; x_wconf 87' lang='lat' dir='ltr'><strong>facit:</strong></span> <span class='ocrx_word' id='word_1_117' title='bbox 709 1801 950 1870; x_wconf 85' lang='lat' dir='ltr'><strong>quisquis</strong></span> <span class='ocrx_word' id='word_1_118' title='bbox 993 1802 1172 1855; x_wconf 88' lang='lat' dir='ltr'><strong>animo</strong></span> <span class='ocrx_word' id='word_1_119' title='bbox 1207 1801 1447 1856; x_wconf 83' lang='lat' dir='ltr'><strong>infirmus</strong></span> <span class='ocrx_word' id='word_1_120' title='bbox 1496 1802 1598 1858; x_wconf 92' lang='lat' dir='ltr'><strong>hoc</strong></span> <span class='ocrx_word' id='word_1_121' title='bbox 1639 1802 1788 1856; x_wconf 86' lang='lat' dir='ltr'><strong>audit</strong></span> <span class='ocrx_word' id='word_1_122' title='bbox 1815 1810 1868 1856; x_wconf 91' lang='lat' dir='ltr'><strong>et</strong></span> <span class='ocrx_word' id='word_1_123' title='bbox 1908 1801 2100 1869; x_wconf 84' lang='lat' dir='ltr'><strong>credit,</strong></span> 
     </span>
    </p>
   </div>
   <div class='ocr_carea' id='block_1_17' title="bbox 512 1892 2106 1966">
    <p class='ocr_par' dir='ltr' id='par_1_17' title="bbox 512 1892 2106 1966">
     <span class='ocr_line' id='line_1_17' title="bbox 512 1892 2106 1966; baseline 0.003 -22"><span class='ocrx_word' id='word_1_124' title='bbox 512 1905 619 1946; x_wconf 92' lang='lat' dir='ltr'><strong>non</strong></span> <span class='ocrx_word' id='word_1_125' title='bbox 665 1892 787 1961; x_wconf 88' lang='lat' dir='ltr'><strong>quia</strong></span> <span class='ocrx_word' id='word_1_126' title='bbox 818 1893 896 1947; x_wconf 91' lang='lat' dir='ltr'><strong>sie</strong></span> <span class='ocrx_word' id='word_1_127' title='bbox 941 1904 1129 1958; x_wconf 89' lang='lat' dir='ltr'><strong>vacat,</strong></span> <span class='ocrx_word' id='word_1_128' title='bbox 1177 1892 1272 1948; x_wconf 90' lang='lat' dir='ltr'><strong>sed</strong></span> <span class='ocrx_word' id='word_1_129' title='bbox 1319 1895 1442 1965; x_wconf 87' lang='lat' dir='ltr'><strong>quia</strong></span> <span class='ocrx_word' id='word_1_130' title='bbox 1493 1894 1571 1950; x_wconf 90' lang='lat' dir='ltr'><strong>sic</strong></span> <span class='ocrx_word' id='word_1_131' title='bbox 1614 1903 1795 1960; x_wconf 87' lang='lat' dir='ltr'><strong>errat,</strong></span> <span class='ocrx_word' id='word_1_132' title='bbox 1843 1894 2106 1966; x_wconf 88' lang='lat' dir='ltr'><strong>lugendus</strong></span> 
     </span>
    </p>
   </div>
   <div class='ocr_carea' id='block_1_18' title="bbox 511 1993 613 2037">
    <p class='ocr_par' dir='ltr' id='par_1_18' title="bbox 511 1993 613 2037">
     <span class='ocr_line' id='line_1_18' title="bbox 511 1993 613 2037; baseline 0 0"><span class='ocrx_word' id='word_1_133' title='bbox 511 1993 613 2037; x_wconf 91' lang='lat' dir='ltr'><strong>est.</strong></span> 
     </span>
    </p>
   </div>
   <div class='ocr_carea' id='block_1_19' title="bbox 582 2076 2105 2152">
    <p class='ocr_par' dir='ltr' id='par_1_19' title="bbox 582 2076 2105 2152">
     <span class='ocr_line' id='line_1_19' title="bbox 582 2076 2105 2152; baseline 0.003 -22"><span class='ocrx_word' id='word_1_134' title='bbox 582 2076 811 2133; x_wconf 79' lang='lat' dir='ltr'><strong>CAPUT</strong></span> <span class='ocrx_word' id='word_1_135' title='bbox 843 2077 964 2133; x_wconf 81' lang='lat' dir='ltr'><strong>XX.</strong></span> <span class='ocrx_word' id='word_1_136' title='bbox 988 2110 1060 2121; x_wconf 91' lang='lat'><strong><em>—</em></strong></span> <span class='ocrx_word' id='word_1_137' title='bbox 1087 2079 1175 2134; x_wconf 69' lang='lat'><strong>9&#39;5.</strong></span> <span class='ocrx_word' id='word_1_138' title='bbox 1203 2079 1451 2148; x_wconf 77' lang='lat' dir='ltr'><strong>Objectio,</strong></span> <span class='ocrx_word' id='word_1_139' title='bbox 1476 2098 1543 2135; x_wconf 90' lang='lat' dir='ltr'><strong>an</strong></span> <span class='ocrx_word' id='word_1_140' title='bbox 1565 2082 1730 2136; x_wconf 74' lang='lat' dir='ltr'><strong>rwteri</strong></span> <span class='ocrx_word' id='word_1_141' title='bbox 1752 2080 1984 2152; x_wconf 81' lang='lat' dir='ltr'><strong>Apostoli</strong></span> <span class='ocrx_word' id='word_1_142' title='bbox 2004 2096 2105 2135; x_wconf 81' lang='lat' dir='ltr'><strong>non</strong></span> 
     </span>
    </p>
   </div>
   <div class='ocr_carea' id='block_1_20' title="bbox 514 2167 2101 2248">
    <p class='ocr_par' dir='ltr' id='par_1_20' title="bbox 514 2167 2101 2248">
     <span class='ocr_line' id='line_1_20' title="bbox 514 2167 2101 2248; baseline 0.007 -28"><span class='ocrx_word' id='word_1_143' title='bbox 514 2167 801 2224; x_wconf 75' lang='lat' dir='ltr'><strong>laborantes</strong></span> <span class='ocrx_word' id='word_1_144' title='bbox 821 2187 879 2223; x_wconf 89' lang='lat' dir='ltr'><strong>ac</strong></span> <span class='ocrx_word' id='word_1_145' title='bbox 897 2172 960 2224; x_wconf 86' lang='lat' dir='ltr'><strong>de</strong></span> <span class='ocrx_word' id='word_1_146' title='bbox 979 2171 1250 2242; x_wconf 76' lang='lat' dir='ltr'><strong>Evangelia</strong></span> <span class='ocrx_word' id='word_1_147' title='bbox 1268 2174 1485 2228; x_wconf 79' lang='lat' dir='ltr'><strong>viventes</strong></span> <span class='ocrx_word' id='word_1_148' title='bbox 1503 2175 1774 2246; x_wconf 78' lang='lat' dir='ltr'><strong>peccarint.</strong></span> <span class='ocrx_word' id='word_1_149' title='bbox 1797 2175 2101 2248; x_wconf 79' lang='lat' dir='ltr'><strong>Responsio.</strong></span> 
     </span>
    </p>
   </div>
   <div class='ocr_carea' id='block_1_21' title="bbox 517 2258 2101 2341">
    <p class='ocr_par' dir='ltr' id='par_1_21' title="bbox 517 2258 2101 2341">
     <span class='ocr_line' id='line_1_21' title="bbox 517 2258 2101 2341; baseline 0.008 -29"><span class='ocrx_word' id='word_1_150' title='bbox 517 2258 838 2332; x_wconf 67' lang='lat' dir='ltr'><strong>Praeceptum</strong></span> <span class='ocrx_word' id='word_1_151' title='bbox 859 2267 1104 2334; x_wconf 85' lang='lat' dir='ltr'><strong>operandi</strong></span> <span class='ocrx_word' id='word_1_152' title='bbox 1125 2283 1208 2320; x_wconf 85' lang='lat' dir='ltr'><strong>eos</strong></span> <span class='ocrx_word' id='word_1_153' title='bbox 1227 2278 1453 2336; x_wconf 83' lang='lat' dir='ltr'><strong>spectare</strong></span> <span class='ocrx_word' id='word_1_154' title='bbox 1481 2271 1566 2338; x_wconf 86' lang='lat' dir='ltr'><strong>qui</strong></span> <span class='ocrx_word' id='word_1_155' title='bbox 1606 2286 1707 2324; x_wconf 87' lang='lat' dir='ltr'><strong>non</strong></span> <span class='ocrx_word' id='word_1_156' title='bbox 1735 2270 2101 2341; x_wconf 79' lang='lat' dir='ltr'><strong>euangelizant.</strong></span> 
     </span>
    </p>
   </div>
   <div class='ocr_carea' id='block_1_22' title="bbox 516 2351 2100 2430">
    <p class='ocr_par' dir='ltr' id='par_1_22' title="bbox 516 2351 2100 2430">
     <span class='ocr_line' id='line_1_22' title="bbox 516 2351 2100 2430; baseline 0.009 -26"><span class='ocrx_word' id='word_1_157' title='bbox 516 2351 649 2406; x_wconf 91' lang='lat' dir='ltr'><strong>llinc</strong></span> <span class='ocrx_word' id='word_1_158' title='bbox 674 2355 914 2408; x_wconf 77' lang='lat' dir='ltr'><strong>exoritur</strong></span> <span class='ocrx_word' id='word_1_159' title='bbox 960 2356 1126 2412; x_wconf 89' lang='lat' dir='ltr'><strong>altera</strong></span> <span class='ocrx_word' id='word_1_160' title='bbox 1167 2360 1390 2427; x_wconf 61' lang='lat' dir='ltr'><strong>quaestio</strong></span> <span class='ocrx_word' id='word_1_161' title='bbox 1425 2379 1437 2414; x_wconf 92' lang='lat'>:</span> <span class='ocrx_word' id='word_1_162' title='bbox 1470 2359 1700 2416; x_wconf 88' lang='lat' dir='ltr'><strong>fortasse</strong></span> <span class='ocrx_word' id='word_1_163' title='bbox 1729 2363 1871 2416; x_wconf 87' lang='lat' dir='ltr'><strong>enim</strong></span> <span class='ocrx_word' id='word_1_164' title='bbox 1920 2363 2100 2430; x_wconf 88' lang='lat' dir='ltr'><strong>dicat,</strong></span> 
     </span>
    </p>
   </div>
   <div class='ocr_carea' id='block_1_23' title="bbox 513 2443 2104 2519">
    <p class='ocr_par' dir='ltr' id='par_1_23' title="bbox 513 2443 2104 2519">
     <span class='ocr_line' id='line_1_23' title="bbox 513 2443 2104 2519; baseline 0.008 -22"><span class='ocrx_word' id='word_1_165' title='bbox 513 2443 652 2512; x_wconf 90' lang='lat' dir='ltr'><strong>Quid</strong></span> <span class='ocrx_word' id='word_1_166' title='bbox 678 2447 845 2516; x_wconf 88' lang='lat' dir='ltr'><strong>ergo?</strong></span> <span class='ocrx_word' id='word_1_167' title='bbox 869 2450 1048 2504; x_wconf 67' lang='lat' dir='ltr'><strong>czeteri</strong></span> <span class='ocrx_word' id='word_1_168' title='bbox 1078 2451 1319 2519; x_wconf 86' lang='lat' dir='ltr'><strong>Apostoli</strong></span> <span class='ocrx_word' id='word_1_169' title='bbox 1342 2460 1397 2506; x_wconf 93' lang='lat' dir='ltr'><strong>et</strong></span> <span class='ocrx_word' id='word_1_170' title='bbox 1435 2452 1627 2508; x_wconf 87' lang='lat' dir='ltr'><strong>fratres</strong></span> <span class='ocrx_word' id='word_1_171' title='bbox 1665 2454 1873 2508; x_wconf 93' lang='lat' dir='ltr'><strong>Domini</strong></span> <span class='ocrx_word' id='word_1_172' title='bbox 1918 2462 1974 2510; x_wconf 89' lang='lat' dir='ltr'><strong>et</strong></span> <span class='ocrx_word' id='word_1_173' title='bbox 2001 2455 2104 2510; x_wconf 85' lang='lat' dir='ltr'><strong>Ce-</strong></span> 
     </span>
    </p>
   </div>
   <div class='ocr_carea' id='block_1_24' title="bbox 513 2537 2105 2614">
    <p class='ocr_par' dir='ltr' id='par_1_24' title="bbox 513 2537 2105 2614">
     <span class='ocr_line' id='line_1_24' title="bbox 513 2537 2105 2614; baseline 0.008 -24"><span class='ocrx_word' id='word_1_174' title='bbox 513 2537 680 2606; x_wconf 85' lang='lat' dir='ltr'><strong>phas,</strong></span> <span class='ocrx_word' id='word_1_175' title='bbox 711 2539 834 2608; x_wconf 89' lang='lat' dir='ltr'><strong>quia</strong></span> <span class='ocrx_word' id='word_1_176' title='bbox 878 2557 981 2595; x_wconf 92' lang='lat' dir='ltr'><strong>non</strong></span> <span class='ocrx_word' id='word_1_177' title='bbox 1007 2543 1392 2612; x_wconf 89' lang='lat' dir='ltr'><strong>operabantur,</strong></span> <span class='ocrx_word' id='word_1_178' title='bbox 1421 2546 1752 2614; x_wconf 87' lang='lat' dir='ltr'><strong>peccabant?</strong></span> <span class='ocrx_word' id='word_1_179' title='bbox 1777 2555 1864 2600; x_wconf 89' lang='lat' dir='ltr'><strong>aut</strong></span> <span class='ocrx_word' id='word_1_180' title='bbox 1911 2547 2105 2602; x_wconf 86' lang='lat' dir='ltr'><strong>affere-</strong></span> 
     </span>
    </p>
   </div>
   <div class='ocr_carea' id='block_1_25' title="bbox 512 2628 2108 2707">
    <p class='ocr_par' dir='ltr' id='par_1_25' title="bbox 512 2628 2108 2707">
     <span class='ocr_line' id='line_1_25' title="bbox 512 2628 2108 2707; baseline 0.008 -25"><span class='ocrx_word' id='word_1_181' title='bbox 512 2628 640 2683; x_wconf 89' lang='lat' dir='ltr'><strong>bant</strong></span> <span class='ocrx_word' id='word_1_182' title='bbox 671 2629 1109 2699; x_wconf 78' lang='lat' dir='ltr'><strong>impedimentum</strong></span> <span class='ocrx_word' id='word_1_183' title='bbox 1141 2634 1450 2706; x_wconf 81' lang='lat' dir='ltr'><strong>Evangelio,</strong></span> <span class='ocrx_word' id='word_1_184' title='bbox 1481 2637 1602 2707; x_wconf 91' lang='lat' dir='ltr'><strong>quia</strong></span> <span class='ocrx_word' id='word_1_185' title='bbox 1618 2637 1745 2691; x_wconf 86' lang='lat' dir='ltr'><strong>dicit</strong></span> <span class='ocrx_word' id='word_1_186' title='bbox 1766 2638 1951 2692; x_wconf 90' lang='lat' dir='ltr'><strong>beatus</strong></span> <span class='ocrx_word' id='word_1_187' title='bbox 1970 2639 2108 2694; x_wconf 83' lang='lat' dir='ltr'><strong>Pau-</strong></span> 
     </span>
    </p>
   </div>
   <div class='ocr_carea' id='block_1_26' title="bbox 512 2721 2108 2800">
    <p class='ocr_par' dir='ltr' id='par_1_26' title="bbox 512 2721 2108 2800">
     <span class='ocr_line' id='line_1_26' title="bbox 512 2721 2108 2800; baseline 0.008 -27"><span class='ocrx_word' id='word_1_188' title='bbox 512 2721 630 2784; x_wconf 89' lang='lat' dir='ltr'><strong>lus,</strong></span> <span class='ocrx_word' id='word_1_189' title='bbox 665 2722 786 2776; x_wconf 90' lang='lat' dir='ltr'><strong>ideo</strong></span> <span class='ocrx_word' id='word_1_190' title='bbox 808 2739 869 2779; x_wconf 90' lang='lat' dir='ltr'><strong>se</strong></span> <span class='ocrx_word' id='word_1_191' title='bbox 901 2740 1003 2777; x_wconf 91' lang='lat' dir='ltr'><strong>non</strong></span> <span class='ocrx_word' id='word_1_192' title='bbox 1037 2740 1188 2779; x_wconf 91' lang='lat' dir='ltr'><strong>usum</strong></span> <span class='ocrx_word' id='word_1_193' title='bbox 1229 2725 1329 2780; x_wconf 89' lang='lat' dir='ltr'><strong>hac</strong></span> <span class='ocrx_word' id='word_1_194' title='bbox 1352 2737 1640 2796; x_wconf 89' lang='lat' dir='ltr'><strong>potestate,</strong></span> <span class='ocrx_word' id='word_1_195' title='bbox 1682 2745 1750 2784; x_wconf 89' lang='lat' dir='ltr'><strong>ne</strong></span> <span class='ocrx_word' id='word_1_196' title='bbox 1775 2730 1916 2800; x_wconf 88' lang='lat' dir='ltr'><strong>quod</strong></span> <span class='ocrx_word' id='word_1_197' title='bbox 1946 2731 2108 2800; x_wconf 89' lang='lat' dir='ltr'><strong>impe-</strong></span> 
     </span>
    </p>
   </div>
   <div class='ocr_carea' id='block_1_27' title="bbox 512 2813 2106 2892">
    <p class='ocr_par' dir='ltr' id='par_1_27' title="bbox 512 2813 2106 2892">
     <span class='ocr_line' id='line_1_27' title="bbox 512 2813 2106 2892; baseline 0.008 -25"><span class='ocrx_word' id='word_1_198' title='bbox 512 2813 810 2870; x_wconf 89' lang='lat' dir='ltr'><strong>dimentum</strong></span> <span class='ocrx_word' id='word_1_199' title='bbox 842 2816 992 2871; x_wconf 83' lang='lat' dir='ltr'><strong>daret</strong></span> <span class='ocrx_word' id='word_1_200' title='bbox 1013 2817 1302 2888; x_wconf 82' lang='lat' dir='ltr'><strong>Evangelio</strong></span> <span class='ocrx_word' id='word_1_201' title='bbox 1327 2819 1569 2875; x_wconf 89' lang='lat' dir='ltr'><strong>Christi?</strong></span> <span class='ocrx_word' id='word_1_202' title='bbox 1591 2821 1644 2878; x_wconf 93' lang='lat' dir='ltr'><strong>Si</strong></span> <span class='ocrx_word' id='word_1_203' title='bbox 1675 2825 1817 2877; x_wconf 90' lang='lat' dir='ltr'><strong>enim</strong></span> <span class='ocrx_word' id='word_1_204' title='bbox 1844 2838 2106 2892; x_wconf 89' lang='lat' dir='ltr'><strong>peccave-</strong></span> 
     </span>
    </p>
   </div>
   <div class='ocr_carea' id='block_1_28' title="bbox 513 2908 2107 2984">
    <p class='ocr_par' dir='ltr' id='par_1_28' title="bbox 513 2908 2107 2984">
     <span class='ocr_line' id='line_1_28' title="bbox 513 2908 2107 2984; baseline 0.008 -25"><span class='ocrx_word' id='word_1_205' title='bbox 513 2915 673 2970; x_wconf 91' lang='lat' dir='ltr'><strong>runt,</strong></span> <span class='ocrx_word' id='word_1_206' title='bbox 704 2908 824 2976; x_wconf 87' lang='lat' dir='ltr'><strong>quia</strong></span> <span class='ocrx_word' id='word_1_207' title='bbox 855 2923 959 2962; x_wconf 92' lang='lat' dir='ltr'><strong>non</strong></span> <span class='ocrx_word' id='word_1_208' title='bbox 1005 2911 1209 2979; x_wconf 90' lang='lat' dir='ltr'><strong>operati</strong></span> <span class='ocrx_word' id='word_1_209' title='bbox 1261 2921 1418 2978; x_wconf 91' lang='lat' dir='ltr'><strong>sunt,</strong></span> <span class='ocrx_word' id='word_1_210' title='bbox 1463 2928 1568 2968; x_wconf 91' lang='lat' dir='ltr'><strong>non</strong></span> <span class='ocrx_word' id='word_1_211' title='bbox 1607 2929 1734 2983; x_wconf 88' lang='lat' dir='ltr'><strong>ergo</strong></span> <span class='ocrx_word' id='word_1_212' title='bbox 1783 2925 2107 2984; x_wconf 88' lang='lat' dir='ltr'><strong>acceperant</strong></span> 
     </span>
    </p>
   </div>
   <div class='ocr_carea' id='block_1_29' title="bbox 515 3001 2102 3076">
    <p class='ocr_par' dir='ltr' id='par_1_29' title="bbox 515 3001 2102 3076">
     <span class='ocr_line' id='line_1_29' title="bbox 515 3001 2102 3076; baseline 0.008 -26"><span class='ocrx_word' id='word_1_213' title='bbox 515 3004 836 3075; x_wconf 83' lang='lat' dir='ltr'><strong>potestatem</strong></span> <span class='ocrx_word' id='word_1_214' title='bbox 867 3014 969 3053; x_wconf 89' lang='lat' dir='ltr'><strong>non</strong></span> <span class='ocrx_word' id='word_1_215' title='bbox 997 3001 1252 3069; x_wconf 83' lang='lat' dir='ltr'><strong>operandi</strong></span> <span class='ocrx_word' id='word_1_216' title='bbox 1273 3043 1288 3067; x_wconf 90' lang='lat'><strong>,</strong></span> <span class='ocrx_word' id='word_1_217' title='bbox 1331 3003 1425 3058; x_wconf 89' lang='lat' dir='ltr'><strong>sed</strong></span> <span class='ocrx_word' id='word_1_218' title='bbox 1453 3003 1518 3059; x_wconf 92' lang='lat' dir='ltr'><strong>de</strong></span> <span class='ocrx_word' id='word_1_219' title='bbox 1552 3005 1840 3076; x_wconf 86' lang='lat' dir='ltr'><strong>Evangelio</strong></span> <span class='ocrx_word' id='word_1_220' title='bbox 1868 3007 2102 3062; x_wconf 84' lang='lat' dir='ltr'><strong>vivendi.</strong></span> 
     </span>
    </p>
   </div>
   <div class='ocr_carea' id='block_1_30' title="bbox 513 3088 2106 3164">
    <p class='ocr_par' dir='ltr' id='par_1_30' title="bbox 513 3088 2106 3164">
     <span class='ocr_line' id='line_1_30' title="bbox 513 3088 2106 3164; baseline 0.007 -20"><span class='ocrx_word' id='word_1_221' title='bbox 513 3088 569 3144; x_wconf 90' lang='lat' dir='ltr'><strong>Si</strong></span> <span class='ocrx_word' id='word_1_222' title='bbox 599 3102 774 3145; x_wconf 81' lang='lat' dir='ltr'><strong>autem</strong></span> <span class='ocrx_word' id='word_1_223' title='bbox 801 3103 1121 3161; x_wconf 75' lang='lat' dir='ltr'><strong>accoperant</strong></span> <span class='ocrx_word' id='word_1_224' title='bbox 1145 3093 1280 3149; x_wconf 89' lang='lat' dir='ltr'><strong>hanc</strong></span> <span class='ocrx_word' id='word_1_225' title='bbox 1301 3105 1618 3164; x_wconf 90' lang='lat' dir='ltr'><strong>potestatem</strong></span> <span class='ocrx_word' id='word_1_226' title='bbox 1641 3140 1656 3164; x_wconf 96' lang='lat'><strong>,</strong></span> <span class='ocrx_word' id='word_1_227' title='bbox 1690 3099 1972 3154; x_wconf 89' lang='lat' dir='ltr'><strong>ordinante</strong></span> <span class='ocrx_word' id='word_1_228' title='bbox 2003 3101 2106 3154; x_wconf 85' lang='lat' dir='ltr'><strong>Do-</strong></span> 
     </span>
    </p>
   </div>
   <div class='ocr_carea' id='block_1_31' title="bbox 515 3181 2105 3262">
    <p class='ocr_par' dir='ltr' id='par_1_31' title="bbox 515 3181 2105 3262">
     <span class='ocr_line' id='line_1_31' title="bbox 515 3181 2105 3262; baseline 0.009 -29"><span class='ocrx_word' id='word_1_229' title='bbox 515 3181 659 3234; x_wconf 92' lang='lat' dir='ltr'><strong>mino</strong></span> <span class='ocrx_word' id='word_1_230' title='bbox 686 3190 744 3236; x_wconf 92' lang='lat' dir='ltr'><strong>ut</strong></span> <span class='ocrx_word' id='word_1_231' title='bbox 769 3184 856 3253; x_wconf 92' lang='lat' dir='ltr'><strong>qui</strong></span> <span class='ocrx_word' id='word_1_232' title='bbox 885 3182 1234 3256; x_wconf 78' lang='lat' dir='ltr'><strong>Evangelium</strong></span> <span class='ocrx_word' id='word_1_233' title='bbox 1265 3189 1648 3245; x_wconf 90' lang='lat' dir='ltr'><strong>annuntiarent</strong></span> <span class='ocrx_word' id='word_1_234' title='bbox 1668 3232 1683 3257; x_wconf 96' lang='lat'><strong>,</strong></span> <span class='ocrx_word' id='word_1_235' title='bbox 1711 3205 1777 3245; x_wconf 81' lang='lat' dir='ltr'><strong>ex</strong></span> <span class='ocrx_word' id='word_1_236' title='bbox 1814 3193 2105 3262; x_wconf 85' lang='lat' dir='ltr'><strong>Evangelio</strong></span> 
     </span>
    </p>
   </div>
   <div class='ocr_carea' id='block_1_32' title="bbox 515 3274 2106 3353">
    <p class='ocr_par' dir='ltr' id='par_1_32' title="bbox 515 3274 2106 3353">
     <span class='ocr_line' id='line_1_32' title="bbox 515 3274 2106 3353; baseline 0.009 -27"><span class='ocrx_word' id='word_1_237' title='bbox 515 3274 784 3340; x_wconf 84' lang='lat' dir='ltr'><strong>viverent,</strong></span> <span class='ocrx_word' id='word_1_238' title='bbox 834 3285 890 3330; x_wconf 89' lang='lat' dir='ltr'><strong>et</strong></span> <span class='ocrx_word' id='word_1_239' title='bbox 932 3277 1174 3342; x_wconf 88' lang='lat' dir='ltr'><strong>dicente,</strong></span> <span class='ocrx_word' id='word_1_240' title='bbox 1218 3278 1415 3350; x_wconf 80' lang='lat' dir='ltr'><strong>Dignus</strong></span> <span class='ocrx_word' id='word_1_241' title='bbox 1451 3291 1526 3335; x_wconf 86' lang='lat' dir='ltr'><strong>est</strong></span> <span class='ocrx_word' id='word_1_242' title='bbox 1566 3285 1828 3353; x_wconf 80' lang='lat' dir='ltr'><strong>operarius</strong></span> <span class='ocrx_word' id='word_1_243' title='bbox 1871 3285 1980 3338; x_wconf 86' lang='lat' dir='ltr'><strong>cibo</strong></span> <span class='ocrx_word' id='word_1_244' title='bbox 2014 3302 2106 3340; x_wconf 85' lang='lat' dir='ltr'><strong>suo</strong></span> 
     </span>
    </p>
   </div>
   <div class='ocr_carea' id='block_1_33' title="bbox 517 3363 2106 3444">
    <p class='ocr_par' dir='ltr' id='par_1_33' title="bbox 517 3363 2106 3444">
     <span class='ocr_line' id='line_1_33' title="bbox 517 3363 2106 3444; baseline 0.009 -29"><span class='ocrx_word' id='word_1_245' title='bbox 517 3363 728 3432; x_wconf 79' lang='lat' dir='ltr'><strong>(Matth.</strong></span> <span class='ocrx_word' id='word_1_246' title='bbox 762 3380 794 3419; x_wconf 70' lang='grc' dir='ltr'><strong>ι</strong></span> <span class='ocrx_word' id='word_1_247' title='bbox 818 3407 832 3430; x_wconf 92' lang='grc'><strong>,</strong></span> <span class='ocrx_word' id='word_1_248' title='bbox 867 3365 954 3436; x_wconf 84' lang='grc'><strong>10)</strong></span> <span class='ocrx_word' id='word_1_249' title='bbox 979 3386 992 3432; x_wconf 90' lang='lat'><strong>;</strong></span> <span class='ocrx_word' id='word_1_250' title='bbox 1025 3383 1127 3438; x_wconf 89' lang='lat' dir='ltr'><strong>qua</strong></span> <span class='ocrx_word' id='word_1_251' title='bbox 1146 3379 1407 3438; x_wconf 89' lang='lat' dir='ltr'><strong>potestate</strong></span> <span class='ocrx_word' id='word_1_252' title='bbox 1435 3371 1630 3427; x_wconf 90' lang='lat' dir='ltr'><strong>Paulus</strong></span> <span class='ocrx_word' id='word_1_253' title='bbox 1650 3375 1880 3444; x_wconf 90' lang='lat' dir='ltr'><strong>amplius</strong></span> <span class='ocrx_word' id='word_1_254' title='bbox 1907 3375 2106 3444; x_wconf 91' lang='lat' dir='ltr'><strong>aliquid</strong></span> 
     </span>
    </p>
   </div>
   <div class='ocr_carea' id='block_1_34' title="bbox 516 3457 2106 3532">
    <p class='ocr_par' dir='ltr' id='par_1_34' title="bbox 516 3457 2106 3532">
     <span class='ocr_line' id='line_1_34' title="bbox 516 3457 2106 3532; baseline 0.009 -25"><span class='ocrx_word' id='word_1_255' title='bbox 516 3467 742 3525; x_wconf 82' lang='lat' dir='ltr'><strong>erogans</strong></span> <span class='ocrx_word' id='word_1_256' title='bbox 773 3457 844 3510; x_wconf 94' lang='lat' dir='ltr'><strong>uti</strong></span> <span class='ocrx_word' id='word_1_257' title='bbox 877 3457 1046 3512; x_wconf 90' lang='lat' dir='ltr'><strong>noluit</strong></span> <span class='ocrx_word' id='word_1_258' title='bbox 1079 3477 1092 3514; x_wconf 90' lang='lat'>:</span> <span class='ocrx_word' id='word_1_259' title='bbox 1120 3474 1225 3514; x_wconf 90' lang='lat' dir='ltr'><strong>non</strong></span> <span class='ocrx_word' id='word_1_260' title='bbox 1257 3461 1438 3532; x_wconf 89' lang='lat' dir='ltr'><strong>utique</strong></span> <span class='ocrx_word' id='word_1_261' title='bbox 1481 3475 1855 3532; x_wconf 88' lang='lat' dir='ltr'><strong>peccaverunt.</strong></span> <span class='ocrx_word' id='word_1_262' title='bbox 1899 3465 1955 3520; x_wconf 92' lang='lat' dir='ltr'><strong>Si</strong></span> <span class='ocrx_word' id='word_1_263' title='bbox 2001 3482 2106 3521; x_wconf 93' lang='lat' dir='ltr'><strong>non</strong></span> 
     </span>
    </p>
   </div>
   <div class='ocr_carea' id='block_1_35' title="bbox 516 3549 2108 3628">
    <p class='ocr_par' dir='ltr' id='par_1_35' title="bbox 516 3549 2108 3628">
     <span class='ocr_line' id='line_1_35' title="bbox 516 3549 2108 3628; baseline 0.009 -30"><span class='ocrx_word' id='word_1_264' title='bbox 516 3555 874 3613; x_wconf 87' lang='lat' dir='ltr'><strong>peccaverunt</strong></span> <span class='ocrx_word' id='word_1_265' title='bbox 897 3589 912 3613; x_wconf 93' lang='lat'><strong>,</strong></span> <span class='ocrx_word' id='word_1_266' title='bbox 944 3549 1148 3603; x_wconf 91' lang='lat' dir='ltr'><strong>nullum</strong></span> <span class='ocrx_word' id='word_1_267' title='bbox 1167 3551 1606 3621; x_wconf 87' lang='lat' dir='ltr'><strong>impedimentum</strong></span> <span class='ocrx_word' id='word_1_268' title='bbox 1625 3555 1905 3611; x_wconf 88' lang='lat' dir='ltr'><strong>dederunt.</strong></span> <span class='ocrx_word' id='word_1_269' title='bbox 1925 3557 2108 3628; x_wconf 86' lang='lat' dir='ltr'><strong>Neque</strong></span> 
     </span>
    </p>
   </div>
   <div class='ocr_carea' id='block_1_36' title="bbox 516 3636 2104 3717">
    <p class='ocr_par' dir='ltr' id='par_1_36' title="bbox 516 3636 2104 3717">
     <span class='ocr_line' id='line_1_36' title="bbox 516 3636 2104 3717; baseline 0.009 -28"><span class='ocrx_word' id='word_1_270' title='bbox 516 3636 659 3690; x_wconf 90' lang='lat' dir='ltr'><strong>enim</strong></span> <span class='ocrx_word' id='word_1_271' title='bbox 691 3640 891 3693; x_wconf 90' lang='lat' dir='ltr'><strong>nullum</strong></span> <span class='ocrx_word' id='word_1_272' title='bbox 937 3650 1212 3709; x_wconf 84' lang='lat' dir='ltr'><strong>peccatum</strong></span> <span class='ocrx_word' id='word_1_273' title='bbox 1263 3655 1380 3710; x_wconf 90' lang='lat' dir='ltr'><strong>est,</strong></span> <span class='ocrx_word' id='word_1_274' title='bbox 1425 3645 1685 3714; x_wconf 90' lang='lat' dir='ltr'><strong>impedire</strong></span> <span class='ocrx_word' id='word_1_275' title='bbox 1737 3647 2104 3717; x_wconf 86' lang='lat' dir='ltr'><strong>Evangelium.</strong></span> 
     </span>
    </p>
   </div>
   <div class='ocr_carea' id='block_1_37' title="bbox 518 3729 2110 3810">
    <p class='ocr_par' dir='ltr' id='par_1_37' title="bbox 518 3729 2110 3810">
     <span class='ocr_line' id='line_1_37' title="bbox 518 3729 2110 3810; baseline 0.009 -28"><span class='ocrx_word' id='word_1_276' title='bbox 518 3729 671 3796; x_wconf 87' lang='lat' dir='ltr'><strong>Quod</strong></span> <span class='ocrx_word' id='word_1_277' title='bbox 713 3733 757 3784; x_wconf 90' lang='lat' dir='ltr'><strong>si</strong></span> <span class='ocrx_word' id='word_1_278' title='bbox 794 3733 862 3785; x_wconf 92' lang='lat' dir='ltr'><strong>ita</strong></span> <span class='ocrx_word' id='word_1_279' title='bbox 886 3743 1000 3798; x_wconf 88' lang='lat' dir='ltr'><strong>est,</strong></span> <span class='ocrx_word' id='word_1_280' title='bbox 1033 3742 1087 3786; x_wconf 91' lang='lat' dir='ltr'><strong>et</strong></span> <span class='ocrx_word' id='word_1_281' title='bbox 1123 3735 1310 3801; x_wconf 88' lang='lat' dir='ltr'><strong>nobis,</strong></span> <span class='ocrx_word' id='word_1_282' title='bbox 1342 3737 1616 3806; x_wconf 88' lang='lat' dir='ltr'><strong>inquiunt,</strong></span> <span class='ocrx_word' id='word_1_283' title='bbox 1649 3739 1874 3794; x_wconf 91' lang='lat' dir='ltr'><strong>liberum</strong></span> <span class='ocrx_word' id='word_1_284' title='bbox 1905 3749 2020 3810; x_wconf 92' lang='lat' dir='ltr'><strong>est,</strong></span> <span class='ocrx_word' id='word_1_285' title='bbox 2055 3750 2110 3798; x_wconf 89' lang='lat' dir='ltr'><strong>et</strong></span> 
     </span>
    </p>
   </div>
   <div class='ocr_carea' id='block_1_38' title="bbox 519 3822 1360 3895">
    <p class='ocr_par' dir='ltr' id='par_1_38' title="bbox 519 3822 1360 3895">
     <span class='ocr_line' id='line_1_38' title="bbox 519 3822 1360 3895; baseline 0.007 -21"><span class='ocrx_word' id='word_1_286' title='bbox 519 3822 595 3874; x_wconf 91' lang='lat' dir='ltr'><strong>uti</strong></span> <span class='ocrx_word' id='word_1_287' title='bbox 622 3831 675 3876; x_wconf 89' lang='lat' dir='ltr'><strong>et</strong></span> <span class='ocrx_word' id='word_1_288' title='bbox 702 3837 806 3877; x_wconf 92' lang='lat' dir='ltr'><strong>non</strong></span> <span class='ocrx_word' id='word_1_289' title='bbox 844 3826 915 3878; x_wconf 90' lang='lat' dir='ltr'><strong>uti</strong></span> <span class='ocrx_word' id='word_1_290' title='bbox 949 3825 1046 3880; x_wconf 84' lang='lat' dir='ltr'><strong>hac</strong></span> <span class='ocrx_word' id='word_1_291' title='bbox 1077 3837 1360 3895; x_wconf 88' lang='lat' dir='ltr'><strong>potestate.</strong></span> 
     </span>
    </p>
   </div>
   <div class='ocr_carea' id='block_1_39' title="bbox 587 3911 2107 3988">
    <p class='ocr_par' dir='ltr' id='par_1_39' title="bbox 587 3911 2107 3988">
     <span class='ocr_line' id='line_1_39' title="bbox 587 3911 2107 3988; baseline 0.01 -22"><span class='ocrx_word' id='word_1_292' title='bbox 587 3911 677 3967; x_wconf 74' lang='grc'><strong>24.</strong></span> <span class='ocrx_word' id='word_1_293' title='bbox 713 3913 859 3969; x_wconf 88' lang='lat' dir='ltr'><strong>llane</strong></span> <span class='ocrx_word' id='word_1_294' title='bbox 887 3918 1235 3985; x_wconf 81' lang='lat' dir='ltr'><strong>quaestionem</strong></span> <span class='ocrx_word' id='word_1_295' title='bbox 1286 3918 1520 3976; x_wconf 79' lang='lat' dir='ltr'><strong>breviter</strong></span> <span class='ocrx_word' id='word_1_296' title='bbox 1550 3922 1813 3978; x_wconf 87' lang='lat' dir='ltr'><strong>solverem</strong></span> <span class='ocrx_word' id='word_1_297' title='bbox 1837 3964 1853 3988; x_wconf 92' lang='lat'><strong>,</strong></span> <span class='ocrx_word' id='word_1_298' title='bbox 1878 3923 1924 3978; x_wconf 92' lang='lat' dir='ltr'><strong>si</strong></span> <span class='ocrx_word' id='word_1_299' title='bbox 1959 3924 2107 3980; x_wconf 90' lang='lat' dir='ltr'><strong>dice-</strong></span> 
     </span>
    </p>
   </div>
   <div class='ocr_carea' id='block_1_40' title="bbox 517 4007 2110 4088">
    <p class='ocr_par' dir='ltr' id='par_1_40' title="bbox 517 4007 2110 4088">
     <span class='ocr_line' id='line_1_40' title="bbox 517 4007 2110 4088; baseline 0.008 -28"><span class='ocrx_word' id='word_1_300' title='bbox 517 4020 671 4069; x_wconf 89' lang='lat' dir='ltr'><strong>rem,</strong></span> <span class='ocrx_word' id='word_1_301' title='bbox 699 4007 820 4077; x_wconf 91' lang='lat' dir='ltr'><strong>quia</strong></span> <span class='ocrx_word' id='word_1_302' title='bbox 870 4017 925 4063; x_wconf 91' lang='lat' dir='ltr'><strong>et</strong></span> <span class='ocrx_word' id='word_1_303' title='bbox 972 4012 1115 4076; x_wconf 92' lang='lat' dir='ltr'><strong>juste</strong></span> <span class='ocrx_word' id='word_1_304' title='bbox 1144 4011 1376 4067; x_wconf 89' lang='lat' dir='ltr'><strong>dicerem</strong></span> <span class='ocrx_word' id='word_1_305' title='bbox 1402 4055 1416 4076; x_wconf 91' lang='lat'><strong>,</strong></span> <span class='ocrx_word' id='word_1_306' title='bbox 1449 4014 1773 4069; x_wconf 88' lang='lat' dir='ltr'><strong>credendum</strong></span> <span class='ocrx_word' id='word_1_307' title='bbox 1820 4031 1940 4072; x_wconf 89' lang='lat' dir='ltr'><strong>esse</strong></span> <span class='ocrx_word' id='word_1_308' title='bbox 1965 4020 2110 4088; x_wconf 84' lang='lat' dir='ltr'><strong>Apo-</strong></span> 
     </span>
    </p>
   </div>
   <div class='ocr_carea' id='block_1_41' title="bbox 517 4098 2109 4168">
    <p class='ocr_par' dir='ltr' id='par_1_41' title="bbox 517 4098 2109 4168">
     <span class='ocr_line' id='line_1_41' title="bbox 517 4098 2109 4168; baseline 0.009 -16"><span class='ocrx_word' id='word_1_309' title='bbox 517 4098 679 4152; x_wconf 83' lang='lat' dir='ltr'><strong>stolo.</strong></span> <span class='ocrx_word' id='word_1_310' title='bbox 713 4100 828 4168; x_wconf 90' lang='lat' dir='ltr'><strong>lpse</strong></span> <span class='ocrx_word' id='word_1_311' title='bbox 856 4103 998 4155; x_wconf 90' lang='lat' dir='ltr'><strong>enim</strong></span> <span class='ocrx_word' id='word_1_312' title='bbox 1019 4103 1222 4157; x_wconf 88' lang='lat' dir='ltr'><strong>sciebat</strong></span> <span class='ocrx_word' id='word_1_313' title='bbox 1240 4120 1338 4158; x_wconf 90' lang='lat' dir='ltr'><strong>cur</strong></span> <span class='ocrx_word' id='word_1_314' title='bbox 1367 4106 1416 4160; x_wconf 92' lang='lat' dir='ltr'><strong>in</strong></span> <span class='ocrx_word' id='word_1_315' title='bbox 1444 4107 1697 4162; x_wconf 86' lang='lat' dir='ltr'><strong>Ecclesiis</strong></span> <span class='ocrx_word' id='word_1_316' title='bbox 1718 4108 1968 4165; x_wconf 89' lang='lat' dir='ltr'><strong>Gentium</strong></span> <span class='ocrx_word' id='word_1_317' title='bbox 1999 4127 2109 4166; x_wconf 91' lang='lat' dir='ltr'><strong>non</strong></span> 
     </span>
    </p>
   </div>
   <div class='ocr_carea' id='block_1_42' title="bbox 519 4193 2109 4270">
    <p class='ocr_par' dir='ltr' id='par_1_42' title="bbox 519 4193 2109 4270">
     <span class='ocr_line' id='line_1_42' title="bbox 519 4193 2109 4270; baseline 0.01 -29"><span class='ocrx_word' id='word_1_318' title='bbox 519 4196 792 4257; x_wconf 87' lang='lat' dir='ltr'><strong>oporteret</strong></span> <span class='ocrx_word' id='word_1_319' title='bbox 831 4193 1027 4260; x_wconf 89' lang='lat' dir='ltr'><strong>portari</strong></span> <span class='ocrx_word' id='word_1_320' title='bbox 1075 4194 1262 4248; x_wconf 89' lang='lat' dir='ltr'><strong>venale</strong></span> <span class='ocrx_word' id='word_1_321' title='bbox 1317 4195 1690 4266; x_wconf 81' lang='lat' dir='ltr'><strong>Evangelium,</strong></span> <span class='ocrx_word' id='word_1_322' title='bbox 1733 4216 1838 4254; x_wconf 91' lang='lat' dir='ltr'><strong>non</strong></span> <span class='ocrx_word' id='word_1_323' title='bbox 1888 4201 2109 4270; x_wconf 86' lang='lat' dir='ltr'><strong>culpans</strong></span> 
     </span>
    </p>
   </div>
   <div class='ocr_carea' id='block_1_43' title="bbox 519 4285 2106 4358">
    <p class='ocr_par' dir='ltr' id='par_1_43' title="bbox 519 4285 2106 4358">
     <span class='ocr_line' id='line_1_43' title="bbox 519 4285 2106 4358; baseline 0.008 -21"><span class='ocrx_word' id='word_1_324' title='bbox 519 4285 857 4353; x_wconf 87' lang='lat' dir='ltr'><strong>coapostolos</strong></span> <span class='ocrx_word' id='word_1_325' title='bbox 883 4301 1008 4339; x_wconf 91' lang='lat' dir='ltr'><strong>suos</strong></span> <span class='ocrx_word' id='word_1_326' title='bbox 1035 4328 1048 4350; x_wconf 95' lang='lat'><strong>,</strong></span> <span class='ocrx_word' id='word_1_327' title='bbox 1075 4287 1166 4342; x_wconf 91' lang='lat' dir='ltr'><strong>sed</strong></span> <span class='ocrx_word' id='word_1_328' title='bbox 1192 4288 1525 4358; x_wconf 87' lang='lat' dir='ltr'><strong>distinguens</strong></span> <span class='ocrx_word' id='word_1_329' title='bbox 1540 4293 1891 4347; x_wconf 90' lang='lat' dir='ltr'><strong>ministerium</strong></span> <span class='ocrx_word' id='word_1_330' title='bbox 1915 4311 2067 4350; x_wconf 83' lang='lat' dir='ltr'><strong>somn</strong></span> <span class='ocrx_word' id='word_1_331' title='bbox 2091 4314 2106 4350; x_wconf 93' lang='lat'><strong>:</strong></span> 
     </span>
    </p>
   </div>
   <div class='ocr_carea' id='block_1_44' title="bbox 520 4373 2106 4451">
    <p class='ocr_par' dir='ltr' id='par_1_44' title="bbox 520 4373 2106 4451">
     <span class='ocr_line' id='line_1_44' title="bbox 520 4373 2106 4451; baseline 0.009 -25"><span class='ocrx_word' id='word_1_332' title='bbox 520 4373 641 4444; x_wconf 83' lang='lat' dir='ltr'><strong>quia</strong></span> <span class='ocrx_word' id='word_1_333' title='bbox 671 4375 738 4428; x_wconf 90' lang='lat' dir='ltr'><strong>ita</strong></span> <span class='ocrx_word' id='word_1_334' title='bbox 780 4375 917 4430; x_wconf 88' lang='lat' dir='ltr'><strong>inter</strong></span> <span class='ocrx_word' id='word_1_335' title='bbox 943 4391 1002 4430; x_wconf 91' lang='lat' dir='ltr'><strong>se</strong></span> <span class='ocrx_word' id='word_1_336' title='bbox 1043 4377 1458 4442; x_wconf 85' lang='lat' dir='ltr'><strong>distribuerant,</strong></span> <span class='ocrx_word' id='word_1_337' title='bbox 1487 4383 1671 4451; x_wconf 91' lang='lat' dir='ltr'><strong>procul</strong></span> <span class='ocrx_word' id='word_1_338' title='bbox 1716 4382 1877 4438; x_wconf 91' lang='lat' dir='ltr'><strong>dubio</strong></span> <span class='ocrx_word' id='word_1_339' title='bbox 1918 4385 2106 4440; x_wconf 88' lang='lat' dir='ltr'><strong>admo-</strong></span> 
     </span>
    </p>
   </div>
   <div class='ocr_carea' id='block_1_45' title="bbox 521 4466 2108 4542">
    <p class='ocr_par' dir='ltr' id='par_1_45' title="bbox 521 4466 2108 4542">
     <span class='ocr_line' id='line_1_45' title="bbox 521 4466 2108 4542; baseline 0.009 -23"><span class='ocrx_word' id='word_1_340' title='bbox 521 4475 680 4520; x_wconf 89' lang='lat' dir='ltr'><strong>nente</strong></span> <span class='ocrx_word' id='word_1_341' title='bbox 727 4466 924 4536; x_wconf 88' lang='lat' dir='ltr'><strong>Spiritu</strong></span> <span class='ocrx_word' id='word_1_342' title='bbox 966 4477 1191 4536; x_wconf 89' lang='lat' dir='ltr'><strong>sancto,</strong></span> <span class='ocrx_word' id='word_1_343' title='bbox 1241 4473 1637 4541; x_wconf 82' lang='lat' dir='ltr'><strong>evangelizandi</strong></span> <span class='ocrx_word' id='word_1_344' title='bbox 1681 4475 2014 4542; x_wconf 86' lang='lat' dir='ltr'><strong>provincias,</strong></span> <span class='ocrx_word' id='word_1_345' title='bbox 2051 4487 2108 4533; x_wconf 92' lang='lat' dir='ltr'><strong>ut</strong></span> 
     </span>
    </p>
   </div>
   <div class='ocr_carea' id='block_1_46' title="bbox 517 4555 2104 4629">
    <p class='ocr_par' dir='ltr' id='par_1_46' title="bbox 517 4555 2104 4629">
     <span class='ocr_line' id='line_1_46' title="bbox 517 4555 2104 4629; baseline 0.008 -18"><span class='ocrx_word' id='word_1_346' title='bbox 517 4555 716 4612; x_wconf 87' lang='lat' dir='ltr'><strong>Paulus</strong></span> <span class='ocrx_word' id='word_1_347' title='bbox 753 4568 803 4612; x_wconf 85' lang='lat' dir='ltr'><strong>et</strong></span> <span class='ocrx_word' id='word_1_348' title='bbox 854 4559 1122 4616; x_wconf 87' lang='lat' dir='ltr'><strong>Barnabas</strong></span> <span class='ocrx_word' id='word_1_349' title='bbox 1157 4560 1223 4614; x_wconf 90' lang='lat' dir='ltr'><strong>ad</strong></span> <span class='ocrx_word' id='word_1_350' title='bbox 1267 4561 1466 4617; x_wconf 90' lang='lat' dir='ltr'><strong>Gentes</strong></span> <span class='ocrx_word' id='word_1_351' title='bbox 1507 4563 1684 4629; x_wconf 90' lang='lat' dir='ltr'><strong>irent,</strong></span> <span class='ocrx_word' id='word_1_352' title='bbox 1717 4567 1790 4620; x_wconf 92' lang='lat' dir='ltr'><strong>illi</strong></span> <span class='ocrx_word' id='word_1_353' title='bbox 1831 4577 2006 4622; x_wconf 91' lang='lat' dir='ltr'><strong>autem</strong></span> <span class='ocrx_word' id='word_1_354' title='bbox 2053 4569 2104 4624; x_wconf 93' lang='lat' dir='ltr'><strong>in</strong></span> 
     </span>
    </p>
   </div>
   <div class='ocr_carea' id='block_1_47' title="bbox 519 4649 2106 4732">
    <p class='ocr_par' dir='ltr' id='par_1_47' title="bbox 519 4649 2106 4732">
     <span class='ocr_line' id='line_1_47' title="bbox 519 4649 2106 4732; baseline 0.01 -30"><span class='ocrx_word' id='word_1_355' title='bbox 519 4649 980 4706; x_wconf 90' lang='lat' dir='ltr'><strong>circumeisionem</strong></span> <span class='ocrx_word' id='word_1_356' title='bbox 1027 4650 1163 4726; x_wconf 78' lang='lat' dir='ltr'><strong>(Art.</strong></span> <span class='ocrx_word' id='word_1_357' title='bbox 1209 4669 1339 4721; x_wconf 84' lang='lat' dir='ltr'><strong>xm,</strong></span> <span class='ocrx_word' id='word_1_358' title='bbox 1368 4655 1438 4721; x_wconf 77' lang='grc'>2,</span> <span class='ocrx_word' id='word_1_359' title='bbox 1470 4667 1518 4710; x_wconf 91' lang='lat' dir='ltr'><strong>et</strong></span> <span class='ocrx_word' id='word_1_360' title='bbox 1563 4657 1736 4724; x_wconf 81' lang='lat' dir='ltr'><strong>Galat.</strong></span> <span class='ocrx_word' id='word_1_361' title='bbox 1783 4677 1853 4728; x_wconf 90' lang='grc' dir='ltr'><strong>ιι,</strong></span> <span class='ocrx_word' id='word_1_362' title='bbox 1887 4662 1962 4732; x_wconf 88' lang='grc'><strong>9).</strong></span> <span class='ocrx_word' id='word_1_363' title='bbox 1995 4662 2106 4718; x_wconf 91' lang='lat' dir='ltr'><strong>Hoc</strong></span> 
     </span>
    </p>
   </div>
   <div class='ocr_carea' id='block_1_48' title="bbox 523 4747 2106 4824">
    <p class='ocr_par' dir='ltr' id='par_1_48' title="bbox 523 4747 2106 4824">
     <span class='ocr_line' id='line_1_48' title="bbox 523 4747 2106 4824; baseline 0.009 -28"><span class='ocrx_word' id='word_1_364' title='bbox 523 4750 702 4799; x_wconf 89' lang='lat' dir='ltr'><strong>tamen</strong></span> <span class='ocrx_word' id='word_1_365' title='bbox 723 4760 843 4799; x_wconf 89' lang='lat' dir='ltr'><strong>eum</strong></span> <span class='ocrx_word' id='word_1_366' title='bbox 874 4747 1200 4817; x_wconf 81' lang='lat' dir='ltr'><strong>praecepisse</strong></span> <span class='ocrx_word' id='word_1_367' title='bbox 1226 4748 1291 4802; x_wconf 92' lang='lat' dir='ltr'><strong>iis</strong></span> <span class='ocrx_word' id='word_1_368' title='bbox 1315 4751 1402 4818; x_wconf 92' lang='lat' dir='ltr'><strong>qui</strong></span> <span class='ocrx_word' id='word_1_369' title='bbox 1423 4765 1527 4804; x_wconf 93' lang='lat' dir='ltr'><strong>non</strong></span> <span class='ocrx_word' id='word_1_370' title='bbox 1558 4750 1825 4807; x_wconf 85' lang='lat' dir='ltr'><strong>habebant</strong></span> <span class='ocrx_word' id='word_1_371' title='bbox 1845 4754 2106 4824; x_wconf 89' lang='lat' dir='ltr'><strong>ejusmodi</strong></span> 
     </span>
    </p>
   </div>
   <div class='ocr_carea' id='block_1_49' title="bbox 521 4839 2106 4909">
    <p class='ocr_par' dir='ltr' id='par_1_49' title="bbox 521 4839 2106 4909">
     <span class='ocr_line' id='line_1_49' title="bbox 521 4839 2106 4909; baseline 0.008 -20"><span class='ocrx_word' id='word_1_372' title='bbox 521 4843 837 4904; x_wconf 83' lang='lat' dir='ltr'><strong>potestatem</strong></span> <span class='ocrx_word' id='word_1_373' title='bbox 856 4878 870 4900; x_wconf 91' lang='lat'><strong>,</strong></span> <span class='ocrx_word' id='word_1_374' title='bbox 894 4853 956 4890; x_wconf 90' lang='lat' dir='ltr'><strong>ea</strong></span> <span class='ocrx_word' id='word_1_375' title='bbox 977 4853 1096 4908; x_wconf 73' lang='lat' dir='ltr'><strong>qua:</strong></span> <span class='ocrx_word' id='word_1_376' title='bbox 1122 4839 1230 4909; x_wconf 89' lang='lat' dir='ltr'><strong>jam</strong></span> <span class='ocrx_word' id='word_1_377' title='bbox 1258 4840 1420 4894; x_wconf 90' lang='lat' dir='ltr'><strong>multa</strong></span> <span class='ocrx_word' id='word_1_378' title='bbox 1443 4841 1580 4895; x_wconf 89' lang='lat' dir='ltr'><strong>dicta</strong></span> <span class='ocrx_word' id='word_1_379' title='bbox 1603 4852 1728 4897; x_wconf 92' lang='lat' dir='ltr'><strong>sunt</strong></span> <span class='ocrx_word' id='word_1_380' title='bbox 1749 4845 2106 4901; x_wconf 88' lang='lat' dir='ltr'><strong>manifestant.</strong></span> 
     </span>
    </p>
   </div>
   <div class='ocr_carea' id='block_1_50' title="bbox 589 4926 2111 5006">
    <p class='ocr_par' dir='ltr' id='par_1_50' title="bbox 589 4926 2111 5006">
     <span class='ocr_line' id='line_1_50' title="bbox 589 4926 2111 5006; baseline 0.007 -24"><span class='ocrx_word' id='word_1_381' title='bbox 589 4926 814 4984; x_wconf 82' lang='lat' dir='ltr'><strong>CAPUT</strong></span> <span class='ocrx_word' id='word_1_382' title='bbox 839 4928 982 4984; x_wconf 80' lang='lat' dir='ltr'><strong>XXI.</strong></span> <span class='ocrx_word' id='word_1_383' title='bbox 1009 4961 1083 4972; x_wconf 87' lang='lat'><strong>—-</strong></span> <span class='ocrx_word' id='word_1_384' title='bbox 1113 4931 1212 4998; x_wconf 84' lang='lat' dir='ltr'><strong>Qui</strong></span> <span class='ocrx_word' id='word_1_385' title='bbox 1239 4949 1415 4986; x_wconf 83' lang='lat' dir='ltr'><strong>uacare</strong></span> <span class='ocrx_word' id='word_1_386' title='bbox 1439 4935 1609 4988; x_wconf 81' lang='lat' dir='ltr'><strong>volunt</strong></span> <span class='ocrx_word' id='word_1_387' title='bbox 1631 4978 1644 5002; x_wconf 90' lang='lat'><strong>,</strong></span> <span class='ocrx_word' id='word_1_388' title='bbox 1691 4936 1728 4988; x_wconf 91' lang='lat' dir='ltr'><strong>ii</strong></span> <span class='ocrx_word' id='word_1_389' title='bbox 1771 4935 1998 5006; x_wconf 86' lang='lat' dir='ltr'><strong>plerique</strong></span> <span class='ocrx_word' id='word_1_390' title='bbox 2049 4955 2111 4992; x_wconf 71' lang='lat' dir='ltr'><strong>ex</strong></span> 
     </span>
    </p>
   </div>
   <div class='ocr_carea' id='block_1_51' title="bbox 519 5020 2110 5091">
    <p class='ocr_par' dir='ltr' id='par_1_51' title="bbox 519 5020 2110 5091">
     <span class='ocr_line' id='line_1_51' title="bbox 519 5020 2110 5091; baseline 0.008 -18"><span class='ocrx_word' id='word_1_391' title='bbox 519 5020 671 5091; x_wconf 84' lang='lat' dir='ltr'><strong>inope</strong></span> <span class='ocrx_word' id='word_1_392' title='bbox 689 5037 750 5074; x_wconf 89' lang='lat' dir='ltr'><strong>ac</strong></span> <span class='ocrx_word' id='word_1_393' title='bbox 769 5021 1018 5076; x_wconf 79' lang='lat' dir='ltr'><strong>laboriosa</strong></span> <span class='ocrx_word' id='word_1_394' title='bbox 1039 5025 1140 5077; x_wconf 85' lang='lat' dir='ltr'><strong>vita</strong></span> <span class='ocrx_word' id='word_1_395' title='bbox 1167 5026 1392 5080; x_wconf 85' lang='lat' dir='ltr'><strong>conversi</strong></span> <span class='ocrx_word' id='word_1_396' title='bbox 1420 5036 1556 5082; x_wconf 85' lang='lat' dir='ltr'><strong>sunt.</strong></span> <span class='ocrx_word' id='word_1_397' title='bbox 1590 5027 1676 5080; x_wconf 91' lang='lat' dir='ltr'><strong>lsti</strong></span> <span class='ocrx_word' id='word_1_398' title='bbox 1709 5038 1884 5083; x_wconf 90' lang='lat' dir='ltr'><strong>autem</strong></span> <span class='ocrx_word' id='word_1_399' title='bbox 1915 5028 2110 5086; x_wconf 87' lang='lat' dir='ltr'><strong>fratres</strong></span> 
     </span>
    </p>
   </div>
   <div class='ocr_carea' id='block_1_52' title="bbox 519 5114 2107 5190">
    <p class='ocr_par' dir='ltr' id='par_1_52' title="bbox 519 5114 2107 5190">
     <span class='ocr_line' id='line_1_52' title="bbox 519 5114 2107 5190; baseline 0.006 -23"><span class='ocrx_word' id='word_1_400' title='bbox 519 5114 689 5167; x_wconf 81' lang='lat' dir='ltr'><strong>nostri</strong></span> <span class='ocrx_word' id='word_1_401' title='bbox 721 5123 920 5169; x_wconf 91' lang='lat' dir='ltr'><strong>temere</strong></span> <span class='ocrx_word' id='word_1_402' title='bbox 941 5115 1039 5169; x_wconf 88' lang='lat' dir='ltr'><strong>sibi</strong></span> <span class='ocrx_word' id='word_1_403' title='bbox 1070 5125 1353 5185; x_wconf 82' lang='lat' dir='ltr'><strong>arrogant.</strong></span> <span class='ocrx_word' id='word_1_404' title='bbox 1387 5125 1642 5186; x_wconf 90' lang='lat' dir='ltr'><strong>quantum</strong></span> <span class='ocrx_word' id='word_1_405' title='bbox 1667 5119 1942 5186; x_wconf 76' lang='lat' dir='ltr'><strong>existimo,</strong></span> <span class='ocrx_word' id='word_1_406' title='bbox 1966 5121 2107 5190; x_wconf 89' lang='lat' dir='ltr'><strong>quod</strong></span> 
     </span>
    </p>
   </div>
   <div class='ocr_carea' id='block_1_53' title="bbox 522 5206 2108 5282">
    <p class='ocr_par' dir='ltr' id='par_1_53' title="bbox 522 5206 2108 5282">
     <span class='ocr_line' id='line_1_53' title="bbox 522 5206 2108 5282; baseline 0.004 -22"><span class='ocrx_word' id='word_1_407' title='bbox 522 5206 780 5276; x_wconf 80' lang='lat' dir='ltr'><strong>ejusmodi</strong></span> <span class='ocrx_word' id='word_1_408' title='bbox 830 5209 1058 5263; x_wconf 84' lang='lat' dir='ltr'><strong>habeant</strong></span> <span class='ocrx_word' id='word_1_409' title='bbox 1090 5216 1432 5277; x_wconf 86' lang='lat' dir='ltr'><strong>potestatem.</strong></span> <span class='ocrx_word' id='word_1_410' title='bbox 1472 5209 1524 5262; x_wconf 86' lang='lat' dir='ltr'><strong>Si</strong></span> <span class='ocrx_word' id='word_1_411' title='bbox 1571 5211 1710 5264; x_wconf 88' lang='lat' dir='ltr'><strong>enim</strong></span> <span class='ocrx_word' id='word_1_412' title='bbox 1761 5213 2108 5282; x_wconf 75' lang='lat' dir='ltr'><strong>evangelista:</strong></span> 
     </span>
    </p>
   </div>
   <div class='ocr_carea' id='block_1_54' title="bbox 519 5297 2105 5370">
    <p class='ocr_par' dir='ltr' id='par_1_54' title="bbox 519 5297 2105 5370">
     <span class='ocr_line' id='line_1_54' title="bbox 519 5297 2105 5370; baseline 0.005 -20"><span class='ocrx_word' id='word_1_413' title='bbox 519 5306 683 5363; x_wconf 89' lang='lat' dir='ltr'><strong>sunt,</strong></span> <span class='ocrx_word' id='word_1_414' title='bbox 708 5297 904 5363; x_wconf 89' lang='lat' dir='ltr'><strong>fateor,</strong></span> <span class='ocrx_word' id='word_1_415' title='bbox 937 5297 1133 5352; x_wconf 86' lang='lat' dir='ltr'><strong>habent</strong></span> <span class='ocrx_word' id='word_1_416' title='bbox 1163 5317 1176 5352; x_wconf 88' lang='lat'><strong>:</strong></span> <span class='ocrx_word' id='word_1_417' title='bbox 1209 5300 1251 5351; x_wconf 87' lang='lat' dir='ltr'><strong>si</strong></span> <span class='ocrx_word' id='word_1_418' title='bbox 1272 5300 1494 5354; x_wconf 79' lang='lat' dir='ltr'><strong>ministri</strong></span> <span class='ocrx_word' id='word_1_419' title='bbox 1524 5301 1706 5354; x_wconf 87' lang='lat' dir='ltr'><strong>altaris</strong></span> <span class='ocrx_word' id='word_1_420' title='bbox 1731 5343 1746 5367; x_wconf 94' lang='lat'><strong>,</strong></span> <span class='ocrx_word' id='word_1_421' title='bbox 1774 5302 2105 5370; x_wconf 82' lang='lat' dir='ltr'><strong>dispensato-</strong></span> 
     </span>
    </p>
   </div>
   <div class='ocr_carea' id='block_1_55' title="bbox 518 5391 2102 5465">
    <p class='ocr_par' dir='ltr' id='par_1_55' title="bbox 518 5391 2102 5465">
     <span class='ocr_line' id='line_1_55' title="bbox 518 5391 2102 5465; baseline 0.008 -26"><span class='ocrx_word' id='word_1_422' title='bbox 518 5400 609 5440; x_wconf 86' lang='lat' dir='ltr'><strong>res</strong></span> <span class='ocrx_word' id='word_1_423' title='bbox 636 5397 1087 5444; x_wconf 83' lang='lat' dir='ltr'><strong>sacramentorum</strong></span> <span class='ocrx_word' id='word_1_424' title='bbox 1113 5431 1128 5457; x_wconf 95' lang='lat'><strong>,</strong></span> <span class='ocrx_word' id='word_1_425' title='bbox 1155 5391 1286 5445; x_wconf 90' lang='lat' dir='ltr'><strong>bene</strong></span> <span class='ocrx_word' id='word_1_426' title='bbox 1313 5393 1410 5445; x_wconf 88' lang='lat' dir='ltr'><strong>sibi</strong></span> <span class='ocrx_word' id='word_1_427' title='bbox 1442 5392 1596 5446; x_wconf 87' lang='lat' dir='ltr'><strong>istam</strong></span> <span class='ocrx_word' id='word_1_428' title='bbox 1653 5407 1756 5446; x_wconf 90' lang='lat' dir='ltr'><strong>non</strong></span> <span class='ocrx_word' id='word_1_429' title='bbox 1803 5406 2053 5465; x_wconf 79' lang='lat' dir='ltr'><strong>arrogant</strong></span> <span class='ocrx_word' id='word_1_430' title='bbox 2087 5437 2102 5463; x_wconf 91' lang='lat'><strong>,</strong></span> 
     </span>
    </p>
   </div>
   <div class='ocr_carea' id='block_1_56' title="bbox 522 5477 1448 5550">
    <p class='ocr_par' dir='ltr' id='par_1_56' title="bbox 522 5477 1448 5550">
     <span class='ocr_line' id='line_1_56' title="bbox 522 5477 1448 5550; baseline 0.009 -22"><span class='ocrx_word' id='word_1_431' title='bbox 522 5477 616 5529; x_wconf 83' lang='lat' dir='ltr'><strong>sed</strong></span> <span class='ocrx_word' id='word_1_432' title='bbox 646 5477 800 5544; x_wconf 85' lang='lat' dir='ltr'><strong>plane</strong></span> <span class='ocrx_word' id='word_1_433' title='bbox 819 5479 1082 5534; x_wconf 78' lang='lat' dir='ltr'><strong>vindicant</strong></span> <span class='ocrx_word' id='word_1_434' title='bbox 1111 5489 1448 5550; x_wconf 89' lang='lat' dir='ltr'><strong>potestatem.</strong></span> 
     </span>
    </p>
   </div>
   <div class='ocr_carea' id='block_1_57' title="bbox 592 5565 2107 5648">
    <p class='ocr_par' dir='ltr' id='par_1_57' title="bbox 592 5565 2107 5648">
     <span class='ocr_line' id='line_1_57' title="bbox 592 5565 2107 5648; baseline 0.009 -30"><span class='ocrx_word' id='word_1_435' title='bbox 592 5565 682 5620; x_wconf 72' lang='lat'><strong>25.</strong></span> <span class='ocrx_word' id='word_1_436' title='bbox 712 5567 764 5620; x_wconf 91' lang='lat' dir='ltr'><strong>Si</strong></span> <span class='ocrx_word' id='word_1_437' title='bbox 796 5569 982 5622; x_wconf 89' lang='lat' dir='ltr'><strong>saltem</strong></span> <span class='ocrx_word' id='word_1_438' title='bbox 1009 5570 1272 5626; x_wconf 85' lang='lat' dir='ltr'><strong>habebant</strong></span> <span class='ocrx_word' id='word_1_439' title='bbox 1294 5573 1488 5642; x_wconf 88' lang='lat' dir='ltr'><strong>aliquid</strong></span> <span class='ocrx_word' id='word_1_440' title='bbox 1517 5573 1567 5627; x_wconf 92' lang='lat' dir='ltr'><strong>in</strong></span> <span class='ocrx_word' id='word_1_441' title='bbox 1602 5574 1701 5628; x_wconf 90' lang='lat' dir='ltr'><strong>hoc</strong></span> <span class='ocrx_word' id='word_1_442' title='bbox 1738 5575 1936 5630; x_wconf 67' lang='lat' dir='ltr'><strong>sarculo</strong></span> <span class='ocrx_word' id='word_1_443' title='bbox 1958 5616 1973 5642; x_wconf 92' lang='lat'><strong>,</strong></span> <span class='ocrx_word' id='word_1_444' title='bbox 2002 5593 2107 5648; x_wconf 85' lang='lat' dir='ltr'><strong>quo</strong></span> 
     </span>
    </p>
   </div>
   <div class='ocr_carea' id='block_1_58' title="bbox 524 5654 2106 5740">
    <p class='ocr_par' dir='ltr' id='par_1_58' title="bbox 524 5654 2106 5740">
     <span class='ocr_line' id='line_1_58' title="bbox 524 5654 2106 5740; baseline 0.009 -30"><span class='ocrx_word' id='word_1_445' title='bbox 524 5654 678 5712; x_wconf 79' lang='lat' dir='ltr'><strong>facile</strong></span> <span class='ocrx_word' id='word_1_446' title='bbox 721 5657 836 5713; x_wconf 87' lang='lat' dir='ltr'><strong>sine</strong></span> <span class='ocrx_word' id='word_1_447' title='bbox 876 5659 1086 5730; x_wconf 79' lang='lat' dir='ltr'><strong>Opificio</strong></span> <span class='ocrx_word' id='word_1_448' title='bbox 1124 5673 1486 5722; x_wconf 88' lang='lat' dir='ltr'><strong>sustentarent</strong></span> <span class='ocrx_word' id='word_1_449' title='bbox 1543 5667 1699 5722; x_wconf 91' lang='lat' dir='ltr'><strong>istam</strong></span> <span class='ocrx_word' id='word_1_450' title='bbox 1734 5668 1895 5722; x_wconf 88' lang='lat' dir='ltr'><strong>vitam</strong></span> <span class='ocrx_word' id='word_1_451' title='bbox 1918 5710 1933 5734; x_wconf 90' lang='lat'><strong>,</strong></span> <span class='ocrx_word' id='word_1_452' title='bbox 1964 5671 2106 5740; x_wconf 90' lang='lat' dir='ltr'><strong>quod</strong></span> 
     </span>
    </p>
   </div>
   <div class='ocr_carea' id='block_1_59' title="bbox 589 5791 2108 5868">
    <p class='ocr_par' dir='ltr' id='par_1_59' title="bbox 589 5791 2108 5868">
     <span class='ocr_line' id='line_1_59' title="bbox 589 5791 2108 5868; baseline 0.01 -27"><span class='ocrx_word' id='word_1_453' title='bbox 589 5795 605 5868; x_wconf 52' lang='grc' dir='ltr'><strong>ἡ</strong></span> <span class='ocrx_word' id='word_1_454' title='bbox 641 5793 714 5868; x_wconf 67' lang='lat' dir='ltr'><strong>sic</strong></span> <span class='ocrx_word' id='word_1_455' title='bbox 736 5791 966 5868; x_wconf 71' lang='lat' dir='ltr'><strong>meliores</strong></span> <span class='ocrx_word' id='word_1_456' title='bbox 999 5805 1105 5860; x_wconf 72' lang='lat' dir='ltr'><strong>Mss.</strong></span> <span class='ocrx_word' id='word_1_457' title='bbox 1140 5803 1195 5849; x_wconf 80' lang='lat' dir='ltr'><strong>At</strong></span> <span class='ocrx_word' id='word_1_458' title='bbox 1214 5805 1346 5862; x_wconf 78' lang='lat' dir='ltr'><strong>[.ov.,</strong></span> <span class='ocrx_word' id='word_1_459' title='bbox 1383 5795 1518 5864; x_wconf 70' lang='lat' dir='ltr'><strong>ﬁgat.</strong></span> <span class='ocrx_word' id='word_1_460' title='bbox 1556 5807 1655 5866; x_wconf 78' lang='lat' dir='ltr'><strong>Er.,</strong></span> <span class='ocrx_word' id='word_1_461' title='bbox 1682 5799 1845 5868; x_wconf 80' lang='lat' dir='ltr'><strong>ﬁngat.</strong></span> <span class='ocrx_word' id='word_1_462' title='bbox 1888 5803 2108 5856; x_wconf 83' lang='lat' dir='ltr'><strong>Nonnulli</strong></span> 
     </span>
    </p>
   </div>
   <div class='ocr_carea' id='block_1_60' title="bbox 522 5852 830 5944">
    <p class='ocr_par' dir='ltr' id='par_1_60' title="bbox 522 5852 830 5944">
     <span class='ocr_line' id='line_1_60' title="bbox 522 5852 830 5944; baseline -0.013 -32"><span class='ocrx_word' id='word_1_463' title='bbox 522 5859 651 5920; x_wconf 59' lang='lat' dir='ltr'><strong>Mss,</strong></span> <span class='ocrx_word' id='word_1_464' title='bbox 675 5852 830 5944; x_wconf 66' lang='lat' dir='ltr'><strong>ﬁngit.</strong></span> 
     </span>
    </p>
   </div>
   <div class='ocr_carea' id='block_1_61' title="bbox 1440 383 2829 454">
    <p class='ocr_par' dir='ltr' id='par_1_61' title="bbox 1440 383 2829 454">
     <span class='ocr_line' id='line_1_61' title="bbox 1440 383 2829 454; baseline 0.005 -15"><span class='ocrx_word' id='word_1_465' title='bbox 1440 387 1524 441; x_wconf 81' lang='lat' dir='ltr'><strong>DE</strong></span> <span class='ocrx_word' id='word_1_466' title='bbox 1561 388 1788 445; x_wconf 77' lang='lat' dir='ltr'><strong>OPEllE</strong></span> <span class='ocrx_word' id='word_1_467' title='bbox 1827 383 2321 454; x_wconf 77' lang='lat' dir='ltr'><strong>MONACHORUM,</strong></span> <span class='ocrx_word' id='word_1_468' title='bbox 2363 386 2421 444; x_wconf 87' lang='lat' dir='ltr'><strong>S.</strong></span> <span class='ocrx_word' id='word_1_469' title='bbox 2463 388 2829 448; x_wconf 82' lang='lat' dir='ltr'><strong>AUGUSTINI</strong></span> 
     </span>
    </p>
   </div>
   <div class='ocr_carea' id='block_1_62' title="bbox 3692 395 3804 462">
    <p class='ocr_par' dir='ltr' id='par_1_62' title="bbox 3692 395 3804 462">
     <span class='ocr_line' id='line_1_62' title="bbox 3692 395 3804 462; baseline 0.018 -2"><span class='ocrx_word' id='word_1_470' title='bbox 3692 395 3804 462; x_wconf 68' lang='lat'><strong>568</strong></span> 
     </span>
    </p>
   </div>
   <div class='ocr_carea' id='block_1_63' title="bbox 2219 507 3807 584">
    <p class='ocr_par' dir='ltr' id='par_1_63' title="bbox 2219 507 3807 584">
     <span class='ocr_line' id='line_1_63' title="bbox 2219 507 3807 584; baseline 0.009 -22"><span class='ocrx_word' id='word_1_471' title='bbox 2219 509 2461 562; x_wconf 87' lang='lat' dir='ltr'><strong>conversi</strong></span> <span class='ocrx_word' id='word_1_472' title='bbox 2488 507 2552 562; x_wconf 87' lang='lat' dir='ltr'><strong>ad</strong></span> <span class='ocrx_word' id='word_1_473' title='bbox 2586 509 2750 563; x_wconf 90' lang='lat' dir='ltr'><strong>Deum</strong></span> <span class='ocrx_word' id='word_1_474' title='bbox 2781 508 3138 580; x_wconf 85' lang='lat' dir='ltr'><strong>indigentibus</strong></span> <span class='ocrx_word' id='word_1_475' title='bbox 3151 510 3412 581; x_wconf 88' lang='lat' dir='ltr'><strong>dispertiti</strong></span> <span class='ocrx_word' id='word_1_476' title='bbox 3438 523 3596 584; x_wconf 88' lang='lat' dir='ltr'><strong>sunt,</strong></span> <span class='ocrx_word' id='word_1_477' title='bbox 3621 525 3807 578; x_wconf 61' lang='lat' dir='ltr'><strong>etcrec</strong></span> 
     </span>
    </p>
   </div>
   <div class='ocr_carea' id='block_1_64' title="bbox 2213 595 3795 666">
    <p class='ocr_par' dir='ltr' id='par_1_64' title="bbox 2213 595 3795 666">
     <span class='ocr_line' id='line_1_64' title="bbox 2213 595 3795 666; baseline 0.009 -16"><span class='ocrx_word' id='word_1_478' title='bbox 2213 595 2384 652; x_wconf 90' lang='lat' dir='ltr'><strong>denda</strong></span> <span class='ocrx_word' id='word_1_479' title='bbox 2405 607 2488 652; x_wconf 88' lang='lat' dir='ltr'><strong>est</strong></span> <span class='ocrx_word' id='word_1_480' title='bbox 2517 613 2703 653; x_wconf 91' lang='lat' dir='ltr'><strong>eorum</strong></span> <span class='ocrx_word' id='word_1_481' title='bbox 2733 599 3014 655; x_wconf 81' lang='lat' dir='ltr'><strong>infirmitas</strong></span> <span class='ocrx_word' id='word_1_482' title='bbox 3055 609 3111 656; x_wconf 92' lang='lat' dir='ltr'><strong>et</strong></span> <span class='ocrx_word' id='word_1_483' title='bbox 3138 601 3374 657; x_wconf 89' lang='lat' dir='ltr'><strong>ferenda.</strong></span> <span class='ocrx_word' id='word_1_484' title='bbox 3407 605 3596 662; x_wconf 90' lang='lat' dir='ltr'><strong>Solent</strong></span> <span class='ocrx_word' id='word_1_485' title='bbox 3648 611 3795 666; x_wconf 86' lang='lat' dir='ltr'><strong>enim</strong></span> 
     </span>
    </p>
   </div>
   <div class='ocr_carea' id='block_1_65' title="bbox 2215 686 3800 768">
    <p class='ocr_par' dir='ltr' id='par_1_65' title="bbox 2215 686 3800 768">
     <span class='ocr_line' id='line_1_65' title="bbox 2215 686 3800 768; baseline 0.011 -29"><span class='ocrx_word' id='word_1_486' title='bbox 2215 686 2371 751; x_wconf 87' lang='lat' dir='ltr'><strong>tales,</strong></span> <span class='ocrx_word' id='word_1_487' title='bbox 2397 701 2504 742; x_wconf 91' lang='lat' dir='ltr'><strong>non</strong></span> <span class='ocrx_word' id='word_1_488' title='bbox 2532 689 2754 754; x_wconf 88' lang='lat' dir='ltr'><strong>melius,</strong></span> <span class='ocrx_word' id='word_1_489' title='bbox 2801 690 2939 745; x_wconf 89' lang='lat' dir='ltr'><strong>sicut</strong></span> <span class='ocrx_word' id='word_1_490' title='bbox 2973 693 3124 746; x_wconf 90' lang='lat' dir='ltr'><strong>multi</strong></span> <span class='ocrx_word' id='word_1_491' title='bbox 3169 701 3387 762; x_wconf 87' lang='lat' dir='ltr'><strong>putant,</strong></span> <span class='ocrx_word' id='word_1_492' title='bbox 3431 697 3522 752; x_wconf 90' lang='lat' dir='ltr'><strong>sed</strong></span> <span class='ocrx_word' id='word_1_493' title='bbox 3545 699 3689 768; x_wconf 87' lang='lat' dir='ltr'><strong>quod</strong></span> <span class='ocrx_word' id='word_1_494' title='bbox 3715 711 3800 758; x_wconf 87' lang='lat' dir='ltr'><strong>est</strong></span> 
     </span>
    </p>
   </div>
   <div class='ocr_carea' id='block_1_66' title="bbox 2212 780 3802 864">
    <p class='ocr_par' dir='ltr' id='par_1_66' title="bbox 2212 780 3802 864">
     <span class='ocr_line' id='line_1_66' title="bbox 2212 780 3802 864; baseline 0.012 -32"><span class='ocrx_word' id='word_1_495' title='bbox 2212 792 2427 845; x_wconf 82' lang='lat' dir='ltr'><strong>verum,</strong></span> <span class='ocrx_word' id='word_1_496' title='bbox 2459 780 2760 852; x_wconf 84' lang='lat' dir='ltr'><strong>languidius</strong></span> <span class='ocrx_word' id='word_1_497' title='bbox 2783 783 3024 850; x_wconf 84' lang='lat' dir='ltr'><strong>educati,</strong></span> <span class='ocrx_word' id='word_1_498' title='bbox 3058 786 3294 841; x_wconf 88' lang='lat' dir='ltr'><strong>laborem</strong></span> <span class='ocrx_word' id='word_1_499' title='bbox 3337 803 3557 858; x_wconf 91' lang='lat' dir='ltr'><strong>operum</strong></span> <span class='ocrx_word' id='word_1_500' title='bbox 3603 808 3802 864; x_wconf 79' lang='lat' dir='ltr'><strong>corpo-</strong></span> 
     </span>
    </p>
   </div>
   <div class='ocr_carea' id='block_1_67' title="bbox 2210 873 3804 946">
    <p class='ocr_par' dir='ltr' id='par_1_67' title="bbox 2210 873 3804 946">
     <span class='ocr_line' id='line_1_67' title="bbox 2210 873 3804 946; baseline 0.01 -21"><span class='ocrx_word' id='word_1_501' title='bbox 2210 873 2402 928; x_wconf 88' lang='lat' dir='ltr'><strong>ralium</strong></span> <span class='ocrx_word' id='word_1_502' title='bbox 2428 875 2691 930; x_wconf 89' lang='lat' dir='ltr'><strong>sustinere</strong></span> <span class='ocrx_word' id='word_1_503' title='bbox 2717 891 2820 931; x_wconf 90' lang='lat' dir='ltr'><strong>non</strong></span> <span class='ocrx_word' id='word_1_504' title='bbox 2843 892 3018 946; x_wconf 90' lang='lat' dir='ltr'><strong>posse.</strong></span> <span class='ocrx_word' id='word_1_505' title='bbox 3041 877 3200 934; x_wconf 87' lang='lat' dir='ltr'><strong>Tales</strong></span> <span class='ocrx_word' id='word_1_506' title='bbox 3225 879 3452 937; x_wconf 88' lang='lat' dir='ltr'><strong>fortasse</strong></span> <span class='ocrx_word' id='word_1_507' title='bbox 3475 885 3625 938; x_wconf 92' lang='lat' dir='ltr'><strong>multi</strong></span> <span class='ocrx_word' id='word_1_508' title='bbox 3646 895 3804 942; x_wconf 83' lang='lat' dir='ltr'><strong>erant</strong></span> 
     </span>
    </p>
   </div>
   <div class='ocr_carea' id='block_1_68' title="bbox 2213 963 3801 1044">
    <p class='ocr_par' dir='ltr' id='par_1_68' title="bbox 2213 963 3801 1044">
     <span class='ocr_line' id='line_1_68' title="bbox 2213 963 3801 1044; baseline 0.011 -28"><span class='ocrx_word' id='word_1_509' title='bbox 2213 963 2268 1016; x_wconf 92' lang='lat' dir='ltr'><strong>in</strong></span> <span class='ocrx_word' id='word_1_510' title='bbox 2296 963 2648 1038; x_wconf 84' lang='lat' dir='ltr'><strong>Jerosolyma.</strong></span> <span class='ocrx_word' id='word_1_511' title='bbox 2682 967 2814 1022; x_wconf 87' lang='lat' dir='ltr'><strong>Nam</strong></span> <span class='ocrx_word' id='word_1_512' title='bbox 2845 979 2900 1024; x_wconf 94' lang='lat' dir='ltr'><strong>et</strong></span> <span class='ocrx_word' id='word_1_513' title='bbox 2925 971 3178 1040; x_wconf 91' lang='lat' dir='ltr'><strong>scriptum</strong></span> <span class='ocrx_word' id='word_1_514' title='bbox 3208 980 3293 1028; x_wconf 84' lang='lat' dir='ltr'><strong>est</strong></span> <span class='ocrx_word' id='word_1_515' title='bbox 3316 975 3457 1043; x_wconf 90' lang='lat' dir='ltr'><strong>quod</strong></span> <span class='ocrx_word' id='word_1_516' title='bbox 3489 977 3684 1044; x_wconf 85' lang='lat' dir='ltr'><strong>praedia</strong></span> <span class='ocrx_word' id='word_1_517' title='bbox 3703 995 3801 1035; x_wconf 87' lang='lat' dir='ltr'><strong>sua</strong></span> 
     </span>
    </p>
   </div>
   <div class='ocr_carea' id='block_1_69' title="bbox 2211 1057 3801 1137">
    <p class='ocr_par' dir='ltr' id='par_1_69' title="bbox 2211 1057 3801 1137">
     <span class='ocr_line' id='line_1_69' title="bbox 2211 1057 3801 1137; baseline 0.012 -29"><span class='ocrx_word' id='word_1_518' title='bbox 2211 1057 2569 1123; x_wconf 84' lang='lat' dir='ltr'><strong>vendiderint,</strong></span> <span class='ocrx_word' id='word_1_519' title='bbox 2608 1067 2663 1114; x_wconf 91' lang='lat' dir='ltr'><strong>et</strong></span> <span class='ocrx_word' id='word_1_520' title='bbox 2685 1062 2849 1130; x_wconf 88' lang='lat' dir='ltr'><strong>pretia</strong></span> <span class='ocrx_word' id='word_1_521' title='bbox 2878 1077 3060 1117; x_wconf 89' lang='lat' dir='ltr'><strong>eorum</strong></span> <span class='ocrx_word' id='word_1_522' title='bbox 3089 1074 3214 1119; x_wconf 90' lang='lat' dir='ltr'><strong>ante</strong></span> <span class='ocrx_word' id='word_1_523' title='bbox 3236 1067 3395 1135; x_wconf 90' lang='lat' dir='ltr'><strong>pedes</strong></span> <span class='ocrx_word' id='word_1_524' title='bbox 3417 1069 3801 1137; x_wconf 79' lang='lat' dir='ltr'><strong>Apostolorum</strong></span> 
     </span>
    </p>
   </div>
   <div class='ocr_carea' id='block_1_70' title="bbox 2211 1151 3802 1232">
    <p class='ocr_par' dir='ltr' id='par_1_70' title="bbox 2211 1151 3802 1232">
     <span class='ocr_line' id='line_1_70' title="bbox 2211 1151 3802 1232; baseline 0.009 -29"><span class='ocrx_word' id='word_1_525' title='bbox 2211 1151 2519 1219; x_wconf 87' lang='lat' dir='ltr'><strong>posuerint,</strong></span> <span class='ocrx_word' id='word_1_526' title='bbox 2544 1161 2600 1206; x_wconf 90' lang='lat' dir='ltr'><strong>ut</strong></span> <span class='ocrx_word' id='word_1_527' title='bbox 2619 1152 3028 1210; x_wconf 89' lang='lat' dir='ltr'><strong>distribuerelur</strong></span> <span class='ocrx_word' id='word_1_528' title='bbox 3055 1157 3339 1228; x_wconf 91' lang='lat' dir='ltr'><strong>unicuique</strong></span> <span class='ocrx_word' id='word_1_529' title='bbox 3367 1161 3508 1215; x_wconf 90' lang='lat' dir='ltr'><strong>sicut</strong></span> <span class='ocrx_word' id='word_1_530' title='bbox 3529 1178 3664 1232; x_wconf 83' lang='lat' dir='ltr'><strong>Opus</strong></span> <span class='ocrx_word' id='word_1_531' title='bbox 3683 1174 3802 1218; x_wconf 87' lang='lat' dir='ltr'><strong>erat</strong></span> 
     </span>
    </p>
   </div>
   <div class='ocr_carea' id='block_1_71' title="bbox 2212 1237 3804 1319">
    <p class='ocr_par' dir='ltr' id='par_1_71' title="bbox 2212 1237 3804 1319">
     <span class='ocr_line' id='line_1_71' title="bbox 2212 1237 3804 1319; baseline 0.013 -27"><span class='ocrx_word' id='word_1_532' title='bbox 2212 1237 2344 1312; x_wconf 78' lang='lat' dir='ltr'><strong>(Act.</strong></span> <span class='ocrx_word' id='word_1_533' title='bbox 2378 1257 2411 1294; x_wconf 92' lang='grc' dir='ltr'><strong>ιι</strong></span> <span class='ocrx_word' id='word_1_534' title='bbox 2437 1284 2450 1306; x_wconf 93' lang='grc'><strong>,</strong></span> <span class='ocrx_word' id='word_1_535' title='bbox 2485 1243 2583 1308; x_wconf 77' lang='grc'><strong>45,</strong></span> <span class='ocrx_word' id='word_1_536' title='bbox 2613 1252 2659 1296; x_wconf 90' lang='lat' dir='ltr'><strong>et</strong></span> <span class='ocrx_word' id='word_1_537' title='bbox 2689 1260 2771 1308; x_wconf 88' lang='lat' dir='ltr'><strong>Iv,</strong></span> <span class='ocrx_word' id='word_1_538' title='bbox 2796 1245 2910 1316; x_wconf 68' lang='lat'><strong>34).</strong></span> <span class='ocrx_word' id='word_1_539' title='bbox 2940 1246 3072 1314; x_wconf 85' lang='lat' dir='ltr'><strong>Quia</strong></span> <span class='ocrx_word' id='word_1_540' title='bbox 3098 1263 3266 1319; x_wconf 87' lang='lat' dir='ltr'><strong>prope</strong></span> <span class='ocrx_word' id='word_1_541' title='bbox 3315 1249 3513 1315; x_wconf 85' lang='lat' dir='ltr'><strong>inventi</strong></span> <span class='ocrx_word' id='word_1_542' title='bbox 3539 1263 3694 1319; x_wconf 90' lang='lat' dir='ltr'><strong>sunt,</strong></span> <span class='ocrx_word' id='word_1_543' title='bbox 3747 1264 3804 1312; x_wconf 83' lang='lat' dir='ltr'><strong>et</strong></span> 
     </span>
    </p>
   </div>
   <div class='ocr_carea' id='block_1_72' title="bbox 2210 1331 3803 1408">
    <p class='ocr_par' dir='ltr' id='par_1_72' title="bbox 2210 1331 3803 1408">
     <span class='ocr_line' id='line_1_72' title="bbox 2210 1331 3803 1408; baseline 0.011 -24"><span class='ocrx_word' id='word_1_544' title='bbox 2210 1331 2367 1386; x_wconf 88' lang='lat' dir='ltr'><strong>utiles</strong></span> <span class='ocrx_word' id='word_1_545' title='bbox 2397 1332 2608 1388; x_wconf 89' lang='lat' dir='ltr'><strong>fuerunt</strong></span> <span class='ocrx_word' id='word_1_546' title='bbox 2635 1335 2895 1392; x_wconf 88' lang='lat' dir='ltr'><strong>Gentibus</strong></span> <span class='ocrx_word' id='word_1_547' title='bbox 2922 1338 2963 1403; x_wconf 76' lang='grc' dir='ltr'>ί,</span> <span class='ocrx_word' id='word_1_548' title='bbox 2994 1354 3112 1408; x_wconf 68' lang='lat' dir='ltr'><strong>quae</strong></span> <span class='ocrx_word' id='word_1_549' title='bbox 3138 1339 3206 1393; x_wconf 90' lang='lat' dir='ltr'><strong>ab</strong></span> <span class='ocrx_word' id='word_1_550' title='bbox 3238 1340 3499 1396; x_wconf 90' lang='lat' dir='ltr'><strong>idolorum</strong></span> <span class='ocrx_word' id='word_1_551' title='bbox 3550 1345 3694 1398; x_wconf 91' lang='lat' dir='ltr'><strong>cultu</strong></span> <span class='ocrx_word' id='word_1_552' title='bbox 3733 1363 3803 1401; x_wconf 82' lang='lat' dir='ltr'><strong>ex</strong></span> 
     </span>
    </p>
   </div>
   <div class='ocr_carea' id='block_1_73' title="bbox 2211 1416 3802 1498">
    <p class='ocr_par' dir='ltr' id='par_1_73' title="bbox 2211 1416 3802 1498">
     <span class='ocr_line' id='line_1_73' title="bbox 2211 1416 3802 1498; baseline 0.011 -29"><span class='ocrx_word' id='word_1_553' title='bbox 2211 1416 2498 1487; x_wconf 84' lang='lat' dir='ltr'><strong>longinquo</strong></span> <span class='ocrx_word' id='word_1_554' title='bbox 2525 1421 2886 1488; x_wconf 86' lang='lat' dir='ltr'><strong>vocabantur,</strong></span> <span class='ocrx_word' id='word_1_555' title='bbox 2939 1425 3231 1479; x_wconf 89' lang='lat' dir='ltr'><strong>secundum</strong></span> <span class='ocrx_word' id='word_1_556' title='bbox 3270 1427 3396 1481; x_wconf 92' lang='lat' dir='ltr'><strong>illud</strong></span> <span class='ocrx_word' id='word_1_557' title='bbox 3429 1430 3568 1498; x_wconf 87' lang='lat' dir='ltr'><strong>quod</strong></span> <span class='ocrx_word' id='word_1_558' title='bbox 3597 1431 3802 1486; x_wconf 87' lang='lat' dir='ltr'><strong>dictum</strong></span> 
     </span>
    </p>
   </div>
   <div class='ocr_carea' id='block_1_74' title="bbox 2209 1510 3804 1582">
    <p class='ocr_par' dir='ltr' id='par_1_74' title="bbox 2209 1510 3804 1582">
     <span class='ocr_line' id='line_1_74' title="bbox 2209 1510 3804 1582; baseline 0.009 -19"><span class='ocrx_word' id='word_1_559' title='bbox 2209 1519 2321 1576; x_wconf 90' lang='lat' dir='ltr'><strong>est,</strong></span> <span class='ocrx_word' id='word_1_560' title='bbox 2349 1510 2430 1565; x_wconf 76' lang='lat' dir='ltr'><strong>Ea:</strong></span> <span class='ocrx_word' id='word_1_561' title='bbox 2458 1512 2585 1566; x_wconf 86' lang='lat' dir='ltr'><strong>Sion</strong></span> <span class='ocrx_word' id='word_1_562' title='bbox 2611 1514 2811 1582; x_wconf 84' lang='lat' dir='ltr'><strong>prodiet</strong></span> <span class='ocrx_word' id='word_1_563' title='bbox 2836 1517 2946 1580; x_wconf 74' lang='lat' dir='ltr'><strong>lex,</strong></span> <span class='ocrx_word' id='word_1_564' title='bbox 2977 1526 3023 1569; x_wconf 86' lang='lat' dir='ltr'><strong>et</strong></span> <span class='ocrx_word' id='word_1_565' title='bbox 3047 1517 3249 1570; x_wconf 85' lang='lat' dir='ltr'><strong>verbum</strong></span> <span class='ocrx_word' id='word_1_566' title='bbox 3274 1518 3476 1574; x_wconf 88' lang='lat' dir='ltr'><strong>Domini</strong></span> <span class='ocrx_word' id='word_1_567' title='bbox 3505 1538 3566 1574; x_wconf 79' lang='lat' dir='ltr'><strong>ea:</strong></span> <span class='ocrx_word' id='word_1_568' title='bbox 3587 1521 3804 1577; x_wconf 80' lang='lat' dir='ltr'><strong>Jerusa-</strong></span> 
     </span>
    </p>
   </div>
   <div class='ocr_carea' id='block_1_75' title="bbox 2210 1601 3803 1682">
    <p class='ocr_par' dir='ltr' id='par_1_75' title="bbox 2210 1601 3803 1682">
     <span class='ocr_line' id='line_1_75' title="bbox 2210 1601 3803 1682; baseline 0.009 -28"><span class='ocrx_word' id='word_1_569' title='bbox 2210 1601 2305 1655; x_wconf 89' lang='lat' dir='ltr'><strong>lem</strong></span> <span class='ocrx_word' id='word_1_570' title='bbox 2336 1601 2486 1676; x_wconf 86' lang='lat' dir='ltr'><strong>(Isai.</strong></span> <span class='ocrx_word' id='word_1_571' title='bbox 2517 1621 2584 1669; x_wconf 87' lang='grc' dir='ltr'>ιι,</span> <span class='ocrx_word' id='word_1_572' title='bbox 2617 1607 2671 1676; x_wconf 81' lang='lat'><strong>&#39;5)</strong></span> <span class='ocrx_word' id='word_1_573' title='bbox 2707 1624 2721 1660; x_wconf 94' lang='lat'>:</span> <span class='ocrx_word' id='word_1_574' title='bbox 2747 1607 3019 1662; x_wconf 89' lang='lat' dir='ltr'><strong>debitores</strong></span> <span class='ocrx_word' id='word_1_575' title='bbox 3049 1624 3234 1664; x_wconf 91' lang='lat' dir='ltr'><strong>eorum</strong></span> <span class='ocrx_word' id='word_1_576' title='bbox 3262 1612 3394 1665; x_wconf 77' lang='lat' dir='ltr'><strong>dixit</strong></span> <span class='ocrx_word' id='word_1_577' title='bbox 3419 1615 3708 1682; x_wconf 85' lang='lat' dir='ltr'><strong>Apostolus</strong></span> <span class='ocrx_word' id='word_1_578' title='bbox 3730 1631 3803 1670; x_wconf 77' lang='lat' dir='ltr'><strong>ex</strong></span> 
     </span>
    </p>
   </div>
   <div class='ocr_carea' id='block_1_76' title="bbox 2209 1693 3802 1774">
    <p class='ocr_par' dir='ltr' id='par_1_76' title="bbox 2209 1693 3802 1774">
     <span class='ocr_line' id='line_1_76' title="bbox 2209 1693 3802 1774; baseline 0.006 -24"><span class='ocrx_word' id='word_1_579' title='bbox 2209 1693 2464 1750; x_wconf 86' lang='lat' dir='ltr'><strong>Gentibus</strong></span> <span class='ocrx_word' id='word_1_580' title='bbox 2489 1696 2823 1753; x_wconf 89' lang='lat' dir='ltr'><strong>Christianos</strong></span> <span class='ocrx_word' id='word_1_581' title='bbox 2843 1741 2856 1763; x_wconf 93' lang='lat'><strong>,</strong></span> <span class='ocrx_word' id='word_1_582' title='bbox 2896 1699 3151 1756; x_wconf 88' lang='lat' dir='ltr'><strong>Debitores</strong></span> <span class='ocrx_word' id='word_1_583' title='bbox 3180 1719 3380 1768; x_wconf 85' lang='lat' dir='ltr'><strong>eorum,</strong></span> <span class='ocrx_word' id='word_1_584' title='bbox 3416 1703 3615 1774; x_wconf 90' lang='lat' dir='ltr'><strong>inquit,</strong></span> <span class='ocrx_word' id='word_1_585' title='bbox 3643 1716 3802 1772; x_wconf 84' lang='lat' dir='ltr'><strong>sunt;</strong></span> 
     </span>
    </p>
   </div>
   <div class='ocr_carea' id='block_1_77' title="bbox 2209 1786 3804 1866">
    <p class='ocr_par' dir='ltr' id='par_1_77' title="bbox 2209 1786 3804 1866">
     <span class='ocr_line' id='line_1_77' title="bbox 2209 1786 3804 1866; baseline 0.008 -28"><span class='ocrx_word' id='word_1_586' title='bbox 2209 1795 2262 1839; x_wconf 89' lang='lat' dir='ltr'><strong>et</strong></span> <span class='ocrx_word' id='word_1_587' title='bbox 2282 1786 2484 1840; x_wconf 89' lang='lat' dir='ltr'><strong>addidit</strong></span> <span class='ocrx_word' id='word_1_588' title='bbox 2507 1803 2702 1856; x_wconf 90' lang='lat' dir='ltr'><strong>quare,</strong></span> <span class='ocrx_word' id='word_1_589' title='bbox 2735 1788 2795 1843; x_wconf 89' lang='lat' dir='ltr'><strong>Si</strong></span> <span class='ocrx_word' id='word_1_590' title='bbox 2819 1790 2952 1843; x_wconf 87' lang='lat' dir='ltr'><strong>enim</strong></span> <span class='ocrx_word' id='word_1_591' title='bbox 2979 1792 3326 1860; x_wconf 85' lang='lat' dir='ltr'><strong>spiritualibus</strong></span> <span class='ocrx_word' id='word_1_592' title='bbox 3357 1810 3561 1860; x_wconf 87' lang='lat' dir='ltr'><strong>eorum,</strong></span> <span class='ocrx_word' id='word_1_593' title='bbox 3597 1795 3804 1866; x_wconf 90' lang='lat' dir='ltr'><strong>inquit,</strong></span> 
     </span>
    </p>
   </div>
   <div class='ocr_carea' id='block_1_78' title="bbox 2209 1879 3806 1945">
    <p class='ocr_par' dir='ltr' id='par_1_78' title="bbox 2209 1879 3806 1945">
     <span class='ocr_line' id='line_1_78' title="bbox 2209 1879 3806 1945; baseline 0.009 -16"><span class='ocrx_word' id='word_1_594' title='bbox 2209 1879 2694 1933; x_wconf 85' lang='lat' dir='ltr'><strong>communicauerunt</strong></span> <span class='ocrx_word' id='word_1_595' title='bbox 2725 1879 2908 1936; x_wconf 83' lang='lat' dir='ltr'><strong>Gentes</strong></span> <span class='ocrx_word' id='word_1_596' title='bbox 2931 1923 2945 1945; x_wconf 94' lang='lat'><strong>,</strong></span> <span class='ocrx_word' id='word_1_597' title='bbox 2991 1881 3170 1938; x_wconf 84' lang='lat' dir='ltr'><strong>debent</strong></span> <span class='ocrx_word' id='word_1_598' title='bbox 3199 1894 3247 1938; x_wconf 87' lang='lat' dir='ltr'><strong>et</strong></span> <span class='ocrx_word' id='word_1_599' title='bbox 3273 1886 3325 1939; x_wconf 90' lang='lat' dir='ltr'><strong>in</strong></span> <span class='ocrx_word' id='word_1_600' title='bbox 3369 1889 3659 1942; x_wconf 78' lang='lat' dir='ltr'><strong>carnalibus</strong></span> <span class='ocrx_word' id='word_1_601' title='bbox 3699 1891 3806 1942; x_wconf 63' lang='lat' dir='ltr'><strong>mi-</strong></span> 
     </span>
    </p>
   </div>
   <div class='ocr_carea' id='block_1_79' title="bbox 2210 1967 3016 2045">
    <p class='ocr_par' dir='ltr' id='par_1_79' title="bbox 2210 1967 3016 2045">
     <span class='ocr_line' id='line_1_79' title="bbox 2210 1967 3016 2045; baseline 0.009 -25"><span class='ocrx_word' id='word_1_602' title='bbox 2210 1967 2425 2022; x_wconf 86' lang='lat' dir='ltr'><strong>nistrare</strong></span> <span class='ocrx_word' id='word_1_603' title='bbox 2451 1970 2520 2024; x_wconf 86' lang='lat' dir='ltr'><strong>eis</strong></span> <span class='ocrx_word' id='word_1_604' title='bbox 2550 1969 2726 2043; x_wconf 82' lang='lat' dir='ltr'><strong>(llam.</strong></span> <span class='ocrx_word' id='word_1_605' title='bbox 2761 1987 2835 2026; x_wconf 80' lang='lat' dir='ltr'><strong>xv</strong></span> <span class='ocrx_word' id='word_1_606' title='bbox 2853 2014 2868 2035; x_wconf 90' lang='lat'><strong>,</strong></span> <span class='ocrx_word' id='word_1_607' title='bbox 2897 1972 3016 2045; x_wconf 77' lang='grc'><strong>27).</strong></span> 
     </span>
    </p>
   </div>
   <div class='ocr_carea' id='block_1_80' title="bbox 2279 2061 3807 2144">
    <p class='ocr_par' dir='ltr' id='par_1_80' title="bbox 2279 2061 3807 2144">
     <span class='ocr_line' id='line_1_80' title="bbox 2279 2061 3807 2144; baseline 0.009 -29"><span class='ocrx_word' id='word_1_608' title='bbox 2279 2061 2506 2118; x_wconf 85' lang='lat' dir='ltr'><strong>CAPUT</strong></span> <span class='ocrx_word' id='word_1_609' title='bbox 2561 2062 2728 2118; x_wconf 80' lang='lat' dir='ltr'><strong>XXII.</strong></span> <span class='ocrx_word' id='word_1_610' title='bbox 2756 2095 2830 2105; x_wconf 93' lang='lat'><strong>—-</strong></span> <span class='ocrx_word' id='word_1_611' title='bbox 2874 2066 3062 2121; x_wconf 82' lang='lat' dir='ltr'><strong>Contra</strong></span> <span class='ocrx_word' id='word_1_612' title='bbox 3091 2068 3276 2123; x_wconf 84' lang='lat' dir='ltr'><strong>otiosos</strong></span> <span class='ocrx_word' id='word_1_613' title='bbox 3318 2079 3364 2124; x_wconf 87' lang='lat' dir='ltr'><strong>et</strong></span> <span class='ocrx_word' id='word_1_614' title='bbox 3393 2072 3625 2127; x_wconf 83' lang='lat' dir='ltr'><strong>verbosos</strong></span> <span class='ocrx_word' id='word_1_615' title='bbox 3648 2115 3664 2138; x_wconf 83' lang='lat'><strong>_.</strong></span> <span class='ocrx_word' id='word_1_616' title='bbox 3714 2075 3807 2144; x_wconf 75' lang='lat' dir='ltr'><strong>qui</strong></span> 
     </span>
    </p>
   </div>
   <div class='ocr_carea' id='block_1_81' title="bbox 2211 2154 3809 2223">
    <p class='ocr_par' dir='ltr' id='par_1_81' title="bbox 2211 2154 3809 2223">
     <span class='ocr_line' id='line_1_81' title="bbox 2211 2154 3809 2223; baseline 0.007 -15"><span class='ocrx_word' id='word_1_617' title='bbox 2211 2154 2439 2223; x_wconf 69' lang='lat' dir='ltr'><strong>exemplo</strong></span> <span class='ocrx_word' id='word_1_618' title='bbox 2466 2164 2511 2208; x_wconf 90' lang='lat' dir='ltr'><strong>et</strong></span> <span class='ocrx_word' id='word_1_619' title='bbox 2539 2155 2687 2209; x_wconf 83' lang='lat' dir='ltr'><strong>verbo</strong></span> <span class='ocrx_word' id='word_1_620' title='bbox 2733 2157 2861 2211; x_wconf 85' lang='lat' dir='ltr'><strong>alios</strong></span> <span class='ocrx_word' id='word_1_621' title='bbox 2909 2169 3122 2213; x_wconf 85' lang='lat' dir='ltr'><strong>avocant</strong></span> <span class='ocrx_word' id='word_1_622' title='bbox 3163 2177 3197 2214; x_wconf 89' lang='lat' dir='ltr'><strong>a</strong></span> <span class='ocrx_word' id='word_1_623' title='bbox 3231 2161 3420 2216; x_wconf 86' lang='lat' dir='ltr'><strong>labore.</strong></span> <span class='ocrx_word' id='word_1_624' title='bbox 3449 2162 3599 2218; x_wconf 86' lang='lat' dir='ltr'><strong>Nunc</strong></span> <span class='ocrx_word' id='word_1_625' title='bbox 3623 2174 3809 2219; x_wconf 89' lang='lat' dir='ltr'><strong>autem</strong></span> 
     </span>
    </p>
   </div>
   <div class='ocr_carea' id='block_1_82' title="bbox 2210 2247 3803 2322">
    <p class='ocr_par' dir='ltr' id='par_1_82' title="bbox 2210 2247 3803 2322">
     <span class='ocr_line' id='line_1_82' title="bbox 2210 2247 3803 2322; baseline 0.008 -24"><span class='ocrx_word' id='word_1_626' title='bbox 2210 2247 2429 2300; x_wconf 92' lang='lat' dir='ltr'><strong>veniunt</strong></span> <span class='ocrx_word' id='word_1_627' title='bbox 2456 2247 2768 2319; x_wconf 91' lang='lat' dir='ltr'><strong>plerumque</strong></span> <span class='ocrx_word' id='word_1_628' title='bbox 2814 2249 2883 2305; x_wconf 88' lang='lat' dir='ltr'><strong>ad</strong></span> <span class='ocrx_word' id='word_1_629' title='bbox 2927 2251 3064 2306; x_wconf 90' lang='lat' dir='ltr'><strong>hanc</strong></span> <span class='ocrx_word' id='word_1_630' title='bbox 3104 2253 3496 2322; x_wconf 89' lang='lat' dir='ltr'><strong>professionem</strong></span> <span class='ocrx_word' id='word_1_631' title='bbox 3523 2257 3803 2311; x_wconf 89' lang='lat' dir='ltr'><strong>servitutis</strong></span> 
     </span>
    </p>
   </div>
   <div class='ocr_carea' id='block_1_83' title="bbox 2211 2336 3809 2413">
    <p class='ocr_par' dir='ltr' id='par_1_83' title="bbox 2211 2336 3809 2413">
     <span class='ocr_line' id='line_1_83' title="bbox 2211 2336 3809 2413; baseline 0.008 -23"><span class='ocrx_word' id='word_1_632' title='bbox 2211 2336 2304 2393; x_wconf 88' lang='lat' dir='ltr'><strong>Dei</strong></span> <span class='ocrx_word' id='word_1_633' title='bbox 2333 2347 2389 2394; x_wconf 88' lang='lat' dir='ltr'><strong>et</strong></span> <span class='ocrx_word' id='word_1_634' title='bbox 2428 2355 2494 2394; x_wconf 79' lang='lat' dir='ltr'><strong>ex</strong></span> <span class='ocrx_word' id='word_1_635' title='bbox 2541 2339 2845 2396; x_wconf 89' lang='lat' dir='ltr'><strong>conditione</strong></span> <span class='ocrx_word' id='word_1_636' title='bbox 2892 2343 3112 2409; x_wconf 89' lang='lat' dir='ltr'><strong>servili,</strong></span> <span class='ocrx_word' id='word_1_637' title='bbox 3169 2345 3250 2398; x_wconf 89' lang='lat' dir='ltr'><strong>vel</strong></span> <span class='ocrx_word' id='word_1_638' title='bbox 3278 2346 3438 2400; x_wconf 90' lang='lat' dir='ltr'><strong>etiam</strong></span> <span class='ocrx_word' id='word_1_639' title='bbox 3470 2346 3674 2413; x_wconf 89' lang='lat' dir='ltr'><strong>liberti,</strong></span> <span class='ocrx_word' id='word_1_640' title='bbox 3715 2349 3809 2403; x_wconf 87' lang='lat' dir='ltr'><strong>vel</strong></span> 
     </span>
    </p>
   </div>
   <div class='ocr_carea' id='block_1_84' title="bbox 2212 2432 3809 2504">
    <p class='ocr_par' dir='ltr' id='par_1_84' title="bbox 2212 2432 3809 2504">
     <span class='ocr_line' id='line_1_84' title="bbox 2212 2432 3809 2504; baseline 0.009 -21"><span class='ocrx_word' id='word_1_641' title='bbox 2212 2439 2430 2502; x_wconf 89' lang='lat' dir='ltr'><strong>propter</strong></span> <span class='ocrx_word' id='word_1_642' title='bbox 2476 2432 2578 2486; x_wconf 90' lang='lat' dir='ltr'><strong>hoc</strong></span> <span class='ocrx_word' id='word_1_643' title='bbox 2602 2448 2632 2486; x_wconf 91' lang='lat' dir='ltr'><strong>a</strong></span> <span class='ocrx_word' id='word_1_644' title='bbox 2659 2433 2892 2490; x_wconf 85' lang='lat' dir='ltr'><strong>deminis</strong></span> <span class='ocrx_word' id='word_1_645' title='bbox 2937 2435 3144 2490; x_wconf 88' lang='lat' dir='ltr'><strong>liberati</strong></span> <span class='ocrx_word' id='word_1_646' title='bbox 3169 2437 3281 2492; x_wconf 90' lang='lat' dir='ltr'><strong>sive</strong></span> <span class='ocrx_word' id='word_1_647' title='bbox 3319 2438 3577 2494; x_wconf 88' lang='lat' dir='ltr'><strong>liberandi</strong></span> <span class='ocrx_word' id='word_1_648' title='bbox 3603 2482 3617 2504; x_wconf 88' lang='lat'><strong>,</strong></span> <span class='ocrx_word' id='word_1_649' title='bbox 3651 2449 3707 2496; x_wconf 93' lang='lat' dir='ltr'><strong>et</strong></span> <span class='ocrx_word' id='word_1_650' title='bbox 3732 2457 3809 2497; x_wconf 76' lang='lat' dir='ltr'><strong>ex</strong></span> 
     </span>
    </p>
   </div>
   <div class='ocr_carea' id='block_1_85' title="bbox 2211 2523 3814 2604">
    <p class='ocr_par' dir='ltr' id='par_1_85' title="bbox 2211 2523 3814 2604">
     <span class='ocr_line' id='line_1_85' title="bbox 2211 2523 3814 2604; baseline 0.009 -28"><span class='ocrx_word' id='word_1_651' title='bbox 2211 2523 2317 2578; x_wconf 90' lang='lat' dir='ltr'><strong>vita</strong></span> <span class='ocrx_word' id='word_1_652' title='bbox 2371 2525 2639 2580; x_wconf 90' lang='lat' dir='ltr'><strong>rusticana</strong></span> <span class='ocrx_word' id='word_1_653' title='bbox 2662 2569 2676 2590; x_wconf 90' lang='lat'><strong>,</strong></span> <span class='ocrx_word' id='word_1_654' title='bbox 2711 2535 2765 2582; x_wconf 92' lang='lat' dir='ltr'><strong>et</strong></span> <span class='ocrx_word' id='word_1_655' title='bbox 2793 2543 2859 2582; x_wconf 76' lang='lat' dir='ltr'><strong>ex</strong></span> <span class='ocrx_word' id='word_1_656' title='bbox 2888 2529 3138 2599; x_wconf 80' lang='lat' dir='ltr'><strong>Opifieum</strong></span> <span class='ocrx_word' id='word_1_657' title='bbox 3167 2533 3550 2588; x_wconf 85' lang='lat' dir='ltr'><strong>exercitatione</strong></span> <span class='ocrx_word' id='word_1_658' title='bbox 3592 2543 3648 2590; x_wconf 92' lang='lat' dir='ltr'><strong>et</strong></span> <span class='ocrx_word' id='word_1_659' title='bbox 3687 2535 3814 2604; x_wconf 86' lang='lat' dir='ltr'><strong>ple-</strong></span> 
     </span>
    </p>
   </div>
   <div class='ocr_carea' id='block_1_86' title="bbox 2211 2614 3812 2692">
    <p class='ocr_par' dir='ltr' id='par_1_86' title="bbox 2211 2614 3812 2692">
     <span class='ocr_line' id='line_1_86' title="bbox 2211 2614 3812 2692; baseline 0.008 -24"><span class='ocrx_word' id='word_1_660' title='bbox 2211 2614 2332 2670; x_wconf 91' lang='lat' dir='ltr'><strong>beio</strong></span> <span class='ocrx_word' id='word_1_661' title='bbox 2356 2615 2540 2671; x_wconf 89' lang='lat' dir='ltr'><strong>labore</strong></span> <span class='ocrx_word' id='word_1_662' title='bbox 2561 2657 2576 2681; x_wconf 93' lang='lat'><strong>,</strong></span> <span class='ocrx_word' id='word_1_663' title='bbox 2607 2626 2754 2672; x_wconf 89' lang='lat' dir='ltr'><strong>tanto</strong></span> <span class='ocrx_word' id='word_1_664' title='bbox 2783 2619 2962 2689; x_wconf 89' lang='lat' dir='ltr'><strong>utique</strong></span> <span class='ocrx_word' id='word_1_665' title='bbox 2993 2619 3199 2680; x_wconf 83' lang='lat' dir='ltr'><strong>felicius</strong></span> <span class='ocrx_word' id='word_1_666' title='bbox 3224 2632 3424 2692; x_wconf 87' lang='lat' dir='ltr'><strong>quanto</strong></span> <span class='ocrx_word' id='word_1_667' title='bbox 3455 2625 3640 2680; x_wconf 88' lang='lat' dir='ltr'><strong>fortius</strong></span> <span class='ocrx_word' id='word_1_668' title='bbox 3669 2626 3812 2680; x_wconf 91' lang='lat' dir='ltr'><strong>edu-</strong></span> 
     </span>
    </p>
   </div>
   <div class='ocr_carea' id='block_1_87' title="bbox 2210 2706 3812 2784">
    <p class='ocr_par' dir='ltr' id='par_1_87' title="bbox 2210 2706 3812 2784">
     <span class='ocr_line' id='line_1_87' title="bbox 2210 2706 3812 2784; baseline 0.008 -24"><span class='ocrx_word' id='word_1_669' title='bbox 2210 2706 2315 2760; x_wconf 88' lang='lat' dir='ltr'><strong>cati</strong></span> <span class='ocrx_word' id='word_1_670' title='bbox 2345 2707 2472 2776; x_wconf 90' lang='lat' dir='ltr'><strong>:qui</strong></span> <span class='ocrx_word' id='word_1_671' title='bbox 2517 2708 2560 2762; x_wconf 90' lang='lat' dir='ltr'><strong>si</strong></span> <span class='ocrx_word' id='word_1_672' title='bbox 2619 2724 2724 2762; x_wconf 92' lang='lat' dir='ltr'><strong>non</strong></span> <span class='ocrx_word' id='word_1_673' title='bbox 2778 2710 3156 2778; x_wconf 89' lang='lat' dir='ltr'><strong>admittantur,</strong></span> <span class='ocrx_word' id='word_1_674' title='bbox 3204 2728 3368 2784; x_wconf 83' lang='lat' dir='ltr'><strong>grave</strong></span> <span class='ocrx_word' id='word_1_675' title='bbox 3405 2715 3654 2771; x_wconf 91' lang='lat' dir='ltr'><strong>delictum</strong></span> <span class='ocrx_word' id='word_1_676' title='bbox 3699 2727 3812 2773; x_wconf 89' lang='lat' dir='ltr'><strong>est.</strong></span> 
     </span>
    </p>
   </div>
   <div class='ocr_carea' id='block_1_88' title="bbox 2212 2797 3818 2874">
    <p class='ocr_par' dir='ltr' id='par_1_88' title="bbox 2212 2797 3818 2874">
     <span class='ocr_line' id='line_1_88' title="bbox 2212 2797 3818 2874; baseline 0.008 -24"><span class='ocrx_word' id='word_1_677' title='bbox 2212 2797 2359 2852; x_wconf 86' lang='lat' dir='ltr'><strong>Multi</strong></span> <span class='ocrx_word' id='word_1_678' title='bbox 2381 2799 2523 2853; x_wconf 90' lang='lat' dir='ltr'><strong>enim</strong></span> <span class='ocrx_word' id='word_1_679' title='bbox 2553 2815 2618 2854; x_wconf 78' lang='lat' dir='ltr'><strong>ex</strong></span> <span class='ocrx_word' id='word_1_680' title='bbox 2643 2815 2709 2855; x_wconf 86' lang='lat' dir='ltr'><strong>eo</strong></span> <span class='ocrx_word' id='word_1_681' title='bbox 2735 2817 2958 2857; x_wconf 90' lang='lat' dir='ltr'><strong>numero</strong></span> <span class='ocrx_word' id='word_1_682' title='bbox 2981 2819 3106 2859; x_wconf 84' lang='lat' dir='ltr'><strong>vere</strong></span> <span class='ocrx_word' id='word_1_683' title='bbox 3137 2805 3312 2874; x_wconf 80' lang='lat' dir='ltr'><strong>magni</strong></span> <span class='ocrx_word' id='word_1_684' title='bbox 3341 2814 3395 2860; x_wconf 90' lang='lat' dir='ltr'><strong>et</strong></span> <span class='ocrx_word' id='word_1_685' title='bbox 3437 2807 3674 2862; x_wconf 88' lang='lat' dir='ltr'><strong>imitandi</strong></span> <span class='ocrx_word' id='word_1_686' title='bbox 3711 2823 3818 2863; x_wconf 79' lang='lat' dir='ltr'><strong>ex-</strong></span> 
     </span>
    </p>
   </div>
   <div class='ocr_carea' id='block_1_89' title="bbox 2212 2888 3813 2968">
    <p class='ocr_par' dir='ltr' id='par_1_89' title="bbox 2212 2888 3813 2968">
     <span class='ocr_line' id='line_1_89' title="bbox 2212 2888 3813 2968; baseline 0.008 -28"><span class='ocrx_word' id='word_1_687' title='bbox 2212 2888 2482 2942; x_wconf 89' lang='lat' dir='ltr'><strong>stiterunt.</strong></span> <span class='ocrx_word' id='word_1_688' title='bbox 2507 2889 2637 2944; x_wconf 86' lang='lat' dir='ltr'><strong>Nam</strong></span> <span class='ocrx_word' id='word_1_689' title='bbox 2661 2901 2940 2961; x_wconf 87' lang='lat' dir='ltr'><strong>propterea</strong></span> <span class='ocrx_word' id='word_1_690' title='bbox 2972 2903 3017 2946; x_wconf 91' lang='lat' dir='ltr'><strong>et</strong></span> <span class='ocrx_word' id='word_1_691' title='bbox 3038 2895 3242 2964; x_wconf 81' lang='lat' dir='ltr'><strong>inﬁrma</strong></span> <span class='ocrx_word' id='word_1_692' title='bbox 3267 2897 3444 2950; x_wconf 86' lang='lat' dir='ltr'><strong>mundi</strong></span> <span class='ocrx_word' id='word_1_693' title='bbox 3468 2899 3612 2968; x_wconf 84' lang='lat' dir='ltr'><strong>elegit</strong></span> <span class='ocrx_word' id='word_1_694' title='bbox 3646 2898 3813 2966; x_wconf 83' lang='lat' dir='ltr'><strong>Deus,</strong></span> 
     </span>
    </p>
   </div>
   <div class='ocr_carea' id='block_1_90' title="bbox 2211 2980 3816 3059">
    <p class='ocr_par' dir='ltr' id='par_1_90' title="bbox 2211 2980 3816 3059">
     <span class='ocr_line' id='line_1_90' title="bbox 2211 2980 3816 3059; baseline 0.007 -26"><span class='ocrx_word' id='word_1_695' title='bbox 2211 2989 2266 3033; x_wconf 83' lang='lat' dir='ltr'><strong>ut</strong></span> <span class='ocrx_word' id='word_1_696' title='bbox 2279 2980 2609 3050; x_wconf 79' lang='lat' dir='ltr'><strong>confunderet</strong></span> <span class='ocrx_word' id='word_1_697' title='bbox 2631 2983 2823 3052; x_wconf 79' lang='lat' dir='ltr'><strong>fortia;</strong></span> <span class='ocrx_word' id='word_1_698' title='bbox 2851 2992 2896 3036; x_wconf 91' lang='lat' dir='ltr'><strong>et</strong></span> <span class='ocrx_word' id='word_1_699' title='bbox 2915 2985 3071 3038; x_wconf 86' lang='lat' dir='ltr'><strong>stulta</strong></span> <span class='ocrx_word' id='word_1_700' title='bbox 3095 2986 3270 3040; x_wconf 84' lang='lat' dir='ltr'><strong>mundi</strong></span> <span class='ocrx_word' id='word_1_701' title='bbox 3290 2988 3438 3058; x_wconf 84' lang='lat' dir='ltr'><strong>elegit</strong></span> <span class='ocrx_word' id='word_1_702' title='bbox 3459 3030 3473 3052; x_wconf 95' lang='lat'><strong>,</strong></span> <span class='ocrx_word' id='word_1_703' title='bbox 3501 3000 3556 3042; x_wconf 90' lang='lat' dir='ltr'><strong>ut</strong></span> <span class='ocrx_word' id='word_1_704' title='bbox 3583 2994 3816 3059; x_wconf 82' lang='lat' dir='ltr'><strong>confun-</strong></span> 
     </span>
    </p>
   </div>
   <div class='ocr_carea' id='block_1_91' title="bbox 2211 3071 3810 3152">
    <p class='ocr_par' dir='ltr' id='par_1_91' title="bbox 2211 3071 3810 3152">
     <span class='ocr_line' id='line_1_91' title="bbox 2211 3071 3810 3152; baseline 0.008 -27"><span class='ocrx_word' id='word_1_705' title='bbox 2211 3071 2349 3126; x_wconf 79' lang='lat' dir='ltr'><strong>deret</strong></span> <span class='ocrx_word' id='word_1_706' title='bbox 2366 3073 2614 3143; x_wconf 83' lang='lat' dir='ltr'><strong>sapientes</strong></span> <span class='ocrx_word' id='word_1_707' title='bbox 2637 3091 2656 3138; x_wconf 89' lang='lat'><em>;</em></span> <span class='ocrx_word' id='word_1_708' title='bbox 2685 3084 2730 3128; x_wconf 89' lang='lat' dir='ltr'><strong>et</strong></span> <span class='ocrx_word' id='word_1_709' title='bbox 2756 3075 2998 3146; x_wconf 85' lang='lat' dir='ltr'><strong>ignobilia</strong></span> <span class='ocrx_word' id='word_1_710' title='bbox 3023 3077 3220 3144; x_wconf 86' lang='lat' dir='ltr'><strong>mundi,</strong></span> <span class='ocrx_word' id='word_1_711' title='bbox 3245 3088 3290 3132; x_wconf 87' lang='lat' dir='ltr'><strong>et</strong></span> <span class='ocrx_word' id='word_1_712' title='bbox 3313 3096 3370 3133; x_wconf 84' lang='lat' dir='ltr'><strong>ea</strong></span> <span class='ocrx_word' id='word_1_713' title='bbox 3400 3096 3515 3149; x_wconf 76' lang='lat' dir='ltr'><strong>qua:</strong></span> <span class='ocrx_word' id='word_1_714' title='bbox 3539 3097 3638 3135; x_wconf 90' lang='lat' dir='ltr'><strong>non</strong></span> <span class='ocrx_word' id='word_1_715' title='bbox 3653 3094 3810 3152; x_wconf 82' lang='lat' dir='ltr'><strong>sunt,</strong></span> 
     </span>
    </p>
   </div>
   <div class='ocr_carea' id='block_1_92' title="bbox 2213 3165 3817 3241">
    <p class='ocr_par' dir='ltr' id='par_1_92' title="bbox 2213 3165 3817 3241">
     <span class='ocr_line' id='line_1_92' title="bbox 2213 3165 3817 3241; baseline 0.007 -25"><span class='ocrx_word' id='word_1_716' title='bbox 2213 3173 2452 3235; x_wconf 85' lang='lat' dir='ltr'><strong>tanquam</strong></span> <span class='ocrx_word' id='word_1_717' title='bbox 2481 3165 2614 3230; x_wconf 86' lang='lat' dir='ltr'><strong>sint,</strong></span> <span class='ocrx_word' id='word_1_718' title='bbox 2652 3177 2705 3219; x_wconf 86' lang='lat' dir='ltr'><strong>ut</strong></span> <span class='ocrx_word' id='word_1_719' title='bbox 2730 3183 2789 3220; x_wconf 84' lang='lat' dir='ltr'><strong>ea</strong></span> <span class='ocrx_word' id='word_1_720' title='bbox 2811 3183 2924 3237; x_wconf 77' lang='lat' dir='ltr'><strong>qua:</strong></span> <span class='ocrx_word' id='word_1_721' title='bbox 2947 3184 3065 3222; x_wconf 85' lang='lat' dir='ltr'><strong>sunt</strong></span> <span class='ocrx_word' id='word_1_722' title='bbox 3099 3178 3397 3224; x_wconf 79' lang='lat' dir='ltr'><strong>evacuentur</strong></span> <span class='ocrx_word' id='word_1_723' title='bbox 3426 3186 3444 3223; x_wconf 90' lang='lat'><strong><em>:</em></strong></span> <span class='ocrx_word' id='word_1_724' title='bbox 3471 3181 3524 3223; x_wconf 84' lang='lat' dir='ltr'><strong>ut</strong></span> <span class='ocrx_word' id='word_1_725' title='bbox 3553 3188 3654 3224; x_wconf 86' lang='lat' dir='ltr'><strong>non</strong></span> <span class='ocrx_word' id='word_1_726' title='bbox 3687 3173 3817 3241; x_wconf 86' lang='lat' dir='ltr'><strong>glo-</strong></span> 
     </span>
    </p>
   </div>
   <div class='ocr_carea' id='block_1_93' title="bbox 2211 3257 3820 3335">
    <p class='ocr_par' dir='ltr' id='par_1_93' title="bbox 2211 3257 3820 3335">
     <span class='ocr_line' id='line_1_93' title="bbox 2211 3257 3820 3335; baseline 0.008 -25"><span class='ocrx_word' id='word_1_727' title='bbox 2211 3257 2368 3311; x_wconf 80' lang='lat' dir='ltr'><strong>rietur</strong></span> <span class='ocrx_word' id='word_1_728' title='bbox 2391 3257 2554 3312; x_wconf 88' lang='lat' dir='ltr'><strong>omnis</strong></span> <span class='ocrx_word' id='word_1_729' title='bbox 2595 3274 2714 3312; x_wconf 88' lang='lat' dir='ltr'><strong>caro</strong></span> <span class='ocrx_word' id='word_1_730' title='bbox 2743 3275 2916 3313; x_wconf 87' lang='lat' dir='ltr'><strong>coram</strong></span> <span class='ocrx_word' id='word_1_731' title='bbox 2958 3259 3064 3314; x_wconf 89' lang='lat' dir='ltr'><strong>Deo</strong></span> <span class='ocrx_word' id='word_1_732' title='bbox 3098 3261 3140 3331; x_wconf 87' lang='grc'><strong>(1</strong></span> <span class='ocrx_word' id='word_1_733' title='bbox 3167 3261 3288 3318; x_wconf 87' lang='lat' dir='ltr'><strong>Cor.</strong></span> <span class='ocrx_word' id='word_1_734' title='bbox 3319 3278 3372 3329; x_wconf 89' lang='grc' dir='ltr'><strong>ι,</strong></span> <span class='ocrx_word' id='word_1_735' title='bbox 3427 3262 3643 3335; x_wconf 73' lang='grc'><strong>27-29).</strong></span> <span class='ocrx_word' id='word_1_736' title='bbox 3678 3265 3820 3323; x_wconf 69' lang='grc' dir='ltr'>Πειξο</span> 
     </span>
    </p>
   </div>
   <div class='ocr_carea' id='block_1_94' title="bbox 2214 3351 3817 3422">
    <p class='ocr_par' dir='ltr' id='par_1_94' title="bbox 2214 3351 3817 3422">
     <span class='ocr_line' id='line_1_94' title="bbox 2214 3351 3817 3422; baseline 0.007 -18"><span class='ocrx_word' id='word_1_737' title='bbox 2214 3351 2394 3420; x_wconf 87' lang='lat' dir='ltr'><strong>itaque</strong></span> <span class='ocrx_word' id='word_1_738' title='bbox 2424 3351 2509 3422; x_wconf 89' lang='lat' dir='ltr'><strong>pia</strong></span> <span class='ocrx_word' id='word_1_739' title='bbox 2532 3360 2585 3406; x_wconf 90' lang='lat' dir='ltr'><strong>et</strong></span> <span class='ocrx_word' id='word_1_740' title='bbox 2619 3361 2803 3407; x_wconf 89' lang='lat' dir='ltr'><strong>sancta</strong></span> <span class='ocrx_word' id='word_1_741' title='bbox 2829 3353 3086 3422; x_wconf 76' lang='lat' dir='ltr'><strong>cogitatio</strong></span> <span class='ocrx_word' id='word_1_742' title='bbox 3129 3354 3254 3410; x_wconf 89' lang='lat' dir='ltr'><strong>facit</strong></span> <span class='ocrx_word' id='word_1_743' title='bbox 3281 3357 3517 3412; x_wconf 89' lang='lat' dir='ltr'><strong>utetiam</strong></span> <span class='ocrx_word' id='word_1_744' title='bbox 3550 3360 3684 3414; x_wconf 88' lang='lat' dir='ltr'><strong>tales</strong></span> <span class='ocrx_word' id='word_1_745' title='bbox 3710 3361 3817 3415; x_wconf 86' lang='lat' dir='ltr'><strong>ad-</strong></span> 
     </span>
    </p>
   </div>
   <div class='ocr_carea' id='block_1_95' title="bbox 2213 3442 3816 3512">
    <p class='ocr_par' dir='ltr' id='par_1_95' title="bbox 2213 3442 3816 3512">
     <span class='ocr_line' id='line_1_95' title="bbox 2213 3442 3816 3512; baseline 0.009 -16"><span class='ocrx_word' id='word_1_746' title='bbox 2213 3442 2490 3496; x_wconf 85' lang='lat' dir='ltr'><strong>mittantur</strong></span> <span class='ocrx_word' id='word_1_747' title='bbox 2507 3485 2522 3509; x_wconf 93' lang='lat'><strong>,</strong></span> <span class='ocrx_word' id='word_1_748' title='bbox 2547 3443 2635 3512; x_wconf 91' lang='lat' dir='ltr'><strong>qui</strong></span> <span class='ocrx_word' id='word_1_749' title='bbox 2663 3445 2864 3498; x_wconf 90' lang='lat' dir='ltr'><strong>nullum</strong></span> <span class='ocrx_word' id='word_1_750' title='bbox 2885 3445 3116 3500; x_wconf 79' lang='lat' dir='ltr'><strong>afferant</strong></span> <span class='ocrx_word' id='word_1_751' title='bbox 3138 3456 3355 3502; x_wconf 69' lang='lat' dir='ltr'><strong>mutata:</strong></span> <span class='ocrx_word' id='word_1_752' title='bbox 3385 3449 3436 3503; x_wconf 90' lang='lat' dir='ltr'><strong>in</strong></span> <span class='ocrx_word' id='word_1_753' title='bbox 3467 3450 3656 3505; x_wconf 86' lang='lat' dir='ltr'><strong>melius</strong></span> <span class='ocrx_word' id='word_1_754' title='bbox 3678 3453 3816 3510; x_wconf 62' lang='lat' dir='ltr'><strong>vita:</strong></span> 
     </span>
    </p>
   </div>
   <div class='ocr_carea' id='block_1_96' title="bbox 2212 3531 3816 3610">
    <p class='ocr_par' dir='ltr' id='par_1_96' title="bbox 2212 3531 3816 3610">
     <span class='ocr_line' id='line_1_96' title="bbox 2212 3531 3816 3610; baseline 0.008 -24"><span class='ocrx_word' id='word_1_755' title='bbox 2212 3531 2610 3587; x_wconf 92' lang='lat' dir='ltr'><strong>documentum.</strong></span> <span class='ocrx_word' id='word_1_756' title='bbox 2630 3533 2813 3604; x_wconf 90' lang='lat' dir='ltr'><strong>Neque</strong></span> <span class='ocrx_word' id='word_1_757' title='bbox 2829 3536 2971 3590; x_wconf 90' lang='lat' dir='ltr'><strong>enim</strong></span> <span class='ocrx_word' id='word_1_758' title='bbox 2997 3547 3220 3606; x_wconf 89' lang='lat' dir='ltr'><strong>apparet</strong></span> <span class='ocrx_word' id='word_1_759' title='bbox 3239 3548 3417 3594; x_wconf 86' lang='lat' dir='ltr'><strong>utrum</strong></span> <span class='ocrx_word' id='word_1_760' title='bbox 3448 3556 3512 3594; x_wconf 76' lang='lat' dir='ltr'><strong>ex</strong></span> <span class='ocrx_word' id='word_1_761' title='bbox 3533 3543 3816 3610; x_wconf 87' lang='lat' dir='ltr'><strong>proposito</strong></span> 
     </span>
    </p>
   </div>
   <div class='ocr_carea' id='block_1_97' title="bbox 2213 3622 3815 3697">
    <p class='ocr_par' dir='ltr' id='par_1_97' title="bbox 2213 3622 3815 3697">
     <span class='ocr_line' id='line_1_97' title="bbox 2213 3622 3815 3697; baseline 0.009 -22"><span class='ocrx_word' id='word_1_762' title='bbox 2213 3622 2482 3677; x_wconf 90' lang='lat' dir='ltr'><strong>servitutis</strong></span> <span class='ocrx_word' id='word_1_763' title='bbox 2502 3623 2595 3677; x_wconf 91' lang='lat' dir='ltr'><strong>Dei</strong></span> <span class='ocrx_word' id='word_1_764' title='bbox 2614 3624 2890 3688; x_wconf 89' lang='lat' dir='ltr'><strong>venerint,</strong></span> <span class='ocrx_word' id='word_1_765' title='bbox 2910 3639 2977 3679; x_wconf 91' lang='lat' dir='ltr'><strong>an</strong></span> <span class='ocrx_word' id='word_1_766' title='bbox 2994 3627 3158 3680; x_wconf 88' lang='lat' dir='ltr'><strong>vitam</strong></span> <span class='ocrx_word' id='word_1_767' title='bbox 3181 3627 3393 3697; x_wconf 87' lang='lat' dir='ltr'><strong>inepem</strong></span> <span class='ocrx_word' id='word_1_768' title='bbox 3408 3640 3462 3684; x_wconf 91' lang='lat' dir='ltr'><strong>et</strong></span> <span class='ocrx_word' id='word_1_769' title='bbox 3483 3630 3815 3690; x_wconf 74' lang='lat' dir='ltr'><strong>laborioszlm</strong></span> 
     </span>
    </p>
   </div>
   <div class='ocr_carea' id='block_1_98' title="bbox 2213 3711 3816 3787">
    <p class='ocr_par' dir='ltr' id='par_1_98' title="bbox 2213 3711 3816 3787">
     <span class='ocr_line' id='line_1_98' title="bbox 2213 3711 3816 3787; baseline 0.009 -20"><span class='ocrx_word' id='word_1_770' title='bbox 2213 3711 2475 3783; x_wconf 83' lang='lat' dir='ltr'><strong>fugientes</strong></span> <span class='ocrx_word' id='word_1_771' title='bbox 2506 3715 2657 3770; x_wconf 89' lang='lat' dir='ltr'><strong>vacui</strong></span> <span class='ocrx_word' id='word_1_772' title='bbox 2684 3756 2700 3782; x_wconf 94' lang='lat'><strong>,</strong></span> <span class='ocrx_word' id='word_1_773' title='bbox 2726 3717 2870 3786; x_wconf 90' lang='lat' dir='ltr'><strong>pasci</strong></span> <span class='ocrx_word' id='word_1_774' title='bbox 2896 3727 3057 3787; x_wconf 90' lang='lat' dir='ltr'><strong>atque</strong></span> <span class='ocrx_word' id='word_1_775' title='bbox 3085 3719 3270 3774; x_wconf 89' lang='lat' dir='ltr'><strong>vestiri</strong></span> <span class='ocrx_word' id='word_1_776' title='bbox 3301 3721 3594 3787; x_wconf 85' lang='lat' dir='ltr'><strong>voluerint,</strong></span> <span class='ocrx_word' id='word_1_777' title='bbox 3625 3734 3680 3778; x_wconf 90' lang='lat' dir='ltr'><strong>et</strong></span> <span class='ocrx_word' id='word_1_778' title='bbox 3721 3726 3816 3782; x_wconf 86' lang='lat' dir='ltr'><strong>in-</strong></span> 
     </span>
    </p>
   </div>
   <div class='ocr_carea' id='block_1_99' title="bbox 2214 3805 3817 3887">
    <p class='ocr_par' dir='ltr' id='par_1_99' title="bbox 2214 3805 3817 3887">
     <span class='ocr_line' id='line_1_99' title="bbox 2214 3805 3817 3887; baseline 0.008 -27"><span class='ocrx_word' id='word_1_779' title='bbox 2214 3820 2376 3875; x_wconf 89' lang='lat' dir='ltr'><strong>super</strong></span> <span class='ocrx_word' id='word_1_780' title='bbox 2398 3805 2652 3861; x_wconf 90' lang='lat' dir='ltr'><strong>honorari</strong></span> <span class='ocrx_word' id='word_1_781' title='bbox 2683 3808 2752 3861; x_wconf 89' lang='lat' dir='ltr'><strong>ab</strong></span> <span class='ocrx_word' id='word_1_782' title='bbox 2779 3814 2858 3864; x_wconf 89' lang='lat' dir='ltr'><strong>ets</strong></span> <span class='ocrx_word' id='word_1_783' title='bbox 2883 3823 2913 3863; x_wconf 92' lang='lat' dir='ltr'><strong>a</strong></span> <span class='ocrx_word' id='word_1_784' title='bbox 2958 3809 3152 3880; x_wconf 90' lang='lat' dir='ltr'><strong>quibus</strong></span> <span class='ocrx_word' id='word_1_785' title='bbox 3181 3814 3453 3868; x_wconf 90' lang='lat' dir='ltr'><strong>contemni</strong></span> <span class='ocrx_word' id='word_1_786' title='bbox 3489 3817 3817 3887; x_wconf 86' lang='lat' dir='ltr'><strong>conterique</strong></span> 
     </span>
    </p>
   </div>
   <div class='ocr_carea' id='block_1_100' title="bbox 2213 3899 3816 3978">
    <p class='ocr_par' dir='ltr' id='par_1_100' title="bbox 2213 3899 3816 3978">
     <span class='ocr_line' id='line_1_100' title="bbox 2213 3899 3816 3978; baseline 0.004 -26"><span class='ocrx_word' id='word_1_787' title='bbox 2213 3907 2623 3952; x_wconf 90' lang='lat' dir='ltr'><strong>consueverant.</strong></span> <span class='ocrx_word' id='word_1_788' title='bbox 2645 3899 2804 3954; x_wconf 89' lang='lat' dir='ltr'><strong>Tales</strong></span> <span class='ocrx_word' id='word_1_789' title='bbox 2833 3914 2960 3970; x_wconf 86' lang='lat' dir='ltr'><strong>ergo</strong></span> <span class='ocrx_word' id='word_1_790' title='bbox 2983 3902 3236 3970; x_wconf 90' lang='lat' dir='ltr'><strong>quoniam</strong></span> <span class='ocrx_word' id='word_1_791' title='bbox 3259 3917 3318 3958; x_wconf 91' lang='lat' dir='ltr'><strong>se</strong></span> <span class='ocrx_word' id='word_1_792' title='bbox 3341 3919 3447 3974; x_wconf 91' lang='lat' dir='ltr'><strong>quo</strong></span> <span class='ocrx_word' id='word_1_793' title='bbox 3471 3906 3648 3960; x_wconf 91' lang='lat' dir='ltr'><strong>minus</strong></span> <span class='ocrx_word' id='word_1_794' title='bbox 3669 3924 3816 3978; x_wconf 80' lang='lat' dir='ltr'><strong>ope-</strong></span> 
     </span>
    </p>
   </div>
   <div class='ocr_carea' id='block_1_101' title="bbox 2212 3988 3810 4064">
    <p class='ocr_par' dir='ltr' id='par_1_101' title="bbox 2212 3988 3810 4064">
     <span class='ocr_line' id='line_1_101' title="bbox 2212 3988 3810 4064; baseline 0.006 -22"><span class='ocrx_word' id='word_1_795' title='bbox 2212 3996 2418 4054; x_wconf 89' lang='lat' dir='ltr'><strong>rentur,</strong></span> <span class='ocrx_word' id='word_1_796' title='bbox 2445 3988 2836 4045; x_wconf 83' lang='lat' dir='ltr'><strong>deinlirmitate</strong></span> <span class='ocrx_word' id='word_1_797' title='bbox 2864 3992 3104 4060; x_wconf 89' lang='lat' dir='ltr'><strong>corporis</strong></span> <span class='ocrx_word' id='word_1_798' title='bbox 3125 4007 3384 4048; x_wconf 71' lang='lat' dir='ltr'><strong>excursare</strong></span> <span class='ocrx_word' id='word_1_799' title='bbox 3411 4009 3516 4049; x_wconf 90' lang='lat' dir='ltr'><strong>non</strong></span> <span class='ocrx_word' id='word_1_800' title='bbox 3539 4008 3810 4064; x_wconf 84' lang='lat' dir='ltr'><strong>possunt;</strong></span> 
     </span>
    </p>
   </div>
   <div class='ocr_carea' id='block_1_102' title="bbox 2213 4070 3810 4154">
    <p class='ocr_par' dir='ltr' id='par_1_102' title="bbox 2213 4070 3810 4154">
     <span class='ocr_line' id='line_1_102' title="bbox 2213 4070 3810 4154; baseline 0.006 -20"><span class='ocrx_word' id='word_1_801' title='bbox 2213 4079 2500 4150; x_wconf 56' lang='lat' dir='ltr'><strong>praeterita:</strong></span> <span class='ocrx_word' id='word_1_802' title='bbox 2544 4081 2738 4150; x_wconf 89' lang='lat' dir='ltr'><strong>quippe</strong></span> <span class='ocrx_word' id='word_1_803' title='bbox 2783 4070 2907 4136; x_wconf 65' lang='lat' dir='ltr'><strong>vitae</strong></span> <span class='ocrx_word' id='word_1_804' title='bbox 2951 4084 3341 4140; x_wconf 89' lang='lat' dir='ltr'><strong>consuetudine</strong></span> <span class='ocrx_word' id='word_1_805' title='bbox 3365 4087 3810 4154; x_wconf 86' lang='lat' dir='ltr'><strong>convincuntur;</strong></span> 
     </span>
    </p>
   </div>
   <div class='ocr_carea' id='block_1_103' title="bbox 2215 4171 3816 4244">
    <p class='ocr_par' dir='ltr' id='par_1_103' title="bbox 2215 4171 3816 4244">
     <span class='ocr_line' id='line_1_103' title="bbox 2215 4171 3816 4244; baseline 0.006 -20"><span class='ocrx_word' id='word_1_806' title='bbox 2215 4171 2526 4225; x_wconf 88' lang='lat' dir='ltr'><strong>umbraculo</strong></span> <span class='ocrx_word' id='word_1_807' title='bbox 2549 4172 2703 4226; x_wconf 77' lang='lat' dir='ltr'><strong>malae</strong></span> <span class='ocrx_word' id='word_1_808' title='bbox 2730 4172 3024 4243; x_wconf 72' lang='lat' dir='ltr'><strong>disciplinae</strong></span> <span class='ocrx_word' id='word_1_809' title='bbox 3039 4189 3101 4229; x_wconf 92' lang='lat' dir='ltr'><strong>se</strong></span> <span class='ocrx_word' id='word_1_810' title='bbox 3123 4184 3443 4244; x_wconf 79' lang='lat' dir='ltr'><strong>contegunt,</strong></span> <span class='ocrx_word' id='word_1_811' title='bbox 3481 4185 3540 4231; x_wconf 90' lang='lat' dir='ltr'><strong>ut</strong></span> <span class='ocrx_word' id='word_1_812' title='bbox 3567 4193 3634 4232; x_wconf 75' lang='lat' dir='ltr'><strong>ex</strong></span> <span class='ocrx_word' id='word_1_813' title='bbox 3664 4181 3816 4236; x_wconf 84' lang='lat' dir='ltr'><strong>male</strong></span> 
     </span>
    </p>
   </div>
   <div class='ocr_carea' id='block_1_104' title="bbox 2213 4263 3816 4339">
    <p class='ocr_par' dir='ltr' id='par_1_104' title="bbox 2213 4263 3816 4339">
     <span class='ocr_line' id='line_1_104' title="bbox 2213 4263 3816 4339; baseline 0.006 -20"><span class='ocrx_word' id='word_1_814' title='bbox 2213 4263 2486 4319; x_wconf 91' lang='lat' dir='ltr'><strong>intellecto</strong></span> <span class='ocrx_word' id='word_1_815' title='bbox 2529 4264 2820 4333; x_wconf 81' lang='lat' dir='ltr'><strong>Evangelio</strong></span> <span class='ocrx_word' id='word_1_816' title='bbox 2863 4277 3128 4336; x_wconf 52' lang='lat' dir='ltr'><strong>praecepta</strong></span> <span class='ocrx_word' id='word_1_817' title='bbox 3157 4269 3452 4338; x_wconf 86' lang='lat' dir='ltr'><strong>apostolica</strong></span> <span class='ocrx_word' id='word_1_818' title='bbox 3495 4280 3816 4339; x_wconf 81' lang='lat' dir='ltr'><strong>pervertere</strong></span> 
     </span>
    </p>
   </div>
   <div class='ocr_carea' id='block_1_105' title="bbox 2213 4355 3812 4432">
    <p class='ocr_par' dir='ltr' id='par_1_105' title="bbox 2213 4355 3812 4432">
     <span class='ocr_line' id='line_1_105' title="bbox 2213 4355 3812 4432; baseline 0.006 -23"><span class='ocrx_word' id='word_1_819' title='bbox 2213 4355 2538 4409; x_wconf 90' lang='lat' dir='ltr'><strong>meditentur</strong></span> <span class='ocrx_word' id='word_1_820' title='bbox 2566 4373 2578 4408; x_wconf 88' lang='lat'>:</span> <span class='ocrx_word' id='word_1_821' title='bbox 2603 4371 2730 4411; x_wconf 90' lang='lat' dir='ltr'><strong>vere</strong></span> <span class='ocrx_word' id='word_1_822' title='bbox 2768 4357 3005 4413; x_wconf 86' lang='lat' dir='ltr'><strong>volatilia</strong></span> <span class='ocrx_word' id='word_1_823' title='bbox 3053 4357 3172 4412; x_wconf 71' lang='lat' dir='ltr'><strong>caeli</strong></span> <span class='ocrx_word' id='word_1_824' title='bbox 3193 4401 3209 4424; x_wconf 90' lang='lat'><strong>,</strong></span> <span class='ocrx_word' id='word_1_825' title='bbox 3256 4359 3349 4414; x_wconf 90' lang='lat' dir='ltr'><strong>sed</strong></span> <span class='ocrx_word' id='word_1_826' title='bbox 3380 4375 3473 4430; x_wconf 89' lang='lat' dir='ltr'><strong>per</strong></span> <span class='ocrx_word' id='word_1_827' title='bbox 3493 4363 3812 4432; x_wconf 89' lang='lat' dir='ltr'><strong>superbiam</strong></span> 
     </span>
    </p>
   </div>
   <div class='ocr_carea' id='block_1_106' title="bbox 2213 4446 3816 4521">
    <p class='ocr_par' dir='ltr' id='par_1_106' title="bbox 2213 4446 3816 4521">
     <span class='ocr_line' id='line_1_106' title="bbox 2213 4446 3816 4521; baseline 0.006 -21"><span class='ocrx_word' id='word_1_828' title='bbox 2213 4446 2265 4500; x_wconf 93' lang='lat' dir='ltr'><strong>in</strong></span> <span class='ocrx_word' id='word_1_829' title='bbox 2287 4446 2449 4500; x_wconf 90' lang='lat' dir='ltr'><strong>altum</strong></span> <span class='ocrx_word' id='word_1_830' title='bbox 2479 4461 2538 4500; x_wconf 88' lang='lat' dir='ltr'><strong>se</strong></span> <span class='ocrx_word' id='word_1_831' title='bbox 2564 4446 2910 4514; x_wconf 80' lang='lat' dir='ltr'><strong>extollendo;</strong></span> <span class='ocrx_word' id='word_1_832' title='bbox 2938 4456 2993 4504; x_wconf 89' lang='lat' dir='ltr'><strong>et</strong></span> <span class='ocrx_word' id='word_1_833' title='bbox 3013 4446 3194 4504; x_wconf 91' lang='lat' dir='ltr'><strong>fenum</strong></span> <span class='ocrx_word' id='word_1_834' title='bbox 3219 4449 3362 4521; x_wconf 86' lang='lat' dir='ltr'><strong>agri,</strong></span> <span class='ocrx_word' id='word_1_835' title='bbox 3395 4451 3492 4506; x_wconf 89' lang='lat' dir='ltr'><strong>sed</strong></span> <span class='ocrx_word' id='word_1_836' title='bbox 3515 4453 3816 4510; x_wconf 85' lang='lat' dir='ltr'><strong>carnaliter</strong></span> 
     </span>
    </p>
   </div>
   <div class='ocr_carea' id='block_1_107' title="bbox 2213 4539 2518 4595">
    <p class='ocr_par' dir='ltr' id='par_1_107' title="bbox 2213 4539 2518 4595">
     <span class='ocr_line' id='line_1_107' title="bbox 2213 4539 2518 4595; baseline -0.007 0"><span class='ocrx_word' id='word_1_837' title='bbox 2213 4539 2518 4595; x_wconf 89' lang='lat' dir='ltr'><strong>sentiendo.</strong></span> 
     </span>
    </p>
   </div>
   <div class='ocr_carea' id='block_1_108' title="bbox 2283 4630 3818 4704">
    <p class='ocr_par' dir='ltr' id='par_1_108' title="bbox 2283 4630 3818 4704">
     <span class='ocr_line' id='line_1_108' title="bbox 2283 4630 3818 4704; baseline 0.007 -19"><span class='ocrx_word' id='word_1_838' title='bbox 2283 4631 2375 4686; x_wconf 72' lang='lat'><strong>26.</strong></span> <span class='ocrx_word' id='word_1_839' title='bbox 2402 4630 2674 4702; x_wconf 81' lang='lat' dir='ltr'><strong>Gontingit</strong></span> <span class='ocrx_word' id='word_1_840' title='bbox 2699 4633 2842 4688; x_wconf 91' lang='lat' dir='ltr'><strong>enim</strong></span> <span class='ocrx_word' id='word_1_841' title='bbox 2863 4632 2943 4688; x_wconf 87' lang='lat' dir='ltr'><strong>eis</strong></span> <span class='ocrx_word' id='word_1_842' title='bbox 2962 4633 3103 4703; x_wconf 91' lang='lat' dir='ltr'><strong>quod</strong></span> <span class='ocrx_word' id='word_1_843' title='bbox 3124 4633 3180 4689; x_wconf 91' lang='lat' dir='ltr'><strong>in</strong></span> <span class='ocrx_word' id='word_1_844' title='bbox 3205 4633 3380 4690; x_wconf 85' lang='lat' dir='ltr'><strong>viduis</strong></span> <span class='ocrx_word' id='word_1_845' title='bbox 3392 4635 3697 4704; x_wconf 85' lang='lat' dir='ltr'><strong>junioribus</strong></span> <span class='ocrx_word' id='word_1_846' title='bbox 3721 4639 3818 4695; x_wconf 88' lang='lat' dir='ltr'><strong>in—</strong></span> 
     </span>
    </p>
   </div>
   <div class='ocr_carea' id='block_1_109' title="bbox 2215 4721 3818 4796">
    <p class='ocr_par' dir='ltr' id='par_1_109' title="bbox 2215 4721 3818 4796">
     <span class='ocr_line' id='line_1_109' title="bbox 2215 4721 3818 4796; baseline 0.006 -19"><span class='ocrx_word' id='word_1_847' title='bbox 2215 4721 2560 4793; x_wconf 89' lang='lat' dir='ltr'><strong>disciplinatis</strong></span> <span class='ocrx_word' id='word_1_848' title='bbox 2589 4723 2885 4780; x_wconf 88' lang='lat' dir='ltr'><strong>cavendum</strong></span> <span class='ocrx_word' id='word_1_849' title='bbox 2940 4725 3079 4781; x_wconf 89' lang='lat' dir='ltr'><strong>idem</strong></span> <span class='ocrx_word' id='word_1_850' title='bbox 3125 4727 3399 4796; x_wconf 87' lang='lat' dir='ltr'><strong>apostolus</strong></span> <span class='ocrx_word' id='word_1_851' title='bbox 3441 4727 3607 4783; x_wconf 89' lang='lat' dir='ltr'><strong>dicit:</strong></span> <span class='ocrx_word' id='word_1_852' title='bbox 3635 4730 3818 4786; x_wconf 81' lang='lat' dir='ltr'><strong>Simul</strong></span> 
     </span>
    </p>
   </div>
   <div class='ocr_carea' id='block_1_110' title="bbox 2215 4818 3810 4889">
    <p class='ocr_par' dir='ltr' id='par_1_110' title="bbox 2215 4818 3810 4889">
     <span class='ocr_line' id='line_1_110' title="bbox 2215 4818 3810 4889; baseline 0.003 -19"><span class='ocrx_word' id='word_1_853' title='bbox 2215 4826 2380 4871; x_wconf 85' lang='lat' dir='ltr'><strong>autem</strong></span> <span class='ocrx_word' id='word_1_854' title='bbox 2401 4827 2446 4871; x_wconf 89' lang='lat' dir='ltr'><strong>et</strong></span> <span class='ocrx_word' id='word_1_855' title='bbox 2470 4819 2642 4872; x_wconf 67' lang='lat' dir='ltr'><strong>otiosae</strong></span> <span class='ocrx_word' id='word_1_856' title='bbox 2667 4834 2772 4872; x_wconf 84' lang='lat' dir='ltr'><strong>esse</strong></span> <span class='ocrx_word' id='word_1_857' title='bbox 2794 4818 2991 4872; x_wconf 82' lang='lat' dir='ltr'><strong>discunt</strong></span> <span class='ocrx_word' id='word_1_858' title='bbox 3014 4835 3034 4882; x_wconf 88' lang='lat'><strong><em>;</em></strong></span> <span class='ocrx_word' id='word_1_859' title='bbox 3077 4833 3176 4873; x_wconf 90' lang='lat' dir='ltr'><strong>non</strong></span> <span class='ocrx_word' id='word_1_860' title='bbox 3205 4820 3369 4874; x_wconf 82' lang='lat' dir='ltr'><strong>solum</strong></span> <span class='ocrx_word' id='word_1_861' title='bbox 3395 4831 3564 4874; x_wconf 82' lang='lat' dir='ltr'><strong>autem</strong></span> <span class='ocrx_word' id='word_1_862' title='bbox 3589 4822 3772 4876; x_wconf 73' lang='lat' dir='ltr'><strong>otiosa:</strong></span> <span class='ocrx_word' id='word_1_863' title='bbox 3791 4864 3810 4889; x_wconf 87' lang='lat'><strong>,</strong></span> 
     </span>
    </p>
   </div>
   <div class='ocr_carea' id='block_1_111' title="bbox 2215 4909 3818 4983">
    <p class='ocr_par' dir='ltr' id='par_1_111' title="bbox 2215 4909 3818 4983">
     <span class='ocr_line' id='line_1_111' title="bbox 2215 4909 3818 4983; baseline 0.002 -19"><span class='ocrx_word' id='word_1_864' title='bbox 2215 4909 2303 4965; x_wconf 84' lang='lat' dir='ltr'><strong>sed</strong></span> <span class='ocrx_word' id='word_1_865' title='bbox 2333 4911 2485 4964; x_wconf 88' lang='lat' dir='ltr'><strong>etiam</strong></span> <span class='ocrx_word' id='word_1_866' title='bbox 2513 4911 2729 4964; x_wconf 68' lang='lat' dir='ltr'><strong>curiosa!</strong></span> <span class='ocrx_word' id='word_1_867' title='bbox 2751 4919 2799 4963; x_wconf 87' lang='lat' dir='ltr'><strong>et</strong></span> <span class='ocrx_word' id='word_1_868' title='bbox 2823 4909 3042 4964; x_wconf 72' lang='lat' dir='ltr'><strong>verbosa:</strong></span> <span class='ocrx_word' id='word_1_869' title='bbox 3062 4952 3076 4978; x_wconf 92' lang='lat'><strong>,</strong></span> <span class='ocrx_word' id='word_1_870' title='bbox 3100 4912 3356 4979; x_wconf 86' lang='lat' dir='ltr'><strong>loquentes</strong></span> <span class='ocrx_word' id='word_1_871' title='bbox 3385 4928 3500 4983; x_wconf 66' lang='lat' dir='ltr'><strong>quae</strong></span> <span class='ocrx_word' id='word_1_872' title='bbox 3528 4929 3629 4966; x_wconf 85' lang='lat' dir='ltr'><strong>non</strong></span> <span class='ocrx_word' id='word_1_873' title='bbox 3653 4929 3818 4982; x_wconf 83' lang='lat' dir='ltr'><strong>oper-</strong></span> 
     </span>
    </p>
   </div>
   <div class='ocr_carea' id='block_1_112' title="bbox 2215 5003 3813 5075">
    <p class='ocr_par' dir='ltr' id='par_1_112' title="bbox 2215 5003 3813 5075">
     <span class='ocr_line' id='line_1_112' title="bbox 2215 5003 3813 5075; baseline 0.003 -19"><span class='ocrx_word' id='word_1_874' title='bbox 2215 5012 2280 5059; x_wconf 88' lang='lat' dir='ltr'><strong>tet</strong></span> <span class='ocrx_word' id='word_1_875' title='bbox 2307 5004 2351 5075; x_wconf 96' lang='lat' dir='ltr'><strong>(l</strong></span> <span class='ocrx_word' id='word_1_876' title='bbox 2385 5003 2515 5057; x_wconf 90' lang='lat' dir='ltr'><strong>Tim.</strong></span> <span class='ocrx_word' id='word_1_877' title='bbox 2550 5019 2580 5055; x_wconf 83' lang='grc' dir='ltr'><strong>ν</strong></span> <span class='ocrx_word' id='word_1_878' title='bbox 2605 5045 2619 5069; x_wconf 91' lang='grc'><strong>,</strong></span> <span class='ocrx_word' id='word_1_879' title='bbox 2646 5003 2754 5071; x_wconf 78' lang='grc'><strong>15).</strong></span> <span class='ocrx_word' id='word_1_880' title='bbox 2793 5003 2902 5058; x_wconf 80' lang='grc' dir='ltr'><strong>1-1οα</strong></span> <span class='ocrx_word' id='word_1_881' title='bbox 2930 5003 3016 5057; x_wconf 91' lang='lat' dir='ltr'><strong>ille</strong></span> <span class='ocrx_word' id='word_1_882' title='bbox 3039 5003 3106 5058; x_wconf 90' lang='lat' dir='ltr'><strong>de</strong></span> <span class='ocrx_word' id='word_1_883' title='bbox 3135 5005 3288 5057; x_wconf 87' lang='lat' dir='ltr'><strong>malis</strong></span> <span class='ocrx_word' id='word_1_884' title='bbox 3311 5003 3525 5059; x_wconf 88' lang='lat' dir='ltr'><strong>feminis</strong></span> <span class='ocrx_word' id='word_1_885' title='bbox 3553 5004 3772 5060; x_wconf 84' lang='lat' dir='ltr'><strong>dicebat</strong></span> <span class='ocrx_word' id='word_1_886' title='bbox 3792 5046 3813 5072; x_wconf 85' lang='lat'><strong>,</strong></span> 
     </span>
    </p>
   </div>
   <div class='ocr_carea' id='block_1_113' title="bbox 2215 5095 3813 5167">
    <p class='ocr_par' dir='ltr' id='par_1_113' title="bbox 2215 5095 3813 5167">
     <span class='ocr_line' id='line_1_113' title="bbox 2215 5095 3813 5167; baseline 0.003 -17"><span class='ocrx_word' id='word_1_887' title='bbox 2215 5096 2356 5167; x_wconf 92' lang='lat' dir='ltr'><strong>quod</strong></span> <span class='ocrx_word' id='word_1_888' title='bbox 2388 5111 2486 5150; x_wconf 92' lang='lat' dir='ltr'><strong>nos</strong></span> <span class='ocrx_word' id='word_1_889' title='bbox 2511 5095 2669 5151; x_wconf 89' lang='lat' dir='ltr'><strong>etiam</strong></span> <span class='ocrx_word' id='word_1_890' title='bbox 2715 5095 2767 5149; x_wconf 90' lang='lat' dir='ltr'><strong>in</strong></span> <span class='ocrx_word' id='word_1_891' title='bbox 2791 5096 2943 5149; x_wconf 89' lang='lat' dir='ltr'><strong>malis</strong></span> <span class='ocrx_word' id='word_1_892' title='bbox 2971 5095 3102 5150; x_wconf 88' lang='lat' dir='ltr'><strong>viris</strong></span> <span class='ocrx_word' id='word_1_893' title='bbox 3127 5096 3373 5152; x_wconf 87' lang='lat' dir='ltr'><strong>dolemus</strong></span> <span class='ocrx_word' id='word_1_894' title='bbox 3399 5105 3453 5152; x_wconf 90' lang='lat' dir='ltr'><strong>et</strong></span> <span class='ocrx_word' id='word_1_895' title='bbox 3480 5098 3813 5167; x_wconf 86' lang='lat' dir='ltr'><strong>plangimus,</strong></span> 
     </span>
    </p>
   </div>
   <div class='ocr_carea' id='block_1_114' title="bbox 2215 5187 3817 5259">
    <p class='ocr_par' dir='ltr' id='par_1_114' title="bbox 2215 5187 3817 5259">
     <span class='ocr_line' id='line_1_114' title="bbox 2215 5187 3817 5259; baseline 0.002 -18"><span class='ocrx_word' id='word_1_896' title='bbox 2215 5189 2302 5259; x_wconf 89' lang='lat' dir='ltr'><strong>qui</strong></span> <span class='ocrx_word' id='word_1_897' title='bbox 2321 5187 2576 5242; x_wconf 87' lang='lat' dir='ltr'><strong>adversus</strong></span> <span class='ocrx_word' id='word_1_898' title='bbox 2601 5201 2724 5243; x_wconf 91' lang='lat' dir='ltr'><strong>eum</strong></span> <span class='ocrx_word' id='word_1_899' title='bbox 2757 5187 2962 5256; x_wconf 92' lang='lat' dir='ltr'><strong>ipsum,</strong></span> <span class='ocrx_word' id='word_1_900' title='bbox 2997 5188 3048 5240; x_wconf 91' lang='lat' dir='ltr'><strong>in</strong></span> <span class='ocrx_word' id='word_1_901' title='bbox 3079 5189 3232 5257; x_wconf 90' lang='lat' dir='ltr'><strong>cujus</strong></span> <span class='ocrx_word' id='word_1_902' title='bbox 3262 5187 3517 5258; x_wconf 90' lang='lat' dir='ltr'><strong>Epistolis</strong></span> <span class='ocrx_word' id='word_1_903' title='bbox 3541 5189 3638 5243; x_wconf 86' lang='lat' dir='ltr'><strong>ista</strong></span> <span class='ocrx_word' id='word_1_904' title='bbox 3669 5189 3817 5259; x_wconf 82' lang='lat' dir='ltr'><strong>legi-</strong></span> 
     </span>
    </p>
   </div>
   <div class='ocr_carea' id='block_1_115' title="bbox 2216 5279 3813 5350">
    <p class='ocr_par' dir='ltr' id='par_1_115' title="bbox 2216 5279 3813 5350">
     <span class='ocr_line' id='line_1_115' title="bbox 2216 5279 3813 5350; baseline 0.003 -16"><span class='ocrx_word' id='word_1_905' title='bbox 2216 5295 2334 5335; x_wconf 89' lang='lat' dir='ltr'><strong>mus</strong></span> <span class='ocrx_word' id='word_1_906' title='bbox 2359 5323 2373 5346; x_wconf 94' lang='lat'><strong>,</strong></span> <span class='ocrx_word' id='word_1_907' title='bbox 2401 5281 2558 5334; x_wconf 87' lang='lat' dir='ltr'><strong>otiosi</strong></span> <span class='ocrx_word' id='word_1_908' title='bbox 2577 5289 2631 5336; x_wconf 85' lang='lat' dir='ltr'><strong>et</strong></span> <span class='ocrx_word' id='word_1_909' title='bbox 2661 5279 2905 5347; x_wconf 90' lang='lat' dir='ltr'><strong>verbosi,</strong></span> <span class='ocrx_word' id='word_1_910' title='bbox 2947 5296 3068 5350; x_wconf 74' lang='lat' dir='ltr'><strong>qua:</strong></span> <span class='ocrx_word' id='word_1_911' title='bbox 3103 5295 3206 5335; x_wconf 94' lang='lat' dir='ltr'><strong>non</strong></span> <span class='ocrx_word' id='word_1_912' title='bbox 3239 5289 3449 5350; x_wconf 89' lang='lat' dir='ltr'><strong>oportet</strong></span> <span class='ocrx_word' id='word_1_913' title='bbox 3485 5283 3813 5350; x_wconf 87' lang='lat' dir='ltr'><strong>loquuntur.</strong></span> 
     </span>
    </p>
   </div>
   <div class='ocr_carea' id='block_1_116' title="bbox 2215 5371 3818 5443">
    <p class='ocr_par' dir='ltr' id='par_1_116' title="bbox 2215 5371 3818 5443">
     <span class='ocr_line' id='line_1_116' title="bbox 2215 5371 3818 5443; baseline 0.002 -17"><span class='ocrx_word' id='word_1_914' title='bbox 2215 5373 2280 5426; x_wconf 90' lang='lat' dir='ltr'><strong>Et</strong></span> <span class='ocrx_word' id='word_1_915' title='bbox 2304 5373 2348 5426; x_wconf 92' lang='lat' dir='ltr'><strong>si</strong></span> <span class='ocrx_word' id='word_1_916' title='bbox 2377 5373 2466 5443; x_wconf 88' lang='lat' dir='ltr'><strong>qui</strong></span> <span class='ocrx_word' id='word_1_917' title='bbox 2486 5382 2608 5427; x_wconf 89' lang='lat' dir='ltr'><strong>sunt</strong></span> <span class='ocrx_word' id='word_1_918' title='bbox 2626 5371 2764 5427; x_wconf 89' lang='lat' dir='ltr'><strong>inter</strong></span> <span class='ocrx_word' id='word_1_919' title='bbox 2791 5387 2913 5438; x_wconf 90' lang='lat' dir='ltr'><strong>eos,</strong></span> <span class='ocrx_word' id='word_1_920' title='bbox 2955 5373 3045 5442; x_wconf 86' lang='lat' dir='ltr'><strong>qui</strong></span> <span class='ocrx_word' id='word_1_921' title='bbox 3071 5387 3138 5428; x_wconf 91' lang='lat' dir='ltr'><strong>eo</strong></span> <span class='ocrx_word' id='word_1_922' title='bbox 3165 5373 3437 5443; x_wconf 75' lang='lat' dir='ltr'><strong>preposilo</strong></span> <span class='ocrx_word' id='word_1_923' title='bbox 3477 5373 3546 5428; x_wconf 89' lang='lat' dir='ltr'><strong>ad</strong></span> <span class='ocrx_word' id='word_1_924' title='bbox 3564 5383 3818 5430; x_wconf 87' lang='lat' dir='ltr'><strong>sanctam</strong></span> 
     </span>
    </p>
   </div>
   <div class='ocr_carea' id='block_1_117' title="bbox 2213 5463 3820 5535">
    <p class='ocr_par' dir='ltr' id='par_1_117' title="bbox 2213 5463 3820 5535">
     <span class='ocr_line' id='line_1_117' title="bbox 2213 5463 3820 5535; baseline 0.003 -18"><span class='ocrx_word' id='word_1_925' title='bbox 2213 5463 2460 5518; x_wconf 89' lang='lat' dir='ltr'><strong>militiam</strong></span> <span class='ocrx_word' id='word_1_926' title='bbox 2488 5464 2760 5530; x_wconf 87' lang='lat' dir='ltr'><strong>venerint,</strong></span> <span class='ocrx_word' id='word_1_927' title='bbox 2809 5473 2868 5518; x_wconf 90' lang='lat' dir='ltr'><strong>ut</strong></span> <span class='ocrx_word' id='word_1_928' title='bbox 2911 5465 3152 5534; x_wconf 88' lang='lat' dir='ltr'><strong>placeant</strong></span> <span class='ocrx_word' id='word_1_929' title='bbox 3205 5466 3292 5519; x_wconf 90' lang='lat' dir='ltr'><strong>cui</strong></span> <span class='ocrx_word' id='word_1_930' title='bbox 3352 5480 3410 5519; x_wconf 88' lang='lat' dir='ltr'><strong>se</strong></span> <span class='ocrx_word' id='word_1_931' title='bbox 3443 5465 3820 5535; x_wconf 82' lang='lat' dir='ltr'><strong>probaverunt</strong></span> 
     </span>
    </p>
   </div>
   <div class='ocr_carea' id='block_1_118' title="bbox 2217 5555 3820 5631">
    <p class='ocr_par' dir='ltr' id='par_1_118' title="bbox 2217 5555 3820 5631">
     <span class='ocr_line' id='line_1_118' title="bbox 2217 5555 3820 5631; baseline 0.002 -19"><span class='ocrx_word' id='word_1_932' title='bbox 2217 5555 2282 5631; x_wconf 93' lang='lat' dir='ltr'><strong>(ll</strong></span> <span class='ocrx_word' id='word_1_933' title='bbox 2308 5557 2438 5612; x_wconf 82' lang='lat' dir='ltr'><strong>Tim.</strong></span> <span class='ocrx_word' id='word_1_934' title='bbox 2473 5575 2506 5612; x_wconf 90' lang='grc' dir='ltr'><strong>ιι</strong></span> <span class='ocrx_word' id='word_1_935' title='bbox 2531 5600 2545 5624; x_wconf 93' lang='grc'><strong>,</strong></span> <span class='ocrx_word' id='word_1_936' title='bbox 2579 5559 2634 5627; x_wconf 69' lang='grc'><strong>4)</strong></span> <span class='ocrx_word' id='word_1_937' title='bbox 2658 5601 2670 5620; x_wconf 85' lang='grc'><strong>,</strong></span> <span class='ocrx_word' id='word_1_938' title='bbox 2703 5574 2824 5612; x_wconf 86' lang='lat' dir='ltr'><strong>cum</strong></span> <span class='ocrx_word' id='word_1_939' title='bbox 2876 5558 2943 5612; x_wconf 89' lang='lat' dir='ltr'><strong>ita</strong></span> <span class='ocrx_word' id='word_1_940' title='bbox 2979 5559 3190 5628; x_wconf 82' lang='lat' dir='ltr'><strong>vigeant</strong></span> <span class='ocrx_word' id='word_1_941' title='bbox 3242 5559 3444 5614; x_wconf 88' lang='lat' dir='ltr'><strong>viribus</strong></span> <span class='ocrx_word' id='word_1_942' title='bbox 3469 5561 3710 5628; x_wconf 83' lang='lat' dir='ltr'><strong>corporis</strong></span> <span class='ocrx_word' id='word_1_943' title='bbox 3755 5572 3820 5616; x_wconf 83' lang='lat' dir='ltr'><strong>et</strong></span> 
     </span>
    </p>
   </div>
   <div class='ocr_carea' id='block_1_119' title="bbox 2216 5649 3819 5720">
    <p class='ocr_par' dir='ltr' id='par_1_119' title="bbox 2216 5649 3819 5720">
     <span class='ocr_line' id='line_1_119' title="bbox 2216 5649 3819 5720; baseline 0.002 -16"><span class='ocrx_word' id='word_1_944' title='bbox 2216 5649 2518 5720; x_wconf 81' lang='lat' dir='ltr'><strong>integritate</strong></span> <span class='ocrx_word' id='word_1_945' title='bbox 2543 5649 2892 5715; x_wconf 86' lang='lat' dir='ltr'><strong>valetudinis,</strong></span> <span class='ocrx_word' id='word_1_946' title='bbox 2927 5658 2985 5704; x_wconf 89' lang='lat' dir='ltr'><strong>ut</strong></span> <span class='ocrx_word' id='word_1_947' title='bbox 3030 5665 3132 5704; x_wconf 91' lang='lat' dir='ltr'><strong>non</strong></span> <span class='ocrx_word' id='word_1_948' title='bbox 3185 5649 3354 5704; x_wconf 89' lang='lat' dir='ltr'><strong>solum</strong></span> <span class='ocrx_word' id='word_1_949' title='bbox 3413 5649 3647 5715; x_wconf 87' lang='lat' dir='ltr'><strong>erudiri,</strong></span> <span class='ocrx_word' id='word_1_950' title='bbox 3706 5652 3819 5707; x_wconf 83' lang='lat' dir='ltr'><strong>sed</strong></span> 
     </span>
    </p>
   </div>
   <div class='ocr_carea' id='block_1_120' title="bbox 2280 5799 3794 5874">
    <p class='ocr_par' dir='ltr' id='par_1_120' title="bbox 2280 5799 3794 5874">
     <span class='ocr_line' id='line_1_120' title="bbox 2280 5799 3794 5874; baseline 0.001 -22"><span class='ocrx_word' id='word_1_951' title='bbox 2280 5806 2298 5836; x_wconf 80' lang='grc' dir='ltr'><strong><em>ι</em></strong></span> <span class='ocrx_word' id='word_1_952' title='bbox 2311 5810 2399 5874; x_wconf 88' lang='lat' dir='ltr'><strong>_tta</strong></span> <span class='ocrx_word' id='word_1_953' title='bbox 2419 5811 2526 5853; x_wconf 85' lang='lat' dir='ltr'><strong>Mss.</strong></span> <span class='ocrx_word' id='word_1_954' title='bbox 2553 5810 2605 5852; x_wconf 79' lang='lat' dir='ltr'><strong>At</strong></span> <span class='ocrx_word' id='word_1_955' title='bbox 2619 5803 2744 5874; x_wconf 68' lang='lat' dir='ltr'><strong>editi</strong></span> <span class='ocrx_word' id='word_1_956' title='bbox 2768 5819 2779 5853; x_wconf 89' lang='lat'><strong>:</strong></span> <span class='ocrx_word' id='word_1_957' title='bbox 2803 5809 3097 5868; x_wconf 60' lang='lat' dir='ltr'><strong>ortam-optet</strong></span> <span class='ocrx_word' id='word_1_958' title='bbox 3119 5801 3298 5855; x_wconf 80' lang='lat' dir='ltr'><strong>inventi</strong></span> <span class='ocrx_word' id='word_1_959' title='bbox 3311 5807 3420 5852; x_wconf 82' lang='lat' dir='ltr'><strong>sunt</strong></span> <span class='ocrx_word' id='word_1_960' title='bbox 3441 5799 3690 5870; x_wconf 74' lang='lat' dir='ltr'><strong>ﬁdeles,et</strong></span> <span class='ocrx_word' id='word_1_961' title='bbox 3711 5805 3794 5865; x_wconf 69' lang='lat' dir='ltr'><strong>nu</strong></span> 
     </span>
    </p>
   </div>
   <div class='ocr_carea' id='block_1_121' title="bbox 2220 5865 2750 5934">
    <p class='ocr_par' dir='ltr' id='par_1_121' title="bbox 2220 5865 2750 5934">
     <span class='ocr_line' id='line_1_121' title="bbox 2220 5865 2750 5934; baseline -0.002 -14"><span class='ocrx_word' id='word_1_962' title='bbox 2220 5865 2286 5920; x_wconf 80' lang='lat' dir='ltr'><strong>les</strong></span> <span class='ocrx_word' id='word_1_963' title='bbox 2301 5865 2492 5934; x_wconf 77' lang='lat' dir='ltr'><strong>[uerunt</strong></span> <span class='ocrx_word' id='word_1_964' title='bbox 2516 5865 2750 5919; x_wconf 68' lang='lat' dir='ltr'><strong>Gentibus.</strong></span> 
     </span>
    </p>
   </div>
   <div class='ocr_carea' id='block_1_122' title="bbox 3843 5937 3854 5962">
    <p class='ocr_par' dir='ltr' id='par_1_122' title="bbox 3843 5937 3854 5962">
     <span class='ocr_line' id='line_1_122' title="bbox 3843 5937 3854 5962; baseline 0 0"><span class='ocrx_word' id='word_1_965' title='bbox 3843 5937 3854 5962; x_wconf 79' lang='grc' dir='ltr'><strong>ι</strong></span> 
     </span>
    </p>
   </div>
  </div>
