4070 6334
294 499 448 555 etiam
477 494 772 551 secundum
794 493 1110 565 Apostolum
1129 492 1342 564 operari
1367 490 1610 562 possint;
1639 489 1877 558 exceptis

292 591 513 645 istorum
549 588 738 643 otiosis
765 587 1136 658 corruptisque
1167 584 1536 650 sermonibus,
1567 597 1703 652 quos
1735 581 1878 650 judi-

290 694 408 737 mre
428 693 525 748 per
553 677 858 746 imperitum
884 678 1186 732 tirocinium
1214 691 1318 730 non
1349 675 1594 738 valeant,
1647 673 1697 727 in
1729 687 1879 726 eam-

290 772 406 826 dem
439 769 617 823 labem
659 769 906 838 pestifera
929 769 1244 838 contagione
1268 775 1539 820 mutantur
1565 766 1580 795 ¹
1609 782 1621 817 :
1657 779 1760 817 non
1793 778 1881 817 so-

291 865 394 918 lum
425 877 531 915 non
561 862 828 916 imitantes
851 860 1208 915 obedientiam
1231 868 1534 914 sanctorum
1553 856 1731 927 quiete
1757 871 1881 924 ope-

290 956 516 1009 rantium
543 994 558 1018 ,
597 961 652 1007 et
680 954 907 1008 aliorum
956 951 1402 1005 monasteriorum
1445 950 1495 1002 in
1529 947 1877 1002 saluberrima

288 1046 560 1114 disciplina
581 1044 872 1098 secundum
901 1043 1252 1112 apostolicam
1278 1057 1517 1096 normam
1546 1042 1873 1104 viventium;

288 1138 380 1193 sed
405 1140 568 1192 etiam
602 1138 916 1191 insultantes
940 1135 1252 1190 melioribus
1272 1176 1286 1198 ,
1311 1143 1561 1202 tanquam
1588 1146 1878 1188 conserva-

288 1231 475 1283 tricem
523 1229 798 1298 Evangelii
853 1227 1206 1298 prtedicautes
1263 1225 1564 1295 pigritiam,
1625 1234 1878 1294 tanquam

287 1322 770 1391 przevaricatricem
833 1328 1150 1374 accusantes
1219 1318 1656 1374 misericordiam.
1713 1316 1878 1370 Multo

285 1418 428 1470 enim
453 1415 856 1469 misericordius
886 1423 1140 1485 operatur
1164 1399 1518 1486 ergaoanimas
1546 1414 1878 1467 infirmorum

286 1507 376 1576 qui
405 1508 559 1561 bona:
591 1506 745 1561 fama:
797 1523 1074 1562 servorum
1133 1507 1222 1561 Dei
1253 1507 1482 1562 consulit
1503 1547 1515 1569 ,
1545 1522 1702 1575 quam
1755 1520 1881 1575 erga

285 1617 512 1671 corpora
565 1602 834 1670 egentium
892 1602 982 1671 qui
1034 1616 1221 1670 panem
1267 1600 1623 1654 esurientibus
1668 1599 1876 1667 frangit.

286 1694 625 1763 Quapropter
661 1693 860 1747 utinam
893 1694 978 1748 isti
1013 1694 1101 1764 qui
1133 1708 1321 1747 vacare
1362 1693 1546 1745 volunt
1587 1691 1833 1745 manibus
1859 1731 1875 1755 ,

286 1788 504 1840 omnino
531 1795 784 1840 vacarent
811 1794 865 1840 et
891 1786 1104 1855 linguis.
1148 1785 1331 1856 Neque
1359 1785 1500 1838 enim
1528 1794 1631 1836 tam
1687 1783 1880 1838 multos

286 1879 350 1933 ad
379 1880 730 1932 imitationem
756 1879 1040 1933 invitarent
1064 1921 1078 1944 ,
1113 1880 1154 1932 si
1183 1879 1260 1932 eis
1279 1895 1386 1938 non
1414 1888 1614 1932 tantum
1636 1876 1879 1946 exempla

288 1971 463 2040 pigrae,
495 1970 589 2023 sed
621 1971 780 2023 etiam
803 1981 944 2022 muta
974 1977 1354 2039 proponerent.

355 2061 583 2116 CAPUT
611 2060 800 2115 XXIII.
825 2091 894 2100 ——
922 2059 1011 2114 27.
1065 2060 1390 2131 Evangelium
1442 2077 1543 2114 non
1586 2058 1882 2114 rectcintel-

287 2153 465 2206 lectum
494 2171 526 2206 ιι
543 2155 719 2223 pigris.
748 2153 929 2208 Jocose
962 2153 1253 2207 deridentur
1278 2155 1464 2224 ignavi.
1493 2153 1733 2206 Monachi
1776 2169 1882 2207 sese

283 2247 613 2310 includentes,
639 2255 740 2300 uta
765 2248 905 2300 nullo
934 2248 1199 2300 vidcantur
1215 2265 1302 2317 per
1327 2248 1510 2300 mullos
1549 2247 1673 2300 dies.
1707 2246 1880 2299 Eran-

285 2339 496 2408 gelt'cum
515 2348 818 2408 praeceptum
850 2355 946 2392 non
969 2339 1226 2408 cogitandi
1245 2339 1307 2392 de
1331 2340 1550 2391 crastino
1577 2339 1884 2392 concordare

284 2445 399 2482 cum
447 2430 711 2498 Apostolo.
745 2431 894 2484 Nunc
945 2446 1075 2484 vero
1103 2440 1286 2486 contra
1337 2432 1650 2500 Apostolum
1682 2431 1881 2486 Christi

285 2523 512 2575 recitant
544 2522 887 2591 Evangelium
917 2524 1136 2578 Clu-inti.
1184 2525 1253 2578 Ita
1285 2524 1426 2578 enim
1461 2525 1717 2578 mirabilia
1757 2533 1884 2579 sunt

285 2629 445 2684 Opera
480 2616 751 2684 pigrorum
773 2657 786 2677 ,
816 2624 874 2670 ut
903 2617 1146 2686 impediri
1182 2618 1343 2672 velint
1373 2618 1657 2687 Evangelia
1677 2658 1691 2682 ,
1739 2617 1882 2687 quod

285 2707 574 2774 Apostolus
595 2707 713 2760 ideo
733 2710 981 2777 praecepit
1002 2718 1052 2762 et
1076 2708 1200 2762 fecit
1217 2750 1230 2770 ,
1257 2725 1324 2762 ue
1346 2709 1692 2776 impediretur
1709 2709 1882 2777 ipsum

289 2799 657 2868 Evange-lituu.
689 2801 753 2854 Et
781 2809 954 2853 tamen
977 2800 1020 2853 si
1049 2815 1142 2854 eos
1168 2817 1232 2854 ex
1263 2801 1389 2869 ipsis
1409 2801 1676 2869 Evangelii
1707 2801 1884 2855 verbis

287 2890 582 2944 secundum
607 2906 792 2944 eorum
827 2891 1152 2945 intellectum
1172 2891 1352 2946 vivere
1373 2906 1644 2958 cogamus,
1676 2892 1884 2960 priores

286 2981 442 3035 nobis
471 2979 699 3036 suadere
721 2982 1090 3044 conabuntur,
1121 2997 1278 3050 quam
1310 2997 1414 3036 non
1448 2983 1518 3035 ita
1539 2981 1646 3035 sint
1691 2981 1882 3036 intelli-

291 3074 464 3143 genda
491 3082 551 3128 ut
581 3073 900 3142 intelligunt.
930 3074 1086 3129 Certe
1123 3074 1262 3127 enim
1296 3084 1576 3143 propterea
1609 3087 1668 3128 se
1702 3073 1884 3127 dicunt

289 3166 500 3234 operari
531 3180 636 3233 non
659 3165 884 3231 debere,
918 3166 1040 3234 quia
1061 3180 1158 3219 nec
1184 3166 1426 3220 volucres
1450 3165 1570 3219 οωιὶ
1595 3165 1881 3227 seminant,

289 3271 466 3326 neque
495 3265 702 3311 metunt
721 3298 735 3323 ,
760 3255 827 3310 de
856 3256 1046 3326 quibus
1076 3256 1230 3310 nobis
1261 3255 1520 3310 Dominus
1571 3254 1881 3310 similitudi-

287 3362 413 3402 nem
439 3346 622 3412 dedit,
655 3363 720 3400 ne
746 3346 812 3400 de
845 3347 1036 3400 talibus
1069 3345 1390 3401 necessariis
1431 3346 1746 3416 cogitemus.
1773 3344 1885 3400 Cur

283 3454 418 3509 ergo
444 3454 554 3494 non
583 3439 862 3494 attendunt
888 3438 1028 3508 quod
1079 3438 1354 3509 sequitur?
1383 3437 1562 3507 Neque
1593 3438 1733 3491 enim
1762 3445 1882 3491 tan-

283 3533 572 3587 tummodo
593 3532 694 3588 hoe
719 3533 918 3587 dictum
953 3540 1072 3596 est,
1103 3532 1226 3602 quia
1256 3548 1358 3586 non
1393 3532 1640 3586 seminam
1664 3573 1678 3596 ,
1730 3547 1885 3600 neque

285 3635 518 3690 metunt;
544 3625 637 3680 sed
666 3625 932 3696 adjectum
953 3635 1034 3680 est
1054 3666 1069 3692 ,
1094 3641 1250 3693 neque
1275 3635 1579 3698 congregant
1600 3626 1652 3678 in
1677 3627 1886 3696 apol/te—

283 3734 378 3770 cas
400 3717 620 3785 (Matth.
652 3732 736 3782 v1,
765 3715 878 3788 26).
914 3716 1202 3786 Apothecze
1252 3726 1428 3772 autem
1449 3757 1466 3783 ,
1512 3716 1596 3771 vel
1651 3716 1839 3771 horrea
1865 3759 1881 3784 ,

284 3809 374 3864 vel
403 3809 623 3864 verbum
655 3824 721 3863 ex
771 3809 940 3864 verbo
969 3811 989 3840 '
1009 3850 1025 3874 ,
1080 3808 1397 3878 repositoria
1426 3808 1446 3839 ³
1485 3808 1588 3863 diei
1635 3817 1880 3877 possunt.

286 3901 398 3956 Cur
417 3915 550 3970 ergo
573 3900 662 3954 isti
686 3915 873 3954 manus
894 3900 1092 3954 otiosas
1107 3907 1161 3954 et
1184 3899 1340 3969 plena
1368 3899 1682 3969 repositoria
1702 3899 1886 3978 volunt

289 3992 532 4047 habere?
563 3991 672 4046 Cur
693 4006 755 4047 ea
783 4007 902 4061 qua:
939 3999 1156 4046 sumunt
1181 4005 1247 4045 ex
1295 3990 1565 4045 laboribus
1607 3991 1831 4045 aliorum
1866 4033 1880 4056 ,

287 4083 595 4139 recondunt
623 4091 678 4138 et
701 4092 917 4138 servant
942 4083 1082 4137 unde
1128 4081 1366 4153 quotidie
1391 4081 1728 4151 proferatur?
1777 4082 1886 4137 Cur

284 4173 522 4243 denique
547 4174 750 4228 molunt
780 4182 834 4227 et
859 4173 1128 4244 coquunt?
1161 4173 1271 4227 Iloc
1315 4174 1454 4228 enim
1481 4188 1606 4228 aves
1658 4189 1764 4228 non
1808 4173 1885 4230 fa-

283 4263 458 4318 ciunt.
489 4269 598 4319 Aut
624 4265 668 4318 si
700 4265 976 4334 reperiunt
1004 4264 1197 4334 quibus
1225 4264 1326 4319 hoc
1352 4280 1485 4335 opus
1515 4281 1726 4336 quoque
1757 4281 1882 4336 per-

283 4356 581 4422 suadeant,
617 4364 676 4410 ut
704 4357 781 4410 eis
803 4371 898 4426 per
918 4357 1154 4426 singulos
1183 4356 1298 4412 dies
1319 4373 1470 4412 escas
1498 4357 1721 4412 afferant
1746 4375 1886 4430 pra:-

285 4457 540 4515 paratas;
573 4446 764 4502 saltem
793 4447 892 4502 sibi
910 4462 1100 4516 aquam
1129 4448 1212 4504 vel
1240 4445 1306 4502 de
1332 4447 1566 4502 fontibus
1607 4449 1836 4506 afferunt
1863 4491 1880 4518 ,

285 4537 379 4590 vel
406 4537 474 4592 de
499 4537 750 4592 cisternis
779 4545 869 4592 aut
896 4536 1070 4608 puteis
1095 4537 1346 4592 hauriunt
1369 4547 1420 4593 et
1447 4548 1711 4607 reponunt
1741 4559 1751 4592 :
1781 4541 1886 4596 hoc

289 4629 530 4682 volatilia
556 4643 666 4682 non
721 4627 940 4682 faciunt.
990 4626 1095 4682 Sed
1149 4628 1191 4681 si
1225 4627 1327 4683 hoc
1374 4629 1582 4697 placet,
1637 4630 1886 4686 studeant

285 4720 450 4775 en'am
482 4720 607 4774 boni
632 4718 814 4774 ﬁdeles
839 4728 893 4774 et
913 4719 1073 4788 Regis
1094 4720 1278 4774 aeterni
1304 4719 1634 4774 devotissimi
1667 4722 1885 4790 provin-

287 4814 454 4868 ciales
473 4855 489 4878 ,
515 4811 826 4866 fortissimis
847 4812 966 4880 ejus
987 4812 1428 4881 militibususque
1448 4811 1514 4865 ad
1536 4812 1635 4866 ista
1657 4813 1880 4880 servire,

289 4913 358 4960 ut
391 4905 493 4958 sibi
527 4919 630 4959 nec
660 4919 848 4974 aquam
894 4904 1116 4973 implere
1167 4914 1453 4975 cogantur,
1504 4906 1547 4958 si
1571 4906 1679 4973 jam
1725 4906 1884 4962 etiam

217 5017 220 5020 ’
288 4997 415 5050 illos
441 4996 532 5066 qui
567 5006 695 5050 tunc
718 5005 872 5050 erant
899 4994 1248 5067 Jerosolymre
1295 5011 1434 5050 novo
1456 4996 1624 5066 gradu
1663 4996 1884 5066 justitia:

263 5087 627 5156 Esupergressi
657 5096 798 5140 sunt.
852 5087 982 5141 Nam
1012 5087 1116 5140 illis
1143 5087 1280 5141 fame
1329 5087 1673 5154 inuuinente,
1712 5097 1763 5143 et
1790 5105 1886 5158 per

285 5179 590 5248 Prophetas
611 5179 700 5248 qui
733 5188 856 5232 tunc
880 5188 1033 5232 erant
1061 5189 1183 5233 ante
1217 5179 1464 5247 prmdicta
1486 5221 1500 5244 ,
1534 5179 1656 5234 boni
1703 5180 1884 5236 fideles

283 5283 362 5323 ex
404 5269 612 5324 Grtecia
661 5267 924 5324 frumenta
967 5270 1226 5324 miserunt
1252 5270 1386 5340 (Act.
1424 5286 1476 5324 ιιι
1501 5311 1516 5334 ,
1543 5269 1767 5344 28-50);
1816 5288 1884 5326 ex

283 5359 487 5428 quibus
514 5360 681 5415 credo
707 5361 845 5430 quod
867 5360 940 5414 illi
966 5377 1156 5431 panem
1189 5361 1288 5416 sibi
1321 5360 1593 5427 fecerunt,
1621 5372 1711 5417 aut
1739 5373 1884 5418 certe

284 5454 598 5510 faciendum
615 5463 936 5508 curaverunt
970 5472 982 5508 :
1015 5454 1155 5524 quod
1175 5469 1301 5508 aves
1328 5469 1430 5508 non
1464 5454 1682 5509 faciunt.
1710 5457 1814 5510 Sed
1837 5458 1882 5510 si

277 5551 398 5619 jam
418 5549 506 5604 isti
531 5590 545 5613 ,
576 5557 635 5603 ut
654 5547 832 5603 dicere
856 5563 1124 5619 cmperam
1143 5589 1156 5612 ,
1184 5549 1340 5603 etiam
1371 5547 1488 5601 illos
1514 5549 1692 5618 aliquo
1716 5547 1881 5618 gradu

355 5710 375 5740 ι
408 5707 488 5758 sic
505 5713 618 5756 atas.
655 5713 709 5755 At
743 5706 876 5764 editi,
899 5704 1145 5756 imitantur
1172 5718 1188 5756 :
1213 5707 1370 5755 minus
1391 5708 1538 5755 bene.

355 5773 542 5835 timui,
562 5766 759 5835 ecrbtnn
780 5781 842 5816 ex
864 5767 1003 5817 verba
1023 5781 1200 5835 gruit-0.
1227 5771 1389 5830 Abest,
1412 5781 1589 5835 grtrco,
1610 5780 1636 5816 ιι
1657 5773 1764 5817 Mss.

357 5833 380 5872 δ
412 5839 463 5883 ιη
487 5831 739 5900 plerisque
761 5837 884 5892 Mssa,
905 5829 1183 5894 repoitoria.

1687 367 1888 426 LIBER
1916 365 2116 428 UNUS.

1979 489 2200 559 iustitia:
2231 490 2585 557 transierunt,
2626 501 2679 546 et
2707 492 2929 548 omnino
2957 493 3010 548 in
3038 491 3106 550 iis
3129 508 3246 565 quae
3271 495 3338 552 ad
3363 496 3567 554 transi-

1984 583 2212 653 gendam
2243 585 2400 637 vitam
2429 584 2582 639 istam
2609 585 2880 655 pertinent
2902 627 2916 650 ,
2943 587 3081 642 sicut
3104 587 3348 644 volucres
3373 599 3567 658 agunt;

1986 675 2267 730 ostendant
2285 677 2437 731 nobis
2453 676 2696 732 homines
2714 679 2919 732 servire
2937 678 3244 733 volucribus
3265 720 3279 744 ,
3313 680 3450 734 sicut
3469 680 3574 736 sibi

1986 767 2174 821 serviri
2221 769 2438 835 volunt,
2472 769 2570 824 nisi
2615 771 2783 839 captis
2810 779 2865 825 et
2908 770 3126 825 inclusis
3150 811 3165 836 ,
3205 771 3399 841 quibus
3439 771 3569 828 fides

1987 876 2089 915 ιιοιι
2113 862 2337 917 habetur
2357 905 2370 928 ,
2400 879 2466 918 ne
2494 865 2733 920 volantes
2757 879 2861 918 non
2891 865 3110 919 redeant
3142 882 3154 918 :
3185 876 3235 919 et
3265 875 3440 918 tamen
3469 865 3572 919 illa:

1987 955 2188 1008 malunt
2219 955 2322 1010 frui
2352 956 2598 1012 libertate
2620 1000 2635 1022 ,
2665 965 2720 1012 et
2745 974 2809 1012 ex
2847 959 2988 1028 agris
3027 965 3281 1026 quantum
3333 958 3462 1012 satis
3492 966 3575 1012 est

1987 1059 2212 1114 capere,
2243 1063 2400 1116 quam
2427 1049 2494 1102 ab
2532 1048 2834 1104 hominibus
2861 1049 3097 1120 apposita
3126 1059 3175 1105 et
3198 1061 3450 1120 apparata
3476 1065 3568 1104 su-

1985 1153 2152 1192 mere.

2056 1230 2144 1284 28.
2176 1230 2408 1286 Proinde
2439 1247 2624 1288 rursus
2650 1235 2781 1290 istos
2798 1235 2902 1290 alio
2931 1235 3239 1292 sublimiore
3267 1235 3431 1305 gradu
3477 1235 3566 1304 ju-

1987 1324 2144 1378 stitiee
2170 1327 2524 1394 superalumt,
2550 1329 2636 1397 qui
2663 1345 2721 1383 se
2754 1330 2820 1383 ita
2851 1330 3173 1384 insutuerint
3195 1373 3210 1395 ,
3259 1342 3313 1384 ttt
3336 1330 3571 1398 quotidie

1986 1421 2039 1472 in
2065 1434 2221 1488 agros
2245 1430 2498 1490 tanquam
2525 1422 2577 1475 in
2601 1431 2806 1490 pastum
2831 1432 3068 1493 pergant,
3093 1433 3146 1477 et
3167 1441 3270 1492 quo
3290 1432 3532 1492 tempore
3551 1423 3568 1454 ⁸

1988 1510 2287 1565 invenerint
2332 1523 2590 1582 carpant,
2635 1529 2698 1568 ac
2756 1517 2926 1584 sopita
2985 1517 3166 1570 fame'
3213 1526 3570 1571 revertantur.

1986 1601 2090 1658 Sed
2140 1605 2295 1674 plane
2326 1615 2542 1674 propter
2588 1621 2836 1676 agrorum
2885 1608 3134 1662 custodes
3171 1624 3331 1676 quam
3370 1609 3568 1663 bonum

1986 1703 2131 1748 esset
2157 1737 2170 1759 ,
2199 1696 2241 1749 si
2271 1697 2428 1750 etiam
2477 1713 2676 1764 pennas
2705 1699 2882 1764 largiri
2935 1700 3189 1752 Dominus
3219 1699 3527 1769 dignaretur
3553 1741 3568 1765 ,

1987 1795 2044 1839 ut
2071 1787 2210 1840 servi
2243 1788 2332 1841 Dei
2359 1790 2408 1841 in
2441 1790 2581 1857 agris
2603 1790 2790 1844 alienis
2811 1791 3005 1844 inventi
3036 1806 3138 1844 non
3159 1801 3404 1860 tanquam
3430 1790 3574 1846 fures

1987 1877 2571 1947 comprehenderentur
2596 1922 2610 1943 .
2639 1882 2731 1936 sed
2757 1891 3005 1950 tanquam
3035 1883 3205 1936 sturni
3245 1883 3571 1948 Iugarentur.

1987 1970 2138 2028 Nunc
2184 1987 2312 2026 vero
2369 1973 2454 2027 ille
2481 1983 2733 2042 quantum
2762 1975 2994 2043 poterit,
3054 1973 3341 2028 imitabitur
3370 1990 3522 2028 avem
3555 2015 3572 2039 ,

1987 2080 2144 2133 quem
2173 2065 2192 2094 ³
2219 2080 2409 2134 capere
2435 2075 2658 2120 venator
2685 2083 2789 2120 non
2818 2067 3031 2134 poterit.
3067 2065 3171 2119 Sed
3220 2081 3344 2119 ecce
3380 2081 3574 2120 conce-

1987 2156 2115 2210 dant
2141 2172 2326 2211 omues
2354 2158 2522 2212 servis
2547 2157 2637 2211 Dei
2659 2199 2674 2222 ,
2700 2167 2754 2210 ut
2777 2173 2895 2212 cum
2927 2158 3108 2210 volunt
3131 2157 3179 2208 in
3213 2172 3397 2210 eorum
3418 2171 3574 2225 agros

1987 2257 2179 2302 exeant
2199 2290 2214 2312 ,
2245 2257 2402 2316 atque
2433 2249 2554 2301 inde
2576 2248 2750 2301 securi
2777 2247 3068 2316 refectique
3095 2247 3374 2301 discedant
3404 2265 3416 2299 :
3442 2247 3578 2299 sicut

1987 2340 2185 2408 popqu
2231 2339 2390 2394 Israel
2423 2355 2518 2408 pt'l‘
2555 2340 2726 2408 legem
2761 2348 3088 2409 prreceptum
3117 2347 3201 2394 est
3250 2348 3305 2390 ut
3353 2339 3404 2391 in
3435 2338 3577 2406 agris

1989 2429 2101 2483 suis
2129 2428 2302 2483 furem
2353 2430 2532 2482 nullus
2564 2439 2806 2493 teneret,
2861 2430 2961 2483 nisi
3005 2431 3095 2498 qui
3149 2444 3328 2484 secum
3379 2429 3577 2496 aliquid

1988 2522 2150 2575 vellet
2175 2521 2386 2575 auferre
2417 2539 2432 2587 ;
2462 2539 2581 2576 nam
2613 2522 2702 2591 qui
2729 2521 2860 2576 nihil
2893 2521 3031 2574 aliud
3061 2523 3322 2591 attigisset
3343 2536 3498 2589 quam
3525 2519 3575 2574 id

1988 2612 2129 2682 quod
2161 2614 2482 2669 comedisset
2503 2655 2518 2679 ,
2550 2614 2774 2668 liberum
2807 2615 3231 2682 impunitumqne
3262 2613 3409 2666 abire
3437 2612 3580 2666 sine-

1988 2715 2110 2760 rent
2135 2705 2310 2780 (Dent.
2343 2725 2471 2762 xxtu
2493 2749 2505 2769 ,
2540 2709 2605 2762 il
2631 2751 2644 2773 ,
2677 2709 2793 2774 25).
2818 2709 2965 2764 Unde
2994 2710 3152 2762 etiam
3176 2709 3348 2776 Spicas
3370 2707 3574 2760 vellen-

1991 2797 2133 2852 tibus
2160 2798 2435 2868 discipulis
2475 2801 2681 2854 Domini
2708 2843 2721 2864 ,
2763 2800 2830 2854 de
2857 2801 3080 2854 sabbato
3123 2801 3298 2869 potius
3329 2815 3483 2868 quam
3512 2797 3580 2852 de

1992 2891 2130 2946 furto
2155 2892 2324 2946 .lutlmi
2351 2893 2658 2947 calumniati
2691 2901 2813 2947 sunt
2858 2893 3068 2964 (Matth.
3111 2909 3220 2958 xu,
3261 2893 3284 2945 I
3317 2933 3331 2956 ,
3363 2892 3442 2960 ‘2).
3476 2889 3578 2943 Sed

1989 2985 2111 3055 quid
2141 2986 2242 3039 crit
2271 2985 2532 3054 agendum
2561 2985 2626 3038 tle
2680 2985 2761 3038 his
2803 2985 3129 3052 temporibus
3172 2983 3334 3048 anni,
3389 2982 3580 3051 quibus

1989 3092 2110 3131 esca
2133 3093 2249 3146 quae
2276 3079 2453 3132 statim
2478 3078 2612 3131 sumi
2641 3077 2844 3148 possit,
2881 3079 2930 3131 in
2958 3077 3102 3146 agris
3129 3091 3232 3129 ιιοιι
3264 3073 3577 3129 invenitur?

1988 3170 2240 3240 Quisquis
2258 3171 2457 3240 aliquid
2485 3171 2701 3224 domum
2725 3170 2863 3239 quod
2888 3171 2985 3223 sibi
3012 3168 3289 3238 coquendo
3312 3175 3581 3236 pra'paret

1989 3261 2199 3315 auferre
2245 3261 2560 3323 tentaverit,
2618 3260 2911 3316 secundum
2969 3259 3194 3312 istorum
3247 3257 3576 3312 intellectum

1990 3353 2170 3408 audiet
2219 3369 2284 3408 ex
2323 3353 2661 3424 Evangelio:
2711 3353 2891 3418 Pone;
2951 3351 3053 3405 hoc
3104 3351 3418 3408 enim..avcs
3471 3367 3579 3405 non

1989 3443 2211 3499 faciunt.

2058 3537 2148 3593 29.
2182 3536 2375 3592 Verum
2403 3545 2455 3592 et
2484 3536 2584 3591 hoc
2611 3535 2966 3591 concedamus
2985 3576 2998 3599 ,
3036 3541 3145 3588 toto
3172 3541 3413 3588 vertente
3439 3549 3580 3586 anno

1989 3643 2148 3699 posse
2194 3628 2245 3682 in
2290 3629 2431 3698 agris
2474 3627 2696 3697 reperiri
2727 3627 2808 3680 vel
2850 3643 2913 3680 ex
2943 3625 3132 3680 arbore
3156 3627 3238 3680 vel
3272 3643 3336 3683 ex
3365 3625 3575 3686 herbis.

1991 3721 2071 3776 vel
2098 3737 2162 3775 ex
2190 3721 2485 3790 quibusque
2512 3720 2777 3775 radicibus
2807 3719 2949 3789 quod
2981 3719 3032 3773 in
3055 3733 3232 3773 escam
3253 3720 3388 3774 sumi
3414 3720 3581 3789 possit

1989 3813 2284 3878 incoctum,
2332 3821 2424 3867 aut
2461 3822 2606 3867 certe
2647 3821 2788 3866 tanta
2819 3811 3128 3867 exercitatio
3156 3812 3395 3880 corporis
3425 3811 3573 3866 adhi-

1990 3904 2215 3970 beatur,
2260 3913 2320 3958 ut
2358 3919 2418 3958 ea
2459 3919 2577 3973 qtae
2621 3903 2893 3972 coquenda
2930 3910 3089 3966 sunt,
3123 3902 3281 3957 etiam
3307 3902 3468 3957 cruda
3494 3918 3584 3956 as-

1989 4006 2198 4065 sumpta
2220 4013 2323 4051 non
2349 4005 2607 4063 noceant,
2638 3997 2909 4066 possitque
2931 3997 3089 4050 etiam
3120 3995 3436 4050 hiemalibus
3457 3997 3578 4066 qui-

1991 4087 2222 4143 buslibet
2259 4089 2633 4158 asperitatibus
2675 4088 2738 4142 ad
2787 4088 2972 4158 pabula
3019 4087 3268 4156 procedi;
3311 4096 3468 4157 atque
3508 4089 3580 4143 ita

1991 4180 2156 4250 fiat_ut
2179 4179 2308 4233 nihil
2335 4180 2734 4250 prteparandum
2759 4180 3050 4242 auferatur,
3077 4178 3206 4232 nihil
3224 4180 3272 4232 in
3291 4179 3580 4232 crastinum

1989 4282 2278 4342 reponatur
2308 4292 2319 4326 :
2354 4290 2456 4326 non
2487 4282 2734 4341 poterunt
2762 4273 2858 4325 ista
2890 4286 3102 4325 servare
3127 4270 3215 4340 qni
3246 4285 3304 4323 se.
3325 4287 3419 4339 per
3445 4271 3583 4326 mul-

1992 4376 2072 4421 tos
2123 4368 2237 4422 dies
2262 4383 2291 4422 a
2311 4377 2600 4438 conspectu
2631 4367 2903 4422 hominum
2935 4377 3242 4437 separatos,
3275 4377 3330 4423 et
3355 4369 3484 4422 nulli
3512 4370 3580 4426 ad

1990 4475 2049 4514 se
2089 4461 2384 4528 prmbentes
2414 4475 2724 4524 accessum,
2769 4459 3044 4513 includunt
3079 4476 3137 4514 se
3172 4461 3315 4529 ipsos
3342 4464 3580 4518 viventes

1992 4552 2043 4605 in
2092 4567 2280 4621 magna
2328 4551 2621 4606 intentione
2670 4551 2989 4605 orationum.
3035 4552 3100 4607 lli
3145 4553 3287 4606 enim
3335 4553 3578 4608 facillima

1990 4642 2204 4714 quidem
2250 4653 2408 4712 atque
2451 4641 2704 4696 vilissima
2732 4685 2746 4706 ,
2793 4657 2972 4697 secum
3013 4651 3192 4696 tamen
3221 4643 3466 4697 alimenta
3500 4644 3581 4695 iu-

1991 4735 2208 4792 cludere
2232 4743 2555 4789 consuernnt
2577 4731 2617 4798 ‘,
2647 4749 2765 4804 qua:
2796 4733 2849 4788 in
2876 4734 2995 4787 illos
3018 4733 3130 4787 dies
3157 4734 3346 4802 quibus
3373 4749 3398 4784 a
3432 4734 3578 4786 nullo

1990 4829 2159 4884 videri
2196 4837 2534 4893 statuerunt,
2561 4826 2830 4881 sufficiant
2857 4844 2870 4880 :
2897 4825 3038 4896 quod
3067 4841 3192 4879 aves
3223 4841 3325 4880 non
3357 4823 3574 4878 faciunt.

1991 4921 2060 4976 Et
2107 4921 2295 4976 horum
2337 4919 2548 4989 quidem
2599 4917 3032 4974 exercitationem
3089 4916 3140 4970 in
3193 4924 3298 4970 tam
3349 4915 3576 4969 mirabili

1991 5013 2350 5080 continentia,
2395 5010 2821 5082 quandoquidem
2871 5009 3067 5063 habent
3107 5008 3274 5061 otium
3314 5022 3417 5074 quo
3463 5005 3576 5059 lnrc

1991 5116 2181 5177 agant,
2224 5120 2386 5174 seque
2426 5103 2708 5159 imitandos
2749 5117 2856 5156 non
2890 5099 3118 5171 superba
3143 5099 3162 5130 ⁸
3189 5098 3417 5152 elatione
3437 5139 3452 5162 ,
3482 5098 3576 5153 sed

1991 5197 2320 5252 misericordi
2367 5197 2645 5251 sanctitate
2696 5201 3040 5264 proponant,
3088 5205 3191 5243 non
3245 5188 3417 5242 solum
3470 5204 3578 5244 non

1991 5288 2361 5361 reprehendo,
2408 5286 2500 5341 sed
2544 5295 2797 5356 quantum
2840 5283 3055 5352 dignum
3098 5288 3182 5334 est
3224 5279 3439 5334 laudare
3470 5296 3574 5334 nou

2055 5522 2072 5553 ι
2106 5517 2374 5568 casalensis
2406 5521 2549 5566 vetus
2582 5512 2754 5568 codex,
2788 5515 2834 5560 et
2864 5507 2992 5573 quod
3025 5520 3113 5573 pro
3150 5514 3381 5573 tempore.

2054 5585 2074 5614 ¹
2105 5580 2436 5630 Cistercieusis
2461 5586 2559 5634 Ms.,
2585 5573 2737 5643 posita
2757 5573 2900 5635 fame.
3098 5639 3143 5643 __
3166 5641 3195 5643 υ
3234 5635 3263 5643 __
3358 5634 3367 5643 ,

2055 5645 2075 5676 ³
2108 5643 2248 5703 Editi,
2268 5653 2426 5703 quam.
2449 5646 2502 5687 At
2518 5632 2741 5685 meliores
2757 5632 2888 5696 iussu,
2915 5646 3071 5698 quem.
3098 5639 3152 5684 Et
3165 5634 3369 5684 Vaticani
3389 5632 3485 5682 duo
3498 5632 3580 5681 ba-

1989 5705 2130 5764 bent,
2154 5702 2323 5753 rt'm'wr
2343 5737 2357 5759 ,
2385 5702 2504 5758 loco,
2530 5704 2738 5748 venator.

2054 5768 2075 5797 ι
2109 5773 2249 5813 Juxta
2277 5772 2412 5821 t'en.,
2439 5767 2764 5812 consuescunt.
2833 5767 2886 5808 tu.

2053 5829 2075 5861 ⁸
2109 5827 2278 5877 Plures
2315 5813 2442 5888 Mssi,
2483 5837 2574 5890 quo
2597 5822 2700 5873 haec
2723 5827 2883 5892 agant,
2920 5819 3201 5874 imiamdam
3239 5833 3330 5872 non
3353 5813 3580 5883 superba.
