4070 6334
490 358 593 432 m

488 502 726 563 possum.
766 485 906 555 Quid
932 495 1105 541 tamen
1134 482 1202 539 de
1220 481 1309 537 bis
1334 480 1562 537 dicimus
1579 520 1595 545 ,
1620 478 1917 534 secundum
1942 477 2073 530 isto-

486 598 607 638 rum
648 579 976 637 intellectum
1013 592 1083 632 ex
1114 573 1432 645 evangelicis
1456 570 1673 625 verbis?
1699 572 1779 624 An
1807 569 1943 623 forte
1962 580 2073 636 quo

485 681 612 731 sunt
661 672 952 728 sanctiores
976 715 991 739 ,
1041 688 1107 727 eo
1153 676 1278 726 sunt
1310 668 1617 722 volucribus
1656 661 2027 719 dissimiliores
2050 702 2065 727 ,

484 768 607 838 quia
635 766 740 821 nisi
766 772 1025 835 reponant
1050 763 1151 819 sibi
1175 776 1326 819 escas
1352 762 1404 816 in
1432 761 1690 832 plurimos
1717 757 1862 824 dies,
1895 755 2067 811 inclu-

482 859 612 915 dere
650 875 711 916 se
736 859 807 914 ita
831 900 846 924 ,
877 866 935 912 nt
963 856 1184 922 faciunt,
1213 869 1321 911 non
1350 855 1641 910 valebunt?
1670 854 1736 907 Et
1760 852 1945 921 utique
1971 864 2071 904 no-

481 950 687 1006 biscum
739 949 993 1015 audiunt,
1047 946 1223 1003 Name
1262 962 1388 1019 ergo
1436 947 1657 1018 cogitare
1700 946 1754 999 in
1789 944 2066 999 crastinum

483 1040 699 1116 (Matth.
724 1056 812 1109 vt,
840 1039 953 1112 54).
1635 1045 1643 1051 '

472 1154 475 1155 '
553 1137 642 1194 30.
686 1138 1024 1207 Quapropter
1048 1175 1063 1201 ,
1107 1141 1167 1188 ut
1203 1133 1437 1188 breviter
1473 1130 1827 1201 complectar,
1856 1128 1943 1183 isti
1973 1128 2062 1199 qui

477 1246 546 1286 ex
578 1229 856 1300 Evangelii
901 1243 1149 1298 perverso
1186 1226 1460 1281 inteilectu
1495 1232 1602 1278 tam
1634 1222 1911 1278 manifesta
1933 1237 2064 1290 apo-

476 1322 662 1377 stolica
693 1330 957 1391 pnccepta
989 1328 1292 1391 pervertere
1319 1318 1610 1371 moliuntur
1629 1359 1642 1382 ,
1671 1324 1760 1370 aut
1785 1331 1891 1369 non
1918 1315 2061 1385 cogi-

478 1425 590 1472 tent
614 1418 665 1470 in
692 1418 983 1471 crastinum
1008 1458 1024 1482 ,
1056 1417 1194 1470 sicut
1223 1415 1450 1469 volatilia
1475 1414 1595 1469 caeli
1621 1431 1634 1479 ;
1667 1422 1758 1467 aut
1785 1414 2060 1481 obtempe-

472 1517 593 1562 rent
633 1509 925 1579 Apostolo,
976 1508 1113 1563 sicut
1158 1508 1247 1561 lilii
1287 1508 1464 1561 dilecti
1499 1525 1511 1559 :
1542 1508 1647 1560 imo
1677 1515 1959 1575 utrumque
1984 1505 2059 1558 fa-

471 1602 645 1667 ciant,
673 1603 794 1671 quia
823 1611 1105 1671 utrumque
1129 1601 1435 1655 concordat.
1468 1600 1651 1670 Neque
1678 1601 1820 1654 enim
1847 1607 2058 1653 contra-

470 1695 546 1747 ria
590 1695 812 1747 Domino
853 1710 949 1748 suo
989 1703 1229 1749 mooeret
1268 1693 1460 1747 Paulus
1500 1708 1683 1746 servus
1707 1690 1901 1745 Christi
1929 1691 2055 1745 Jesu

470 1783 643 1856 (Rom.
679 1802 692 1839 ι
718 1828 731 1849 ,
766 1787 841 1856 1).
874 1786 985 1840 Hoc
1010 1787 1149 1840 enim
1180 1785 1297 1839 istis
1323 1792 1502 1855 aperte
1530 1783 1755 1837 dicimus
1786 1801 1797 1836 :
1830 1783 1885 1837 Si
1911 1783 2053 1836 vola-

468 1879 575 1932 tilia
617 1880 734 1934 caeli
764 1879 840 1934 sic
875 1880 1163 1949 intelligitis
1202 1879 1254 1933 in
1288 1879 1570 1949 Evangelio
1596 1920 1610 1945 ,
1639 1888 1695 1932 ut
1721 1879 1898 1932 nolitis
1925 1894 2055 1948 ope-

466 1972 633 2025 rando
667 1973 908 2026 manibus
939 1974 1127 2026 vestris
1148 1973 1342 2027 victum
1369 1982 1840 2043 tegumentumque
1860 1987 2054 2041 procu-

466 2078 622 2127 rare;
664 2063 799 2118 nihil
837 2066 995 2118 etiam
1037 2066 1309 2134 reponetis
1336 2068 1385 2119 in
1409 2066 1734 2131 crastinum,
1763 2064 1899 2119 sicut
1922 2066 2051 2120 nihil

463 2165 730 2225 reponunt
758 2158 987 2212 volatilia
1017 2159 1159 2214 caeli.
1194 2159 1250 2213 Si
1278 2168 1453 2213 autem
1486 2160 1682 2229 aliquid
1708 2175 1969 2229 reponere
1998 2160 2049 2213 in

463 2250 789 2313 crastinum,
840 2261 1014 2320 potest
1054 2267 1159 2305 non
1199 2268 1316 2306 esse
1357 2263 1539 2306 contra
1583 2252 1930 2321 Evangelium
1961 2252 2049 2306 ubi

461 2342 661 2397 dictum
701 2353 815 2409 est,
859 2344 1112 2415 Respicite
1147 2344 1372 2397 volatilia
1405 2343 1517 2398 cozli
1536 2386 1550 2409 ,
1579 2345 1696 2414 quia
1722 2360 1878 2413 neque
1900 2343 2048 2397 semi-

460 2445 615 2501 uant,
664 2452 821 2507 neque
864 2445 1086 2502 metunt,
1135 2453 1292 2509 neque
1330 2446 1629 2507 congregant
1655 2436 1708 2490 in
1737 2438 2046 2506 apothecas;

461 2536 635 2597 potest
673 2529 832 2582 etiam
865 2545 969 2582 non
998 2544 1117 2583 esse
1146 2539 1331 2583 contra
1364 2527 1709 2597 Evangelium
1740 2544 1839 2583 nec
1862 2537 2045 2582 contra

460 2625 857 2679 similitudinem
899 2625 1191 2678 volatilium
1239 2613 1358 2679 cmii
1394 2665 1407 2688 ,
1457 2623 1617 2677 vitam
1668 2623 1822 2677 istam
1869 2621 2045 2677 carnis

459 2718 751 2786 Corporalis
770 2718 1095 2786 operationis
1117 2717 1297 2771 labore
1321 2717 1634 2786 transigere.

529 2810 612 2865 CA
625 2809 756 2866 PUT
780 2809 967 2865 XXIV.
990 2842 1059 2851 —
1086 2812 1172 2865 5i.
1203 2811 1409 2880 Aliquid
1434 2812 1485 2863 in
1512 2811 2045 2878 crastinumreponere

459 2918 558 2955 non
602 2901 853 2970 prohiberi
901 2919 987 2970 per
1031 2900 1380 2973 Evangelium.
1411 2902 1467 2956 Si
1499 2902 1637 2955 enim
1664 2910 1953 2970 urgeantur
1977 2914 2042 2953 ex

460 2993 773 3063 Evangelia,
799 3004 853 3047 ut
878 2993 1007 3048 nihil
1038 3004 1294 3063 reponant
1317 2994 1367 3047 in
1390 2993 1677 3049 crastinum
1706 3011 1718 3057 ;
1745 2994 2044 3049 rectissime

457 3087 781 3154 respondent
819 3106 832 3140 :
869 3088 974 3142 Cur
1009 3103 1136 3159 ergo
1167 3088 1280 3157 ipse
1309 3088 1561 3142 Dominus
1590 3087 1793 3143 loculos
1822 3087 2040 3152 habuit,

457 3181 545 3235 ubi
590 3182 864 3251 pecuniam
910 3182 1185 3237 collectam
1229 3192 1513 3251 reponeret
1561 3181 1737 3251 (Joan.
1779 3198 1892 3248 xu,
1940 3180 2045 3251 6)?

455 3269 563 3325 Cur
593 3281 738 3327 tanto
764 3282 886 3330 ante
905 3315 920 3341 ,
963 3274 1101 3330 fame
1128 3276 1435 3329 imminente
1464 3277 1479 3307 ¹
1508 3318 1522 3339 ,
1557 3275 1818 3329 frumenta
1845 3274 2043 3329 sanctis

458 3364 696 3434 patribus
738 3366 897 3421 missa
940 3374 1063 3421 sunt
1109 3365 1242 3437 (Act.
1289 3382 1373 3428 XI,
1414 3366 1646 3437 28-50)?
1674 3367 1777 3420 Cur
1803 3364 2044 3435 Apostoli

457 3456 538 3511 sic
574 3456 876 3527 indigentiae
901 3469 1202 3515 sanctorum
1232 3461 1528 3515 necessaria
1562 3470 1950 3529 procurarunt,
1978 3477 2044 3517 ne

458 3548 671 3605 deesset
698 3551 747 3605 in
776 3560 1044 3621 posterum
1067 3594 1082 3617 ,
1112 3561 1168 3605 ut
1193 3552 1529 3606 beatissimus
1556 3553 1749 3607 Paulus
1771 3552 1835 3607 ad
1858 3552 2045 3608 Corin-

457 3640 597 3695 thios
627 3641 677 3695 in
708 3642 941 3711 Epistula
970 3643 1226 3699 scriberet
1256 3661 1269 3697 :
1302 3643 1377 3696 De
1401 3644 1621 3697 collectis
1646 3654 1816 3698 autent
1843 3645 1895 3698 in
1924 3661 2045 3699 san-

456 3744 594 3803 ctos,
639 3735 766 3787 sicut
805 3735 1035 3789 ordinavi
1081 3736 1319 3790 Ecclesiis
1364 3736 1609 3800 Galatiae,
1648 3738 1719 3789 ita
1763 3747 1808 3790 et
1846 3754 1931 3792 vos
1960 3742 2045 3809 fa-

457 3826 553 3880 cile
579 3841 597 3879 :
622 3826 895 3880 secundum
924 3844 1075 3881 unam
1101 3828 1295 3883 sabbati
1318 3829 1655 3898 unusquisque
1673 3838 1883 3882 vestrum
1906 3829 2048 3899 apud

456 3933 510 3970 se
539 3927 692 3988 ponat
720 3920 741 3950 ²
763 3960 777 3982 ,
802 3918 1145 3975 thesaurizans
1173 3920 1307 3988 quod
1331 3923 1373 3974 ei
1399 3920 1676 3991 placuerit;
1705 3930 1755 3974 ut
1783 3938 1906 3987 non,
1932 3939 2045 3975 cum

456 4024 639 4061 venero
657 4050 669 4073 ,
702 4019 820 4062 tunc
846 4010 1064 4064 collecta:
1088 4010 1231 4079 fiant.
1262 4009 1387 4065 Cum
1416 4021 1581 4066 autem
1606 4012 1869 4077 advenero,
1890 4029 2044 4082 quos-

457 4118 667 4172 cumque
716 4104 1041 4174 probaverilis
1069 4121 1157 4173 per
1184 4106 1449 4175 epistolas,
1486 4107 1574 4159 hos
1602 4108 1794 4159 mittam
1825 4112 2046 4178 perferre

455 4197 671 4267 gratiam
711 4206 925 4251 vestram
968 4198 1019 4251 in
1060 4196 1361 4251 Jerusalem.
1410 4199 1561 4267 Quod
1587 4202 1632 4253 si
1660 4200 1868 4271 dignum
1896 4202 2046 4269 fuerit

455 4298 511 4344 ut
553 4301 597 4344 et
643 4307 734 4361 ego
777 4307 916 4355 eam,
958 4308 1149 4345 mecum
1186 4290 1323 4347 ibunt
1356 4292 1395 4364 (Ι
1426 4291 1543 4347 Cor.
1571 4310 1658 4347 xv:
1681 4337 1694 4359 ,
1730 4295 1893 4361 lui)?
1923 4296 2047 4353 Her

457 4390 511 4437 et
562 4383 661 4436 alia
711 4384 873 4437 multa
923 4383 1289 4452 cepiosissime
1329 4394 1384 4439 et
1428 4385 1702 4441 verissime
1750 4386 2042 4457 proferunt.

456 4472 656 4541 Quibus
698 4475 1082 4545 respondemus
1114 4494 1126 4528 :
1162 4475 1363 4531 Videtis
1401 4492 1527 4546 ergo
1549 4520 1562 4543 ,
1595 4479 1834 4549 quamvis
1862 4479 2045 4535 Domi-

457 4581 559 4621 nus
584 4565 809 4634 dixerit,
839 4565 1013 4622 Nolite
1037 4570 1257 4641 cogitare
1282 4570 1333 4623 in
1361 4572 1676 4638 crastinum;
1709 4590 1811 4628 non
1839 4590 1932 4629 vos
1960 4584 2044 4629 ta—

457 4677 579 4717 men
603 4662 717 4717 istis
745 4661 918 4717 verbis
938 4662 1052 4733 cogi
1085 4672 1140 4717 ut
1168 4662 1295 4717 nihil
1325 4664 1375 4717 in
1404 4664 1693 4719 crastimnn
1716 4668 2003 4723 reservetis
2028 4687 2042 4723 :

457 4770 553 4810 cur
602 4770 731 4826 ergo
773 4755 961 4810 iisdem
1003 4756 1179 4811 verbis
1209 4772 1303 4811 vos
1332 4757 1446 4827 cogi
1476 4757 1650 4812 dicitis
1672 4802 1686 4826 ,
1719 4769 1775 4813 ut
1805 4761 2045 4816 vacetis?

456 4847 561 4905 Cur
588 4847 820 4903 volatilia
847 4846 968 4904 cteli
996 4863 1101 4903 non
1132 4849 1280 4904 vobis
1303 4860 1424 4904 sunt
1446 4851 1691 4921 exemplo
1714 4853 1780 4907 ad
1808 4854 1937 4908 nihil
1962 4870 2046 4911 rea

455 4940 811 5011 servandum,
852 4949 906 4998 et
941 4941 1101 4997 vultis
1134 4950 1193 4996 ut
1234 4941 1340 4997 sint
1378 4944 1624 5014 exemplo
1665 4944 1731 4999 ad
1761 4944 1889 4999 nihil
1914 4962 2045 5018 ope-

454 5035 678 5090 rantium
700 5035 724 5089 ?

527 5125 755 5182 CAPUT
782 5124 949 5181 XXV.
977 5156 1050 5166 —-
1076 5125 1165 5181 ‘59..
1200 5122 1419 5199 Negotia
1447 5126 1619 5198 priora
1646 5125 1906 5198 reliquisse
1925 5130 2046 5199 quid

456 5218 646 5289 prosit,
692 5219 738 5272 si
780 5218 949 5272 adhuc
972 5218 1321 5273 laborandum.
1348 5217 1642 5274 Communis
1662 5222 1776 5274 vita:
1800 5222 2042 5278 charitas.

460 5310 675 5380 Oper-ari
704 5312 841 5365 decet
869 5314 1017 5366 etiam
1045 5313 1130 5382 qui
1155 5330 1216 5368 ea:
1238 5314 1338 5367 vita
1360 5314 1631 5369 excelsiore
1655 5326 2008 5372 convertuntur
2025 5361 2041 5389 ,

456 5405 545 5459 sed
584 5406 739 5458 multo
776 5407 937 5476 magis
977 5408 1065 5476 qui
1100 5423 1161 5459 ea:
1187 5408 1287 5461 vita
1316 5407 1599 5462 humiliore.
1633 5407 1777 5463 Dicel
1806 5411 1995 5481 aliquis
2029 5431 2042 5468 :

457 5496 590 5562 Quid
634 5512 761 5567 ergo
798 5498 1013 5565 prodest
1040 5513 1193 5552 servo
1224 5499 1350 5564 Dei,
1384 5499 1522 5569 quod
1556 5501 1817 5568 prioribus
1842 5504 2045 5561 actibus

458 5602 594 5659 quos
632 5589 685 5642 in
722 5588 919 5644 smeulo
946 5588 1175 5645 habebat
1200 5591 1432 5657 relictis,
1462 5591 1527 5646 ad
1556 5591 1690 5647 hanc
1715 5594 2043 5663 spiritualem

526 5726 542 5757 ι
580 5724 764 5796 aliquot
779 5730 906 5796 Iussa
940 5725 1116 5796 firmem
1133 5725 1472 5781 hnminentem.
1496 5736 1551 5782 Et
1567 5731 1686 5783 infra
1706 5732 1803 5784 duo
1818 5735 2041 5796 Vaticani,

454 5798 633 5855 mdis
661 5786 889 5839 fratribus
911 5786 1055 5855 inissa
1074 5797 1199 5840 sunt.

1417 366 1505 421 DE
1543 362 1772 421 OPERE
1811 358 2306 429 MONACHORUM,
2346 358 2405 419 S.
2446 364 2815 421 AUGUSTINI

2180 476 2337 533 vitam
2366 479 2715 552 militiamque
2734 483 3062 540 convenitur
3077 524 3094 553 ,
3112 483 3165 539 si
3182 498 3305 541 eum
3318 482 3762 557 tadhueropmm,

2177 576 2425 639 tanquam
2458 572 2667 643 opificis
2692 575 2712 607 ⁸
2732 614 2747 640 ,
2787 590 3038 632 exercere
3066 577 3274 647 negotia
3292 576 3318 631 ?
3336 575 3498 644 Quasi
3522 593 3651 635 vero
3672 576 3763 635 ia-

2173 662 2276 717 cile
2305 665 2474 733 possit
2500 666 2672 721 verbis
2697 667 2985 737 explicari,
3012 671 3464 741 quantumsprosit
3490 675 3633 743 quod
3653 670 3763 728 Bo-

2173 758 2349 814 minus
2388 759 2535 815 diviti
2578 763 2855 817 consilium
2897 765 3166 834 capiendae
3192 765 3314 819 vitaz
3341 772 3554 821 πίει-ηαξ
3581 765 3763 838 requi-

2172 852 2314 906 renti
2341 852 2416 907 ait
2430 860 2499 908 aut
2524 854 2721 910 laceret
2740 857 2761 888 ⁸
2780 897 2793 921 ,
2821 856 2866 911 si
2893 856 3053 912 vellet
3076 872 3196 912 esse
3217 857 3482 928 perlectus
3506 866 3609 924 ;<ut
3628 875 3765 915 ven—

2168 942 2292 998 ditis
2334 961 2452 1016 quze
2492 946 2758 1014 habebat,
2802 956 2857 1003 et
2895 948 3199 1019 indigentiae
3238 964 3530 1021 pauperum
3569 949 3760 1007 distri-

2167 1033 2341 1101 butis,
2369 1052 2490 1091 eum
2520 1047 2831 1109 sequeretur
2856 1039 3065 1111 (Matth.
3094 1055 3209 1108 xu,
3235 1040 3349 1115 21).
3373 1042 3477 1096 Aut
3501 1042 3620 1113 quis
3646 1052 3759 1098 tam

2167 1122 2417 1197 expedito
2454 1145 2611 1187 cursu
2653 1141 2868 1188 secutus
2907 1142 2991 1188 est
3019 1133 3299 1189 Dominum
3320 1177 3333 1200 ,
3360 1150 3517 1205 quam
3548 1136 3638 1191 ille
3665 1136 3756 1205 qui

2165 1220 2273 1285 ait,
2322 1219 2443 1275 Non
2478 1223 2531 1276 in
2570 1239 2783 1277 vacuum
2820 1226 3053 1291 cucurri,
3093 1228 3265 1280 nec-in
3290 1244 3502 1281 vacuum
3528 1226 3758 1282 laboravi

2166 1311 2423 1387 (Philipp.
2466 1331 2535 1380 ιι,
2582 1316 2718 1387 i6)?
2750 1319 2839 1388 qui
2870 1328 3044 1374 tamen
3071 1334 3229 1389 opera
3257 1321 3355 1376 ista
3383 1330 3433 1376 et
3465 1324 3749 1392 praecepit,

2163 1414 2216 1459 et
2246 1405 2387 1460 fecit.
2414 1407 2527 1461 Hoc
2549 1409 2699 1463 nobis
2726 1416 2866 1463 tanta
2888 1412 3200 1466 auctoritate
3218 1412 3391 1467 doctis
3418 1420 3473 1467 et
3496 1413 3755 1468 informa.

2162 1499 2231 1553 tis
2242 1499 2489 1554 sufﬁcere
2509 1500 2692 1556 debuit
2714 1502 2778 1557 ad
2795 1505 3095 1573 exemplum
3117 1503 3555 1575 derelinquendi'
3571 1508 3752 1576 pristi-

2159 1609 2257 1650 nas
2295 1594 2570 1650 facultates
2594 1638 2608 1661 ,
2638 1606 2692 1651 et
2737 1598 2980 1652 manibus
3018 1598 3292 1669 operandi.
3328 1599 3435 1654 Sed
3476 1609 3529 1654 et
3555 1615 3654 1653 nos
3680 1600 3753 1655 ab

2158 1686 2274 1757 ipso
2312 1689 2535 1742 Domino
2563 1689 2748 1759 adjuti,
2778 1704 3060 1759 possumus
3090 1689 3315 1746 fortasse
3342 1700 3626 1760 utcumque
3644 1705 3747 1745 co-

2156 1795 2412 1849 gnoscere
2437 1822 2450 1844 ,
2496 1782 2653 1835 etiam
2695 1782 2773 1835 sic
2814 1782 3157 1850 operantibus
3201 1783 3366 1836 servis
3404 1782 3529 1845 Dei,
3566 1784 3746 1852 priora

2159 1881 2334 1926 tamen
2392 1874 2600 1943 negotia
2661 1875 2942 1945 reliquisse
2982 1874 3107 1944 quid
3158 1875 3345 1944 prosit.
3392 1875 3450 1929 Si
3489 1875 3631 1930 enim
3674 1876 3746 1933 ad

2156 1962 2294 2019 hanc
2330 1965 2490 2019 vitam
2531 1982 2597 2020 ex
2622 1967 2785 2021 divite
2814 1968 3091 2035 quisquam
3119 1968 3447 2021 convertitur
3468 2010 3482 2033 ,
3515 1976 3568 2021 et
3596 1968 3747 2024 nulla

2155 2055 2459 2112 inﬁrmitate
2496 2062 2736 2126 corporis
2765 2058 3082 2127 impeditur,
3116 2058 3257 2111 itane
3281 2057 3571 2127 desipimus
3595 2075 3624 2113 a
3651 2075 3745 2114 sa-

2154 2162 2284 2216 pore
2328 2148 2552 2213 Christi,
2599 2156 2657 2202 ut
2696 2163 2800 2202 non
2842 2149 3199 2219 intelligamus
3229 2158 3455 2219 quantus
3476 2151 3745 2219 superbia:

2153 2238 2345 2306 prioris
2386 2248 2562 2293 tumor
2596 2248 2848 2307 sanetur,
2888 2255 3007 2294 cum
3047 2240 3377 2295 circumcisis
3414 2241 3696 2310 superlluis
3722 2284 3739 2309 ,

2151 2332 2339 2401 quibus
2378 2340 2501 2387 ante
2541 2333 2747 2387 animus
2773 2333 3113 2389 exitiabiliter
3140 2331 3634 2401 inﬂammabaltlt",
3667 2334 3740 2388 ad

2151 2422 2357 2476 modica
2400 2437 2518 2492 qua:
2556 2432 2761 2478 restant
2799 2423 2919 2479 huic
2948 2423 3070 2479 vitae
3098 2426 3409 2480 naturaliter
3437 2426 3738 2480 necessaria

2149 2513 2307 2568 etiam
2344 2514 2549 2583 opiﬁcis
2586 2516 2855 2569 humilitas
2887 2518 3105 2572 minime
3134 2517 3448 2573 recusetur?
3471 2518 3527 2573 Si
3556 2529 3738 2573 autem

2148 2607 2216 2660 ad
2257 2607 2391 2662 hanc
2430 2610 2590 2681 vitam
2632 2625 2694 2663 ex
2724 2620 3034 2681 paupertate
3058 2614 3415 2677 convertitur,
3451 2628 3554 2666 non
3587 2619 3740 2681 putet

2146 2713 2206 2755 se
2246 2700 2296 2754 id
2324 2716 2483 2771 agere
2522 2702 2661 2772 quod
2690 2704 2911 2772 agebat,
2952 2704 2996 2758 si
3034 2705 3103 2759 ab
3138 2720 3322 2759 amore
3358 2704 3440 2759 vel
3477 2704 3739 2774 augendae

2147 2792 2638 2862 quantuhecnmqne
2658 2793 2681 2825 ⁸
2704 2794 2779 2848 rei
2808 2796 3023 2863 privata:
3049 2836 3062 2860 ,
3082 2796 3189 2864 jam
3213 2812 3318 2849 non
3339 2810 3584 2865 quaerens
3611 2811 3738 2865 quae

2147 2896 2240 2936 sua
2281 2891 2443 2947 sunt,
2482 2883 2574 2937 sed
2604 2900 2723 2953 qua:
2751 2884 2875 2938 Jesu
2910 2886 3105 2940 Christi
3146 2885 3307 2955 (Ibid.
3332 2886 3426 2957 2|)
3447 2929 3460 2951 ,
3493 2887 3557 2940 ad
3585 2901 3740 2940 com-

2148 2976 2322 3028 munis
2351 2975 2472 3028 vitte
2500 2990 2560 3031 se
2587 2978 2852 3030 transtulit
2886 2980 3197 3033 charitatem
3218 3021 3233 3046 ,
3263 2981 3315 3033 in
3346 2995 3531 3033 eorum
3560 2993 3739 3034 socie-

2149 3075 2254 3121 tate
2290 3066 2557 3134 victurus,
2594 3068 2785 3137 quibus
2822 3079 2905 3124 est
2940 3070 3113 3125 anima
3155 3085 3254 3124 una
3288 3078 3340 3124 et
3366 3086 3461 3125 cor
3488 3086 3649 3122 unum
3678 3071 3736 3124 in

2147 3156 2314 3211 Deum
2335 3199 2348 3223 ,
2392 3158 2463 3212 ita
2505 3167 2560 3213 ut
2599 3175 2757 3213 nemo
2782 3161 2923 3214 dicat
2945 3162 3142 3231 aliquid
3173 3163 3437 3231 proprium
3459 3204 3472 3225 ,
3504 3161 3595 3215 sed
3623 3161 3740 3215 sint

2148 3249 2249 3303 illis
2288 3252 2463 3329 omnia
2508 3254 2809 3306 communia
2860 3253 2996 3324 (Act.
3046 3271 3130 3317 tv,
3174 3255 3288 3326 32).
3322 3255 3376 3310 Si
3406 3255 3546 3310 enim
3577 3256 3740 3324 hujus

2149 3349 2373 3396 terrena:
2420 3343 2720 3412 reipublicae
2761 3345 2961 3414 antiqui
3011 3346 3279 3415 principes
3326 3347 3743 3416 prteclariSsimo

2145 3433 2498 3501 litteratorum
2539 3451 2757 3490 suorum
2798 3438 3010 3507 eloquio
3048 3439 3323 3506 praédieari
3352 3440 3558 3504 solent,
3591 3441 3742 3510 quod

2145 3540 2260 3581 rem
2290 3541 2630 3582 communem
2661 3528 2893 3583 universi
2920 3530 3097 3599 populi
3126 3546 3238 3584 sure
3264 3531 3492 3585 civitatis
3518 3533 3742 3601 privatis

2147 3621 2257 3674 suis
2284 3622 2449 3676 rebus
2476 3623 2554 3677 sic
2580 3624 3005 3692 anteponebant,
3037 3630 3095 3678 ut
3117 3624 3328 3694 quidam
3351 3641 3534 3680 eorum
3556 3624 3738 3681 Africa

2146 3712 2376 3767 edomita
2425 3714 2812 3784 triumphator,
2855 3716 2980 3785 quid
3021 3717 3237 3771 nubenti
3278 3717 3400 3771 lilite
3438 3717 3587 3772 daret
3624 3734 3738 3774 non

2146 3802 2388 3861 habuerit
2408 3847 2425 3873 ,
2465 3807 2567 3861 nisi
2597 3823 2663 3862 ex
2698 3810 3158 3863 senatusconsulto
3187 3809 3253 3863 de
3282 3809 3491 3878 publico
3519 3810 3738 3866 dotare-

2147 3906 2232 3952 tur
2271 3899 2345 3972 (a)
2379 3918 2392 3954 :
2422 3917 2527 3973 quo
2563 3903 2740 3957 animo
2768 3904 2928 3959 debet
2952 3920 3070 3960 esse
3099 3906 3150 3960 in
3178 3908 3552 3975 rempublicam
3581 3922 3737 3961 suam

2147 3990 2278 4045 civis
2317 4004 2531 4047 trtrrnre
2572 3996 2715 4050 illius
2752 3997 2977 4052 civitatis
3014 3998 3306 4054 Jerusalem
3335 4000 3601 4065 ccclestis,
3632 4001 3741 4056 nisi

2147 4091 2206 4137 ut
2250 4083 2379 4139 illud
2431 4085 2601 4154 ipsum
2647 4090 2788 4159 quod
2827 4090 3055 4160 propriis
3093 4091 3337 4145 manibus
3373 4092 3643 4156 elaborat,
3681 4093 3742 4147 in

2148 4191 2430 4232 commune
2452 4178 2642 4234 habeat
2661 4195 2781 4235 cum
2812 4180 2973 4236 fratre
2997 4224 3010 4247 ,
3036 4184 3152 4237 etsi
3180 4184 3302 4254 quid
3328 4185 3374 4238 ei
3399 4183 3639 4247 defuerit,
3669 4184 3744 4241 de

2148 4270 2416 4325 communi
2443 4272 2724 4342 suppleat;
2754 4274 2935 4331 dicens
2962 4290 3082 4330 cum
3112 4276 3205 4330 illo
3229 4277 3383 4346 cujus
3414 4285 3742 4347 prmceptum

2150 4364 2555 4434 exemplumque
2618 4376 2833 4421 secutus
2888 4377 2999 4434 est,
3044 4369 3204 4434 Quasi
3243 4372 3373 4425 nihil
3413 4371 3647 4426 habentes
3693 4384 3747 4429 et

2149 4457 2317 4508 omnia
2346 4458 2656 4524 possidentes
2686 4458 2749 4529 (ll
2778 4457 2894 4514 Cor.
2925 4475 3009 4527 vr,
3044 4461 3181 4531 ‘10)?

2220 4548 2307 4602 55.
2332 4548 2689 4616 Quamobrem
2720 4552 2877 4605 etiam
2910 4552 2981 4605 illi
3010 4553 3096 4621 qui
3126 4552 3307 4609 relicta
3330 4554 3415 4608 vel
3433 4553 3741 4623 distributa,

2149 4639 2261 4695 sive
2291 4642 2466 4710 ampla
2492 4684 2507 4708 ,
2530 4643 2644 4698 sive
2669 4644 3043 4714 qualicumque
3068 4646 3314 4715 Opulenta
3347 4647 3618 4712 facultate,
3653 4648 3749 4701 in-

2150 4740 2232 4785 ter
2266 4748 2525 4802 pauperes
2558 4734 2755 4790 Christi
2790 4736 2874 4806 pia
2903 4746 2954 4792 et
2988 4738 3184 4793 salubri
3221 4739 3513 4794 humilitate
3553 4756 3750 4796 nume»

2148 4827 2256 4880 rari
2295 4828 2614 4895 voluerunt;
2644 4830 2689 4883 si
2718 4810 2944 4899 corpore
2972 4831 3043 4884 ita
3073 4832 3281 4898 valent,
3310 4840 3363 4887 ct
3393 4834 3460 4887 ab
3488 4834 3748 4888 ecclesia-

2149 4923 2298 4977 sticis
2337 4922 2771 4993 occupationibus
2807 4932 2997 4978 vacant
3029 4925 3353 4996 (quanquam
3381 4926 3459 4981 eis
3487 4935 3593 4981 tam
3628 4942 3751 4981 ma-

2148 5030 2310 5086 gnum
2336 5017 2497 5069 animi
2520 5016 2599 5069 sui
2621 5014 2995 5073 docnmcntum
3021 5018 3361 5074 all'erentibus
3382 5063 3395 5087 ,
3423 5028 3477 5074 et
3499 5020 3748 5090 ejusdem

2150 5107 2418 5162 societatis
2446 5107 2748 5176 indigentiae
2777 5108 2843 5163 de
2869 5108 2955 5163 his
2985 5110 3142 5165 rebus
3170 5127 3302 5180 quas
3327 5111 3627 5176 habebant,
3654 5112 3751 5167 vel

2150 5201 2434 5271 plurimum
2460 5201 2544 5257 vel
2584 5216 2691 5257 non
2732 5219 2915 5274 parum
2934 5203 3371 5276 'conl‘erentibus,
3416 5207 3585 5262 vicem
3622 5219 3749 5261 sus-

2215 5426 2232 5488 ξ
2265 5422 2339 5488 sic
2361 5429 2464 5472 Mss.
2490 5422 2704 5488 Atediti,
2722 5421 2935 5488 opifices.

2213 5485 2234 5557 ξ
2267 5486 2336 5557 sic
2360 5493 2488 5557 vss.”
2504 5484 2778 5557 Editi‘vero,
2802 5484 2870 5535 ait
2893 5484 3011 5557 quid
3017 5486 3225 5557 faceret.

2212 5549 2235 5615 ξ
2270 5554 2368 5615 nuo
2390 5548 2596 5615 veneant
2629 5545 3051 5615 uss.:_'_ruec_nob£s
3073 5553 3205 5597 tanta
3234 5547 3495 5615 auctoritas
3520 5545 3750 5615 «inicere

2151 5606 2313 5673 debuit
2356 5609 2691 5673 relinquendi:
2723 5610 2807 5673 Alii
2832 5610 3056 5672 quidam,
3102 5621 3193 5660 nec
3214 5608 3367 5673 nobis,
3392 5619 3488 5661 etc.

2214 5673 2235 5703 ⁸
2272 5672 2436 5721 Plures
2458 5670 2582 5729 Mss,
2608 5670 2883 5732 iit/labatur.

2213 5735 2234 5798 If
2269 5734 2339 5783 sic
2362 5742 2465 5798 Mss.
2496 5742 2547 5781 At
2571 5732 3235 5798 editi,_untumCW°

2214 5796 2477 5862 (a)“Scipio,
2502 5794 2811 5862 apudjaler.
2836 5795 2922 5847 lib.
2947 5794 3201 5862 4,.capdi,
3224 5803 3277 5849 el.
3296 5802 3412 5848 Zon.
3428 5796 3477 5861 2,
3495 5802 3751 5852 am

2052 5916 2075 5926 α
2153 5853 2474 5919 αόἈὼωέωῃ
2493 5853 2599 5921 cap.
2630 5857 2702 5907 12.
