4070 6334
493 437 596 498 575

493 563 604 609 tres
632 567 824 624 pueros
851 551 920 606 de
941 551 1130 606 mediis
1153 549 1360 620 ignibus
1386 550 1629 604 liberaret
1659 549 1813 619 (Dan.
1844 561 1931 610 ιιι,
1960 545 2075 614 50).

493 647 600 699 Aut
632 654 847 714 propter
872 645 975 697 hoc
1017 659 1120 699 nec
1156 643 1411 696 Dominus
1451 643 1629 696 dicere
1655 640 1866 702 debuit,
1899 638 1960 693 Si
1997 653 2082 690 vos

492 739 742 808 persecuti
807 739 994 808 fuerint
1055 737 1108 790 in
1163 753 1264 788 una
1327 736 1560 800 civitate,
1629 736 1786 806 fugite
1829 734 1881 785 in
1927 731 2082 784 aliam

498 827 710 897 (Matth.
751 844 814 888 ι,
872 827 995 890 25);
1045 827 1164 896 quia
1200 827 1313 895 ipse
1361 827 1530 892 dixit,
1572 825 1631 880 Si
1679 825 1800 892 quid
1848 823 2082 892 petieritis

496 919 702 972 Patrem
743 919 795 972 in
837 921 1036 974 nomine
1081 935 1215 981 meo,
1255 918 1393 971 dabit
1433 919 1567 971 vobis
1595 916 1771 986 (Joau.
1802 931 1892 969 XVI
1917 959 1930 980 ,
1963 915 2078 982 25).

492 1011 641 1065 Sicut
680 1026 806 1080 ergo
833 1011 1072 1079 quisquis
1097 1011 1520 1080 persecutionem
1554 1008 1872 1078 fugientibus
1915 1007 2078 1060 disci-

494 1102 632 1168 pulis
673 1098 866 1153 Christi
909 1100 1164 1169 ohjiceret
1212 1099 1512 1168 hujusmodi
1561 1099 1942 1168 quzestionem,
1988 1113 2080 1150 cur

497 1207 600 1244 non
629 1191 864 1245 stetisset
907 1193 1081 1259 potius
1102 1233 1116 1256 ,
1148 1199 1202 1245 et
1255 1193 1498 1245 invocato
1528 1190 1636 1244 Deo
1665 1207 1758 1260 per
1782 1189 1897 1258 ejus
1924 1190 2078 1242 miras

501 1282 624 1335 bilia
652 1284 728 1338 sic
759 1292 1167 1344 eruerentur,ut
1191 1284 1670 1337 Danielaleonibus
1701 1283 1860 1350 (Dan.
1893 1299 1964 1344 γι,
1988 1282 2078 1343 25.

499 1383 546 1425 et
568 1389 658 1425 xw
681 1414 694 1434 ,
726 1373 820 1442 40)
842 1415 855 1436 ,
885 1383 940 1426 ut
967 1375 1154 1428 Petrus
1211 1389 1275 1427 ex
1312 1375 1535 1430 vinculis
1563 1374 1694 1446 (Act.
1723 1391 1795 1428 xu
1818 1416 1832 1438 ,
1865 1375 1957 1442 7);
2001 1390 2082 1428 re-

501 1463 833 1531 sponderent
871 1480 972 1516 non
1035 1481 1093 1519 se
1141 1467 1446 1534 Oportnisse
1492 1476 1696 1520 tentare
1743 1467 1942 1529 Deum,
1991 1465 2083 1520 sed

503 1563 630 1609 tunc
654 1571 776 1610 eum
809 1556 932 1609 talia
959 1557 1004 1611 si
1034 1558 1193 1611 vellet
1214 1573 1333 1612 esse
1357 1557 1614 1612 facturum
1636 1601 1650 1622 ,
1676 1573 1796 1611 cmn
1828 1557 1924 1626 ipsi
1955 1557 2082 1626 quid

497 1646 734 1701 facerent
765 1663 868 1700 non
899 1648 1189 1710 haberent;
1219 1665 1339 1703 cum
1373 1665 1498 1704 vero
1530 1652 1606 1704 eis
1634 1650 1806 1720 fugam
1852 1652 1901 1703 in
1931 1659 2084 1720 pote-

497 1748 685 1792 saltem
712 1738 979 1804 dedisSet,
1022 1739 1228 1793 etiamsi
1257 1756 1354 1809 per
1381 1741 1524 1793 illam
1561 1740 1916 1794 liberarentur
1936 1783 1949 1804 ,
1978 1757 2085 1796 non

499 1829 601 1882 nisi
631 1829 696 1882 ab
726 1829 842 1897 ipso
875 1829 1086 1883 liberari
1118 1846 1132 1881 :
1163 1831 1242 1884 sic
1263 1834 1420 1885 etiam
1452 1832 1545 1886 Dei
1577 1833 1745 1884 servis
1771 1833 2087 1886 vacantibus

497 1928 551 1972 et
593 1919 889 1973 valentibus
915 1921 1166 1988 exemplo
1211 1930 1264 1974 et
1303 1929 1568 1990 praacepto
1593 1922 1886 1990 apostolico
1917 1921 2088 1974 mani-

499 2009 598 2064 bus
619 2010 730 2063 suis
758 2011 953 2063 victum
979 2012 1272 2077 transigere
1293 2053 1307 2075 ,
1341 2013 1384 2065 si
1412 2012 1530 2080 quis
1556 2028 1621 2066 ex
1651 2013 1936 2082 Evangelio
1967 2028 2084 2065 mo-

500 2101 636 2154 verit
663 2101 1012 2169 quaestionem
1057 2102 1123 2154 de
1167 2101 1468 2156 volatilibus
1510 2103 1668 2168 cmli,
1696 2119 1815 2172 qure
1862 2119 1964 2157 non
1997 2118 2085 2156 se-

503 2190 743 2254 minant,
793 2207 965 2259 neque
1011 2200 1250 2257 metunt,
1301 2208 1473 2262 neque
1511 2203 1838 2266 congregant
1865 2195 1916 2248 in
1963 2210 2090 2263 apo-

503 2283 720 2347 thecas,
761 2290 816 2337 et
848 2283 916 2336 de
938 2283 1062 2336 liliis
1100 2285 1248 2353 agri,
1295 2285 1416 2353 quia
1449 2301 1552 2338 non
1594 2285 1874 2352 laborant,
1918 2301 2090 2356 neque

503 2382 668 2435 nent;
701 2373 857 2428 facile
885 2375 1317 2444 respondclmnt,
1344 2377 1401 2431 Si
1431 2387 1484 2432 et
1505 2393 1602 2432 nos
1631 2395 1725 2448 per
1743 2379 1971 2448 aliquam
2004 2379 2089 2434 vel

504 2465 869 2520 inﬁrmitatem
910 2467 993 2520 vel
1023 2469 1424 2537 occupationem
1471 2485 1573 2523 non
1604 2471 1873 2540 possimus
1901 2485 2091 2540 opera-

503 2556 667 2621 ri,sic
699 2557 789 2611 ille
821 2572 918 2611 nos
943 2568 1126 2627 pascet
1153 2567 1209 2612 et
1237 2562 1449 2627 vestiet,
1481 2561 1928 2630 quemadmodum
1959 2577 2090 2617 aves

502 2657 557 2702 et
587 2648 690 2703 lilia
713 2690 728 2715 ,
772 2666 891 2720 quae
923 2651 1053 2705 nihil
1082 2664 1373 2720 operantur
1401 2653 1766 2721 hujuscemodi
1803 2673 1815 2709 :
1845 2670 1965 2709 cum
1997 2671 2093 2709 au-

504 2747 613 2793 tem
643 2755 923 2808 possumus
942 2781 958 2807 ,
983 2758 1086 2796 non
1109 2743 1363 2798 debemus
1393 2753 1597 2799 tentare
1623 2746 1789 2800 Deum
1815 2755 2088 2810 nostrum;

507 2832 630 2899 quia
657 2841 710 2885 et
737 2833 840 2886 hoc
865 2834 1002 2902 quod
1030 2851 1340 2904 possumus,
1375 2838 1487 2904 ejus
1527 2854 1745 2894 munere
1773 2854 2089 2911 possumus,

507 2930 700 2974 etcum
730 2922 853 2977 hinc
889 2925 1141 2989 vivimus,
1175 2928 1265 2981 illo
1291 2930 1548 2996 largiente
1574 2930 1802 2985 vivimus
1822 2973 1834 2993 ,
1863 2932 1952 3000 qui
1985 2931 2091 2984 lar-

507 3011 648 3079 gitus
686 3021 768 3066 est
815 3024 872 3066 ut
919 3017 1201 3084 possimus.
1253 3017 1320 3071 Et
1359 3019 1478 3072 ideo
1520 3018 1586 3074 de
1615 3020 1729 3075 istis
1779 3021 2094 3075 necessariis

510 3103 721 3158 solliciti
749 3121 852 3160 nou
880 3124 1094 3174 sumus;
1127 3111 1250 3178 quia
1289 3125 1409 3164 cum
1449 3113 1561 3165 haec
1589 3126 1870 3181 possumus
1895 3128 2052 3182 agerc
2074 3154 2092 3181 ,

510 3196 598 3252 ille
628 3213 723 3251 nos
752 3201 918 3268 pascit
943 3211 995 3254 et
1039 3203 1231 3268 vestit,
1263 3218 1291 3256 a
1315 3219 1422 3273 quo
1450 3213 1741 3273 pascuntur
1769 3205 2012 3259 homines
2043 3215 2095 3260 et

513 3290 808 3343 vestiuntur
856 3309 869 3342 :
917 3308 1036 3346 cum
1087 3309 1216 3350 vero
1259 3294 1376 3349 hare
1422 3311 1526 3349 non
1569 3311 1852 3366 possumus
1896 3313 2093 3367 agere,

510 3381 650 3435 idem
683 3383 797 3452 ipse
833 3399 930 3439 nos
957 3387 1124 3453 pascit
1150 3395 1203 3440 et
1242 3389 1478 3453 vcstit,a
1504 3403 1608 3457 quo
1648 3403 1776 3442 aves
1805 3401 2098 3458 pascuntur

507 3486 561 3529 et
593 3475 697 3528 lilia
739 3478 1076 3542 vestiuntur;
1121 3479 1370 3547 quoniam
1420 3494 1516 3534 nos
1551 3480 1720 3550 pluris
1755 3496 1938 3534 smnus
1971 3481 2092 3534 illis.

509 3568 843 3637 Quapropter
887 3570 938 3622 in
989 3569 1085 3622 ista
1124 3570 1307 3622 militia
1353 3571 1767 3636 nostra,necin
1804 3573 2094 3626 crastinum

508 3663 832 3726 cogitamus;
877 3660 996 3726 quia
1044 3675 1148 3712 non
1199 3670 1414 3729 propter
1459 3662 1556 3713 ista
1600 3662 1941 3730 temporalia,
1992 3678 2098 3730 quo

510 3750 741 3815 pertinet
781 3749 1049 3802 crastinus
1069 3791 1083 3814 ,
1117 3750 1212 3804 sed
1250 3761 1464 3819 propter
1494 3752 1579 3804 illa
1603 3753 1925 3819 sempiterna
1950 3794 1964 3818 ,
1999 3753 2094 3808 ubi

511 3853 723 3906 semper
777 3839 1064 3894 hodiernus
1107 3850 1216 3904 est,
1268 3856 1366 3894 nos
1416 3842 1486 3895 illi
1538 3842 1914 3910 probavimus,
1957 3852 2018 3897 ut
2049 3844 2097 3897 ei

511 3929 671 3982 nullis
711 3932 936 3999 negotiis
975 3933 1321 3988 surcularibus
1363 3933 1618 4003 implicati
1677 3935 1982 4005 placeamus
2033 3934 2099 4005 (ll

513 4020 644 4076 Tim.
673 4038 705 4075 ιι
727 4064 742 4087 ,
771 4026 849 4093 4).

581 4111 806 4168 CAPUT
846 4114 1083 4168 XXVIII.
1131 4146 1199 4156 —
1238 4117 1325 4171 36.
1365 4117 1615 4188 Graphice
1648 4119 1878 4172 describit
1922 4135 2100 4172 mona-

513 4203 633 4256 chos
654 4189 838 4257 otiosos
863 4217 910 4258 et
951 4221 1122 4276 vagos.
1160 4209 1288 4272 Qua:
1313 4223 1432 4261 cum
1459 4210 1527 4261 ita
1557 4210 1690 4273 sint,
1721 4211 1835 4263 sine
1859 4227 1945 4263 me
1973 4227 2098 4279 pau-

425 4286 428 4292 ’
514 4293 710 4360 Iulum,
742 4305 923 4352 sancte
953 4296 1114 4351 frater
1165 4297 1279 4368 (dat
1307 4301 1446 4353 enim
1480 4301 1605 4352 mihi
1636 4301 1888 4354 Dominus
1923 4319 2016 4371 per
2047 4313 2098 4357 te

513 4403 758 4456 magnam
797 4389 1069 4459 fiduciam)
1093 4432 1107 4454 ,
1141 4407 1235 4445 eos
1264 4393 1408 4461 ipsos
1431 4392 1626 4462 alloqui
1659 4393 1795 4446 filios
1825 4404 1879 4448 et
1906 4393 2098 4449 fratres

512 4493 730 4536 nostros
755 4525 769 4548 ,
798 4498 932 4552 quos
963 4486 1083 4536 novi
1110 4494 1304 4554 quanta
1333 4485 1610 4538 nobiscum
1653 4487 1934 4540 dilectione
1973 4502 2096 4557 par-

511 4575 712 4639 turias,
757 4575 930 4630 donec
970 4577 1020 4630 in
1053 4577 1130 4630 eis
1168 4578 1456 4646 apostolica
1506 4578 1785 4647 disciplina
1818 4580 2094 4633 formetur.

515 4665 559 4720 Ο
584 4668 722 4721 servi
766 4668 894 4732 Dei,
923 4669 1116 4723 milites
1143 4669 1366 4734 Christi,
1412 4671 1553 4725 itane
1582 4671 1927 4726 dissimulatis
1952 4673 2099 4726 calli-

513 4755 718 4811 dissimi
766 4759 931 4812 hostis
977 4759 1228 4826 insidias,
1260 4762 1348 4831 qui
1391 4762 1582 4816 bonam
1611 4762 1800 4816 famam
1826 4774 2095 4832 vestram,

514 4857 622 4902 tam
651 4849 846 4904 bonum
872 4849 1065 4904 Christi
1111 4850 1328 4906 odorem
1349 4895 1362 4917 ,
1394 4870 1460 4907 ne
1496 4853 1676 4907 dicant
1703 4847 1895 4908 anima:
1923 4857 2096 4920 bonae,

515 4940 641 4996 Post
681 4943 883 4996 odorem
927 4953 1298 5014 unguentorum
1327 4956 1530 4998 tuorum
1552 4963 1810 5000 currenms
1841 4946 2012 5018 (Cant.
2040 4964 2094 5014 ι,

517 5034 596 5105 5),
610 5044 664 5088 et
685 5036 762 5090 sic
789 5037 1006 5106 laqueos
1025 5037 1141 5106 ejus
1166 5037 1414 5104 evadant,
1432 5039 1574 5091 omni
1595 5039 1753 5092 modo
1765 5041 1985 5108 cupiens
2004 5041 2100 5095 ob-

515 5143 732 5183 scurare
750 5129 1023 5198 potoribus
1041 5131 1170 5193 suis,
1193 5139 1297 5183 tam
1319 5131 1511 5184 multos
1531 5130 1834 5201 hypocritas
1851 5132 1948 5185 sub
1962 5132 2102 5186 habi-

519 5227 575 5271 tu
615 5222 994 5275 tnauachorum
1018 5237 1398 5292 usquequaque
1419 5223 1686 5292 tliSpersit,
1708 5224 2098 5280 circumeuntes

513 5311 838 5378 provincias,
864 5328 1122 5383 nusquam
1148 5316 1359 5377 missos,
1383 5331 1636 5382 nusquam
1665 5314 1816 5378 fixos,
1838 5331 2096 5384 nusquam

521 5409 757 5467 stantes,
781 5420 1039 5474 nusquam
1085 5406 1351 5461 sedentes.
1389 5407 1491 5460 Alii
1521 5408 1757 5461 membra
1780 5419 2094 5479 martyrum,

513 5491 561 5546 ei
595 5501 772 5546 tamen
801 5507 1112 5566 martyrum,
1134 5499 1404 5552 venditant
1425 5517 1438 5564 ;
1459 5499 1858 5554 aliiiimbriaset
1883 5503 2101 5571 phylac-

517 5582 648 5635 teria
696 5598 788 5637 sua
821 5587 1194 5656 magnificam;
1241 5591 1325 5642 alii
1380 5601 1624 5660 parentes
1652 5594 1732 5645 vel
1777 5594 2097 5662 consangui-

515 5687 646 5725 neos
673 5689 798 5728 suos
828 5676 876 5730 in
923 5680 1008 5732 illa
1039 5680 1118 5732 vel
1168 5682 1218 5734 in
1252 5683 1337 5735 illa
1368 5686 1583 5752 regione
1630 5700 1685 5737 se
1713 5685 1924 5739 audisse
1949 5686 2098 5740 vive-

516 5783 606 5830 re,
633 5779 687 5821 et
711 5769 775 5823 ad
803 5785 894 5824 eos
935 5788 1155 5842 pergere
1183 5780 1544 5844 mentiuntur;
1576 5789 1628 5834 et
1662 5795 1846 5836 omnes
1879 5788 2094 5848 petunt,

513 5873 704 5920 omnes
727 5861 978 5939 exigunt,
1020 5875 1110 5926 aut
1160 5881 1400 5944 sumptus
1429 5873 1652 5944 lucrosae
1691 5873 1971 5946 egestatis,
2003 5882 2098 5934 aut

1410 437 1497 492 DE
1532 435 1756 492 orcae
1795 427 2288 498 uomenoauu,
2329 430 2384 486 s.
2428 388 2791 490 incusum

3663 429 3770 489 578

2191 543 2450 598 simulata:
2497 547 2724 613 pretium
2767 541 3059 598 sanctitatis
3086 555 3102 597 :
3129 551 3248 597 cum
3285 541 3488 598 interea
3528 537 3773 596 ubicum-

2189 649 2291 702 que
2318 634 2368 688 in
2402 635 2552 689 factis
2578 637 2688 690 suis
2714 636 2866 690 malis
2901 633 3220 705 deprehensi
3249 633 3447 687 fuerint
3467 674 3481 696 ,
3507 634 3595 687 vel
3637 648 3774 702 quo-

2190 742 2295 795 quo
2338 728 2495 782 modo
2526 729 2884 795 innotuerint,
2917 729 3016 783 sub
3054 728 3285 798 generali
3330 727 3544 781 nomine
3577 741 3771 781 mona-

2189 819 2412 874 chorum
2470 830 2704 876 vestrum
2772 823 3096 892 propositum
3160 821 3590 890 blasphematur,
3659 830 3776 875 tam

2189 911 2384 965 bonum
2407 955 2420 976 ,
2451 921 2554 967 tam
2581 925 2821 968 sanctum
2843 955 2857 979 ,
2889 913 3028 984 quod
3061 914 3111 966 in
3137 911 3336 967 Christi
3368 913 3585 967 nomine
3628 914 3781 982 cupi-

2189 1018 2338 1067 mus,
2384 1004 2523 1058 sicut
2568 1022 2662 1074 per
2706 1006 2839 1060 alias
2871 1014 3041 1059 terras
3062 1047 3077 1072 ,
3126 1005 3203 1059 sic
3231 1021 3324 1073 per
3344 1012 3509 1058 totam
3537 1003 3780 1059 Africam

2191 1097 2468 1166 pullulare.
2495 1098 2678 1152 Nonne
2717 1114 2845 1168 ergo
2868 1097 3266 1151 inflammamini
3292 1098 3408 1151 zelo
3431 1096 3560 1150 Dei?
3590 1095 3782 1151 Nonne

2190 1188 2511 1241 concalescit
2536 1204 2630 1243 cor
2671 1199 2906 1242 vestrum
2937 1190 3071 1242 intra
3100 1204 3222 1255 vos,
3267 1199 3320 1241 et
3351 1189 3402 1241 in
3431 1187 3782 1242 meditatione

2192 1290 2366 1334 vestra
2397 1281 2694 1336 exardescit
2725 1283 2860 1350 ignis
2883 1281 3050 1353 (Psat.
3083 1298 3317 1344 xxxvm,
3352 1280 3406 1353 4)
3428 1323 3442 1346 ,
3470 1289 3524 1334 ut
3552 1281 3782 1334 istorum

2191 1373 2329 1424 mala
2353 1387 2512 1440 opera
2543 1373 2696 1426 bonis
2723 1373 2974 1442 operibus
3005 1373 3397 1443 persequamini
3420 1414 3434 1436 ,
3468 1380 3523 1424 ut
3561 1371 3640 1425 eis
3668 1384 3786 1423 am-

2194 1467 2389 1534 putetis
2452 1467 2786 1520 occasionem
2854 1465 3081 1534 turpium
3131 1465 3522 1528 nundinarum,
3587 1463 3788 1532 quibus

2193 1556 2516 1609 existimatio
2545 1567 2720 1610 vestra
2769 1556 3005 1622 larditur,
3049 1566 3103 1611 et
3131 1556 3357 1609 infirmis
3399 1553 3786 1608 olfendiculnm

2195 1646 2446 1714 ponitur?
2494 1646 2812 1701 Miseremini
2841 1662 2969 1716 ergo
2996 1655 3049 1700 et
3075 1646 3435 1714 compatimini
3458 1687 3472 1709 ,
3515 1653 3568 1697 et
3594 1650 3786 1697 osten-

2192 1738 2300 1792 dite
2330 1737 2667 1803 hominibus,
2693 1753 2797 1793 non
2823 1753 2920 1791 vos
2961 1739 3014 1791 in
3045 1739 3156 1791 otio
3185 1737 3397 1792 facilem
3429 1737 3658 1800 victum,
3689 1733 3790 1788 sed

2196 1848 2290 1901 per
2318 1842 2594 1902 angustam
2643 1841 2697 1886 et
2739 1840 2940 1885 arctam
2983 1831 3120 1884 viam
3172 1831 3328 1899 hujus
3375 1829 3666 1899 propositi,
3697 1842 3792 1883 re-

2193 1939 2354 1999 gnum
2389 1924 2480 1977 Dei
2510 1940 2770 1993 qnmrere.
2803 1923 2999 1978 Eadem
3024 1915 3172 1976 vob'is
3197 1938 3355 1977 causa
3380 1931 3462 1977 est
3490 1939 3608 1993 quae
3639 1927 3794 1994 Apo-

2195 2017 2332 2070 stolo
2376 2018 2504 2082 fuit,
2537 2025 2594 2070 ut
2620 2017 2904 2085 amputetis
2937 2015 3271 2071 occasionem
3311 2016 3374 2068 iis
3401 2015 3489 2084 qui
3535 2026 3792 2084 qtuerunt

2195 2109 2527 2162 occasionem
2597 2106 2661 2178 (ll
2701 2107 2819 2161 Cor.
2865 2123 2956 2173 πει,
3029 2107 3155 2177 1'2),
3201 2117 3258 2160 ut
3307 2107 3395 2175 qui
3441 2105 3654 2160 illorum
3685 2125 3791 2177 pu-

2198 2198 2401 2252 toribus
2441 2197 2820 2268 przefocantur,
2871 2197 2924 2251 in
2965 2197 3131 2252 odore
3169 2205 3344 2251 vestro
3366 2197 3505 2251 bono
3533 2198 3792 2252 reﬁcian-

2195 2297 2302 2343 llll'.
2754 2324 2761 2334 '

2265 2379 2492 2435 CAPUT
2529 2379 2915 2434 XXIX—57.
2951 2379 3317 2449 Occupationes
3339 2379 3606 2450 Augustini
3656 2378 3799 2432 Mal-

2197 2472 2262 2525 let
2299 2487 2438 2524 more
2463 2469 2831 2524 Monac/torum
2861 2472 3060 2540 operari
3088 2471 3236 2523 certis
3263 2470 3418 2522 horis.
3449 2469 3562 2524 Non
3595 2470 3793 2540 alliga-
3865 2527 3874 2534 _

2197 2577 2315 2616 mus
2353 2576 2514 2614 onera
2556 2561 2769 2632 gravia;
2829 2569 2883 2613 et
2928 2561 3118 2614 vestris
3163 2559 3400 2614 humeris
3463 2559 3796 2628 imponimus

2199 2667 2315 2721 qua:
2360 2667 2458 2706 nos
2496 2651 2661 2722 digito
2687 2652 2949 2721 attingere
2990 2653 3238 2706 nolumus
3265 2641 3478 2720 (Matth.
3508 2668 3640 2706 xxm
3661 2695 3676 2719 ,
3707 2652 3794 2724 4).

2198 2746 2519 2812 Qu:erite,et
2544 2746 2816 2814 agnoscite
2861 2745 3072 2798 labores
3129 2747 3534 2813 occupationum
3582 2754 3800 2799 nostra-

2197 2855 2347 2904 rum,
2383 2848 2436 2892 et
2461 2839 2512 2893 in
2551 2839 2812 2908 aliquibus
2857 2847 3158 2893 nostrorum
3190 2839 3351 2892 etiam
3377 2852 3661 2908 corporum
3709 2838 3800 2892 in-

2201 2929 2513 2996 firmitates,
2561 2939 2615 2984 et
2657 2930 3010 2984 Ecclesiarum
3062 2929 3258 2999 quibus
3303 2933 3569 2983 servimus
3627 2928 3798 2984 talem

2194 3021 2305 3091 jam
2342 3021 2818 3087 consuetudinem,
2851 3031 2906 3075 ut
2955 3036 3052 3074 nos
3095 3020 3161 3074 ad
3193 3021 3280 3075 illa
3329 3035 3488 3090 Opera
3511 3062 3526 3084 ,
3569 3021 3636 3075 ad
3667 3035 3802 3090 qum

2203 3127 2297 3166 vos
2341 3111 2649 3175 hortamur,
2695 3127 2883 3166 vacare
2928 3126 3031 3166 non
3058 3097 3254 3166 sinant.
3286 3109 3595 3179 Quanquam
3638 3111 3800 3165 enim

2201 3207 2380 3262 dicere
2407 3207 2670 3276 possimus
2690 3247 2704 3270 ,
2741 3204 2867 3272 Quis
2888 3205 3072 3258 militat
3106 3204 3210 3258 suis
3243 3203 3501 3274 stipendiis
3521 3219 3751 3273 unquam
3773 3204 3802 3257 Ρ

2206 3298 2331 3366 Quis
2358 3299 2554 3368 plantat
2596 3299 2791 3350 vineam
2813 3337 2825 3359 ,
2851 3305 2896 3349 et
2926 3295 2987 3350 de
3014 3297 3183 3366 fructu
3222 3297 3333 3364 ejus
3375 3311 3474 3347 non
3496 3294 3632 3347 edit?
3662 3293 3802 3360 Quis

2203 3393 2366 3464 pascit
2405 3407 2634 3463 gregem,
2665 3399 2711 3445 et
2744 3389 2807 3442 de
2836 3390 2966 3442 lacte
3007 3389 3172 3460 gregis
3201 3404 3302 3440 non
3341 3384 3593 3457 percipit(
3622 3385 3638 3437 Ι
3669 3385 3799 3440 Cor.

2203 3500 2291 3548 nt,
2326 3484 2420 3555 7)?
2464 3483 2662 3536 Tamen
2691 3481 2989 3534 .Dominum
3033 3480 3247 3545 Jcsum,
3281 3479 3334 3532 in
3376 3477 3528 3546 cujus
3574 3477 3802 3532 nomine

2203 3592 2422 3633 securus
2472 3576 2586 3630 hmo—
2627 3575 2782 3638 dico,
2841 3582 3033 3627 testem
3095 3573 3284 3626 invoco
3345 3585 3506 3640 super
3559 3569 3800 3622 animam

2204 3684 2376 3722 meam
2399 3711 2414 3733 ,
2462 3669 2714 3738 quoniam
2756 3675 3013 3734 quantum
3044 3663 3233 3718 attinet
3254 3662 3320 3717 ad
3352 3676 3526 3715 meum
3554 3674 3803 3715 commo-

2202 3762 2326 3817 dum
2347 3803 2360 3825 ,
2395 3761 2560 3813 multo
2596 3759 2807 3813 mallem
2839 3773 2935 3826 per
2979 3757 3215 3826 singulos
3256 3755 3371 3809 dies
3397 3754 3558 3808 certis
3602 3752 3755 3806 horis
3779 3794 3798 3819 ,

2203 3860 2454 3923 quantum
2487 3852 2536 3904 in
2585 3850 2720 3904 bene
2759 3847 3049 3903 moderatis
3079 3845 3416 3902 monasteriis
3444 3845 3798 3899 constitutum

2202 3952 2314 4007 est,
2362 3940 2556 4010 aliquid
2600 3939 2842 3992 manibus
2887 3937 3096 4006 operari
3123 3939 3218 4005 (a),
3251 3945 3307 3991 et
3338 3942 3558 3989 caeteras
3588 3934 3753 3987 horas
3777 3935 3798 3964 ¹

2203 4033 2400 4086 habere
2446 4031 2510 4084 ad
2541 4029 2825 4100 legendum
2853 4036 2907 4082 et
2935 4028 3224 4089 orandum,
3258 4033 3349 4079 aut
3372 4023 3566 4095 aliquid
3607 4022 3675 4076 de
3704 4022 3798 4077 di-

2202 4125 2338 4178 vinis
2367 4123 2580 4178 Litteris
2624 4121 2882 4191 agendum
2913 4119 3104 4173 liberas
3125 4161 3139 4184 ,
3173 4133 3330 4187 quam
3374 4114 3800 4169 tumultuosissi-

2203 4233 2316 4270 mas
2355 4215 2730 4287 perplexitatcs
2757 4226 3034 4266 causarum
3063 4209 3355 4263 alienarum
3390 4208 3492 4274 pati
3533 4206 3599 4259 de
3628 4219 3800 4273 nego-

2207 4309 2290 4363 tiis
2331 4306 2673 4360 szccularibus
2713 4305 2795 4358 vel
2835 4302 3122 4372 judicando
3147 4298 3489 4362 dirimendis,
3524 4297 3601 4350 vel
3636 4298 3802 4350 inter-

2201 4398 2464 4454 venietqu
2493 4397 2845 4468 prmcidendis
2880 4413 2892 4449 :
2923 4395 3113 4463 quibus
3139 4407 3236 4446 nos
3259 4389 3517 4444 molestiis
3540 4387 3677 4441 idem
3709 4387 3801 4438 af-

2203 4495 2361 4548 tisit’
2414 4494 2717 4563 apostolus.
2749 4505 2855 4543 non
2883 4489 3061 4558 utique
3106 4501 3237 4552 suo,
3286 4485 3376 4537 sed
3421 4483 3536 4551 ejus
3580 4481 3666 4548 qui
3696 4495 3804 4548 per

2203 4604 2322 4644 eum
2353 4589 2666 4657 loquebatur
2695 4583 2945 4646 arbitrio,
2980 4595 3110 4650 quas
3139 4590 3316 4632 tamen
3351 4577 3522 4644 ipsum
3573 4586 3801 4642 perpes-

2203 4696 2318 4734 sum
2375 4678 2534 4732 fuisse
2581 4693 2686 4730 non
2734 4674 2979 4743 legimus.
3029 4671 3178 4724 Alter
3219 4670 3361 4724 enim
3411 4682 3470 4721 se
3517 4664 3799 4718 habebat'

2203 4771 2528 4841 apostolatus
2565 4769 2680 4837 ejus
2729 4766 3017 4822 discursus.
3048 4762 3156 4817 Nec
3191 4761 3352 4825 dixit,
3386 4758 3668 4813 Sa'cularia
3697 4757 3801 4826 igi-

2267 4951 2284 4984 ¹
2322 4949 2510 5012 Aliquot
2530 4955 2659 5006 Mss,
2684 4949 2906 5012 ett-citas
2929 4942 3089 4993 horas.

2266 5015 2286 5044 ³
2321 5005 2486 5060 Plures
2505 5018 2631 5065 Mm,
2649 5005 2652 5006 ⁷
2667 5005 2854 5070 aﬂlixit.

2269 5075 2289 5106 ³
2323 5081 2370 5121 lu
2397 5083 2498 5121 Mss.
2526 5066 2776 5129 nutltisfse
2800 5066 3050 5118 habebant.

2267 5137 2339 5196 (τι)
2363 5137 2478 5184 uiue
2501 5146 2529 5181 a
2553 5139 2599 5180 Β.
2623 5121 2887 5198 ueuedicto
2925 5131 3236 5198 constitutum
3259 5127 3309 5198 in
3331 5123 3658 5198 Regula,_cap.
3684 5121 3750 5170 48
3771 5137 3786 5172 :

2212 5218 2233 5245 tt
2253 5185 2406 5246 Certis
2431 5195 2730 5260 temporibus
2750 5193 2970 5260 occupari
2999 5192 3192 5260 debent
3215 5185 3462 5260 fratresiu
3491 5185 3660 5260 labpre
3684 5198 3794 5260 ma-

2212 5279 2232 5306 «
2259 5272 2422 5315 unum.
2461 5246 2610 5306 certis
2643 5257 2820 5306 iterum
2843 5246 2975 5302 libris
2997 5256 3044 5302 in
3079 5253 3289 5320 lectione
3313 5250 3490 5320 divina:
3512 5267 3532 5291 ιι
3564 5246 3798 5320 Famdctn

2204 5321 2393 5372 vivendi
2412 5309 2634 5383 'uormam
2658 5320 2885 5383 servabat
2911 5315 3154 5383 Aitgustini
3177 5320 3389 5383 sectator
3407 5309 3707 5383 Fulgentius,
3728 5309 3799 5382 de

2204 5398 2301 5446 quo
2324 5382 2592 5446 Ferraudus
2613 5383 2661 5428 in
2680 5381 2788 5446 ejus
2809 5381 2928 5438 vita,
2947 5375 3052 5438 cap.
3073 5376 3130 5424 H
3155 5390 3165 5423 :
3195 5394 3216 5420 ι
3247 5375 3470 5446 \‘tanihus.
3494 5375 3799 5446 itiqpit,Isp-is

2213 5433 2236 5492 (ἒ
2256 5443 2612 5494 delectabiliter
2627 5433 2937 5505 Oporahatur.
2964 5433 3073 5488 Nam
3101 5445 3148 5505 c_t
3168 5437 3290 5505 _s_cri_|_
3305 5437 3424 5505 toris
3444 5443 3548 5482 arte
3565 5433 3796 5505 laudabi-

2212 5526 2232 5552 «
2257 5507 2368 5556 liter
2391 5507 2637 5563 utebatur,
2661 5495 2713 5554 et
2737 5518 2799 5552 ex
2828 5503 3087 5564 palmarum
3118 5495 3794 5566 foliisllatiellosszepissime

2212 5589 2232 5617 ς(
2257 5569 2551 5618 coutcxeliat
2577 5582 2587 5616 :
2617 5559 2692 5615 cui
2730 5581 2772 5624 (η
2795 5559 2884 5622 eri,
2914 5566 3058 5612 etiam
3079 5575 3188 5610 cum
3225 5561 3400 5626 fuisset
3431 5559 3598 5626 abigas,
3627 5559 3675 5603 iu
3698 5567 3796 5626 suo

2212 5650 2234 5678 α
2258 5631 2550 5680 t‘nouasterio
2573 5619 2789 5678 vacabat.
2813 5619 3016 5674 Lectioui
3041 5633 3202 5671 autem
3225 5624 3272 5670 in
3295 5619 3473 5670 cellula
3499 5619 3793 5679 frequenter

2213 5713 2234 5740 ιι
2258 5707 2414 5743 coram
2451 5694 2680 5741 fratribus
2719 5691 2988 5738 insistebat.
3021 5703 3042 5728 ν
3081 5692 3133 5733 tit
3168 5699 3271 5745 cap.
3300 5684 3356 5730 :27
3397 5696 3407 5729 :
3455 5699 3474 5724 α
3501 5681 3795 5730 laborantes

2212 5775 2234 5802 ci
2257 5757 2432 5817 fratres
2457 5763 2508 5804 et
2533 5767 2683 5817 Opera
2718 5749 2926 5817 carnalia
2960 5745 3434 5817 indefessisviribus
3468 5749 3791 5817 exurgentes.

2212 5801 2234 5866 ᾇ
2256 5801 2479 5868 lectionis
2493 5801 2678 5866 autem
2701 5813 2911 5863 studium
2931 5825 3025 5860 non
3065 5809 3324 5874 habentes,
3345 5808 3503 5856 minus
3531 5801 3794 5874 diligebat,

2212 5898 2236 5936 ι
2252 5893 2348 5932 nec
2367 5880 2552 5932 honore
2575 5879 2782 5931 maximo
2801 5876 2978 5941 dignos
3002 5872 3262 5940 judicabat.
3288 5887 3311 5925 tt
3777 5872 3786 5874 ‘
3813 5937 3841 5972 δ
