4070 6334
238 359 336 419 8⁸17
1654 359 1817 401 una;

240 460 313 507 tur
323 447 530 522 judicia
569 448 612 502 si
650 442 1067 522 habueritis,_ad
1113 456 1212 497 nos
1257 439 1495 503 deferte;
1543 445 1664 505 aut,
1719 453 1817 492 nos

233 542 535 598 constituite
575 539 640 593 ad
679 513 1024 607 judicandnin
1060 553 1071 588 :
1103 534 1231 600 sed,
1275 551 1358 587 eos
1391 533 1476 603 qui
1517 533 1819 599 contempti-

235 632 346 691 biles
373 641 492 685 sunt
516 631 569 683 in
601 627 830 682 Ecclesia
849 668 863 691 ,
890 627 981 680 hos
1002 667 1015 690 ,
1048 625 1250 694 inquit,
1279 624 1535 677 collocato.
1569 621 1647 674 Ad
1681 638 1820 676 reve-

234 727 436 782 rentiam
466 723 601 778 vobis
637 721 749 775 dico
775 737 794 775 :
821 722 892 773 sic
917 737 1017 772 non
1058 729 1129 772 est
1159 719 1288 772 inter
1317 734 1402 770 vos
1431 715 1691 786 quisquam
1737 731 1820 766 sa-

233 820 392 892 piens,
436 817 526 884 qui
569 815 725 886 possit
772 814 900 866 inter
951 815 1160 882 fratrem
1213 826 1361 864 suum
1401 808 1682 879 judicare?
1713 806 1818 860 Sed

230 915 379 981 frater
421 924 537 960 cum
572 909 730 977 fratre
766 903 1057 970 iudicatur,
1109 911 1156 955 et
1201 903 1296 954 hoc
1323 900 1464 966 apud
1492 898 1722 966 infideles
1774 896 1815 969 (Ι

229 1002 336 1059 Cor.
369 1017 453 1062 vr.
498 999 651 1069 1H5)!
684 996 960 1067 Sapientes
999 1010 1126 1064 ergo
1152 993 1243 1064 qui
1275 992 1325 1046 in
1378 991 1507 1044 locis
1551 989 1816 1043 consiste-

229 1094 347 1152 bant
377 1093 563 1147 fideles
592 1100 647 1146 et
689 1099 930 1153 sanctos,
962 1103 1068 1141 non
1096 1086 1185 1156 qui
1233 1085 1331 1139 hac
1372 1093 1530 1154 atque
1556 1081 1656 1136 hae
1691 1098 1815 1150 pro-

231 1196 344 1256 pter
387 1183 734 1253 Evangeliurn
779 1167 1184 1245 discurrebant,
1231 1177 1414 1230 talium
1483 1175 1815 1246 negotiorum

229 1279 614 1335 examinatores
638 1291 758 1330 esse
783 1274 967 1328 voluit.
993 1271 1144 1328 Unde
1173 1286 1443 1340 nunquam
1471 1269 1537 1324 de
1564 1269 1654 1323 illo
1683 1269 1815 1322 scri-

225 1382 367 1443 ptum
397 1379 482 1424 est
505 1368 648 1440 quod
677 1366 960 1437 aliquando
988 1366 1184 1420 talibus
1214 1363 1517 1426 vacaverit,
1551 1378 1580 1415 a
1621 1361 1814 1430 quibus

226 1481 312 1520 nos
357 1477 617 1518 excusare
647 1477 754 1516 non
785 1474 1067 1530 possumus
1087 1499 1102 1524 ,
1141 1457 1348 1511 etiamsi
1376 1453 1811 1522 contemptibiles

224 1559 421 1620 simus;
453 1555 578 1625 quia
621 1562 674 1608 et
700 1552 800 1606 hos
823 1549 1076 1606 collocari
1105 1549 1298 1608 voluit.
1345 1547 1391 1602 si
1421 1545 1689 1615 sapientes
1718 1544 1814 1600 de-

223 1649 477 1714 fuissent,
519 1647 694 1716 potius
737 1661 894 1715 quam
925 1652 982 1697 ut
1011 1643 1221 1712 negotia
1247 1639 1672 1694 Christianorum
1714 1637 1812 1693 de-

222 1741 488 1795 ferrentur
529 1739 584 1792 in
631 1737 825 1791 forum.
864 1736 1033 1804 Quem
1077 1743 1253 1788 tamen
1296 1731 1533 1787 laborem
1563 1745 1670 1784 non
1697 1729 1814 1784 sine

221 1831 581 1888 consolatione
615 1828 822 1883 Domini
867 1825 1188 1895 suscipimus
1231 1840 1326 1894 pro
1355 1838 1450 1892 spe
1479 1823 1602 1876 vita:
1649 1831 1812 1876 reter-

220 1940 294 1978 nze
314 1964 328 1987 ,
365 1933 425 1977 ut
453 1921 687 1975 fructum
717 1917 950 1973 feramus
995 1932 1114 1970 cum
1146 1916 1447 1970 tolerantia.
1489 1911 1641 1969 Servi
1667 1912 1812 1967 enim

221 2030 401 2068 sumus
421 2012 538 2082 ejus
567 2010 817 2066 Ecclesia:
837 2050 853 2076 ,
902 2019 957 2063 et
987 2007 1216 2062 maxime
1237 2005 1623 2060 infirmioribus
1647 2013 1811 2059 mem-

223 2107 356 2172 bris,
390 2104 702 2176 qualialibet
726 2105 742 2134 ¹
771 2103 824 2157 in
869 2101 1058 2157 eodem
1088 2115 1315 2170 corpore
1359 2097 1598 2153 membra
1621 2096 1808 2151 simus.

221 2198 415 2252 Omitto
444 2197 581 2250 alias
610 2193 1025 2249 innumerabiles
1047 2190 1440 2245 ecclesiasticas
1468 2203 1646 2253 curas,
1679 2201 1812 2258 quas

221 2290 444 2344 fortasse
477 2303 633 2342 nemo
662 2285 866 2348 credit,
900 2283 1000 2338 nisi
1027 2284 1117 2353 qui
1163 2291 1415 2351 expertus
1442 2287 1543 2333 est.
1575 2277 1693 2332 Non
1721 2292 1810 2330 er-

219 2401 278 2455 go
299 2384 587 2452 alligamus
616 2395 778 2435 onera
810 2379 1026 2447 gravia,
1060 2386 1115 2430 et
1140 2373 1378 2428 humeris
1399 2372 1588 2426 vestris
1633 2370 1810 2438 impo-

221 2478 392 2531 uirmrs
419 2492 540 2545 quin
573 2489 670 2527 nos
713 2472 877 2542 digito
905 2487 1009 2525 non
1043 2467 1339 2539 tangimus;
1381 2460 1810 2535 quandoquidem

223 2571 260 2625 si
285 2569 454 2623 ofticii
499 2567 668 2621 nostri
700 2567 843 2620 salva
875 2564 1080 2622 ratione
1102 2574 1380 2630 possemus
1412 2555 1577 2624 (videt
1604 2553 1691 2607 ille
1720 2552 1810 2622 qui

222 2662 409 2730 probat
437 2659 601 2714 corda
638 2660 875 2726 nostra),
907 2654 1185 2710 mallemus
1214 2650 1328 2704 haec
1365 2662 1556 2718 agere,
1588 2661 1705 2715 qua:
1757 2651 1814 2696 ut

222 2753 385 2822 agatis
424 2751 708 2804 hortamur
729 2791 742 2812 ,
773 2762 933 2817 quam
963 2761 1025 2799 ea
1054 2760 1171 2812 qua:
1215 2758 1312 2795 nos
1342 2754 1501 2809 agere
1545 2737 1807 2805 cogimur.

221 2843 356 2898 Sane
387 2842 642 2896 omnibus
685 2848 740 2893 et
771 2837 922 2892 nobis
946 2845 1000 2890 et
1027 2834 1175 2889 vobis
1203 2848 1296 2901 pro
1326 2839 1507 2885 nostro
1544 2826 1709 2897 gradu
1758 2833 1812 2879 et

220 2936 395 2992 officio
426 2933 798 2989 laborantibus
823 2941 877 2986 et
901 2938 1045 2983 arcta
1076 2928 1157 2981 via
1189 2935 1270 2980 est
1296 2924 1349 2979 in
1378 2923 1559 2976 labore
1594 2931 1647 2975 et
1683 2935 1812 2972 :eru-

220 3045 374 3094 nma;
411 3039 463 3082 et
497 3038 672 3080 tamen
719 3025 772 3078 in
801 3037 898 3092 spe
927 3017 1280 3091 gaudentibus
1313 3015 1496 3084 jugurn
1544 3011 1662 3080 ejus
1690 3011 1811 3063 lene

220 3132 294 3177 est
319 3131 375 3177 et
399 3121 610 3174 sarcina
636 3117 767 3172 levis
787 3157 800 3180 ,
832 3117 923 3186 qui
963 3129 1060 3167 nos
1090 3110 1300 3164 vocavit
1321 3107 1385 3160 ad
1417 3105 1689 3173 requiem,
1720 3102 1811 3171 qui

221 3215 360 3282 prior
391 3212 674 3266 transitum
720 3209 845 3262 fecit
887 3225 916 3260 a
956 3203 1196 3259 convalle
1222 3198 1530 3269 ploratioais
1551 3238 1564 3260 ,
1597 3195 1683 3248 ubi
1716 3209 1813 3247 nec

218 3305 326 3375 ipse
372 3304 494 3358 sine
536 3301 803 3371 presseris
851 3298 970 3352 fuit.
1017 3296 1072 3350 Si
1121 3294 1350 3356 fratres,
1412 3290 1456 3344 si
1501 3288 1592 3341 ﬁlii
1643 3286 1812 3340 nostri

217 3400 372 3462 estis,
403 3397 451 3451 si
479 3393 765 3456 conservi,
805 3392 886 3444 vel
929 3390 1102 3458 potius
1147 3387 1198 3440 in
1229 3383 1439 3440 Christo
1487 3381 1624 3435 servi
1651 3381 1814 3433 vestri

218 3507 439 3554 sumus;
472 3487 652 3542 audite
692 3503 810 3556 qua:
854 3497 1169 3546 monemus,
1202 3477 1474 3548 agnoscite
1520 3490 1638 3542 qu.c
1688 3489 1816 3541 prie:

219 3583 447 3651 cipimus
467 3622 482 3644 ,
513 3579 708 3634 sumite
735 3593 853 3645 qua:
883 3575 1274 3644 diSpensamus.
1319 3567 1376 3623 Si
1419 3577 1594 3620 autem
1629 3563 1814 3618 Phari-

220 3673 305 3726 s;ei
374 3685 567 3725 sunrus
605 3668 882 3738 alligantes
925 3680 1087 3719 onera
1148 3660 1327 3732 gravia
1384 3667 1438 3713 et
1481 3660 1816 3725 imponentes

223 3765 462 3821 humeris
505 3763 728 3826 vestris;
779 3776 898 3830 qrne
941 3759 1168 3813 dicimus
1212 3754 1402 3817 facite,
1443 3749 1651 3805 etiamsi
1696 3763 1815 3817 quae

219 3856 449 3912 facimus
493 3852 807 3923 improbatis
851 3849 1060 3923 (Matth.
1091 3863 1251 3913 xviri,
1296 3845 1377 3914 5).
1425 3841 1589 3897 Nobis
1637 3847 1814 3892 autem

222 3951 504 4004 minirmnn
537 3956 619 4001 est
647 3957 702 4000 ut
729 3961 760 3999 a
787 3944 936 3997 vobis
963 3941 1315 4011 dijudicemur
1333 3978 1348 4000 ,
1375 3943 1466 3988 aut
1491 3933 1559 3988 ab
1587 3933 1816 4006 humano

224 4041 306 4096 die
353 4043 396 4112 (I
447 4039 566 4094 Cor.
601 4053 654 4093 tv
676 4080 690 4101 ,
736 4038 818 4106 3).
851 4037 1020 4104 Quam
1063 4045 1316 4101 germana
1347 4028 1604 4082 charitate
1631 4025 1698 4077 sit
1724 4040 1819 4076 no-

224 4133 301 4188 bis
327 4149 462 4188 cura
501 4133 568 4186 de
595 4130 745 4183 vobis
767 4171 781 4192 ,
813 4128 902 4181 ille
940 4124 1186 4194 inspiciat
1210 4122 1299 4192 qui
1321 4119 1468 4174 dedit
1493 4116 1632 4188 quod
1665 4113 1819 4184 impi-

225 4227 475 4280 ciendum
498 4223 618 4292 ejus
643 4221 813 4276 oculis
836 4218 1142 4273 offeramus.
1174 4215 1448 4267 Postremo
1488 4207 1628 4278 quod
1661 4206 1820 4258 vultis

225 4322 421 4373 sentite
463 4319 533 4371 de
576 4317 730 4370 nobis
772 4331 784 4365 :
833 4312 1029 4367 Paulus
1076 4307 1348 4378 apestolus
1397 4303 1544 4357 vobis
1583 4300 1821 4369 prrecipit

227 4421 279 4466 et
321 4414 577 4467 obsecrat
617 4411 672 4462 in
717 4408 974 4470 Domino,
1023 4413 1078 4458 ut
1124 4417 1244 4457 cum
1291 4398 1536 4458 silentio,
1594 4395 1644 4448 id
1695 4402 1815 4457 cst,

227 4504 397 4573 quieti
421 4512 475 4558 et
502 4501 814 4556 obedienter
842 4496 1071 4550 ordinati
1101 4499 1388 4563 operantes
1408 4531 1422 4554 ,
1450 4495 1688 4543 vestrum
1728 4501 1820 4554 pa-

230 4614 351 4655 nem
396 4597 734 4654 manducetis
779 4593 846 4662 (ll
874 4590 1053 4646 Thess.
1085 4605 1170 4653 ιιι,
1223 4586 1334 4657 12).
1365 4583 1478 4639 Nec
1504 4580 1572 4636 de
1614 4579 1704 4634 illo
1725 4619 1739 4645 ,
1767 4585 1824 4632 ut

231 4691 482 4752 arbitror,
508 4687 710 4758 aliquid
737 4684 862 4740 mali
882 4681 1118 4745 creditis,
1142 4687 1197 4734 et
1217 4679 1270 4732 in
1295 4678 1440 4732 illum
1467 4673 1555 4743 qui
1585 4687 1679 4743 per
1699 4685 1820 4725 eum

231 4781 469 4852 loquitur
493 4779 821 4835 credidistis.

293 4873 529 4929 CAPUT
587 4869 756 4926 XXX.
796 4899 866 4910 —
905 4869 992 4923 58.
1033 4865 1194 4920 Timet
1233 4878 1296 4917 ne
1341 4859 1535 4913 desidia
1574 4859 1822 4909 malorum

226 4971 567 5035 pigrescentes
597 4963 714 5017 boni
747 4968 1154 5030 corrumpantur.
1201 4955 1348 5020 llrec,
1387 4951 1457 5005 mi
1489 4949 1822 5012 clrarissimc,

224 5061 347 5111 etin
370 5057 571 5112 Christi
597 5053 890 5108 visceribus
920 5048 1218 5105 venerande
1244 5049 1403 5100 frater
1433 5042 1635 5103 Aureli,
1659 5056 1828 5110 quan-

227 5159 338 5202 tum
370 5148 594 5202 donavit
624 5156 678 5198 ut
718 5158 950 5214 possem,
979 5141 1068 5210 qui
1115 5153 1205 5208 per
1233 5146 1282 5191 te
1309 5135 1439 5189 mihi
1480 5133 1637 5202 jussit
1665 5141 1719 5185 ut
1748 5129 1825 5183 fa-

223 5258 435 5306 cerem,
453 5240 520 5294 de
549 5253 715 5307 opere
743 5233 1123 5290 monachorum
1153 5245 1256 5283 non
1281 5227 1456 5282 distuli
1480 5225 1741 5286 scribere;
1775 5221 1826 5276 id

226 5334 468 5386 maxime
493 5343 711 5388 curans.
745 5341 811 5381 ne
841 5324 964 5378 boni
992 5323 1181 5377 fratres
1206 5319 1512 5389 apostolicis
1549 5314 1828 5386 praeceptis

224 5426 572 5486 obedientes,
601 5437 632 5474 a
665 5420 828 5490 pigris
853 5427 907 5472 et
932 5415 1361 5472 inobedientibus
1388 5414 1546 5467 etiam
1581 5409 1829 5479 praevari-

225 5530 452 5574 catores
476 5513 753 5594 Evangelii
795 5513 1102 5570 dicerentur
1131 5529 1142 5565 :
1171 5519 1226 5564 ιιι
1257 5510 1345 5577 qui
1379 5523 1482 5559 non
1514 5515 1824 5574 operantur,

225 5614 430 5668 saltem
479 5612 605 5664 illos
644 5607 732 5678 qui
787 5616 1075 5676 operantur
1119 5604 1223 5660 sibi
1272 5599 1672 5671 anteponendos
1711 5610 1830 5652 esse

229 5722 342 5761 non
401 5706 666 5758 dubitent.
703 5704 965 5756 (hister-um
1011 5701 1128 5771 quis
1174 5700 1309 5754 ferat
1355 5697 1599 5752 homines
1646 5701 1833 5747 contu-

303 5826 326 5859 ι
349 5822 440 5873 sic
456 5828 564 5907 Is,
595 5819 715 5870 aditi
736 5826 873 5878 vero.
895 5811 1198 5880 annuatim.

1654 343 1860 401 LIBER
1896 343 2102 402 UNUS.

3409 352 3520 410 578

1934 451 2113 492 maces
2141 436 2507 492 saluberrimis
2535 438 2776 508 Apostoli
2807 443 3025 500 monitis
3050 444 3385 514 resistentes,
3407 462 3517 502 non

1927 532 2065 586 sicut
2111 531 2432 587 infirmiores
2476 532 2711 597 tolerari,
2741 534 2836 588 sed
2863 536 3001 590 sicut
3027 539 3186 592 etiam
3222 541 3516 595 sanctiores

1928 625 2237 694 pnedicari;
2289 633 2345 678 ut
2370 627 2693 680 monasteria
2724 626 2968 681 doctrina
3019 631 3229 683 saniore
3277 629 3514 698 fundata,

1926 719 2138 786 gemina
2180 717 2431 772 illecehra
2461 728 2893 788 corrumpantur,
2931 729 2986 774 et
3013 717 3271 774 dissoluta
3302 721 3516 776 licentia

1925 811 2240 876 vacationis,
2279 821 2333 865 et
2372 811 2504 864 falso
2539 814 2757 868 nomine
2785 813 3118 867 sanctitatis?
3164 814 3346 869 Sciant
3388 828 3518 883 ergo

1925 901 2084 956 etiam
2115 903 2294 956 creteri
2325 901 2518 956 fratres
2539 914 2593 957 et
2618 902 2712 956 lilii
2740 904 2930 969 nostri,
2963 904 3052 973 qui
3079 903 3259 959 favere
3300 903 3514 969 talibus,

1924 1005 1978 1051 et
2019 995 2320 1065 hujusmodi
2377 998 2846 1066 priesumptionem
2894 1014 2987 1068 per
3032 999 3385 1069 ignorantiam
3415 997 3513 1052 de-

1924 1089 2144 1146 fendere
2182 1100 2528 1154 consuerunt,
2573 1105 2632 1144 se
2685 1091 3021 1160 potissimum
3061 1091 3424 1160 corrigendos,
3459 1098 3518 1144 ut

1923 1184 2002 1238 illi
2040 1183 2235 1253 corrigi
2276 1183 2503 1254 possint,
2541 1198 2649 1236 non
2690 1191 2748 1236 ut
2787 1183 3144 1247 infirmentur,
3175 1184 3510 1238 benefacere.

1923 1277 2064 1332 Sane
2104 1277 2156 1329 in
2187 1290 2254 1330 eo
2293 1275 2434 1345 quod
2466 1275 2638 1329 servis
2679 1275 2773 1329 Dei
2805 1284 3047 1344 prompte
3084 1286 3242 1345 atque
3267 1277 3515 1333 alacriter

1923 1370 2222 1424 necessaria
2253 1368 2678 1432 subministrant,
2713 1384 2818 1422 non
2848 1369 3023 1422 solum
3074 1384 3178 1423 non
3211 1372 3509 1439 reprehen-

1919 1460 2119 1524 dimus,
2161 1460 2254 1514 sed
2301 1459 2461 1515 etiam
2508 1460 2822 1514 suavissime
2851 1460 3228 1530 amplectimur
3258 1478 3269 1512 :
3302 1461 3393 1516 sed
3441 1478 3511 1518 ne

1920 1567 2172 1624 perversa
2203 1551 2572 1607 misericordia
2611 1552 2781 1622 magis
2818 1567 3006 1608 eorum
3045 1551 3236 1607 futura:
3266 1552 3386 1608 vita:
3412 1569 3511 1608 no-

1920 1656 2096 1712 ceant,
2124 1660 2283 1714 quam
2317 1645 2566 1714 praesenti
2607 1644 2944 1698 subveniant.

1992 1739 2084 1797 59.
2125 1740 2297 1793 Minus
2316 1740 2461 1794 enim
2494 1749 2765 1807 peccatur,
2791 1738 2834 1791 si
2861 1755 2967 1791 non
2999 1737 3245 1792 laudetur
3264 1748 3513 1807 peccator

1918 1834 1973 1889 in
1999 1833 2279 1888 desideriis
2317 1833 2509 1886 anima:
2535 1847 2666 1897 suae,
2695 1841 2750 1885 et
2775 1831 2864 1901 qui
2895 1830 3074 1899 iniqua
3117 1831 3255 1901 gerit
3285 1831 3504 1886 benedi-

1918 1935 2070 1982 catur
2099 1924 2270 1995 (Psal.
2306 1941 2379 1988 Ix,
2410 1923 2526 1994 24).

1988 2015 2213 2072 CAPUT
2253 2014 2444 2069 XXXI.
2471 2043 2537 2053 —--
2579 2012 2642 2066 In
2673 2011 2952 2066 Monac/ros
2980 2012 3206 2066 crinitos.
3239 2010 3376 2078 Quid
3405 2025 3506 2065 au~

1919 2119 2025 2166 tem
2055 2110 2308 2179 iniquius,
2331 2124 2488 2178 quam
2519 2107 2656 2161 velle
2681 2105 2783 2160 sibi
2825 2105 3182 2173 obtemperari
3223 2120 3253 2158 a
3293 2103 3514 2159 minori-

1918 2201 2038 2267 bus,
2068 2210 2123 2256 et
2147 2201 2287 2254 nolle
2317 2200 2692 2268 obtemperare
2718 2196 3045 2266 majoribus?
3075 2196 3336 2264 Apostolo
3369 2194 3509 2260 dico,

1919 2309 2024 2348 non
2078 2293 2262 2358 nobis,
2316 2292 2368 2346 in
2422 2299 2628 2344 tantum
2681 2300 2738 2344 ut
2785 2290 2947 2343 etiam
2985 2303 3197 2342 comam
3237 2288 3510 2354 nutriant:

1919 2387 2061 2442 unde
2087 2386 2175 2440 ille
2204 2399 2303 2440 nec
2323 2383 2582 2453 disputari
2612 2382 2834 2436 omnino
2858 2379 3048 2441 voluit,
3073 2378 3281 2442 dicens,
3315 2378 3375 2433 Si
3401 2378 3514 2448 quis

1918 2481 2022 2534 vult
2061 2478 2396 2532 contentiosus
2435 2491 2572 2539 esse,
2626 2489 2717 2527 nos
2761 2471 2910 2526 talem
2959 2469 3367 2524 consuetudinem
3411 2485 3513 2522 non

1918 2575 2177 2638 habemus,
2207 2587 2365 2642 neque
2395 2568 2624 2623 Ecclesia
2655 2566 2770 2620 Dei.
2805 2564 2918 2618 Hoc
2942 2574 3109 2616 autem
3139 2561 3378 2633 principio
3399 2577 3418 2614 :
3455 2569 3515 2615 ut

1919 2667 2126 2721 scilicet
2155 2680 2260 2718 non
2291 2661 2608 2717 disserentis
2634 2657 2851 2712 solertia
2895 2653 3216 2723 requiratur,
3244 2651 3340 2707 sed
3372 2667 3513 2721 pra:-

1918 2757 2169 2827 cipientis
2197 2755 2488 2809 auctoritas
2515 2751 2844 2807 attendatur.
2873 2748 3007 2803 Nam
3043 2755 3098 2802 et
3127 2746 3229 2800 hoc
3252 2762 3358 2814 quo
3388 2761 3512 2815 per-

1919 2856 2072 2916 tinet,
2113 2864 2316 2919 qureso,
2357 2856 2464 2900 tam
2500 2854 2687 2914 aperte
2730 2852 2918 2897 contra
2958 2839 3202 2909 Apostoli
3248 2847 3512 2908 praecepta

1919 2942 2152 3001 comari‘
2175 2940 2198 2993 ‘l
2233 2940 2312 2994 An
2350 2939 2421 2992 ita
2444 2935 2739 2990 vacandum
2772 2942 2873 2996 est,
2897 2941 2956 2985 ut
2981 2946 3081 2985 nec
3108 2939 3350 2984 tonsores
3381 2944 3513 2998 ope-

1919 3034 2146 3090 rentur?
2194 3032 2274 3085 An
2301 3030 2421 3099 quia
2452 3027 2788 3095 evangelicas
2818 3024 3062 3078 volucres
3095 3021 3291 3074 imitari
3335 3034 3393 3073 se
3433 3018 3514 3072 di-

1918 3137 2066 3192 cunt,
2098 3124 2247 3194 quasi
2279 3121 2502 3192 depilari
2550 3120 2758 3182 timent,
2791 3132 2857 3170 ne
2903 3115 3085 3168 volare
3123 3128 3228 3166 non
3269 3111 3514 3181 possint?

1919 3220 2123 3275 Vereor
2161 3218 2212 3271 in
2243 3215 2344 3269 hoe
2371 3213 2555 3268 vitium
2587 3212 2734 3281 plura
2766 3209 2964 3269 dicere,
3006 3215 3228 3277 propter
3252 3203 3512 3274 quosdam

1920 3313 2143 3368 crinitos
2170 3312 2378 3372 fratres,
2407 3319 2634 3374 quorum
2677 3309 2870 3370 printer
2918 3298 3019 3352 hoc
3062 3297 3223 3352 multa
3273 3305 3327 3350 et
3373 3309 3511 3364 pene

1921 3406 2099 3463 omnia
2131 3415 2468 3456 veneramur.
2506 3396 2612 3452 Sed
2643 3410 2749 3462 quo
2787 3393 2954 3461 magis
2982 3405 3076 3445 eos
3112 3389 3163 3442 in
3186 3389 3401 3444 Christo
3429 3387 3513 3440 di-

1922 3500 2155 3569 ligimus,
2190 3509 2256 3547 eo
2285 3487 2962 3564 sollicitiusadmonemus.
3011 3480 3194 3549 Neque
3223 3479 3366 3533 enim
3398 3492 3513 3531 me-

1922 3597 2120 3650 tuimus
2163 3603 2232 3643 ne
2279 3584 2550 3639 humilitas
2601 3593 2786 3634 eorum
2833 3582 3048 3644 respuat
3091 3571 3512 3626 admonitionem

1923 3693 2195 3744 nostram;
2243 3672 2672 3748 quandoquidem
2717 3677 2770 3723 et
2799 3683 2896 3721 nos
2938 3681 2967 3718 ιι
3014 3663 3228 3728 talibus,
3260 3661 3346 3715 ubi
3376 3660 3514 3714 forte

1923 3773 2213 3831 titubamus
2257 3778 2348 3822 aut
2391 3767 2723 3828 aberramus,
2768 3760 3018 3828 cupimus
3060 3755 3358 3810 admoneri.
3403 3753 3517 3807 lloc

1923 3879 2051 3933 ergo
2083 3861 2431 3914 admonemus
2460 3864 2567 3908 tam
2609 3861 2824 3906 sanctos
2852 3849 3017 3914 viros,
3047 3862 3114 3900 ne
3144 3845 3324 3898 stultis
3351 3858 3516 3897 vano-

1924 3972 2040 4011 rurn
2097 3945 2648 4020 argumentationibus
2695 3949 3030 4003 moveantur,
3076 3945 3135 3990 et
3175 3950 3268 3990 eos
3313 3934 3363 3988 in
3417 3934 3516 3988 hac

1926 4044 2277 4117 perversitate
2320 4039 2614 4099 imitentur,
2644 4032 2835 4103 quibus
2865 4039 2990 4085 sunt
3020 4029 3072 4082 in
3114 4028 3323 4082 creteris
3362 4027 3517 4096 longe

1925 4137 2235 4195 dissimiles.
2279 4134 2356 4188 llli
2395 4132 2538 4186 enim
2581 4127 2822 4182 venalem
2865 4121 3310 4179 circumferentes
3347 4122 3517 4192 hypo-

1926 4234 2136 4296 crisirn,
2181 4231 2370 4283 tirncnt
2426 4240 2493 4279 ne
2547 4221 2698 4275 vilior
2753 4219 3014 4273 habeatur
3063 4227 3214 4269 tonsa
3263 4213 3517 4268 sanctitas

1926 4341 2083 4394 quam
2132 4331 2360 4383 comata,
2396 4329 2452 4370 ut
2480 4315 2728 4369 videlicet
2771 4311 2862 4380 qui
2911 4325 3006 4364 eos
3058 4307 3223 4372 videt,
3271 4308 3517 4375 antiquos

1929 4419 2049 4472 illos
2078 4429 2211 4485 quos
2245 4413 2465 4481 legimus
2510 4417 2727 4478 cogitet,
2758 4402 3059 4458 Samuelem
3086 4409 3142 4456 et
3177 4409 3401 4453 ert-toros
3428 4397 3519 4468 qui

1928 4525 2035 4565 non
2077 4505 2432 4561 tondebantur
2461 4499 2646 4571 (Num.
2680 4512 2756 4556 vr,
2785 4493 2864 4565 5).
2888 4493 2996 4548 Nec
3017 4492 3251 4561 cogitant
3275 4490 3402 4560 quid
3433 4491 3518 4544 in.

1930 4601 2084 4657 tersit
2108 4600 2248 4652 inter
2275 4594 2406 4650 illtrd
2454 4591 2822 4660 propheticum
2865 4587 3245 4649 velamentum,
3283 4591 3339 4637 et
3382 4581 3519 4636 hanc

1930 4689 2204 4760 Evangelii
2235 4685 2634 4748 revelationern,
2665 4681 2733 4736 de
2757 4695 2857 4749 qua
2887 4677 3016 4732 dicit
3042 4674 3363 4745 Apostolus:
3394 4673 3519 4727 Cum

1931 4783 2189 4840 transieris
2216 4780 2282 4833 ad
2330 4778 2607 4841 Christum,
2637 4777 2892 4844 auferetur
2920 4771 3146 4824 velamen
3173 4766 3246 4836 (Il
3276 4764 3395 4820 Cor.
3439 4780 3515 4830 In,

1932 4879 2045 4948 16).
2092 4875 2242 4943 Quod
2284 4873 2424 4926 enim
2472 4865 2802 4937 significabat
2851 4861 3096 4916 velamen
3150 4854 3517 4924 interpositurrt

1931 4946 2068 5027 inter
2089 4968 2272 5022 faciem
2316 4962 2482 5034 Moysi
2511 4970 2565 5015 et
2591 4967 2862 5027 aspectum
2905 4952 3084 5022 populi
3126 4947 3287 5002 lsrael
3318 4946 3515 5016 (Exod.

1932 5079 2121 5127 xxxrv,
2165 5060 2278 5127 53),
2309 5057 2410 5110 hoc
2458 5050 2788 5122 significabat
2833 5046 2935 5100 illis
2988 5038 3315 5110 temporibus
3358 5037 3519 5090 etiam

1931 5171 2081 5211 coma
2123 5160 2445 5207 sanctoruru.
2473 5145 2604 5199 Nam
2636 5141 2774 5196 idem
2804 5135 3077 5206 apostolus
3107 5132 3266 5185 etiarn
3311 5143 3520 5184 comam

1934 5263 2029 5318 pro
2059 5245 2360 5299 velamento
2381 5254 2498 5292 esse
2519 5235 2669 5297 dicit,
2691 5231 2844 5299 cujus
2869 5224 3184 5280 auctoritate
3220 5222 3307 5275 isti
3331 5235 3522 5289 urgen-

1934 5314 2040 5397 tur.
2089 5343 2286 5407 Aperte
2327 5333 2519 5403 quippe
2551 5328 2659 5382 ait:
2699 5323 2789 5377 Vir
2824 5319 3027 5391 quidem
3074 5317 3115 5370 si
3165 5325 3392 5369 comatus
3435 5314 3520 5378 sit,

1933 5431 2213 5505 ignominia
2241 5438 2313 5482 est
2340 5425 2435 5479 illi.
2471 5423 2637 5490 lpsarn
2667 5410 3032 5495 ignominiam,
3063 5409 3325 5478 inquirrrrt,
3355 5408 3524 5462 susci-

1937 5500 2111 5596 pimus
2137 5522 2327 5574 merito
2359 5523 2696 5583 peccatorum
2727 5513 3065 5559 nostrorum:
3093 5502 3160 5555 ad
3198 5500 3301 5554 hoc
3322 5500 3516 5555 obten-

1935 5619 2123 5675 dentes
2151 5613 2412 5668 simulatae
2462 5601 2770 5659 humilitatis
2804 5596 3190 5661 urnbraculuru,
3223 5605 3282 5649 ut
3327 5596 3430 5651 sub
3454 5608 3520 5650 eo

2005 5799 2025 5832 ι
2057 5800 2245 5858 Aliquot
2271 5799 2397 5852 uss,
2439 5785 2620 5840 conari.
2653 5783 2820 5838 Plures
2858 5781 2958 5844 alii,
2990 5793 3194 5843 uacare,
3236 5787 3319 5832 aut
3338 5788 3522 5831 vacari.
