4070 6334
524 370 634 430 επ

524 490 827 559 proponant
850 482 1090 539 venalem
1120 480 1375 554 typhnm‘
1397 498 1410 543 ;
1431 478 1577 550 quasi
1600 476 1887 547 Apostolus
1921 487 2108 543 snper-

524 578 668 635 biam
688 576 898 641 doceat,
928 589 1046 629 Clml
1077 573 1224 639 dicit,
1258 572 1436 625 Omnis
1473 571 1549 623 vir
1575 584 1726 623 orans
1760 577 1846 621 aut
1892 566 2113 637 prophe-

526 678 644 724 ftms
665 669 825 723 velato
845 667 1026 736 capite,
1048 663 1310 735 confundit
1332 671 1481 732 caput
1504 676 1685 725 suum;
1712 670 1784 727 et,
1813 658 1901 713 Vir
1915 657 2116 729 quidem

530 778 633 815 non
660 760 800 813 debet
844 758 1014 811 velare
1054 764 1225 824 capta,
1271 770 1382 808 cum
1420 753 1485 807 sit
1534 754 1699 824 imngo
1741 761 1787 806 et
1830 752 1992 822 gloria
2024 750 2116 806 Dei

530 852 587 926 (ἲ
606 851 729 909 Cor.
774 864 850 913 ιι,
894 848 1070 917 416).
1108 847 1210 915 Qui
1254 860 1378 917 ergo
1420 846 1567 912 dicit,
1610 862 1712 899 non
1758 845 1916 911 debet,
1942 846 2117 900 nescit

532 945 672 1000 forte
706 943 898 997 docere
928 941 1299 994 humilitatem.
1349 937 1454 992 Sed
1499 938 1541 990 si
1587 936 1723 990 hanc
1772 935 2115 1005 ignominiam

536 1045 774 1106 tempore
803 1030 1093 1101 Evangelii,
1128 1029 1271 1098 quod
1306 1035 1422 1081 erat
1446 1037 1834 1081 sacramentum
1879 1034 2116 1095 tempore

530 1126 843 1198 prophetia,
870 1138 965 1194 pro
997 1122 1294 1176 humilitate
1331 1121 1414 1174 isti
1442 1127 1731 1189 appetunt;
1766 1118 2039 1181 tondeant,
2062 1125 2118 1173 et

530 1219 706 1273 cilicio
733 1225 891 1287 caput
926 1214 1123 1268 velent.
1169 1211 1274 1267 Sed
1317 1222 1421 1265 non
1467 1211 1567 1265 erit
1612 1217 1737 1264 tunc
1782 1210 1988 1279 Species
2030 1210 2116 1263 illa

534 1309 758 1374 venalis,
785 1307 904 1377 quia
929 1307 1155 1361 Samson
1186 1317 1291 1358 non
1322 1303 1515 1371 cilicio,
1548 1302 1643 1357 sed
1672 1316 1821 1357 coma
1844 1301 2118 1355 velabatur

536 1401 733 1475 (ludis.
767 1412 882 1463 xt't,
918 1400 1030 1468 17).
1686 1404 1699 1409 ’

605 1492 831 1549 CAPUT
871 1488 1172 1546 XXXll.-—
1192 1488 1281 1545 40.
1328 1488 1570 1543 Peraersa
1600 1487 1941 1557 interpretatio
1972 1484 2116 1541 Scri-

536 1594 702 1658 ptura:
732 1602 822 1656 per
858 1585 1064 1638 crinitos
1113 1581 1405 1636 monachos.
1454 1580 1651 1635 Paulus
1681 1579 1936 1649 apostolus
1976 1588 2115 1632 sum.

536 1694 672 1731 mam
718 1680 996 1730 castitatem
1042 1676 1317 1745 professus.
1362 1671 1679 1744 Prtecep‘tum
1730 1672 1849 1725 viris
1910 1671 1975 1724 de
2017 1684 2117 1724 non

432 1796 439 1799 ι
536 1769 750 1825 velanda
788 1769 971 1838 capite.
1023 1766 1171 1819 Mens
1216 1780 1305 1836 per
1339 1764 1521 1831 cirum,
1576 1762 1978 1834 concupiscentia
2030 1777 2119 1832 per

537 1862 797 1915 mulierem
823 1860 1061 1929 ﬁgurata.
1094 1856 1209 1911 Jam
1237 1856 1385 1922 illud,
1413 1857 1455 1908 si
1486 1855 1590 1909 dici
1622 1862 1818 1923 potest,
1845 1866 2003 1923 quam
2034 1853 2118 1906 lu-

536 1963 720 2010 ctuose
755 1952 1037 2006 ridiculum
1074 1958 1176 2015 est,
1202 1948 1339 2018 quod
1368 1961 1551 2001 rursus
1580 1948 1893 2000 invenerunt
1928 1945 1993 1999 ad
2021 1944 2119 1997 de-

534 2044 829 2102 fensionem
858 2043 1083 2098 criniuiu
1124 2056 1363 2095 suorum.
1390 2040 1595 2104 Virum,
1624 2039 1891 2107 inquiunt,
1934 2036 2117 2106 prohi-

535 2138 651 2192 buit
692 2136 975 2206 Apostolus
1008 2135 1202 2188 habere
1237 2146 1445 2186 comam
1477 2148 1491 2186 :
1523 2131 1611 2199 qui
1658 2140 1833 2183 autem
1873 2142 1931 2182 se
1977 2127 2119 2197 ipsos

534 2236 901 2285 castravcrunt
951 2234 1166 2297 propter
1206 2238 1426 2295 regnum
1475 2224 1727 2277 cu-lorum
1760 2218 1972 2293 (Matth.
2007 2234 2116 2286 im,

538 2320 653 2391 η),
682 2321 787 2387 jam
840 2332 945 2371 non
982 2326 1107 2370 sunt
1155 2317 1271 2369 viri.
1320 2315 1365 2370 0
1394 2315 1714 2369 dementiam
1765 2311 2114 2381 singularem!

534 2413 726 2468 Merito
755 2412 842 2482 qui
871 2412 971 2464 hoc
1003 2408 1148 2471 dicit,
1181 2425 1224 2461 at
1252 2420 1434 2461 versus
1461 2416 1657 2460 sancta:
1688 2406 1976 2474 Scriptorae
2005 2416 2120 2457 ma-

535 2506 729 2562 nifesta
769 2504 1033 2575 praeconia
1062 2501 1283 2556 consilio
1326 2499 1566 2554 nefanda:
1610 2498 1897 2568 impietatis
1939 2510 2118 2548 arma-

534 2607 642 2663 tur,
683 2604 737 2652 ct
769 2600 1076 2667 perSeverat
1115 2595 1166 2648 in
1208 2594 1399 2647 itinere
1442 2600 1707 2656 tortuose,
1734 2599 1789 2644 et
1814 2588 2117 2658 pestiferam

534 2692 830 2749 doctrinam
873 2698 1094 2743 conatur
1131 2685 1402 2748 inducere,
1441 2686 1561 2755 quia
1605 2696 1707 2737 non
1737 2690 1821 2737 est
1850 2682 2019 2735 beatus
2044 2680 2122 2734 vir

534 2784 620 2853 qui
648 2795 748 2836 non
775 2780 897 2835 abiit
923 2782 975 2833 in
999 2776 1207 2832 consilio
1230 2778 1521 2847 impiorum,
1541 2785 1589 2830 et
1618 2776 1670 2828 in
1698 2775 1779 2827 ria
1800 2783 2121 2844 peccatorum

535 2884 638 2928 non
676 2873 827 2937 stetit,
862 2880 909 2925 et
942 2871 996 2923 in
1030 2869 1269 2923 cathedra
1310 2867 1609 2937 pestilentia
1640 2882 1740 2919 non
1778 2867 1911 2919 sedit
1945 2863 2115 2933 (Psal.

535 2965 659 3035 Μ).
684 2963 811 3017 Nam
837 2962 880 3015 si
908 2962 961 3015 in
984 2962 1097 3031 lege
1116 2960 1211 3015 Dei
1232 2960 1577 3013 meditaretur
1606 2957 1692 3011 die
1710 2972 1770 3010 ac
1801 2963 1973 3019 nocte,
2008 2955 2121 3009 illic

539 3056 807 3112 inveniret
851 3054 1022 3123 ipsum
1066 3053 1363 3122 apostolum
1412 3051 1652 3115 Paulum,
1684 3051 1770 3119 qui
1802 3056 1946 3103 certe
1974 3060 2119 3102 sum-

538 3160 681 3203 mam
711 3146 1004 3202 castitatem
1032 3143 1304 3213 professus
1328 3142 1476 3209 dicit,
1516 3140 1707 3195 Vellem
1746 3150 1913 3194 autem
1948 3154 2121 3193 oinnes

539 3238 767 3291 homines
797 3252 901 3290 esse
931 3239 1060 3289 sicut
1094 3248 1174 3288 me
1200 3235 1363 3305 ipsum
1385 3233 1436 3305 (1
1468 3234 1584 3287 Cor.
1613 3248 1703 3295 vn,
1728 3234 1782 3304 7)
1810 3251 1822 3287 :
1853 3242 1908 3287 et
1942 3242 2117 3286 tamen

539 3340 597 3387 8e
621 3332 789 3387 virum
821 3330 1054 3384 ostendit
1083 3344 1187 3382 non
1233 3328 1405 3382 solum
1450 3328 1520 3381 ita
1558 3327 1809 3391 vivendo,
1838 3326 1929 3379 sed
1959 3327 2118 3380 etiam

540 3425 612 3478 ita
658 3422 943 3493 loquendo.
981 3422 1068 3475 Ait
1107 3420 1250 3474 enim
1277 3437 1288 3471 :
1320 3417 1444 3471 Cum
1482 3434 1639 3472 essem
1681 3419 1936 3487 parvulus,
1973 3418 2123 3487 quasi

539 3516 780 3588 parvulus
804 3515 1059 3584 loquebar,
1092 3513 1234 3582 quasi
1263 3511 1505 3578 parvulus
1526 3508 1801 3580 sapiebam,
1832 3511 1974 3579 quasi
1996 3525 2119 3578 par-

538 3610 687 3660 vultis
712 3606 1024 3676 cogitabam;
1060 3618 1176 3656 cum
1206 3611 1368 3654 mrtem
1399 3602 1473 3654 vir
1499 3599 1703 3666 effectus
1726 3617 1858 3659 sum.
1884 3600 2125 3652 evacuaoi

539 3710 599 3753 ea
632 3713 745 3769 qut:
786 3696 981 3767 parvuli
1004 3704 1142 3747 erant
1177 3692 1288 3759 (Id.
1324 3706 1441 3757 xm,
1468 3692 1575 3762 li).
1605 3692 1709 3745 Sed
1736 3692 1859 3761 quid
1890 3694 2120 3758 Aposto-

538 3788 647 3842 lhm
680 3796 1116 3855 commemorem,
1137 3794 1255 3835 cum
1282 3783 1348 3835 de
1373 3784 1488 3850 ipso
1520 3782 1746 3835 Domino
1772 3791 1824 3834 et
1845 3780 2121 3836 Salvatore

543 3884 726 3935 nostro
752 3879 991 3932 nesciant
1020 3876 1144 3946 quid
1173 3875 1424 3941 sentiant,
1459 3875 1546 3942 qni
1593 3874 1706 3928 huic
1734 3874 1937 3929 dicunt.
1987 3875 2121 3928 Nam

541 3970 609 4026 de
635 3984 739 4039 quo
766 3970 871 4023 alio
900 3964 1109 4032 dicitur,
1150 3966 1324 4020 Donec
1354 3980 1673 4018 occurramus
1710 3980 1881 4019 omnes
1910 3967 1962 4019 in
2001 3967 2118 4020 uni-

542 4068 691 4117 tatem
718 4061 836 4129 ﬁdei
866 4068 910 4113 et
939 4060 1241 4130 agnitionem
1271 4054 1396 4111 Filii
1426 4058 1536 4119 Dei,
1559 4059 1612 4111 in
1645 4059 1805 4111 virum
1824 4060 2118 4129 perfectum,

541 4155 594 4208 in
629 4164 914 4205 mensuram
943 4152 1103 4204 (etatis
1144 4150 1468 4219 plenitudinis
1508 4150 1729 4217 Christi;
1768 4160 1821 4203 ut
1856 4148 1989 4205 ultra
2020 4168 2121 4207 non

543 4246 699 4300 simus
731 4245 927 4313 parvuli
941 4243 1124 4312 jactati
1149 4251 1195 4296 et
1227 4241 1511 4296 circumlati
1530 4244 1664 4295 omni
1694 4253 1835 4297 uento
1857 4245 2117 4312 doctrinm,

542 4337 598 4390 in
646 4336 881 4389 illusione
931 4333 1210 4399 hominum,
1252 4334 1306 4386 in
1356 4333 1543 4386 astutia
1591 4334 1657 4386 ad
1702 4336 2123 4390 machinationem

544 4427 732 4480 erroris
762 4424 973 4495 (Ephes.
1004 4434 1078 4491 π,
1113 4425 1179 4478 l3
1202 4432 1251 4477 et
1274 4424 1404 4493 tt)?
1434 4424 1545 4492 Qua
1574 4425 1817 4481 illusione
1848 4428 1931 4481 isti
1974 4427 2123 4481 deci-

544 4520 697 4589 piunt
722 4517 1016 4585 imiieritos,
1036 4528 1137 4586 qua
1165 4518 1356 4570 astutia
1382 4527 1438 4570 et
1465 4518 1905 4573 machinamentis
1927 4520 2121 4573 inimici

544 4620 601 4667 et
622 4610 718 4678 ipsi
748 4610 1210 4674 circumferuntur,
1238 4616 1290 4661 et
1326 4609 1376 4661 in
1408 4622 1499 4663 sna
1525 4609 1923 4665 circumlatione
1942 4612 2124 4665 cohae-

544 4708 728 4757 rentes
755 4698 855 4755 sibi
883 4703 1088 4755 animos
1119 4700 1447 4777 intimorum
1491 4703 1721 4771 quodam
1752 4702 1910 4758 modo
1950 4714 2126 4759 rotare

545 4800 830 4858 conantur,
886 4800 941 4845 ut
984 4778 1185 4862 pariter
1232 4793 1473 4847 nesciant
1526 4794 1614 4848 ubi
1655 4794 1778 4847 sint.
1834 4795 2128 4849 Audicrunt

547 4885 690 4939 enim
713 4884 798 4939 vel
827 4884 1069 4953 legerunt
1094 4883 1231 4953 quod
1259 4885 1510 4953 scriptum
1537 4895 1637 4949 est,
1666 4886 1975 4958 Quicumque
1994 4889 2127 4942 enim

549 4970 789 5045 baptisati
816 4975 932 5027 estis
968 4975 1021 5027 in
1062 4974 1282 5041 Christo,
1325 4975 1577 5029 Christum
1617 4977 1887 5032 induistis:
1916 4980 2000 5031 ubi
2029 4992 2129 5034 non

551 5074 624 5119 est
668 5064 901 5125 ludatis,
939 5076 1094 5134 neque
1130 5064 1369 5128 ercus;
1413 5082 1513 5119 non
1544 5084 1735 5134 servus,
1778 5086 1935 5138 neque
1972 5070 2129 5135 liber;

472 5200 479 5209 .
552 5170 653 5209 non
696 5155 971 5221 masculus,
1018 5172 1173 5226 neque
1217 5158 1403 5228 femina
1434 5157 1627 5231 (Galat.
1656 5175 1731 5224 ut,
1760 5161 1826 5213 27
1853 5173 1899 5214 et
1918 5161 2042 5231 28);
2075 5172 2129 5218 et

551 5258 661 5300 non
705 5246 1004 5317 imelhgunt
1031 5248 1323 5302 secundum
1360 5250 1381 5280 ³
1405 5248 1635 5305 carnalis
1675 5264 1835 5307 sexus
1872 5255 2127 5323 concupid

549 5337 809 5390 scentiam
849 5337 950 5391 hoc
978 5352 1098 5392 esse
1124 5338 1349 5407 dictum,
1379 5340 1498 5409 quia
1528 5341 1579 5394 in
1608 5341 1858 5398 interiore
1889 5344 2124 5413 homine,

550 5427 640 5480 ubi
669 5442 990 5481 retmamur
1014 5429 1064 5482 in
1093 5430 1333 5485 novitate
1353 5432 1550 5485 mentis
1579 5441 1774 5487 nostr:e
1805 5432 1879 5506 (ll
1903 5434 2019 5489 Cor.
2055 5455 2128 5506 tv,

550 5517 664 5587 16).
695 5518 868 5571 nullus
896 5532 1056 5574 sexus
1090 5522 1387 5589 huiusmodi
1422 5534 1521 5578 est.
1554 5524 1666 5577 Non
1695 5542 1822 5595 ergo
1853 5538 2131 5597 propterea

548 5620 609 5660 se
637 5618 832 5677 negent
864 5611 1025 5678 viros,
1056 5614 1176 5682 quia
1210 5617 1517 5671 masculino
1559 5633 1693 5673 sexu
1724 5621 1856 5674 nihil
1900 5638 2130 5692 operan-

615 5739 634 5806 ξ
669 5737 837 5789 Plures
854 5748 978 5801 Mss.,
999 5746 1182 5806 typum.

614 5801 1215 5877 ξιοννηοηεθδῖΜκ*
1244 5807 1551 5875 “Olim
1584 5814 1980 5869 abadruentia.
2021 5827 2132 5873 eta

550 5859 795 5929 plerisque
817 5867 1164 5929 manuscriptis.

1183 364 1274 421 DE
1314 362 1541 421 OPERE
1579 353 2079 423 MONACIlOR-UM,
2116 352 2177 413 5.

2222 353 2587 412 RUGUSTINI
2627 357 2827 413 LIBER
2869 356 3070 415 UNUS.
3700 358 3806 426 llo

2221 476 2326 526 tur.
2369 470 2498 526 Nam
2529 482 2581 528 et
2607 474 2869 547 conjugati
2913 477 3187 533 christiani
3223 476 3313 550 qui
3355 468 3460 536 hoc
3488 492 3800 553 operantur,

2222 572 2326 619 non
2369 568 2655 623 secundum
2689 569 2788 624 hoc
2832 569 3013 641 utique
3059 571 3333 627 christiani
3364 583 3506 639 sunt,
3536 577 3678 646 quod
3706 576 3804 632 ha-

2222 659 2346 715 bent
2375 676 2658 717 commune
2699 676 2818 717 cum
2860 665 3069 718 c:rteris
3109 681 3213 720 non
3239 666 3573 730 Christianis,
3599 677 3652 723 et
3681 676 3804 728 cum

2222 751 2352 824 ipsis
2394 755 2691 824 pecoribus.
2723 755 2878 810 Aliud
2920 767 3000 810 est
3042 758 3183 811 enim
3212 756 3355 828 quod
3384 758 3468 814 vel
3512 758 3806 819 inﬁrmitati

2222 846 2550 915 conceditur,
2609 849 2695 905 vel
2755 850 2965 904 merlali
3033 851 3397 920 propagationi
3455 854 3805 922 persolvitur;

2220 941 2361 995 aliud
2404 951 2581 995 autem
2625 938 2765 1013 quod
2810 943 2875 998 ad
2922 942 3302 1013 capessendam
3355 946 3716 1015 incorruptam
3752 954 3807 1005 et

2222 1044 2476 1088 :eternam
2505 1035 2665 1088 vitam
2707 1035 2844 1089 lideli
2879 1033 3209 1105 professione
3255 1032 3636 1106 sigiiilicatur'.
3670 1036 3809 1096 Illud

2223 1141 2351 1196 ergo
2376 1127 2516 1195 quod
2557 1126 2623 1180 de
2649 1142 2753 1181 non
2791 1124 3017 1181 velando
3046 1128 3219 1195 capite
3243 1128 3371 1181 viris
3396 1128 3723 1199 praccipitur,
3754 1128 3808 1184 in

2222 1232 2446 1287 corpore
2482 1218 2697 1288 quidem
2732 1217 3002 1286 ﬁguratur,
3033 1214 3124 1271 sed
3155 1218 3207 1271 in
3252 1226 3432 1272 mente
3471 1218 3575 1288 agi,
3610 1220 3697 1273 ubi
3724 1226 3811 1274 est

2224 1308 2397 1382 imago
2422 1316 2475 1362 et
2495 1310 2657 1379 gloria
2686 1308 2795 1373 Dei,
2828 1309 2987 1362 verba
3016 1310 3128 1378 ipsa
3160 1308 3427 1363 indicant:
3461 1302 3548 1360 Vir
3576 1308 3803 1377 quidem,

2224 1400 2409 1469 inquit,
2445 1412 2545 1452 non
2568 1398 2707 1452 debet
2733 1399 2897 1453 velare
2926 1409 3099 1469 caput,
3124 1410 3237 1452 cum
3266 1398 3331 1452 sit
3356 1398 3525 1467 imago
3556 1408 3603 1451 et
3643 1398 3813 1469 gloria

2223 1487 2338 1542 Dei.
2394 1488 2492 1544 Ubi
2542 1499 2719 1544 autem
2752 1489 2821 1542 sit
2864 1486 2977 1541 haec
3018 1489 3191 1559 imago
3240 1489 3352 1556 ipse
3400 1488 3655 1552 declarat,
3682 1504 3809 1544 cum

2222 1578 2385 1635 dicit:
2420 1576 2595 1633 Nolite
2635 1580 2833 1634 mentiri
2876 1580 3123 1642 invicem;
3167 1580 3504 1651 exspoliants‘s
3530 1592 3697 1635 autem
3723 1596 3813 1637 vos

2222 1680 2429 1725 veterem
2468 1671 2716 1726 hominem
2745 1687 2857 1724 cum
2898 1670 3089 1723 actibus
3136 1672 3264 1741 ejus,
3297 1670 3491 1725 induite
3515 1688 3698 1725 novam
3723 1674 3814 1743 qui

2222 1773 2491 1818 renovatur
2536 1765 2588 1817 in
2617 1764 2921 1835 agnitionem
2950 1762 3041 1817 Dei
3081 1763 3356 1818 secundum
3397 1765 3671 1836 imaginem
3700 1768 3815 1839 ejus

2224 1857 2309 1924 qui
2333 1856 2515 1908 creavit
2538 1872 2648 1908 eum
2675 1853 2892 1926 (Coloss.
2912 1869 2986 1919 tu,
3018 1853 3052 1909 9
3077 1864 3122 1907 et
3145 1854 3254 1926 i0).
3287 1856 3415 1923 Quis
3442 1856 3643 1912 dubitet
3669 1857 3811 1913 hanc

2224 1945 2621 2000 renovationcm
2650 1947 2700 1998 in
2728 1954 2905 1999 mente
2931 1942 3085 1999 ﬁeri?
3115 1942 3225 2000 Sed
3253 1952 3306 2000 et
3334 1947 3421 2016 qui
3451 1946 3679 2013 dubitat,
3713 1962 3811 2004 au-

2226 2032 2335 2091 d'iat
2359 2037 2679 2104 apertiorem
2703 2035 3043 2089 sententiam.
3073 2035 3267 2091 Eadem
3294 2038 3487 2108 quippe
3512 2040 3810 2097 admonens

2225 2128 2293 2183 ita
2324 2126 2451 2181 dicit
2478 2128 2582 2181 alio
2610 2127 2725 2181 loco
2753 2144 2765 2180 :
2800 2127 2948 2181 Sicut
2974 2138 3043 2182 est
3069 2129 3251 2182 veritas
3288 2130 3343 2184 in
3382 2129 3522 2196 Iesu,
3554 2132 3811 2204 deponere

2224 2233 2309 2273 vos
2336 2218 2612 2273 secundum
2658 2219 2875 2290 priorem
2919 2218 3345 2275 conversationem
3388 2232 3598 2277 veterem
3638 2225 3811 2279 homi-

2224 2326 2370 2377 nem,
2415 2324 2527 2365 eum
2587 2308 2675 2381 qui
2726 2312 3067 2380 corrumpitur
3120 2313 3396 2366 secundum
3447 2315 3816 2382 concupiscen-

2226 2406 2321 2458 tias
2359 2403 2706 2472 deceptionis;
2746 2406 3055 2458 renovamini
3086 2415 3250 2458 autem
3289 2407 3471 2475 spiritu
3510 2408 3690 2462 mentis
3728 2424 3820 2463 ve-

2223 2506 2359 2562 straz,
2406 2506 2450 2550 et
2481 2497 2674 2550 induite
2718 2510 2899 2550 novum
2946 2496 3216 2561 hominem,
3263 2512 3376 2551 eum
3413 2500 3501 2571 qui
3538 2501 3817 2555 secundum

2224 2586 2389 2641 Deum
2430 2598 2627 2641 creatus
2678 2597 2753 2640 est
2794 2585 3006 2657 (Ep/tes.
3053 2602 3123 2653 IV,
3181 2586 3401 2661 21-24).
3458 2588 3599 2657 Quid
3648 2592 3821 2661 ergo?

2224 2680 2474 2734 mulieres
2501 2692 2603 2734 non
2642 2679 2838 2733 habent
2872 2680 3009 2733 hanc
3038 2679 3431 2735 innovationem
3477 2688 3693 2749 mentis,
3717 2682 3817 2740 ubi

2224 2781 2306 2828 est
2350 2774 2522 2842 imago
2561 2772 2697 2827 Dei?
2743 2772 2872 2841 Quis
2905 2772 3005 2827 hoc
3035 2771 3270 2827 dixrrit?
3313 2772 3420 2829 Sed
3458 2776 3701 2846 CorpOris
3728 2774 3817 2832 sui

2225 2881 2352 2920 sexu
2386 2881 2487 2920 non
2512 2881 2628 2921 eam
2659 2866 2995 2934 signiﬁcant:
3025 2875 3303 2934 pmpterea
3343 2867 3507 2921 velari
3530 2868 3814 2936 iubentur.

2225 2959 2370 3013 illam
2394 2961 2587 3029 quippe
2616 2959 2917 3027 signiﬁcant
2944 2968 3170 3027 partem,
3196 2973 3260 3013 eo
3286 2959 3401 3029 ipso
3431 2974 3534 3031 quo
3560 2962 3819 3018 mulieres

2225 3062 2365 3115 sunt,
2412 3069 2529 3122 qn;e
2574 3052 3074 3121 concupiscentialis
3121 3052 3223 3105 diei
3277 3061 3471 3124 potest,
3520 3054 3603 3107 cui
3656 3067 3821 3110 mens

2224 3142 2545 3209 dominatur,
2579 3144 2738 3197 etiam
2772 3143 2882 3210 ipsa
2909 3142 3115 3196 subdita
3150 3142 3265 3197 Deo
3309 3157 3429 3207 SUO,
3459 3144 3669 3213 quando
3716 3161 3820 3199 re-

2224 3240 2459 3294 ctissime
2496 3246 2550 3293 et
2588 3236 2985 3304 orilinatiSsime
3025 3236 3237 3289 vivitur.
3271 3235 3421 3304 Quod
3458 3250 3586 3307 ergo
3628 3246 3711 3291 est
3766 3239 3818 3293 in

2226 3347 2330 3383 uno
2360 3330 2571 3384 homine
2600 3342 2751 3382 mens
2776 3336 2830 3381 et
2856 3329 3284 3396 corneupiSccntia
3314 3328 3333 3398 (
3351 3328 3438 3381 illa
3477 3330 3616 3383 enim
3649 3333 3817 3399 regit,

2227 3424 2339 3477 lucc
2379 3424 2614 3492 regitur;
2670 3422 2756 3475 illa
2785 3421 3107 3484 dominatur,
3142 3422 3255 3476 lucc
3294 3421 3590 3493 subditur),
3622 3421 3730 3478 hoc
3767 3425 3818 3479 in

2226 3512 2431 3571 dnolms
2460 3514 2781 3573 hominibus.
2806 3516 2922 3569 viro
2950 3523 3003 3568 et
3029 3515 3273 3581 muliere,
3305 3517 3593 3571 secundum
3624 3532 3820 3573 sexum

2225 3608 2465 3676 corporis
2498 3607 2769 3675 ﬁguratur.
2801 3604 2875 3659 De
2901 3620 3005 3676 quo
3034 3615 3371 3660 sacramento
3408 3608 3626 3677 loquens
3667 3610 3819 3677 Apo-

2225 3700 2393 3753 stolus
2442 3694 2587 3761 dicit,
2632 3697 2801 3750 virum
2853 3712 2957 3751 non
3008 3696 3203 3751 debere
3251 3698 3433 3757 velari,
3478 3697 3570 3751 Sed
3615 3697 3822 3757 debere

2227 3791 2525 3844 mulierem.
2586 3782 2758 3843 Tanto
2805 3789 2946 3842 enim
3001 3788 3284 3858 gloriosius
3332 3800 3483 3843 mens
3531 3790 3595 3843 ad
3648 3805 3821 3860 snpe-

2228 3882 2365 3937 riora
2413 3892 2777 3951 promovetur,
2809 3890 3005 3949 quanto
3036 3879 3337 3949 diligentius
3371 3880 3436 3934 ab
3476 3878 3824 3938 inferioribus

2226 3974 2652 4044 coacupiscentia
2707 3972 3018 4037 cohibetur;
3073 3972 3244 4026 donec
3293 3976 3434 4026 totus
3477 3971 3637 4027 homo
3688 3987 3821 4028 cum

2228 4066 2342 4135 ipso
2376 4066 2533 4118 etiam
2579 4064 2790 4141 mortan
2824 4077 2963 4118 nunc
2994 4070 3051 4118 et
3089 4063 3256 4133 fragili
3286 4072 3511 4132 cor-pure
3536 4063 3588 4117 in
3628 4078 3822 4121 resur-

2229 4161 2466 4214 rcetionc
2495 4158 2779 4212 noviSsima
2808 4156 3207 4227 incorruptione
3230 4168 3387 4228 atque
3416 4158 3826 4217 immortalitate

2228 4250 2494 4315 induatur,
2525 4260 2577 4303 et
2615 4249 2964 4304 absorbeatur
3010 4262 3156 4303 mors
3195 4249 3249 4304 in
3277 4250 3553 4305 victOriam
3605 4251 3659 4321 (Ι
3688 4250 3819 4306 Cor.

2229 4357 2318 4407 xv,
2360 4341 2473 4407 54).

2299 4429 2523 4486 CAPUT
2560 4429 2801 4484 XXXIII.
2816 4428 2986 4485 ——tll.
3009 4427 3179 4485 Bonos
3190 4431 3432 4501 quosdam
3448 4430 3654 4485 crinitos
3665 4440 3825 4505 regat

2230 4532 2284 4577 ut
2331 4522 2542 4593 capillos
2595 4521 2801 4578 radunt.
2830 4523 3163 4592 Quapropter
3184 4523 3270 4591 qui
3314 4532 3459 4578 recta
3510 4524 3684 4578 facere
3732 4541 3825 4579 no-

2233 4610 2365 4681 lunt,
2396 4615 2640 4669 desinant
2675 4612 2860 4669 saltem
2890 4615 3084 4670 d‘occre
3112 4626 3386 4684 perversa.
3416 4614 3523 4671 Sed
3563 4617 3650 4670 alii
3672 4625 3825 4681 sunt,

2232 4722 2365 4777 quos
2406 4710 2506 4761 isto
2551 4722 2796 4761 sermone
2822 4709 3137 4776 corripimus
3156 4708 3216 4761 ἐ
3249 4705 3369 4762 illos
3397 4720 3574 4765 autem
3603 4710 3689 4778 qui
3718 4710 3828 4763 hoc

2233 4816 2339 4855 uno
2366 4801 2492 4853 vitio
2518 4800 2831 4869 capillorum
2872 4808 3055 4853 contra
3105 4810 3424 4869 prteceptum
3469 4798 3826 4869 apostolicum

2233 4896 2583 4952 demissorum
2613 4896 2885 4951 ollendnnt
2914 4906 2967 4950 et
2995 4899 3307 4967 perturbant
3336 4892 3630 4950 Ecclesium
3660 4912 3674 4948 :
3699 4897 3828 4965 quia

2233 5000 2353 5042 cum
2380 4989 2466 5041 alii
2491 4989 2730 5041 nolentes
2756 4986 2823 5041 de
2853 4987 2956 5041 illis
2987 4989 3109 5041 mali
3141 4987 3336 5057 aliquid
3369 4987 3586 5049 sentire,
3610 5001 3825 5053 cogun—

2236 5089 2320 5133 tur
2349 5080 2621 5133 manilesta
2641 5079 2798 5133 verba
2832 5078 3065 5148 Apostoli
3090 5081 3140 5132 in
3174 5092 3473 5145 perversam
3501 5078 3836 5146 detorquere

2237 5171 2578 5235 sententiam,
2612 5169 2700 5223 alii
2730 5183 2913 5223 sannm
2944 5169 3267 5224 intellectum
3301 5166 3695 5238 Scripturarum
3725 5168 3833 5224 de-

2235 5261 2453 5317 fendere
2501 5262 2900 5330 malnnt,qnam
2948 5258 3218 5329 quoslibet
3255 5257 3499 5313 homines
3545 5258 3832 5324 adulam';

2236 5353 2470 5409 existunt
2509 5352 2645 5406 inter
2691 5350 2879 5404 fratres
2923 5348 3241 5405 inﬁrmiores
3270 5356 3326 5404 et
3373 5349 3636 5403 firmiores
3674 5364 3834 5402 ama‘

2236 5446 2463 5499 rissimm
2503 5452 2553 5499 et
2598 5442 3061 5513 periculo~issimre
3107 5443 3525 5497 contentiones:
3564 5440 3705 5511 quod
3758 5440 3839 5496 illi

2239 5538 2372 5589 forte
2398 5538 2440 5590 si
2472 5535 2684 5597 scirent,
2718 5534 2817 5587 hoc
2846 5546 3057 5604 quoque
3086 5535 3200 5588 sine
3230 5534 3563 5588 dubitatione
3590 5533 3836 5602 corrige-

2238 5637 2374 5694 rent,
2407 5644 2630 5697 quorum
2661 5636 2850 5682 cratera
2876 5628 3133 5681 miramur
3161 5634 3213 5681 ct
3241 5640 3517 5683 amamus:
3545 5626 3667 5681 illos
3691 5636 3839 5697 ergo

2304 5765 2320 5834 ξ
2354 5770 2405 5834 lu
2426 5770 2547 5823 5155.,
2572 5761 2801 5834 simtalur.

2302 5827 2320 5889 2
2354 5832 2478 5884 Mss,
2505 5827 2805 5889 corrigimus.

2306 5888 2326 5919 ε
2358 5889 2428 5935 sic
2582 5885 2766 5939 Δίων.
2789 5886 3068 5952 quibuslibet
3088 5887 3351 5941 hominibus
3374 5885 3587 5941 adulari.
