  <div class='ocr_page' id='page_1' title='image "/cluster/home/n/w/nwhite01/storage/ocr_20150623/40/hvd.32044024147290/296.png"; bbox 0 0 4070 6334; ppageno 0'>
   <div class='ocr_carea' id='block_1_1' title="bbox 275 336 3567 416">
    <p class='ocr_par' dir='ltr' id='par_1_1' title="bbox 275 336 3567 416">
     <span class='ocr_line' id='line_1_1' title="bbox 275 336 3567 416; baseline 0.004 -24"><span class='ocrx_word' id='word_1_1' title='bbox 275 341 376 400; x_wconf 67' lang='grc' dir='ltr'>ω</span> <span class='ocrx_word' id='word_1_2' title='bbox 948 338 1037 395; x_wconf 86' lang='lat' dir='ltr'><strong>DE</strong></span> <span class='ocrx_word' id='word_1_3' title='bbox 1077 336 1510 396; x_wconf 78' lang='lat' dir='ltr'><strong>DIVINATIONE</strong></span> <span class='ocrx_word' id='word_1_4' title='bbox 1549 336 1924 411; x_wconf 64' lang='lat' dir='ltr'><strong>DEMONUM,</strong></span> <span class='ocrx_word' id='word_1_5' title='bbox 1967 341 2027 398; x_wconf 89' lang='lat' dir='ltr'><strong>S.</strong></span> <span class='ocrx_word' id='word_1_6' title='bbox 2065 339 2434 398; x_wconf 75' lang='lat' dir='ltr'><strong>AUGUSTlNl</strong></span> <span class='ocrx_word' id='word_1_7' title='bbox 2468 340 2674 400; x_wconf 74' lang='lat' dir='ltr'><strong>LIBER</strong></span> <span class='ocrx_word' id='word_1_8' title='bbox 2712 342 2914 404; x_wconf 86' lang='lat' dir='ltr'><strong>UNUS.</strong></span> <span class='ocrx_word' id='word_1_9' title='bbox 3457 355 3567 416; x_wconf 65' lang='grc' dir='ltr'><strong>ης</strong></span> 
     </span>
    </p>
   </div>
   <div class='ocr_carea' id='block_1_2' title="bbox 275 453 1874 527">
    <p class='ocr_par' dir='ltr' id='par_1_2' title="bbox 275 453 1874 527">
     <span class='ocr_line' id='line_1_2' title="bbox 275 453 1874 527; baseline -0.003 -14"><span class='ocrx_word' id='word_1_10' title='bbox 275 473 382 513; x_wconf 82' lang='lat' dir='ltr'><strong>non</strong></span> <span class='ocrx_word' id='word_1_11' title='bbox 427 456 754 527; x_wconf 83' lang='lat' dir='ltr'><strong>corripimus</strong></span> <span class='ocrx_word' id='word_1_12' title='bbox 774 496 789 520; x_wconf 97' lang='lat'><strong>,</strong></span> <span class='ocrx_word' id='word_1_13' title='bbox 818 453 911 510; x_wconf 89' lang='lat' dir='ltr'><strong>sed</strong></span> <span class='ocrx_word' id='word_1_14' title='bbox 941 469 1192 526; x_wconf 80' lang='lat' dir='ltr'><strong>rogamus</strong></span> <span class='ocrx_word' id='word_1_15' title='bbox 1222 463 1276 509; x_wconf 87' lang='lat' dir='ltr'><strong>et</strong></span> <span class='ocrx_word' id='word_1_16' title='bbox 1299 454 1641 509; x_wconf 79' lang='lat' dir='ltr'><strong>obsecramus</strong></span> <span class='ocrx_word' id='word_1_17' title='bbox 1672 469 1768 524; x_wconf 90' lang='lat' dir='ltr'><strong>per</strong></span> <span class='ocrx_word' id='word_1_18' title='bbox 1791 454 1874 509; x_wconf 91' lang='lat' dir='ltr'><strong>di-</strong></span> 
     </span>
    </p>
   </div>
   <div class='ocr_carea' id='block_1_3' title="bbox 274 548 1869 620">
    <p class='ocr_par' dir='ltr' id='par_1_3' title="bbox 274 548 1869 620">
     <span class='ocr_line' id='line_1_3' title="bbox 274 548 1869 620; baseline -0.001 -14"><span class='ocrx_word' id='word_1_19' title='bbox 274 550 552 608; x_wconf 86' lang='lat' dir='ltr'><strong>vinitatem</strong></span> <span class='ocrx_word' id='word_1_20' title='bbox 595 558 652 604; x_wconf 90' lang='lat' dir='ltr'><strong>et</strong></span> <span class='ocrx_word' id='word_1_21' title='bbox 685 548 1066 603; x_wconf 82' lang='lat' dir='ltr'><strong>humanitatem</strong></span> <span class='ocrx_word' id='word_1_22' title='bbox 1093 548 1315 614; x_wconf 75' lang='lat' dir='ltr'><strong>Christi,</strong></span> <span class='ocrx_word' id='word_1_23' title='bbox 1345 556 1399 602; x_wconf 91' lang='lat' dir='ltr'><strong>et</strong></span> <span class='ocrx_word' id='word_1_24' title='bbox 1428 563 1524 620; x_wconf 92' lang='lat' dir='ltr'><strong>per</strong></span> <span class='ocrx_word' id='word_1_25' title='bbox 1554 549 1869 604; x_wconf 86' lang='lat' dir='ltr'><strong>charitatem</strong></span> 
     </span>
    </p>
   </div>
   <div class='ocr_carea' id='block_1_4' title="bbox 271 639 1870 714">
    <p class='ocr_par' dir='ltr' id='par_1_4' title="bbox 271 639 1870 714">
     <span class='ocr_line' id='line_1_4' title="bbox 271 639 1870 714; baseline -0.002 -13"><span class='ocrx_word' id='word_1_26' title='bbox 271 641 502 714; x_wconf 75' lang='lat' dir='ltr'><strong>Spiritus</strong></span> <span class='ocrx_word' id='word_1_27' title='bbox 545 643 738 707; x_wconf 78' lang='lat' dir='ltr'><strong>sancti,</strong></span> <span class='ocrx_word' id='word_1_28' title='bbox 767 656 835 696; x_wconf 93' lang='lat' dir='ltr'><strong>nc</strong></span> <span class='ocrx_word' id='word_1_29' title='bbox 882 640 1018 694; x_wconf 88' lang='lat' dir='ltr'><strong>ultra</strong></span> <span class='ocrx_word' id='word_1_30' title='bbox 1058 639 1166 711; x_wconf 89' lang='lat' dir='ltr'><strong>jam</strong></span> <span class='ocrx_word' id='word_1_31' title='bbox 1219 649 1415 710; x_wconf 84' lang='lat' dir='ltr'><strong>ponant</strong></span> <span class='ocrx_word' id='word_1_32' title='bbox 1450 639 1553 696; x_wconf 87' lang='lat' dir='ltr'><strong>hoc</strong></span> <span class='ocrx_word' id='word_1_33' title='bbox 1577 641 1870 698; x_wconf 76' lang='lat' dir='ltr'><strong>offendicu-</strong></span> 
     </span>
    </p>
   </div>
   <div class='ocr_carea' id='block_1_5' title="bbox 270 732 1866 804">
    <p class='ocr_par' dir='ltr' id='par_1_5' title="bbox 270 732 1866 804">
     <span class='ocr_line' id='line_1_5' title="bbox 270 732 1866 804; baseline -0.001 -12"><span class='ocrx_word' id='word_1_34' title='bbox 270 735 376 792; x_wconf 86' lang='lat' dir='ltr'><strong>htm</strong></span> <span class='ocrx_word' id='word_1_35' title='bbox 402 735 654 800; x_wconf 77' lang='lat' dir='ltr'><strong>infirmis,</strong></span> <span class='ocrx_word' id='word_1_36' title='bbox 680 750 776 804; x_wconf 90' lang='lat' dir='ltr'><strong>pro</strong></span> <span class='ocrx_word' id='word_1_37' title='bbox 801 734 992 804; x_wconf 79' lang='lat' dir='ltr'><strong>quibus</strong></span> <span class='ocrx_word' id='word_1_38' title='bbox 1011 732 1255 788; x_wconf 73' lang='lat' dir='ltr'><strong>Christus</strong></span> <span class='ocrx_word' id='word_1_39' title='bbox 1286 742 1528 787; x_wconf 88' lang='lat' dir='ltr'><strong>mortuus</strong></span> <span class='ocrx_word' id='word_1_40' title='bbox 1557 742 1660 800; x_wconf 88' lang='lat' dir='ltr'><strong>est,</strong></span> <span class='ocrx_word' id='word_1_41' title='bbox 1687 745 1739 789; x_wconf 89' lang='lat' dir='ltr'><strong>et</strong></span> <span class='ocrx_word' id='word_1_42' title='bbox 1767 735 1866 790; x_wconf 90' lang='lat' dir='ltr'><strong>do-</strong></span> 
     </span>
    </p>
   </div>
   <div class='ocr_carea' id='block_1_6' title="bbox 271 824 1864 895">
    <p class='ocr_par' dir='ltr' id='par_1_6' title="bbox 271 824 1864 895">
     <span class='ocr_line' id='line_1_6' title="bbox 271 824 1864 895; baseline -0.003 -11"><span class='ocrx_word' id='word_1_43' title='bbox 271 828 440 884; x_wconf 82' lang='lat' dir='ltr'><strong>lorem</strong></span> <span class='ocrx_word' id='word_1_44' title='bbox 492 828 894 894; x_wconf 83' lang='lat' dir='ltr'><strong>cruciatumque</strong></span> <span class='ocrx_word' id='word_1_45' title='bbox 937 825 1106 878; x_wconf 79' lang='lat' dir='ltr'><strong>nostri</strong></span> <span class='ocrx_word' id='word_1_46' title='bbox 1156 824 1333 878; x_wconf 85' lang='lat' dir='ltr'><strong>cordis</strong></span> <span class='ocrx_word' id='word_1_47' title='bbox 1372 833 1718 895; x_wconf 63' lang='lat' dir='ltr'><strong>exaggcrunt,</strong></span> <span class='ocrx_word' id='word_1_48' title='bbox 1744 840 1864 880; x_wconf 91' lang='lat' dir='ltr'><strong>cum</strong></span> 
     </span>
    </p>
   </div>
   <div class='ocr_carea' id='block_1_7' title="bbox 268 916 1862 991">
    <p class='ocr_par' dir='ltr' id='par_1_7' title="bbox 268 916 1862 991">
     <span class='ocr_line' id='line_1_7' title="bbox 268 916 1862 991; baseline -0.001 -16"><span class='ocrx_word' id='word_1_49' title='bbox 268 922 565 991; x_wconf 74' lang='lat' dir='ltr'><strong>cogitamus</strong></span> <span class='ocrx_word' id='word_1_50' title='bbox 592 927 796 988; x_wconf 86' lang='lat' dir='ltr'><strong>quanto</strong></span> <span class='ocrx_word' id='word_1_51' title='bbox 825 916 1110 987; x_wconf 87' lang='lat' dir='ltr'><strong>proclivius</strong></span> <span class='ocrx_word' id='word_1_52' title='bbox 1141 916 1240 970; x_wconf 90' lang='lat' dir='ltr'><strong>hoc</strong></span> <span class='ocrx_word' id='word_1_53' title='bbox 1268 916 1464 971; x_wconf 84' lang='lat' dir='ltr'><strong>malum</strong></span> <span class='ocrx_word' id='word_1_54' title='bbox 1493 918 1558 972; x_wconf 90' lang='lat' dir='ltr'><strong>ad</strong></span> <span class='ocrx_word' id='word_1_55' title='bbox 1589 918 1862 988; x_wconf 85' lang='lat' dir='ltr'><strong>decipien-</strong></span> 
     </span>
    </p>
   </div>
   <div class='ocr_carea' id='block_1_8' title="bbox 267 1009 1865 1078">
    <p class='ocr_par' dir='ltr' id='par_1_8' title="bbox 267 1009 1865 1078">
     <span class='ocr_line' id='line_1_8' title="bbox 267 1009 1865 1078; baseline -0.003 -9"><span class='ocrx_word' id='word_1_56' title='bbox 267 1014 363 1070; x_wconf 93' lang='lat' dir='ltr'><strong>dos</strong></span> <span class='ocrx_word' id='word_1_57' title='bbox 391 1013 642 1066; x_wconf 83' lang='lat' dir='ltr'><strong>homines</strong></span> <span class='ocrx_word' id='word_1_58' title='bbox 669 1010 864 1066; x_wconf 89' lang='lat' dir='ltr'><strong>imitari</strong></span> <span class='ocrx_word' id='word_1_59' title='bbox 895 1009 1101 1078; x_wconf 84' lang='lat' dir='ltr'><strong>possint</strong></span> <span class='ocrx_word' id='word_1_60' title='bbox 1127 1009 1274 1074; x_wconf 77' lang='lat' dir='ltr'><strong>ntali,</strong></span> <span class='ocrx_word' id='word_1_61' title='bbox 1305 1025 1426 1064; x_wconf 90' lang='lat' dir='ltr'><strong>eum</strong></span> <span class='ocrx_word' id='word_1_62' title='bbox 1471 1010 1522 1063; x_wconf 89' lang='lat' dir='ltr'><strong>in</strong></span> <span class='ocrx_word' id='word_1_63' title='bbox 1548 1010 1627 1063; x_wconf 89' lang='lat' dir='ltr'><strong>eis</strong></span> <span class='ocrx_word' id='word_1_64' title='bbox 1661 1011 1761 1064; x_wconf 90' lang='lat' dir='ltr'><strong>hoc</strong></span> <span class='ocrx_word' id='word_1_65' title='bbox 1789 1011 1865 1065; x_wconf 88' lang='lat' dir='ltr'><strong>vi-</strong></span> 
     </span>
    </p>
   </div>
   <div class='ocr_carea' id='block_1_9' title="bbox 268 1102 1862 1176">
    <p class='ocr_par' dir='ltr' id='par_1_9' title="bbox 268 1102 1862 1176">
     <span class='ocr_line' id='line_1_9' title="bbox 268 1102 1862 1176; baseline -0.003 -15"><span class='ocrx_word' id='word_1_66' title='bbox 268 1106 395 1162; x_wconf 78' lang='lat' dir='ltr'><strong>dent</strong></span> <span class='ocrx_word' id='word_1_67' title='bbox 421 1119 558 1176; x_wconf 86' lang='lat' dir='ltr'><strong>quos</strong></span> <span class='ocrx_word' id='word_1_68' title='bbox 586 1116 804 1176; x_wconf 74' lang='lat' dir='ltr'><strong>propter</strong></span> <span class='ocrx_word' id='word_1_69' title='bbox 827 1103 927 1156; x_wconf 90' lang='lat' dir='ltr'><strong>alia</strong></span> <span class='ocrx_word' id='word_1_70' title='bbox 955 1112 1097 1157; x_wconf 84' lang='lat' dir='ltr'><strong>tanta</strong></span> <span class='ocrx_word' id='word_1_71' title='bbox 1125 1103 1259 1156; x_wconf 87' lang='lat' dir='ltr'><strong>bona</strong></span> <span class='ocrx_word' id='word_1_72' title='bbox 1283 1102 1477 1158; x_wconf 83' lang='lat' dir='ltr'><strong>debitis</strong></span> <span class='ocrx_word' id='word_1_73' title='bbox 1499 1103 1692 1158; x_wconf 87' lang='lat' dir='ltr'><strong>officiis</strong></span> <span class='ocrx_word' id='word_1_74' title='bbox 1718 1103 1862 1157; x_wconf 86' lang='lat' dir='ltr'><strong>chri-</strong></span> 
     </span>
    </p>
   </div>
   <div class='ocr_carea' id='block_1_10' title="bbox 267 1195 1861 1265">
    <p class='ocr_par' dir='ltr' id='par_1_10' title="bbox 267 1195 1861 1265">
     <span class='ocr_line' id='line_1_10' title="bbox 267 1195 1861 1265; baseline -0.002 -12"><span class='ocrx_word' id='word_1_75' title='bbox 267 1200 454 1253; x_wconf 75' lang='lat' dir='ltr'><strong>stiana:</strong></span> <span class='ocrx_word' id='word_1_76' title='bbox 501 1197 807 1252; x_wconf 76' lang='lat' dir='ltr'><strong>dilectionis</strong></span> <span class='ocrx_word' id='word_1_77' title='bbox 855 1195 1200 1249; x_wconf 87' lang='lat' dir='ltr'><strong>honoramus.</strong></span> <span class='ocrx_word' id='word_1_78' title='bbox 1252 1196 1404 1262; x_wconf 80' lang='lat' dir='ltr'><strong>Quod</strong></span> <span class='ocrx_word' id='word_1_79' title='bbox 1462 1195 1505 1249; x_wconf 89' lang='lat' dir='ltr'><strong>si</strong></span> <span class='ocrx_word' id='word_1_80' title='bbox 1559 1205 1676 1265; x_wconf 90' lang='lat' dir='ltr'><strong>post</strong></span> <span class='ocrx_word' id='word_1_81' title='bbox 1725 1195 1861 1250; x_wconf 85' lang='lat' dir='ltr'><strong>hanc</strong></span> 
     </span>
    </p>
   </div>
   <div class='ocr_carea' id='block_1_11' title="bbox 267 1287 1857 1356">
    <p class='ocr_par' dir='ltr' id='par_1_11' title="bbox 267 1287 1857 1356">
     <span class='ocr_line' id='line_1_11' title="bbox 267 1287 1857 1356; baseline -0.001 -14"><span class='ocrx_word' id='word_1_82' title='bbox 267 1288 690 1344; x_wconf 88' lang='lat' dir='ltr'><strong>admonitionem</strong></span> <span class='ocrx_word' id='word_1_83' title='bbox 721 1287 802 1340; x_wconf 84' lang='lat' dir='ltr'><strong>vel</strong></span> <span class='ocrx_word' id='word_1_84' title='bbox 835 1287 1010 1356; x_wconf 86' lang='lat' dir='ltr'><strong>potius</strong></span> <span class='ocrx_word' id='word_1_85' title='bbox 1047 1287 1473 1342; x_wconf 78' lang='lat' dir='ltr'><strong>obsecrationem</strong></span> <span class='ocrx_word' id='word_1_86' title='bbox 1521 1297 1756 1342; x_wconf 86' lang='lat' dir='ltr'><strong>nostram</strong></span> <span class='ocrx_word' id='word_1_87' title='bbox 1805 1289 1857 1342; x_wconf 91' lang='lat' dir='ltr'><strong>in</strong></span> 
     </span>
    </p>
   </div>
   <div class='ocr_carea' id='block_1_12' title="bbox 639 1407 784 1414">
    <p class='ocr_par' dir='ltr' id='par_1_12' title="bbox 639 1407 784 1414">
     <span class='ocr_line' id='line_1_12' title="bbox 639 1407 784 1414; baseline -0.007 0"><span class='ocrx_word' id='word_1_88' title='bbox 639 1407 784 1414; x_wconf 71' lang='lat'><strong>.—.——</strong></span> 
     </span>
    </p>
   </div>
   <div class='ocr_carea' id='block_1_13' title="bbox 1369 1407 1554 1414">
    <p class='ocr_par' dir='ltr' id='par_1_13' title="bbox 1369 1407 1554 1414">
     <span class='ocr_line' id='line_1_13' title="bbox 1369 1407 1554 1414; baseline 0 -2"><span class='ocrx_word' id='word_1_89' title='bbox 1369 1407 1554 1414; x_wconf 47' lang='lat'><strong>*—</strong></span> 
     </span>
    </p>
   </div>
   <div class='ocr_carea' id='block_1_14' title="bbox 537 1445 1828 1454">
    <p class='ocr_par' dir='ltr' id='par_1_14' title="bbox 537 1445 1828 1454">
     <span class='ocr_line' id='line_1_14' title="bbox 537 1445 1828 1454; baseline -0.002 -1"><span class='ocrx_word' id='word_1_90' title='bbox 537 1445 616 1454; x_wconf 55' lang='grc' dir='ltr'><strong>ὸ..</strong></span> <span class='ocrx_word' id='word_1_91' title='bbox 655 1445 764 1453; x_wconf 56' lang='grc' dir='ltr'><strong>..ς-ι-</strong></span> <span class='ocrx_word' id='word_1_92' title='bbox 811 1447 858 1452; x_wconf 61' lang='grc' dir='ltr'><strong>--η-</strong></span> <span class='ocrx_word' id='word_1_93' title='bbox 905 1447 1188 1452; x_wconf 46' lang='grc' dir='ltr'><strong>--.-.--..,--ν</strong></span> <span class='ocrx_word' id='word_1_94' title='bbox 1267 1447 1386 1452; x_wconf 75' lang='grc'><strong><em>-----</em></strong></span> <span class='ocrx_word' id='word_1_95' title='bbox 1421 1445 1498 1452; x_wconf 81' lang='grc'><strong>.-.-</strong></span> <span class='ocrx_word' id='word_1_96' title='bbox 1535 1447 1584 1452; x_wconf 51' lang='grc' dir='ltr'><strong>η-.</strong></span> <span class='ocrx_word' id='word_1_97' title='bbox 1639 1448 1660 1452; x_wconf 81' lang='grc'><strong>.-</strong></span> <span class='ocrx_word' id='word_1_98' title='bbox 1701 1447 1740 1452; x_wconf 78' lang='grc'><strong>.--</strong></span> <span class='ocrx_word' id='word_1_99' title='bbox 1775 1445 1828 1452; x_wconf 67' lang='lat'><strong>__.</strong></span> 
     </span>
    </p>
   </div>
   <div class='ocr_carea' id='block_1_15' title="bbox 1903 1407 2078 1414">
    <p class='ocr_par' dir='ltr' id='par_1_15' title="bbox 1903 1407 2078 1414">
     <span class='ocr_line' id='line_1_15' title="bbox 1903 1407 2078 1414; baseline 0.006 -1"><span class='ocrx_word' id='word_1_100' title='bbox 1903 1407 2078 1414; x_wconf 55' lang='grc' dir='ltr'><strong>*ς-</strong></span> 
     </span>
    </p>
   </div>
   <div class='ocr_carea' id='block_1_16' title="bbox 1976 455 3560 530">
    <p class='ocr_par' dir='ltr' id='par_1_16' title="bbox 1976 455 3560 530">
     <span class='ocr_line' id='line_1_16' title="bbox 1976 455 3560 530; baseline 0.009 -19"><span class='ocrx_word' id='word_1_101' title='bbox 1976 470 2044 511; x_wconf 87' lang='lat' dir='ltr'><strong>eo</strong></span> <span class='ocrx_word' id='word_1_102' title='bbox 2069 455 2168 510; x_wconf 84' lang='lat' dir='ltr'><strong>sibi</strong></span> <span class='ocrx_word' id='word_1_103' title='bbox 2193 456 2640 526; x_wconf 88' lang='lat' dir='ltr'><strong>perseverandum</strong></span> <span class='ocrx_word' id='word_1_104' title='bbox 2661 472 2780 513; x_wconf 91' lang='lat' dir='ltr'><strong>esse</strong></span> <span class='ocrx_word' id='word_1_105' title='bbox 2805 459 3126 530; x_wconf 74' lang='lat' dir='ltr'><strong>putaverint,</strong></span> <span class='ocrx_word' id='word_1_106' title='bbox 3157 464 3286 522; x_wconf 81' lang='lat' dir='ltr'><strong>nihil</strong></span> <span class='ocrx_word' id='word_1_107' title='bbox 3311 465 3457 524; x_wconf 84' lang='lat' dir='ltr'><strong>aliud</strong></span> <span class='ocrx_word' id='word_1_108' title='bbox 3475 469 3560 527; x_wconf 80' lang='lat' dir='ltr'><strong>fa-</strong></span> 
     </span>
    </p>
   </div>
   <div class='ocr_carea' id='block_1_17' title="bbox 1975 548 3618 639">
    <p class='ocr_par' dir='ltr' id='par_1_17' title="bbox 1975 548 3618 639">
     <span class='ocr_line' id='line_1_17' title="bbox 1975 548 3618 639; baseline 0.011 -37"><span class='ocrx_word' id='word_1_109' title='bbox 1975 548 2179 603; x_wconf 88' lang='lat' dir='ltr'><strong>ciemus</strong></span> <span class='ocrx_word' id='word_1_110' title='bbox 2209 564 2366 618; x_wconf 90' lang='lat' dir='ltr'><strong>quam</strong></span> <span class='ocrx_word' id='word_1_111' title='bbox 2392 549 2695 606; x_wconf 87' lang='lat' dir='ltr'><strong>delebimus</strong></span> <span class='ocrx_word' id='word_1_112' title='bbox 2734 562 2790 607; x_wconf 91' lang='lat' dir='ltr'><strong>et</strong></span> <span class='ocrx_word' id='word_1_113' title='bbox 2824 567 3120 622; x_wconf 74' lang='lat' dir='ltr'><strong>gememus.</strong></span> <span class='ocrx_word' id='word_1_114' title='bbox 3153 557 3265 613; x_wconf 85' lang='lat' dir='ltr'><strong>Hoc</strong></span> <span class='ocrx_word' id='word_1_115' title='bbox 3294 564 3560 630; x_wconf 86' lang='lat' dir='ltr'><strong>noverint,</strong></span> <span class='ocrx_word' id='word_1_116' title='bbox 3600 567 3618 639; x_wconf 63' lang='grc' dir='ltr'><strong>ι</strong></span> 
     </span>
    </p>
   </div>
   <div class='ocr_carea' id='block_1_18' title="bbox 1971 641 3608 714">
    <p class='ocr_par' dir='ltr' id='par_1_18' title="bbox 1971 641 3608 714">
     <span class='ocr_line' id='line_1_18' title="bbox 1971 641 3608 714; baseline 0.009 -18"><span class='ocrx_word' id='word_1_117' title='bbox 1971 641 2204 696; x_wconf 86' lang='lat' dir='ltr'><strong>sufficit:</strong></span> <span class='ocrx_word' id='word_1_118' title='bbox 2236 641 2282 697; x_wconf 87' lang='lat' dir='ltr'><strong>si</strong></span> <span class='ocrx_word' id='word_1_119' title='bbox 2312 643 2451 697; x_wconf 86' lang='lat' dir='ltr'><strong>servi</strong></span> <span class='ocrx_word' id='word_1_120' title='bbox 2481 643 2586 698; x_wconf 90' lang='lat' dir='ltr'><strong>.Dci</strong></span> <span class='ocrx_word' id='word_1_121' title='bbox 2630 653 2784 710; x_wconf 92' lang='lat' dir='ltr'><strong>sunt,</strong></span> <span class='ocrx_word' id='word_1_122' title='bbox 2817 646 3170 714; x_wconf 86' lang='lat' dir='ltr'><strong>miserentur;</strong></span> <span class='ocrx_word' id='word_1_123' title='bbox 3195 651 3238 703; x_wconf 87' lang='lat' dir='ltr'><strong>si</strong></span> <span class='ocrx_word' id='word_1_124' title='bbox 3266 669 3371 708; x_wconf 82' lang='lat' dir='ltr'><strong>non</strong></span> <span class='ocrx_word' id='word_1_125' title='bbox 3397 654 3563 711; x_wconf 82' lang='lat' dir='ltr'><strong>mise-</strong></span> <span class='ocrx_word' id='word_1_126' title='bbox 3601 649 3608 662; x_wconf 56' lang='grc'><strong>³</strong></span> 
     </span>
    </p>
   </div>
   <div class='ocr_carea' id='block_1_19' title="bbox 1972 734 3563 816">
    <p class='ocr_par' dir='ltr' id='par_1_19' title="bbox 1972 734 3563 816">
     <span class='ocr_line' id='line_1_19' title="bbox 1972 734 3563 816; baseline 0.011 -31"><span class='ocrx_word' id='word_1_127' title='bbox 1972 744 2176 798; x_wconf 90' lang='lat' dir='ltr'><strong>rentur,</strong></span> <span class='ocrx_word' id='word_1_128' title='bbox 2221 735 2344 787; x_wconf 89' lang='lat' dir='ltr'><strong>nolo</strong></span> <span class='ocrx_word' id='word_1_129' title='bbox 2385 734 2673 804; x_wconf 77' lang='lat' dir='ltr'><strong>quidquam</strong></span> <span class='ocrx_word' id='word_1_130' title='bbox 2721 738 2937 806; x_wconf 79' lang='lat' dir='ltr'><strong>gravius</strong></span> <span class='ocrx_word' id='word_1_131' title='bbox 2974 737 3173 796; x_wconf 87' lang='lat' dir='ltr'><strong>dicere.</strong></span> <span class='ocrx_word' id='word_1_132' title='bbox 3213 741 3338 797; x_wconf 68' lang='lat' dir='ltr'><strong>Huic</strong></span> <span class='ocrx_word' id='word_1_133' title='bbox 3384 745 3563 816; x_wconf 78' lang='lat' dir='ltr'><strong>itaque</strong></span> 
     </span>
    </p>
   </div>
   <div class='ocr_carea' id='block_1_20' title="bbox 1971 824 3568 902">
    <p class='ocr_par' dir='ltr' id='par_1_20' title="bbox 1971 824 3568 902">
     <span class='ocr_line' id='line_1_20' title="bbox 1971 824 3568 902; baseline 0.008 -24"><span class='ocrx_word' id='word_1_134' title='bbox 1971 825 2151 878; x_wconf 87' lang='lat' dir='ltr'><strong>omnia</strong></span> <span class='ocrx_word' id='word_1_135' title='bbox 2185 825 2236 879; x_wconf 93' lang='lat' dir='ltr'><strong>in</strong></span> <span class='ocrx_word' id='word_1_136' title='bbox 2267 824 2461 894; x_wconf 89' lang='lat' dir='ltr'><strong>quibus</strong></span> <span class='ocrx_word' id='word_1_137' title='bbox 2489 825 2713 883; x_wconf 76' lang='lat' dir='ltr'><strong>fortasse</strong></span> <span class='ocrx_word' id='word_1_138' title='bbox 2750 827 3026 899; x_wconf 80' lang='lat' dir='ltr'><strong>loquacior</strong></span> <span class='ocrx_word' id='word_1_139' title='bbox 3054 829 3147 892; x_wconf 92' lang='lat' dir='ltr'><strong>fui,</strong></span> <span class='ocrx_word' id='word_1_140' title='bbox 3177 849 3335 902; x_wconf 73' lang='lat' dir='ltr'><strong>quam</strong></span> <span class='ocrx_word' id='word_1_141' title='bbox 3367 835 3568 892; x_wconf 81' lang='lat' dir='ltr'><strong>vellent</strong></span> 
     </span>
    </p>
   </div>
   <div class='ocr_carea' id='block_1_21' title="bbox 1970 918 3564 992">
    <p class='ocr_par' dir='ltr' id='par_1_21' title="bbox 1970 918 3564 992">
     <span class='ocr_line' id='line_1_21' title="bbox 1970 918 3564 992; baseline 0.007 -22"><span class='ocrx_word' id='word_1_142' title='bbox 1970 918 2349 986; x_wconf 86' lang='lat' dir='ltr'><strong>occupationes</strong></span> <span class='ocrx_word' id='word_1_143' title='bbox 2375 927 2429 972; x_wconf 90' lang='lat' dir='ltr'><strong>et</strong></span> <span class='ocrx_word' id='word_1_144' title='bbox 2459 927 2561 973; x_wconf 79' lang='lat' dir='ltr'><strong>ture</strong></span> <span class='ocrx_word' id='word_1_145' title='bbox 2588 927 2641 973; x_wconf 91' lang='lat' dir='ltr'><strong>et</strong></span> <span class='ocrx_word' id='word_1_146' title='bbox 2671 935 2824 982; x_wconf 77' lang='lat' dir='ltr'><strong>mete,</strong></span> <span class='ocrx_word' id='word_1_147' title='bbox 2850 921 2902 974; x_wconf 91' lang='lat' dir='ltr'><strong>si-</strong></span> <span class='ocrx_word' id='word_1_148' title='bbox 2922 922 3206 992; x_wconf 82' lang='lat' dir='ltr'><strong>approbas,</strong></span> <span class='ocrx_word' id='word_1_149' title='bbox 3239 923 3323 980; x_wconf 85' lang='lat' dir='ltr'><strong>fac</strong></span> <span class='ocrx_word' id='word_1_150' title='bbox 3352 926 3564 982; x_wconf 90' lang='lat' dir='ltr'><strong>innote-</strong></span> 
     </span>
    </p>
   </div>
   <div class='ocr_carea' id='block_1_22' title="bbox 1968 1007 3558 1084">
    <p class='ocr_par' dir='ltr' id='par_1_22' title="bbox 1968 1007 3558 1084">
     <span class='ocr_line' id='line_1_22' title="bbox 1968 1007 3558 1084; baseline 0.009 -24"><span class='ocrx_word' id='word_1_151' title='bbox 1968 1021 2118 1061; x_wconf 86' lang='lat' dir='ltr'><strong>scere</strong></span> <span class='ocrx_word' id='word_1_152' title='bbox 2145 1007 2396 1062; x_wconf 84' lang='lat' dir='ltr'><strong>fratribus</strong></span> <span class='ocrx_word' id='word_1_153' title='bbox 2430 1019 2484 1064; x_wconf 89' lang='lat' dir='ltr'><strong>et</strong></span> <span class='ocrx_word' id='word_1_154' title='bbox 2521 1010 2643 1064; x_wconf 90' lang='lat' dir='ltr'><strong>filiis</strong></span> <span class='ocrx_word' id='word_1_155' title='bbox 2675 1012 2892 1078; x_wconf 86' lang='lat' dir='ltr'><strong>nostris,</strong></span> <span class='ocrx_word' id='word_1_156' title='bbox 2924 1024 3142 1083; x_wconf 84' lang='lat' dir='ltr'><strong>propter</strong></span> <span class='ocrx_word' id='word_1_157' title='bbox 3165 1031 3300 1084; x_wconf 93' lang='lat' dir='ltr'><strong>quos</strong></span> <span class='ocrx_word' id='word_1_158' title='bbox 3329 1018 3462 1072; x_wconf 88' lang='lat' dir='ltr'><strong>mihi</strong></span> <span class='ocrx_word' id='word_1_159' title='bbox 3499 1033 3558 1074; x_wconf 86' lang='lat' dir='ltr'><strong>es</strong></span> 
     </span>
    </p>
   </div>
   <div class='ocr_carea' id='block_1_23' title="bbox 1969 1100 3556 1181">
    <p class='ocr_par' dir='ltr' id='par_1_23' title="bbox 1969 1100 3556 1181">
     <span class='ocr_line' id='line_1_23' title="bbox 1969 1100 3556 1181; baseline 0.006 -25"><span class='ocrx_word' id='word_1_160' title='bbox 1969 1100 2072 1156; x_wconf 90' lang='lat' dir='ltr'><strong>hoc</strong></span> <span class='ocrx_word' id='word_1_161' title='bbox 2099 1117 2235 1155; x_wconf 89' lang='lat' dir='ltr'><strong>onus</strong></span> <span class='ocrx_word' id='word_1_162' title='bbox 2269 1103 2516 1173; x_wconf 74' lang='lat' dir='ltr'><strong>dignatus</strong></span> <span class='ocrx_word' id='word_1_163' title='bbox 2545 1105 2850 1175; x_wconf 73' lang='lat' dir='ltr'><strong>imponere:</strong></span> <span class='ocrx_word' id='word_1_164' title='bbox 2876 1105 2920 1160; x_wconf 90' lang='lat' dir='ltr'><strong>si</strong></span> <span class='ocrx_word' id='word_1_165' title='bbox 2951 1118 3126 1163; x_wconf 76' lang='lat' dir='ltr'><strong>autent</strong></span> <span class='ocrx_word' id='word_1_166' title='bbox 3153 1109 3354 1181; x_wconf 86' lang='lat' dir='ltr'><strong>aliquid</strong></span> <span class='ocrx_word' id='word_1_167' title='bbox 3385 1121 3556 1166; x_wconf 71' lang='lat' dir='ltr'><strong>retra-</strong></span> 
     </span>
    </p>
   </div>
   <div class='ocr_carea' id='block_1_24' title="bbox 1969 1195 3555 1273">
    <p class='ocr_par' dir='ltr' id='par_1_24' title="bbox 1969 1195 3555 1273">
     <span class='ocr_line' id='line_1_24' title="bbox 1969 1195 3555 1273; baseline 0.006 -25"><span class='ocrx_word' id='word_1_168' title='bbox 1969 1195 2202 1250; x_wconf 88' lang='lat' dir='ltr'><strong>hendum</strong></span> <span class='ocrx_word' id='word_1_169' title='bbox 2223 1197 2304 1250; x_wconf 89' lang='lat' dir='ltr'><strong>vel</strong></span> <span class='ocrx_word' id='word_1_170' title='bbox 2331 1198 2720 1254; x_wconf 88' lang='lat' dir='ltr'><strong>emendandum</strong></span> <span class='ocrx_word' id='word_1_171' title='bbox 2743 1199 2972 1266; x_wconf 85' lang='lat' dir='ltr'><strong>videtur,</strong></span> <span class='ocrx_word' id='word_1_172' title='bbox 2998 1201 3274 1273; x_wconf 81' lang='lat' dir='ltr'><strong>rescriptis</strong></span> <span class='ocrx_word' id='word_1_173' title='bbox 3295 1211 3402 1259; x_wconf 71' lang='lat' dir='ltr'><strong>ma:</strong></span> <span class='ocrx_word' id='word_1_174' title='bbox 3417 1203 3555 1260; x_wconf 85' lang='lat' dir='ltr'><strong>Bea-</strong></span> 
     </span>
    </p>
   </div>
   <div class='ocr_carea' id='block_1_25' title="bbox 1967 1288 2500 1344">
    <p class='ocr_par' dir='ltr' id='par_1_25' title="bbox 1967 1288 2500 1344">
     <span class='ocr_line' id='line_1_25' title="bbox 1967 1288 2500 1344; baseline 0.004 -3"><span class='ocrx_word' id='word_1_175' title='bbox 1967 1288 2206 1342; x_wconf 88' lang='lat' dir='ltr'><strong>titudinis</strong></span> <span class='ocrx_word' id='word_1_176' title='bbox 2232 1291 2500 1344; x_wconf 89' lang='lat' dir='ltr'><strong>noverim.</strong></span> 
     </span>
    </p>
   </div>
   <div class='ocr_carea' id='block_1_26' title="bbox 2425 1449 3102 1459">
    <p class='ocr_par' dir='ltr' id='par_1_26' title="bbox 2425 1449 3102 1459">
     <span class='ocr_line' id='line_1_26' title="bbox 2425 1449 3102 1459; baseline 0.007 -5"><span class='ocrx_word' id='word_1_177' title='bbox 2425 1450 2536 1454; x_wconf 38' lang='lat'><strong>_..-,.</strong></span> <span class='ocrx_word' id='word_1_178' title='bbox 2569 1451 2604 1454; x_wconf 90' lang='lat'><strong>__</strong></span> <span class='ocrx_word' id='word_1_179' title='bbox 2689 1449 2876 1458; x_wconf 62' lang='lat'><strong>.-.——---</strong></span> <span class='ocrx_word' id='word_1_180' title='bbox 2909 1449 3056 1459; x_wconf 48' lang='lat'><strong>—__-...*</strong></span> <span class='ocrx_word' id='word_1_181' title='bbox 3041 1449 3102 1459; x_wconf 50' lang='grc' dir='ltr'><strong>νε</strong></span> 
     </span>
    </p>
   </div>
   <div class='ocr_carea' id='block_1_27' title="bbox 345 1457 3554 1582">
    <p class='ocr_par' dir='ltr' id='par_1_27' title="bbox 345 1457 3554 1582">
     <span class='ocr_line' id='line_1_27' title="bbox 345 1457 3554 1582; baseline 0.002 -17"><span class='ocrx_word' id='word_1_182' title='bbox 345 1505 422 1565; x_wconf 79' lang='lat' dir='ltr'><strong>In</strong></span> <span class='ocrx_word' id='word_1_183' title='bbox 450 1503 680 1564; x_wconf 74' lang='lat' dir='ltr'><strong>librum</strong></span> <span class='ocrx_word' id='word_1_184' title='bbox 710 1504 787 1564; x_wconf 86' lang='lat' dir='ltr'><strong>de</strong></span> <span class='ocrx_word' id='word_1_185' title='bbox 816 1503 1226 1563; x_wconf 76' lang='lat' dir='ltr'><strong>Divinatione</strong></span> <span class='ocrx_word' id='word_1_186' title='bbox 1255 1504 1656 1577; x_wconf 69' lang='lat' dir='ltr'><strong>Dmmonum,</strong></span> <span class='ocrx_word' id='word_1_187' title='bbox 1684 1502 1823 1563; x_wconf 70' lang='lat' dir='ltr'><strong>vide</strong></span> <span class='ocrx_word' id='word_1_188' title='bbox 1849 1503 1958 1565; x_wconf 83' lang='lat' dir='ltr'><strong>lib.</strong></span> <span class='ocrx_word' id='word_1_189' title='bbox 1983 1503 2044 1571; x_wconf 74' lang='lat'><strong>&#39;2,</strong></span> <span class='ocrx_word' id='word_1_190' title='bbox 2079 1521 2215 1582; x_wconf 77' lang='lat' dir='ltr'><strong>cap.</strong></span> <span class='ocrx_word' id='word_1_191' title='bbox 2259 1504 2359 1575; x_wconf 87' lang='lat'><strong>30,</strong></span> <span class='ocrx_word' id='word_1_192' title='bbox 2414 1457 3554 1582; x_wconf 40' lang='lat' dir='ltr'><strong>Retractotionum,‘</strong></span> 
     </span>
    </p>
   </div>
   <div class='ocr_carea' id='block_1_28' title="bbox 263 1582 3554 1672">
    <p class='ocr_par' dir='ltr' id='par_1_28' title="bbox 263 1582 3554 1672">
     <span class='ocr_line' id='line_1_28' title="bbox 263 1582 3554 1672; baseline 0.003 -28"><span class='ocrx_word' id='word_1_193' title='bbox 263 1582 530 1672; x_wconf 36' lang='grc' dir='ltr'><strong>ᾔδειμεν</strong></span> <span class='ocrx_word' id='word_1_194' title='bbox 561 1584 1010 1672; x_wconf 47' lang='lat' dir='ltr'><strong>hient-l8!&quot;le</strong></span> <span class='ocrx_word' id='word_1_195' title='bbox 1066 1583 1490 1672; x_wconf 81' lang='lat' dir='ltr'><strong>acridit_r_nihi</strong></span> <span class='ocrx_word' id='word_1_196' title='bbox 1543 1601 1620 1643; x_wconf 82' lang='lat' dir='ltr'><strong>ex</strong></span> <span class='ocrx_word' id='word_1_197' title='bbox 1681 1583 1960 1660; x_wconf 85' lang='lat' dir='ltr'><strong>quadam</strong></span> <span class='ocrx_word' id='word_1_198' title='bbox 2003 1583 2438 1661; x_wconf 82' lang='lat' dir='ltr'><strong>disputatione</strong></span> <span class='ocrx_word' id='word_1_199' title='bbox 2473 1588 2816 1649; x_wconf 80' lang='lat' dir='ltr'><strong>necessitas</strong></span> <span class='ocrx_word' id='word_1_200' title='bbox 2869 1588 2997 1670; x_wconf 90' lang='lat' dir='ltr'><strong>(a),</strong></span> <span class='ocrx_word' id='word_1_201' title='bbox 3021 1608 3214 1672; x_wconf 74' lang='lat' dir='ltr'><strong>usque</strong></span> <span class='ocrx_word' id='word_1_202' title='bbox 3238 1592 3554 1666; x_wconf 70' lang='lat' dir='ltr'><strong>adea-ba,</strong></span> 
     </span>
    </p>
   </div>
   <div class='ocr_carea' id='block_1_29' title="bbox 262 1663 1396 1728">
    <p class='ocr_par' dir='ltr' id='par_1_29' title="bbox 262 1663 1396 1728">
     <span class='ocr_line' id='line_1_29' title="bbox 262 1663 1396 1728; baseline -0.004 -4"><span class='ocrx_word' id='word_1_203' title='bbox 262 1663 504 1728; x_wconf 81' lang='lat' dir='ltr'><strong>Diebus</strong></span> <span class='ocrx_word' id='word_1_204' title='bbox 536 1664 776 1726; x_wconf 69' lang='lat' dir='ltr'><strong>set-netis</strong></span> <span class='ocrx_word' id='word_1_205' title='bbox 809 1664 1222 1724; x_wconf 77' lang='lat' dir='ltr'><strong>Octavarum.</strong></span> <span class='ocrx_word' id='word_1_206' title='bbox 1309 1663 1396 1723; x_wconf 91' lang='lat' dir='ltr'><strong>M.</strong></span> 
     </span>
    </p>
   </div>
   <div class='ocr_carea' id='block_1_30' title="bbox 329 1762 3557 1830">
    <p class='ocr_par' dir='ltr' id='par_1_30' title="bbox 329 1762 3557 1830">
     <span class='ocr_line' id='line_1_30' title="bbox 329 1762 3557 1830; baseline 0.003 -14"><span class='ocrx_word' id='word_1_207' title='bbox 329 1767 402 1830; x_wconf 78' lang='lat' dir='ltr'><strong>(ﬂ)</strong></span> <span class='ocrx_word' id='word_1_208' title='bbox 435 1767 508 1814; x_wconf 66' lang='lat' dir='ltr'><strong>sic</strong></span> <span class='ocrx_word' id='word_1_209' title='bbox 551 1767 726 1816; x_wconf 71' lang='lat' dir='ltr'><strong>iiulicat.</strong></span> <span class='ocrx_word' id='word_1_210' title='bbox 749 1767 1040 1828; x_wconf 66' lang='lat' dir='ltr'><strong>Augustinus</strong></span> <span class='ocrx_word' id='word_1_211' title='bbox 1078 1765 1330 1830; x_wconf 75' lang='lat' dir='ltr'><strong>pertinere</strong></span> <span class='ocrx_word' id='word_1_212' title='bbox 1353 1765 1482 1813; x_wconf 88' lang='lat' dir='ltr'><strong>hunc</strong></span> <span class='ocrx_word' id='word_1_213' title='bbox 1504 1763 1680 1830; x_wconf 71' lang='lat' dir='ltr'><strong>librum</strong></span> <span class='ocrx_word' id='word_1_214' title='bbox 1716 1764 1776 1814; x_wconf 75' lang='lat' dir='ltr'><strong>ad</strong></span> <span class='ocrx_word' id='word_1_215' title='bbox 1801 1762 1918 1813; x_wconf 86' lang='lat' dir='ltr'><strong>illud</strong></span> <span class='ocrx_word' id='word_1_216' title='bbox 1941 1765 2090 1830; x_wconf 73' lang='lat' dir='ltr'><strong>idem</strong></span> <span class='ocrx_word' id='word_1_217' title='bbox 2114 1771 2436 1830; x_wconf 80' lang='lat' dir='ltr'><strong>tempusque</strong></span> <span class='ocrx_word' id='word_1_218' title='bbox 2457 1765 2671 1829; x_wconf 81' lang='lat' dir='ltr'><strong>vulgavit</strong></span> <span class='ocrx_word' id='word_1_219' title='bbox 2698 1767 2930 1830; x_wconf 78' lang='lat' dir='ltr'><strong>opuscula</strong></span> <span class='ocrx_word' id='word_1_220' title='bbox 2967 1778 3132 1822; x_wconf 82' lang='lat' dir='ltr'><strong>contra</strong></span> <span class='ocrx_word' id='word_1_221' title='bbox 3161 1774 3434 1823; x_wconf 64' lang='lat' dir='ltr'><strong>Donatium</strong></span> <span class='ocrx_word' id='word_1_222' title='bbox 3451 1786 3557 1826; x_wconf 59' lang='lat' dir='ltr'><strong>a&#39;se</strong></span> 
     </span>
    </p>
   </div>
   <div class='ocr_carea' id='block_1_31' title="bbox 263 1825 3556 1895">
    <p class='ocr_par' dir='ltr' id='par_1_31' title="bbox 263 1825 3556 1895">
     <span class='ocr_line' id='line_1_31' title="bbox 263 1825 3556 1895; baseline 0.004 -23"><span class='ocrx_word' id='word_1_223' title='bbox 263 1825 488 1895; x_wconf 45' lang='lat' dir='ltr'><strong>proﬁtlte</strong></span> <span class='ocrx_word' id='word_1_224' title='bbox 515 1837 628 1895; x_wconf 67' lang='lat' dir='ltr'><strong>ante</strong></span> <span class='ocrx_word' id='word_1_225' title='bbox 665 1825 908 1895; x_wconf 62' lang='lat' dir='ltr'><strong>rt-ccusna</strong></span> <span class='ocrx_word' id='word_1_226' title='bbox 925 1865 938 1888; x_wconf 93' lang='lat'><strong>,</strong></span> <span class='ocrx_word' id='word_1_227' title='bbox 975 1825 1090 1891; x_wconf 72' lang='grc' dir='ltr'>(ιιιώ</span> <span class='ocrx_word' id='word_1_228' title='bbox 1110 1828 1343 1890; x_wconf 81' lang='lat' dir='ltr'><strong>temporis</strong></span> <span class='ocrx_word' id='word_1_229' title='bbox 1364 1835 1478 1876; x_wconf 85' lang='lat' dir='ltr'><strong>sunt</strong></span> <span class='ocrx_word' id='word_1_230' title='bbox 1498 1825 1810 1877; x_wconf 74' lang='lat' dir='ltr'><strong>collationem</strong></span> <span class='ocrx_word' id='word_1_231' title='bbox 1831 1825 2260 1890; x_wconf 69' lang='lat' dir='ltr'><strong>Carthagiuenseiu</strong></span> <span class='ocrx_word' id='word_1_232' title='bbox 2282 1825 2529 1891; x_wconf 61' lang='lat' dir='ltr'><strong>aliduanto</strong></span> <span class='ocrx_word' id='word_1_233' title='bbox 2541 1825 2894 1895; x_wconf 62' lang='lat' dir='ltr'><strong>Irtecedentis,</strong></span> <span class='ocrx_word' id='word_1_234' title='bbox 2912 1833 3043 1883; x_wconf 81' lang='lat' dir='ltr'><strong>inter</strong></span> <span class='ocrx_word' id='word_1_235' title='bbox 3062 1847 3242 1884; x_wconf 86' lang='lat' dir='ltr'><strong>annum</strong></span> <span class='ocrx_word' id='word_1_236' title='bbox 3262 1825 3556 1888; x_wconf 74' lang='lat' dir='ltr'><strong>scilith</strong></span> 
     </span>
    </p>
   </div>
   <div class='ocr_carea' id='block_1_32' title="bbox 877 2062 1858 2184">
    <p class='ocr_par' dir='ltr' id='par_1_32' title="bbox 877 2062 1856 2178">
     <span class='ocr_line' id='line_1_32' title="bbox 877 2062 1856 2178; baseline 0.001 -1"><span class='ocrx_word' id='word_1_237' title='bbox 877 2062 1028 2177; x_wconf 69' lang='grc' dir='ltr'><strong>Β.</strong></span> <span class='ocrx_word' id='word_1_238' title='bbox 1096 2063 1856 2178; x_wconf 76' lang='lat' dir='ltr'><strong>AURELII</strong></span> 
     </span>
    </p>
   </div>
   <div class='ocr_carea' id='block_1_33' title="bbox 1964 2062 2928 2184">
    <p class='ocr_par' dir='ltr' id='par_1_33' title="bbox 1964 2065 2928 2184">
     <span class='ocr_line' id='line_1_33' title="bbox 1964 2065 2928 2184; baseline 0.007 -6"><span class='ocrx_word' id='word_1_239' title='bbox 1964 2065 2928 2184; x_wconf 52' lang='grc' dir='ltr'><strong>πῦσε-[ηπ</strong></span> 
     </span>
    </p>
   </div>
   <div class='ocr_carea' id='block_1_34' title="bbox 1457 2251 2362 2321">
    <p class='ocr_par' dir='ltr' id='par_1_34' title="bbox 1457 2251 2362 2321">
     <span class='ocr_line' id='line_1_34' title="bbox 1457 2251 2362 2321; baseline 0.003 -3"><span class='ocrx_word' id='word_1_240' title='bbox 1457 2251 1970 2319; x_wconf 81' lang='lat' dir='ltr'><strong>HII’PONENSIS</strong></span> <span class='ocrx_word' id='word_1_241' title='bbox 2011 2255 2362 2321; x_wconf 86' lang='lat' dir='ltr'><strong>EPISCOPI</strong></span> 
     </span>
    </p>
   </div>
   <div class='ocr_carea' id='block_1_35' title="bbox 437 2415 3378 2572">
    <p class='ocr_par' dir='ltr' id='par_1_35' title="bbox 437 2415 3378 2572">
     <span class='ocr_line' id='line_1_35' title="bbox 437 2415 3378 2572; baseline 0 -7"><span class='ocrx_word' id='word_1_242' title='bbox 437 2422 710 2565; x_wconf 90' lang='lat' dir='ltr'><strong>DE</strong></span> <span class='ocrx_word' id='word_1_243' title='bbox 828 2415 2154 2567; x_wconf 74' lang='lat' dir='ltr'><strong>DIVINATIONE</strong></span> <span class='ocrx_word' id='word_1_244' title='bbox 2275 2417 3378 2572; x_wconf 67' lang='lat' dir='ltr'><strong>DAEMONUM</strong></span> 
     </span>
    </p>
   </div>
   <div class='ocr_carea' id='block_1_36' title="bbox 265 1887 754 1938">
    <p class='ocr_par' dir='ltr' id='par_1_36' title="bbox 265 1887 754 1938">
     <span class='ocr_line' id='line_1_36' title="bbox 265 1887 754 1938; baseline 0 0"><span class='ocrx_word' id='word_1_245' title='bbox 265 1887 324 1938; x_wconf 57' lang='grc' dir='ltr'><strong>ξι</strong></span> <span class='ocrx_word' id='word_1_246' title='bbox 346 1887 400 1937; x_wconf 67' lang='grc'><strong>-11</strong></span> <span class='ocrx_word' id='word_1_247' title='bbox 417 1892 428 1937; x_wconf 97' lang='grc' dir='ltr'><strong>Ι</strong></span> <span class='ocrx_word' id='word_1_248' title='bbox 457 1889 754 1938; x_wconf 71' lang='lat' dir='ltr'><strong>mttoianda.</strong></span> 
     </span>
    </p>
   </div>
   <div class='ocr_carea' id='block_1_37' title="bbox 1348 2637 1826 2751">
    <p class='ocr_par' dir='ltr' id='par_1_37' title="bbox 1348 2637 1826 2751">
     <span class='ocr_line' id='line_1_37' title="bbox 1348 2637 1826 2751; baseline -0.013 0"><span class='ocrx_word' id='word_1_249' title='bbox 1348 2637 1826 2751; x_wconf 85' lang='lat' dir='ltr'><strong><em>LIBER</em></strong></span> 
     </span>
    </p>
   </div>
   <div class='ocr_carea' id='block_1_38' title="bbox 1680 2819 1890 2860">
    <p class='ocr_par' dir='ltr' id='par_1_38' title="bbox 1680 2819 1890 2860">
     <span class='ocr_line' id='line_1_38' title="bbox 1680 2819 1890 2860; baseline 0 0"><span class='ocrx_word' id='word_1_250' title='bbox 1680 2819 1890 2860; x_wconf 61' lang='grc' dir='ltr'><strong>-ωθο</strong></span> 
     </span>
    </p>
   </div>
   <div class='ocr_carea' id='block_1_39' title="bbox 1916 2631 2412 2750">
    <p class='ocr_par' dir='ltr' id='par_1_39' title="bbox 1916 2631 2412 2750">
     <span class='ocr_line' id='line_1_39' title="bbox 1916 2631 2412 2750; baseline 0.008 -4"><span class='ocrx_word' id='word_1_251' title='bbox 1916 2631 2322 2750; x_wconf 70' lang='lat' dir='ltr'><strong>U‘NUIS</strong></span> <span class='ocrx_word' id='word_1_252' title='bbox 2338 2639 2412 2715; x_wconf 66' lang='grc' dir='ltr'><strong>(τ’)</strong></span> 
     </span>
    </p>
   </div>
   <div class='ocr_carea' id='block_1_40' title="bbox 255 2931 3560 3045">
    <p class='ocr_par' dir='ltr' id='par_1_40' title="bbox 255 2931 3560 3045">
     <span class='ocr_line' id='line_1_40' title="bbox 255 2931 3560 3045; baseline 0.001 -58"><span class='ocrx_word' id='word_1_253' title='bbox 255 2937 589 2987; x_wconf 77' lang='lat' dir='ltr'><strong>Dtvltiatioues</strong></span> <span class='ocrx_word' id='word_1_254' title='bbox 615 2933 886 2986; x_wconf 68' lang='lat' dir='ltr'><strong>daemonum</strong></span> <span class='ocrx_word' id='word_1_255' title='bbox 913 2942 1096 3045; x_wconf 77' lang='lat' dir='ltr'><strong>etquae</strong></span> <span class='ocrx_word' id='word_1_256' title='bbox 1116 2934 1176 2984; x_wconf 85' lang='lat' dir='ltr'><strong>ad</strong></span> <span class='ocrx_word' id='word_1_257' title='bbox 1213 2947 1380 2984; x_wconf 89' lang='lat' dir='ltr'><strong>eorum</strong></span> <span class='ocrx_word' id='word_1_258' title='bbox 1404 2933 1586 2985; x_wconf 90' lang='lat' dir='ltr'><strong>cultum</strong></span> <span class='ocrx_word' id='word_1_259' title='bbox 1611 2934 1880 2998; x_wconf 87' lang='lat' dir='ltr'><strong>pertinent,</strong></span> <span class='ocrx_word' id='word_1_260' title='bbox 1915 2943 2010 3004; x_wconf 77' lang='lat' dir='ltr'><strong>non</strong></span> <span class='ocrx_word' id='word_1_261' title='bbox 2033 2931 2146 2981; x_wconf 87' lang='lat' dir='ltr'><strong>ideo</strong></span> <span class='ocrx_word' id='word_1_262' title='bbox 2168 2938 2308 2982; x_wconf 88' lang='lat' dir='ltr'><strong>recte</strong></span> <span class='ocrx_word' id='word_1_263' title='bbox 2341 2932 2464 2993; x_wconf 83' lang='lat' dir='ltr'><strong>fieri,</strong></span> <span class='ocrx_word' id='word_1_264' title='bbox 2488 2934 2602 2999; x_wconf 85' lang='lat' dir='ltr'><strong>quia</strong></span> <span class='ocrx_word' id='word_1_265' title='bbox 2634 2935 2726 2984; x_wconf 85' lang='lat' dir='ltr'><strong>nisi</strong></span> <span class='ocrx_word' id='word_1_266' title='bbox 2764 2942 2869 2987; x_wconf 87' lang='lat' dir='ltr'><strong>Deo</strong></span> <span class='ocrx_word' id='word_1_267' title='bbox 2893 2937 3090 2989; x_wconf 76' lang='lat' dir='ltr'><strong>sinente</strong></span> <span class='ocrx_word' id='word_1_268' title='bbox 3115 2951 3214 2990; x_wconf 89' lang='lat' dir='ltr'><strong>non</strong></span> <span class='ocrx_word' id='word_1_269' title='bbox 3255 2939 3393 2992; x_wconf 76' lang='lat' dir='ltr'><strong>ﬁunt.</strong></span> <span class='ocrx_word' id='word_1_270' title='bbox 3427 2939 3560 2991; x_wconf 81' lang='lat' dir='ltr'><strong>Unde</strong></span> 
     </span>
     <span class='ocr_line' id='line_1_41' title="bbox 847 2993 2970 3045; baseline 0 0"><span class='ocrx_word' id='word_1_271' title='bbox 847 2999 946 3045; x_wconf 87' lang='lat' dir='ltr'><strong>sint</strong></span> <span class='ocrx_word' id='word_1_272' title='bbox 969 2997 997 3045; x_wconf 91' lang='lat' dir='ltr'><strong>il</strong></span> <span class='ocrx_word' id='word_1_273' title='bbox 1021 3011 1064 3045; x_wconf 65' lang='lat' dir='ltr'><strong>tl!</strong></span> <span class='ocrx_word' id='word_1_274' title='bbox 1080 2998 1356 3045; x_wconf 54' lang='lat' dir='ltr'><strong>daemonum</strong></span> <span class='ocrx_word' id='word_1_275' title='bbox 1377 2997 1719 3045; x_wconf 87' lang='lat' dir='ltr'><strong>divinationes.</strong></span> <span class='ocrx_word' id='word_1_276' title='bbox 1743 3007 1893 3045; x_wconf 88' lang='lat' dir='ltr'><strong>curve</strong></span> <span class='ocrx_word' id='word_1_277' title='bbox 1917 2995 2162 3043; x_wconf 80' lang='lat' dir='ltr'><strong>Interdum</strong></span> <span class='ocrx_word' id='word_1_278' title='bbox 2183 3001 2335 3045; x_wconf 76' lang='lat' dir='ltr'><strong>verre.</strong></span> <span class='ocrx_word' id='word_1_279' title='bbox 2361 2995 2477 3045; x_wconf 90' lang='lat' dir='ltr'><strong>licet</strong></span> <span class='ocrx_word' id='word_1_280' title='bbox 2500 2993 2791 3045; x_wconf 87' lang='lat' dir='ltr'><strong>nlerumuue</strong></span> <span class='ocrx_word' id='word_1_281' title='bbox 2818 2995 2970 3045; x_wconf 68' lang='lat' dir='ltr'><strong>Msa.</strong></span> 
     </span>
    </p>
   </div>
   <div class='ocr_carea' id='block_1_41' title="bbox 847 2999 981 3048">
    <p class='ocr_par' dir='ltr' id='par_1_41' title="bbox 847 2999 981 3048">
     <span class='ocr_line' id='line_1_42' title="bbox 847 2999 981 3048; baseline -0.007 -1"><span class='ocrx_word' id='word_1_282' title='bbox 847 2999 946 3048; x_wconf 88' lang='lat' dir='ltr'><strong>sint</strong></span> <span class='ocrx_word' id='word_1_283' title='bbox 969 2999 981 3046; x_wconf 92' lang='lat' dir='ltr'><strong>i</strong></span> 
     </span>
    </p>
   </div>
   <div class='ocr_carea' id='block_1_42' title="bbox 335 3121 1848 3193">
    <p class='ocr_par' dir='ltr' id='par_1_42' title="bbox 335 3121 1848 3193">
     <span class='ocr_line' id='line_1_43' title="bbox 335 3121 1848 3193; baseline -0.003 -16"><span class='ocrx_word' id='word_1_284' title='bbox 335 3121 558 3182; x_wconf 75' lang='lat' dir='ltr'><strong>CAPUT</strong></span> <span class='ocrx_word' id='word_1_285' title='bbox 589 3124 961 3182; x_wconf 66' lang='lat' dir='ltr'><strong>PlililUM.-——</strong></span> <span class='ocrx_word' id='word_1_286' title='bbox 981 3126 1029 3179; x_wconf 81' lang='lat' dir='ltr'><strong>i.</strong></span> <span class='ocrx_word' id='word_1_287' title='bbox 1059 3121 1270 3178; x_wconf 81' lang='lat' dir='ltr'><strong>Occasio</strong></span> <span class='ocrx_word' id='word_1_288' title='bbox 1283 3123 1534 3178; x_wconf 74' lang='lat' dir='ltr'><strong>scribendi</strong></span> <span class='ocrx_word' id='word_1_289' title='bbox 1548 3121 1848 3193; x_wconf 82' lang='lat' dir='ltr'><strong>Iinjuslibri.</strong></span> 
     </span>
    </p>
   </div>
   <div class='ocr_carea' id='block_1_43' title="bbox 257 3213 1854 3290">
    <p class='ocr_par' dir='ltr' id='par_1_43' title="bbox 257 3213 1854 3290">
     <span class='ocr_line' id='line_1_44' title="bbox 257 3213 1854 3290; baseline -0.004 -18"><span class='ocrx_word' id='word_1_290' title='bbox 257 3213 386 3272; x_wconf 74' lang='lat' dir='ltr'><strong>Non</strong></span> <span class='ocrx_word' id='word_1_291' title='bbox 416 3221 586 3272; x_wconf 84' lang='lat' dir='ltr'><strong>statim</strong></span> <span class='ocrx_word' id='word_1_292' title='bbox 616 3229 803 3272; x_wconf 83' lang='lat' dir='ltr'><strong>rectum</strong></span> <span class='ocrx_word' id='word_1_293' title='bbox 828 3217 964 3288; x_wconf 82' lang='lat' dir='ltr'><strong>quod</strong></span> <span class='ocrx_word' id='word_1_294' title='bbox 991 3216 1127 3270; x_wconf 79' lang='lat' dir='ltr'><strong>Dens</strong></span> <span class='ocrx_word' id='word_1_295' title='bbox 1156 3217 1413 3290; x_wconf 82' lang='lat' dir='ltr'><strong>permittit.</strong></span> <span class='ocrx_word' id='word_1_296' title='bbox 1440 3213 1507 3268; x_wconf 85' lang='lat' dir='ltr'><strong>In</strong></span> <span class='ocrx_word' id='word_1_297' title='bbox 1533 3215 1678 3270; x_wconf 83' lang='lat' dir='ltr'><strong>rebus</strong></span> <span class='ocrx_word' id='word_1_298' title='bbox 1703 3214 1854 3268; x_wconf 86' lang='lat' dir='ltr'><strong>etiam</strong></span> 
     </span>
    </p>
   </div>
   <div class='ocr_carea' id='block_1_44' title="bbox 253 3307 1855 3382">
    <p class='ocr_par' dir='ltr' id='par_1_44' title="bbox 253 3307 1855 3382">
     <span class='ocr_line' id='line_1_45' title="bbox 253 3307 1855 3382; baseline -0.001 -18"><span class='ocrx_word' id='word_1_299' title='bbox 253 3309 334 3364; x_wconf 79' lang='lat' dir='ltr'><strong>ad</strong></span> <span class='ocrx_word' id='word_1_300' title='bbox 353 3312 608 3382; x_wconf 80' lang='lat' dir='ltr'><strong>religionis</strong></span> <span class='ocrx_word' id='word_1_301' title='bbox 639 3310 828 3365; x_wconf 81' lang='lat' dir='ltr'><strong>cultum</strong></span> <span class='ocrx_word' id='word_1_302' title='bbox 877 3311 1237 3382; x_wconf 75' lang='lat' dir='ltr'><strong>pertinentibus</strong></span> <span class='ocrx_word' id='word_1_303' title='bbox 1276 3309 1496 3380; x_wconf 86' lang='lat' dir='ltr'><strong>permitti</strong></span> <span class='ocrx_word' id='word_1_304' title='bbox 1535 3326 1568 3362; x_wconf 80' lang='grc' dir='ltr'>α</span> <span class='ocrx_word' id='word_1_305' title='bbox 1607 3307 1711 3362; x_wconf 89' lang='lat' dir='ltr'><strong>Deo</strong></span> <span class='ocrx_word' id='word_1_306' title='bbox 1740 3322 1855 3379; x_wconf 69' lang='lat' dir='ltr'><strong>qua!</strong></span> 
     </span>
    </p>
   </div>
   <div class='ocr_carea' id='block_1_45' title="bbox 253 3398 1854 3475">
    <p class='ocr_par' dir='ltr' id='par_1_45' title="bbox 253 3398 1854 3475">
     <span class='ocr_line' id='line_1_46' title="bbox 253 3398 1854 3475; baseline -0.002 -19"><span class='ocrx_word' id='word_1_307' title='bbox 253 3403 359 3475; x_wconf 73' lang='lat' dir='ltr'><strong>ipsi</strong></span> <span class='ocrx_word' id='word_1_308' title='bbox 413 3403 700 3472; x_wconf 82' lang='lat' dir='ltr'><strong>displicent.</strong></span> <span class='ocrx_word' id='word_1_309' title='bbox 742 3401 981 3472; x_wconf 84' lang='lat' dir='ltr'><strong>Quodam</strong></span> <span class='ocrx_word' id='word_1_310' title='bbox 1030 3401 1117 3458; x_wconf 92' lang='lat' dir='ltr'><strong>die</strong></span> <span class='ocrx_word' id='word_1_311' title='bbox 1166 3402 1219 3455; x_wconf 90' lang='lat' dir='ltr'><strong>in</strong></span> <span class='ocrx_word' id='word_1_312' title='bbox 1248 3400 1438 3456; x_wconf 89' lang='lat' dir='ltr'><strong>diebus</strong></span> <span class='ocrx_word' id='word_1_313' title='bbox 1465 3400 1662 3454; x_wconf 89' lang='lat' dir='ltr'><strong>sanctis</strong></span> <span class='ocrx_word' id='word_1_314' title='bbox 1690 3398 1854 3452; x_wconf 87' lang='lat' dir='ltr'><strong>Oeta-</strong></span> 
     </span>
    </p>
   </div>
   <div class='ocr_carea' id='block_1_46' title="bbox 254 3491 1850 3566">
    <p class='ocr_par' dir='ltr' id='par_1_46' title="bbox 254 3491 1850 3566">
     <span class='ocr_line' id='line_1_47' title="bbox 254 3491 1850 3566; baseline -0.001 -19"><span class='ocrx_word' id='word_1_315' title='bbox 254 3510 443 3550; x_wconf 81' lang='lat' dir='ltr'><strong>varmn</strong></span> <span class='ocrx_word' id='word_1_316' title='bbox 475 3496 574 3566; x_wconf 73' lang='grc' dir='ltr'><strong>(ὁ),</strong></span> <span class='ocrx_word' id='word_1_317' title='bbox 607 3510 727 3549; x_wconf 91' lang='lat' dir='ltr'><strong>cum</strong></span> <span class='ocrx_word' id='word_1_318' title='bbox 760 3510 914 3549; x_wconf 91' lang='lat' dir='ltr'><strong>mane</strong></span> <span class='ocrx_word' id='word_1_319' title='bbox 943 3494 1083 3564; x_wconf 88' lang='lat' dir='ltr'><strong>apud</strong></span> <span class='ocrx_word' id='word_1_320' title='bbox 1114 3509 1201 3550; x_wconf 87' lang='lat' dir='ltr'><strong>me</strong></span> <span class='ocrx_word' id='word_1_321' title='bbox 1245 3493 1499 3549; x_wconf 86' lang='lat' dir='ltr'><strong>adessent</strong></span> <span class='ocrx_word' id='word_1_322' title='bbox 1547 3491 1697 3546; x_wconf 91' lang='lat' dir='ltr'><strong>multi</strong></span> <span class='ocrx_word' id='word_1_323' title='bbox 1745 3491 1850 3545; x_wconf 89' lang='lat' dir='ltr'><strong>fra-</strong></span> 
     </span>
    </p>
   </div>
   <div class='ocr_carea' id='block_1_47' title="bbox 254 3583 1850 3650">
    <p class='ocr_par' dir='ltr' id='par_1_47' title="bbox 254 3583 1850 3650">
     <span class='ocr_line' id='line_1_48' title="bbox 254 3583 1850 3650; baseline -0.003 -10"><span class='ocrx_word' id='word_1_324' title='bbox 254 3594 370 3640; x_wconf 85' lang='lat' dir='ltr'><strong>tres</strong></span> <span class='ocrx_word' id='word_1_325' title='bbox 398 3586 516 3641; x_wconf 81' lang='lat' dir='ltr'><strong>laici</strong></span> <span class='ocrx_word' id='word_1_326' title='bbox 547 3585 856 3650; x_wconf 79' lang='lat' dir='ltr'><strong>Christiani,</strong></span> <span class='ocrx_word' id='word_1_327' title='bbox 889 3597 945 3641; x_wconf 91' lang='lat' dir='ltr'><strong>et</strong></span> <span class='ocrx_word' id='word_1_328' title='bbox 982 3586 1033 3640; x_wconf 87' lang='lat' dir='ltr'><strong>in</strong></span> <span class='ocrx_word' id='word_1_329' title='bbox 1066 3586 1182 3640; x_wconf 92' lang='lat' dir='ltr'><strong>loco</strong></span> <span class='ocrx_word' id='word_1_330' title='bbox 1212 3587 1369 3639; x_wconf 85' lang='lat' dir='ltr'><strong>solito</strong></span> <span class='ocrx_word' id='word_1_331' title='bbox 1399 3583 1850 3648; x_wconf 87' lang='lat' dir='ltr'><strong>consedissemus,</strong></span> 
     </span>
    </p>
   </div>
   <div class='ocr_carea' id='block_1_48' title="bbox 255 3676 1854 3748">
    <p class='ocr_par' dir='ltr' id='par_1_48' title="bbox 255 3676 1854 3748">
     <span class='ocr_line' id='line_1_49' title="bbox 255 3676 1854 3748; baseline -0.001 -17"><span class='ocrx_word' id='word_1_332' title='bbox 255 3688 407 3732; x_wconf 87' lang='lat' dir='ltr'><strong>ortus</strong></span> <span class='ocrx_word' id='word_1_333' title='bbox 430 3689 510 3732; x_wconf 87' lang='lat' dir='ltr'><strong>est</strong></span> <span class='ocrx_word' id='word_1_334' title='bbox 536 3695 716 3733; x_wconf 90' lang='lat' dir='ltr'><strong>sermo</strong></span> <span class='ocrx_word' id='word_1_335' title='bbox 742 3679 808 3734; x_wconf 91' lang='lat' dir='ltr'><strong>de</strong></span> <span class='ocrx_word' id='word_1_336' title='bbox 831 3678 1086 3748; x_wconf 71' lang='lat' dir='ltr'><strong>religione</strong></span> <span class='ocrx_word' id='word_1_337' title='bbox 1107 3678 1406 3734; x_wconf 90' lang='lat' dir='ltr'><strong>Christiana</strong></span> <span class='ocrx_word' id='word_1_338' title='bbox 1435 3676 1692 3732; x_wconf 84' lang='lat' dir='ltr'><strong>adversus</strong></span> <span class='ocrx_word' id='word_1_339' title='bbox 1715 3691 1854 3747; x_wconf 71' lang='lat' dir='ltr'><strong>prie-</strong></span> 
     </span>
    </p>
   </div>
   <div class='ocr_carea' id='block_1_49' title="bbox 254 3770 1853 3842">
    <p class='ocr_par' dir='ltr' id='par_1_49' title="bbox 254 3770 1853 3842">
     <span class='ocr_line' id='line_1_50' title="bbox 254 3770 1853 3842; baseline -0.002 -17"><span class='ocrx_word' id='word_1_340' title='bbox 254 3772 620 3842; x_wconf 84' lang='lat' dir='ltr'><strong>smnptioneni</strong></span> <span class='ocrx_word' id='word_1_341' title='bbox 646 3781 698 3826; x_wconf 89' lang='lat' dir='ltr'><strong>et</strong></span> <span class='ocrx_word' id='word_1_342' title='bbox 730 3780 980 3842; x_wconf 89' lang='lat' dir='ltr'><strong>tanquam</strong></span> <span class='ocrx_word' id='word_1_343' title='bbox 1009 3772 1199 3826; x_wconf 89' lang='lat' dir='ltr'><strong>miram</strong></span> <span class='ocrx_word' id='word_1_344' title='bbox 1228 3780 1282 3825; x_wconf 93' lang='lat' dir='ltr'><strong>et</strong></span> <span class='ocrx_word' id='word_1_345' title='bbox 1310 3786 1553 3840; x_wconf 84' lang='lat' dir='ltr'><strong>magnam</strong></span> <span class='ocrx_word' id='word_1_346' title='bbox 1576 3770 1853 3825; x_wconf 86' lang='lat' dir='ltr'><strong>scientiam</strong></span> 
     </span>
    </p>
   </div>
   <div class='ocr_carea' id='block_1_50' title="bbox 255 3859 1854 3934">
    <p class='ocr_par' dir='ltr' id='par_1_50' title="bbox 255 3859 1854 3934">
     <span class='ocr_line' id='line_1_51' title="bbox 255 3859 1854 3934; baseline -0.002 -17"><span class='ocrx_word' id='word_1_347' title='bbox 255 3859 633 3932; x_wconf 79' lang='lat' dir='ltr'><strong>Paganorum;</strong></span> <span class='ocrx_word' id='word_1_348' title='bbox 667 3879 826 3934; x_wconf 89' lang='lat' dir='ltr'><strong>quem</strong></span> <span class='ocrx_word' id='word_1_349' title='bbox 858 3863 1196 3918; x_wconf 82' lang='lat' dir='ltr'><strong>recordatum</strong></span> <span class='ocrx_word' id='word_1_350' title='bbox 1228 3872 1387 3933; x_wconf 90' lang='lat' dir='ltr'><strong>atque</strong></span> <span class='ocrx_word' id='word_1_351' title='bbox 1410 3862 1734 3933; x_wconf 88' lang='lat' dir='ltr'><strong>completum</strong></span> <span class='ocrx_word' id='word_1_352' title='bbox 1767 3861 1854 3915; x_wconf 90' lang='lat' dir='ltr'><strong>lit-</strong></span> 
     </span>
    </p>
   </div>
   <div class='ocr_carea' id='block_1_51' title="bbox 256 3956 1854 4027">
    <p class='ocr_par' dir='ltr' id='par_1_51' title="bbox 256 3956 1854 4027">
     <span class='ocr_line' id='line_1_52' title="bbox 256 3956 1854 4027; baseline -0.001 -16"><span class='ocrx_word' id='word_1_353' title='bbox 256 3960 392 4013; x_wconf 89' lang='lat' dir='ltr'><strong>teris</strong></span> <span class='ocrx_word' id='word_1_354' title='bbox 421 3956 783 4012; x_wconf 87' lang='lat' dir='ltr'><strong>mandandum</strong></span> <span class='ocrx_word' id='word_1_355' title='bbox 811 3957 1013 4027; x_wconf 90' lang='lat' dir='ltr'><strong>putavi,</strong></span> <span class='ocrx_word' id='word_1_356' title='bbox 1044 3972 1149 4011; x_wconf 91' lang='lat' dir='ltr'><strong>non</strong></span> <span class='ocrx_word' id='word_1_357' title='bbox 1179 3957 1450 4026; x_wconf 73' lang='lat' dir='ltr'><strong>expressis</strong></span> <span class='ocrx_word' id='word_1_358' title='bbox 1480 3956 1854 4011; x_wconf 84' lang='lat' dir='ltr'><strong>contradicen-</strong></span> 
     </span>
    </p>
   </div>
   <div class='ocr_carea' id='block_1_52' title="bbox 259 4047 1856 4121">
    <p class='ocr_par' dir='ltr' id='par_1_52' title="bbox 259 4047 1856 4121">
     <span class='ocr_line' id='line_1_53' title="bbox 259 4047 1856 4121; baseline 0.001 -19"><span class='ocrx_word' id='word_1_359' title='bbox 259 4047 393 4102; x_wconf 91' lang='lat' dir='ltr'><strong>tium</strong></span> <span class='ocrx_word' id='word_1_360' title='bbox 441 4049 706 4119; x_wconf 88' lang='lat' dir='ltr'><strong>personis,</strong></span> <span class='ocrx_word' id='word_1_361' title='bbox 749 4050 989 4121; x_wconf 88' lang='lat' dir='ltr'><strong>quamvis</strong></span> <span class='ocrx_word' id='word_1_362' title='bbox 1034 4049 1319 4104; x_wconf 89' lang='lat' dir='ltr'><strong>Christiani</strong></span> <span class='ocrx_word' id='word_1_363' title='bbox 1363 4057 1574 4114; x_wconf 86' lang='lat' dir='ltr'><strong>essent,</strong></span> <span class='ocrx_word' id='word_1_364' title='bbox 1605 4057 1658 4103; x_wconf 90' lang='lat' dir='ltr'><strong>ct</strong></span> <span class='ocrx_word' id='word_1_365' title='bbox 1689 4049 1856 4121; x_wconf 75' lang='lat' dir='ltr'><strong>magis</strong></span> 
     </span>
    </p>
   </div>
   <div class='ocr_carea' id='block_1_53' title="bbox 255 4140 1857 4211">
    <p class='ocr_par' dir='ltr' id='par_1_53' title="bbox 255 4140 1857 4211">
     <span class='ocr_line' id='line_1_54' title="bbox 255 4140 1857 4211; baseline 0 -15"><span class='ocrx_word' id='word_1_366' title='bbox 255 4140 681 4196; x_wconf 87' lang='lat' dir='ltr'><strong>contradicendo</strong></span> <span class='ocrx_word' id='word_1_367' title='bbox 717 4157 960 4211; x_wconf 69' lang='lat' dir='ltr'><strong>quaerere</strong></span> <span class='ocrx_word' id='word_1_368' title='bbox 998 4141 1307 4196; x_wconf 86' lang='lat' dir='ltr'><strong>viderentur</strong></span> <span class='ocrx_word' id='word_1_369' title='bbox 1343 4140 1471 4211; x_wconf 89' lang='lat' dir='ltr'><strong>qttid</strong></span> <span class='ocrx_word' id='word_1_370' title='bbox 1521 4140 1746 4211; x_wconf 79' lang='lat' dir='ltr'><strong>l’aganis</strong></span> <span class='ocrx_word' id='word_1_371' title='bbox 1773 4158 1857 4195; x_wconf 84' lang='lat' dir='ltr'><strong>re-</strong></span> 
     </span>
    </p>
   </div>
   <div class='ocr_carea' id='block_1_54' title="bbox 256 4232 1854 4304">
    <p class='ocr_par' dir='ltr' id='par_1_54' title="bbox 256 4232 1854 4304">
     <span class='ocr_line' id='line_1_55' title="bbox 256 4232 1854 4304; baseline 0 -16"><span class='ocrx_word' id='word_1_372' title='bbox 256 4233 512 4303; x_wconf 84' lang='lat' dir='ltr'><strong>sponderi</strong></span> <span class='ocrx_word' id='word_1_373' title='bbox 551 4241 842 4303; x_wconf 84' lang='lat' dir='ltr'><strong>oportcrct.</strong></span> <span class='ocrx_word' id='word_1_374' title='bbox 874 4232 1005 4288; x_wconf 89' lang='lat' dir='ltr'><strong>Cum</strong></span> <span class='ocrx_word' id='word_1_375' title='bbox 1038 4249 1166 4304; x_wconf 84' lang='lat' dir='ltr'><strong>ergo</strong></span> <span class='ocrx_word' id='word_1_376' title='bbox 1199 4233 1266 4289; x_wconf 91' lang='lat' dir='ltr'><strong>dc</strong></span> <span class='ocrx_word' id='word_1_377' title='bbox 1294 4233 1621 4290; x_wconf 81' lang='lat' dir='ltr'><strong>divinatione</strong></span> <span class='ocrx_word' id='word_1_378' title='bbox 1650 4233 1854 4288; x_wconf 64' lang='lat' dir='ltr'><strong>diuino-</strong></span> 
     </span>
    </p>
   </div>
   <div class='ocr_carea' id='block_1_55' title="bbox 256 4325 1856 4396">
    <p class='ocr_par' dir='ltr' id='par_1_55' title="bbox 256 4325 1856 4396">
     <span class='ocr_line' id='line_1_56' title="bbox 256 4325 1856 4396; baseline -0.001 -15"><span class='ocrx_word' id='word_1_379' title='bbox 256 4343 390 4381; x_wconf 78' lang='lat' dir='ltr'><strong>nnm</strong></span> <span class='ocrx_word' id='word_1_380' title='bbox 428 4334 783 4396; x_wconf 68' lang='lat' dir='ltr'><strong>quarreretur,</strong></span> <span class='ocrx_word' id='word_1_381' title='bbox 829 4335 880 4381; x_wconf 94' lang='lat' dir='ltr'><strong>et</strong></span> <span class='ocrx_word' id='word_1_382' title='bbox 922 4325 1283 4380; x_wconf 89' lang='lat' dir='ltr'><strong>aflirtnaretur</strong></span> <span class='ocrx_word' id='word_1_383' title='bbox 1325 4325 1636 4395; x_wconf 64' lang='lat' dir='ltr'><strong>praedixisse</strong></span> <span class='ocrx_word' id='word_1_384' title='bbox 1677 4326 1856 4381; x_wconf 79' lang='lat' dir='ltr'><strong>nescio</strong></span> 
     </span>
    </p>
   </div>
   <div class='ocr_carea' id='block_1_56' title="bbox 260 4417 1856 4488">
    <p class='ocr_par' dir='ltr' id='par_1_56' title="bbox 260 4417 1856 4488">
     <span class='ocr_line' id='line_1_57' title="bbox 260 4417 1856 4488; baseline 0.001 -17"><span class='ocrx_word' id='word_1_385' title='bbox 260 4433 448 4488; x_wconf 87' lang='lat' dir='ltr'><strong>quem,</strong></span> <span class='ocrx_word' id='word_1_386' title='bbox 479 4417 815 4472; x_wconf 88' lang='lat' dir='ltr'><strong>eversionem</strong></span> <span class='ocrx_word' id='word_1_387' title='bbox 845 4417 1027 4487; x_wconf 88' lang='lat' dir='ltr'><strong>templi</strong></span> <span class='ocrx_word' id='word_1_388' title='bbox 1055 4417 1292 4488; x_wconf 89' lang='lat' dir='ltr'><strong>Serapis,</strong></span> <span class='ocrx_word' id='word_1_389' title='bbox 1311 4434 1428 4488; x_wconf 76' lang='lat' dir='ltr'><strong>qum</strong></span> <span class='ocrx_word' id='word_1_390' title='bbox 1459 4418 1509 4472; x_wconf 90' lang='lat' dir='ltr'><strong>in</strong></span> <span class='ocrx_word' id='word_1_391' title='bbox 1537 4417 1856 4474; x_wconf 76' lang='lat' dir='ltr'><strong>Alexandria</strong></span> 
     </span>
    </p>
   </div>
   <div class='ocr_carea' id='block_1_57' title="bbox 257 4507 1859 4580">
    <p class='ocr_par' dir='ltr' id='par_1_57' title="bbox 257 4507 1859 4580">
     <span class='ocr_line' id='line_1_58' title="bbox 257 4507 1859 4580; baseline 0 -14"><span class='ocrx_word' id='word_1_392' title='bbox 257 4507 399 4566; x_wconf 80' lang='lat' dir='ltr'><strong>facta</strong></span> <span class='ocrx_word' id='word_1_393' title='bbox 424 4519 535 4576; x_wconf 90' lang='lat' dir='ltr'><strong>est;</strong></span> <span class='ocrx_word' id='word_1_394' title='bbox 569 4509 842 4580; x_wconf 90' lang='lat' dir='ltr'><strong>respondi,</strong></span> <span class='ocrx_word' id='word_1_395' title='bbox 871 4527 975 4564; x_wconf 89' lang='lat' dir='ltr'><strong>non</strong></span> <span class='ocrx_word' id='word_1_396' title='bbox 1003 4525 1122 4566; x_wconf 92' lang='lat' dir='ltr'><strong>esse</strong></span> <span class='ocrx_word' id='word_1_397' title='bbox 1152 4510 1452 4565; x_wconf 89' lang='lat' dir='ltr'><strong>mirandum</strong></span> <span class='ocrx_word' id='word_1_398' title='bbox 1470 4512 1512 4564; x_wconf 91' lang='lat' dir='ltr'><strong>si</strong></span> <span class='ocrx_word' id='word_1_399' title='bbox 1532 4511 1684 4565; x_wconf 86' lang='lat' dir='ltr'><strong>istam</strong></span> <span class='ocrx_word' id='word_1_400' title='bbox 1707 4527 1859 4568; x_wconf 88' lang='lat' dir='ltr'><strong>ever-</strong></span> 
     </span>
    </p>
   </div>
   <div class='ocr_carea' id='block_1_58' title="bbox 257 4601 1853 4672">
    <p class='ocr_par' dir='ltr' id='par_1_58' title="bbox 257 4601 1853 4672">
     <span class='ocr_line' id='line_1_59' title="bbox 257 4601 1853 4672; baseline 0 -14"><span class='ocrx_word' id='word_1_401' title='bbox 257 4603 468 4658; x_wconf 80' lang='lat' dir='ltr'><strong>sionem</strong></span> <span class='ocrx_word' id='word_1_402' title='bbox 511 4602 696 4672; x_wconf 89' lang='lat' dir='ltr'><strong>templi</strong></span> <span class='ocrx_word' id='word_1_403' title='bbox 729 4612 780 4658; x_wconf 87' lang='lat' dir='ltr'><strong>et</strong></span> <span class='ocrx_word' id='word_1_404' title='bbox 808 4601 1076 4657; x_wconf 88' lang='lat' dir='ltr'><strong>simulacri</strong></span> <span class='ocrx_word' id='word_1_405' title='bbox 1108 4603 1188 4656; x_wconf 91' lang='lat' dir='ltr'><strong>sui</strong></span> <span class='ocrx_word' id='word_1_406' title='bbox 1216 4602 1495 4656; x_wconf 89' lang='lat' dir='ltr'><strong>imminere</strong></span> <span class='ocrx_word' id='word_1_407' title='bbox 1515 4603 1530 4633; x_wconf 86' lang='grc'>¹</span> <span class='ocrx_word' id='word_1_408' title='bbox 1562 4603 1853 4667; x_wconf 71' lang='lat' dir='ltr'><strong>da&#39;moneS,</strong></span> 
     </span>
    </p>
   </div>
   <div class='ocr_carea' id='block_1_59' title="bbox 257 4694 1853 4766">
    <p class='ocr_par' dir='ltr' id='par_1_59' title="bbox 257 4694 1853 4766">
     <span class='ocr_line' id='line_1_60' title="bbox 257 4694 1853 4766; baseline -0.004 -13"><span class='ocrx_word' id='word_1_409' title='bbox 257 4706 318 4753; x_wconf 83' lang='lat' dir='ltr'><strong>et</strong></span> <span class='ocrx_word' id='word_1_410' title='bbox 357 4697 495 4751; x_wconf 88' lang='lat' dir='ltr'><strong>scire</strong></span> <span class='ocrx_word' id='word_1_411' title='bbox 539 4706 594 4752; x_wconf 87' lang='lat' dir='ltr'><strong>et</strong></span> <span class='ocrx_word' id='word_1_412' title='bbox 635 4695 925 4766; x_wconf 74' lang='lat' dir='ltr'><strong>prmdicere</strong></span> <span class='ocrx_word' id='word_1_413' title='bbox 973 4703 1292 4766; x_wconf 81' lang='lat' dir='ltr'><strong>potuerunt,</strong></span> <span class='ocrx_word' id='word_1_414' title='bbox 1341 4694 1478 4749; x_wconf 90' lang='lat' dir='ltr'><strong>sicut</strong></span> <span class='ocrx_word' id='word_1_415' title='bbox 1523 4695 1623 4748; x_wconf 87' lang='lat' dir='ltr'><strong>alia</strong></span> <span class='ocrx_word' id='word_1_416' title='bbox 1668 4695 1853 4762; x_wconf 83' lang='lat' dir='ltr'><strong>multa,</strong></span> 
     </span>
    </p>
   </div>
   <div class='ocr_carea' id='block_1_60' title="bbox 259 4786 1662 4862">
    <p class='ocr_par' dir='ltr' id='par_1_60' title="bbox 259 4786 1662 4862">
     <span class='ocr_line' id='line_1_61' title="bbox 259 4786 1662 4862; baseline -0.004 -18"><span class='ocrx_word' id='word_1_417' title='bbox 259 4801 521 4862; x_wconf 84' lang='lat' dir='ltr'><strong>quantum</strong></span> <span class='ocrx_word' id='word_1_418' title='bbox 551 4789 632 4843; x_wconf 87' lang='lat' dir='ltr'><strong>eis</strong></span> <span class='ocrx_word' id='word_1_419' title='bbox 663 4803 822 4843; x_wconf 92' lang='lat' dir='ltr'><strong>nosse</strong></span> <span class='ocrx_word' id='word_1_420' title='bbox 849 4796 904 4842; x_wconf 91' lang='lat' dir='ltr'><strong>et</strong></span> <span class='ocrx_word' id='word_1_421' title='bbox 933 4787 1290 4857; x_wconf 70' lang='lat' dir='ltr'><strong>prrenuntiare</strong></span> <span class='ocrx_word' id='word_1_422' title='bbox 1321 4786 1662 4857; x_wconf 90' lang='lat' dir='ltr'><strong>permittitur.</strong></span> 
     </span>
    </p>
   </div>
   <div class='ocr_carea' id='block_1_61' title="bbox 334 4879 1859 4950">
    <p class='ocr_par' dir='ltr' id='par_1_61' title="bbox 334 4879 1859 4950">
     <span class='ocr_line' id='line_1_62' title="bbox 334 4879 1859 4950; baseline -0.002 -13"><span class='ocrx_word' id='word_1_423' title='bbox 334 4883 388 4937; x_wconf 74' lang='lat'><strong>2.</strong></span> <span class='ocrx_word' id='word_1_424' title='bbox 419 4882 486 4938; x_wconf 86' lang='lat' dir='ltr'><strong>Et</strong></span> <span class='ocrx_word' id='word_1_425' title='bbox 529 4898 653 4938; x_wconf 92' lang='lat' dir='ltr'><strong>cum</strong></span> <span class='ocrx_word' id='word_1_426' title='bbox 690 4881 820 4937; x_wconf 88' lang='lat' dir='ltr'><strong>mihi</strong></span> <span class='ocrx_word' id='word_1_427' title='bbox 867 4881 1175 4947; x_wconf 78' lang='lat' dir='ltr'><strong>referretur,</strong></span> <span class='ocrx_word' id='word_1_428' title='bbox 1207 4879 1323 4938; x_wconf 87' lang='lat' dir='ltr'><strong>Non</strong></span> <span class='ocrx_word' id='word_1_429' title='bbox 1368 4895 1497 4950; x_wconf 78' lang='lat' dir='ltr'><strong>ergo</strong></span> <span class='ocrx_word' id='word_1_430' title='bbox 1535 4889 1658 4935; x_wconf 89' lang='lat' dir='ltr'><strong>sunt</strong></span> <span class='ocrx_word' id='word_1_431' title='bbox 1705 4880 1859 4934; x_wconf 71' lang='lat' dir='ltr'><strong>malua</strong></span> 
     </span>
    </p>
   </div>
   <div class='ocr_carea' id='block_1_62' title="bbox 258 4971 1858 5043">
    <p class='ocr_par' dir='ltr' id='par_1_62' title="bbox 258 4971 1858 5043">
     <span class='ocr_line' id='line_1_63' title="bbox 258 4971 1858 5043; baseline -0.003 -13"><span class='ocrx_word' id='word_1_432' title='bbox 258 4973 624 5031; x_wconf 83' lang='lat' dir='ltr'><strong>divinationes</strong></span> <span class='ocrx_word' id='word_1_433' title='bbox 651 4973 956 5043; x_wconf 84' lang='lat' dir='ltr'><strong>liujusmodi</strong></span> <span class='ocrx_word' id='word_1_434' title='bbox 974 5014 989 5038; x_wconf 97' lang='lat'><strong>,</strong></span> <span class='ocrx_word' id='word_1_435' title='bbox 1018 4988 1118 5028; x_wconf 93' lang='lat' dir='ltr'><strong>nec</strong></span> <span class='ocrx_word' id='word_1_436' title='bbox 1148 4973 1258 5027; x_wconf 90' lang='lat' dir='ltr'><strong>Deo</strong></span> <span class='ocrx_word' id='word_1_437' title='bbox 1285 4971 1594 5042; x_wconf 88' lang='lat' dir='ltr'><strong>displicent;</strong></span> <span class='ocrx_word' id='word_1_438' title='bbox 1623 4971 1858 5042; x_wconf 83' lang='lat' dir='ltr'><strong>alioquin</strong></span> 
     </span>
    </p>
   </div>
   <div class='ocr_carea' id='block_1_63' title="bbox 257 5063 1857 5138">
    <p class='ocr_par' dir='ltr' id='par_1_63' title="bbox 257 5063 1857 5138">
     <span class='ocr_line' id='line_1_64' title="bbox 257 5063 1857 5138; baseline -0.004 -14"><span class='ocrx_word' id='word_1_439' title='bbox 257 5067 607 5138; x_wconf 81' lang='lat' dir='ltr'><strong>omnipotens</strong></span> <span class='ocrx_word' id='word_1_440' title='bbox 655 5075 709 5122; x_wconf 89' lang='lat' dir='ltr'><strong>et</strong></span> <span class='ocrx_word' id='word_1_441' title='bbox 751 5065 928 5136; x_wconf 86' lang='lat' dir='ltr'><strong>justus</strong></span> <span class='ocrx_word' id='word_1_442' title='bbox 970 5065 1072 5120; x_wconf 86' lang='lat' dir='ltr'><strong>ista</strong></span> <span class='ocrx_word' id='word_1_443' title='bbox 1117 5063 1232 5120; x_wconf 87' lang='lat' dir='ltr'><strong>fieri</strong></span> <span class='ocrx_word' id='word_1_444' title='bbox 1277 5079 1381 5118; x_wconf 92' lang='lat' dir='ltr'><strong>non</strong></span> <span class='ocrx_word' id='word_1_445' title='bbox 1423 5065 1774 5134; x_wconf 87' lang='lat' dir='ltr'><strong>permitteret,</strong></span> <span class='ocrx_word' id='word_1_446' title='bbox 1813 5063 1857 5118; x_wconf 89' lang='lat' dir='ltr'><strong>si</strong></span> 
     </span>
    </p>
   </div>
   <div class='ocr_carea' id='block_1_64' title="bbox 257 5156 1855 5231">
    <p class='ocr_par' dir='ltr' id='par_1_64' title="bbox 257 5156 1855 5231">
     <span class='ocr_line' id='line_1_65' title="bbox 257 5156 1855 5231; baseline -0.003 -15"><span class='ocrx_word' id='word_1_447' title='bbox 257 5162 402 5217; x_wconf 88' lang='lat' dir='ltr'><strong>mala</strong></span> <span class='ocrx_word' id='word_1_448' title='bbox 428 5171 484 5215; x_wconf 87' lang='lat' dir='ltr'><strong>et</strong></span> <span class='ocrx_word' id='word_1_449' title='bbox 508 5159 702 5231; x_wconf 81' lang='lat' dir='ltr'><strong>injusla</strong></span> <span class='ocrx_word' id='word_1_450' title='bbox 724 5168 904 5214; x_wconf 86' lang='lat' dir='ltr'><strong>essent</strong></span> <span class='ocrx_word' id='word_1_451' title='bbox 929 5176 940 5212; x_wconf 90' lang='lat'>:</span> <span class='ocrx_word' id='word_1_452' title='bbox 965 5158 1242 5229; x_wconf 87' lang='lat' dir='ltr'><strong>respondi,</strong></span> <span class='ocrx_word' id='word_1_453' title='bbox 1272 5173 1376 5212; x_wconf 91' lang='lat' dir='ltr'><strong>non</strong></span> <span class='ocrx_word' id='word_1_454' title='bbox 1407 5157 1527 5212; x_wconf 88' lang='lat' dir='ltr'><strong>ideo</strong></span> <span class='ocrx_word' id='word_1_455' title='bbox 1559 5157 1672 5213; x_wconf 71' lang='lat' dir='ltr'><strong>lucc</strong></span> <span class='ocrx_word' id='word_1_456' title='bbox 1692 5156 1855 5212; x_wconf 84' lang='lat' dir='ltr'><strong>videri</strong></span> 
     </span>
    </p>
   </div>
   <div class='ocr_carea' id='block_1_65' title="bbox 259 5251 1861 5326">
    <p class='ocr_par' dir='ltr' id='par_1_65' title="bbox 259 5251 1861 5326">
     <span class='ocr_line' id='line_1_66' title="bbox 259 5251 1861 5326; baseline -0.003 -17"><span class='ocrx_word' id='word_1_457' title='bbox 259 5255 400 5326; x_wconf 79' lang='lat' dir='ltr'><strong>iusta</strong></span> <span class='ocrx_word' id='word_1_458' title='bbox 424 5254 645 5320; x_wconf 88' lang='lat' dir='ltr'><strong>debere,</strong></span> <span class='ocrx_word' id='word_1_459' title='bbox 674 5252 818 5324; x_wconf 90' lang='lat' dir='ltr'><strong>quod</strong></span> <span class='ocrx_word' id='word_1_460' title='bbox 857 5268 920 5308; x_wconf 88' lang='lat' dir='ltr'><strong>ea</strong></span> <span class='ocrx_word' id='word_1_461' title='bbox 965 5251 1079 5307; x_wconf 87' lang='lat' dir='ltr'><strong>fieri</strong></span> <span class='ocrx_word' id='word_1_462' title='bbox 1120 5252 1374 5322; x_wconf 89' lang='lat' dir='ltr'><strong>permittit</strong></span> <span class='ocrx_word' id='word_1_463' title='bbox 1400 5251 1861 5320; x_wconf 87' lang='lat' dir='ltr'><strong>omnipotentissi-</strong></span> 
     </span>
    </p>
   </div>
   <div class='ocr_carea' id='block_1_66' title="bbox 1035 2993 2970 3062">
    <p class='ocr_par' dir='ltr' id='par_1_66' title="bbox 1035 2993 2970 3062">
     <span class='ocr_line' id='line_1_67' title="bbox 1035 2993 2970 3062; baseline 0 -15"><span class='ocrx_word' id='word_1_464' title='bbox 1035 3011 1064 3047; x_wconf 87' lang='lat' dir='ltr'><strong>e</strong></span> <span class='ocrx_word' id='word_1_465' title='bbox 1080 2998 1356 3048; x_wconf 55' lang='lat' dir='ltr'><strong>daemonum</strong></span> <span class='ocrx_word' id='word_1_466' title='bbox 1377 2993 1719 3056; x_wconf 78' lang='lat' dir='ltr'><strong>divinationes,</strong></span> <span class='ocrx_word' id='word_1_467' title='bbox 1743 3007 1893 3045; x_wconf 88' lang='lat' dir='ltr'><strong>curve</strong></span> <span class='ocrx_word' id='word_1_468' title='bbox 1917 2993 2162 3043; x_wconf 83' lang='lat' dir='ltr'><strong>interdum</strong></span> <span class='ocrx_word' id='word_1_469' title='bbox 2183 3001 2335 3057; x_wconf 76' lang='lat' dir='ltr'><strong>verre,</strong></span> <span class='ocrx_word' id='word_1_470' title='bbox 2361 2995 2477 3046; x_wconf 90' lang='lat' dir='ltr'><strong>licet</strong></span> <span class='ocrx_word' id='word_1_471' title='bbox 2499 2993 2791 3062; x_wconf 80' lang='lat' dir='ltr'><strong>plerumque</strong></span> <span class='ocrx_word' id='word_1_472' title='bbox 2818 2995 2970 3049; x_wconf 68' lang='lat' dir='ltr'><strong>fuisse.</strong></span> 
     </span>
    </p>
   </div>
   <div class='ocr_carea' id='block_1_67' title="bbox 1961 3121 3556 3191">
    <p class='ocr_par' dir='ltr' id='par_1_67' title="bbox 1961 3121 3556 3191">
     <span class='ocr_line' id='line_1_68' title="bbox 1961 3121 3556 3191; baseline 0.006 -16"><span class='ocrx_word' id='word_1_473' title='bbox 1961 3136 2081 3175; x_wconf 90' lang='lat' dir='ltr'><strong>mus</strong></span> <span class='ocrx_word' id='word_1_474' title='bbox 2111 3131 2161 3176; x_wconf 90' lang='lat' dir='ltr'><strong>et</strong></span> <span class='ocrx_word' id='word_1_475' title='bbox 2191 3121 2518 3191; x_wconf 76' lang='lat' dir='ltr'><strong>iustissimus</strong></span> <span class='ocrx_word' id='word_1_476' title='bbox 2549 3123 2687 3177; x_wconf 84' lang='lat' dir='ltr'><strong>Deus</strong></span> <span class='ocrx_word' id='word_1_477' title='bbox 2723 3139 2886 3178; x_wconf 90' lang='lat' dir='ltr'><strong>:nam</strong></span> <span class='ocrx_word' id='word_1_478' title='bbox 2917 3133 2971 3179; x_wconf 92' lang='lat' dir='ltr'><strong>et</strong></span> <span class='ocrx_word' id='word_1_479' title='bbox 2996 3124 3100 3179; x_wconf 89' lang='lat' dir='ltr'><strong>alia</strong></span> <span class='ocrx_word' id='word_1_480' title='bbox 3130 3124 3296 3180; x_wconf 85' lang='lat' dir='ltr'><strong>multa</strong></span> <span class='ocrx_word' id='word_1_481' title='bbox 3327 3128 3556 3186; x_wconf 87' lang='lat' dir='ltr'><strong>manife-</strong></span> 
     </span>
    </p>
   </div>
   <div class='ocr_carea' id='block_1_68' title="bbox 1958 3213 3550 3290">
    <p class='ocr_par' dir='ltr' id='par_1_68' title="bbox 1958 3213 3550 3290">
     <span class='ocr_line' id='line_1_69' title="bbox 1958 3213 3550 3290; baseline 0.006 -23"><span class='ocrx_word' id='word_1_482' title='bbox 1958 3213 2190 3268; x_wconf 88' lang='lat' dir='ltr'><strong>stissime</strong></span> <span class='ocrx_word' id='word_1_483' title='bbox 2219 3214 2411 3280; x_wconf 87' lang='lat' dir='ltr'><strong>injusta</strong></span> <span class='ocrx_word' id='word_1_484' title='bbox 2446 3215 2578 3280; x_wconf 87' lang='lat' dir='ltr'><strong>fieri,</strong></span> <span class='ocrx_word' id='word_1_485' title='bbox 2599 3216 2730 3270; x_wconf 90' lang='lat' dir='ltr'><strong>sicut</strong></span> <span class='ocrx_word' id='word_1_486' title='bbox 2754 3215 3368 3286; x_wconf 82' lang='lat' dir='ltr'><strong>homicidia,adulteria,</strong></span> <span class='ocrx_word' id='word_1_487' title='bbox 3391 3223 3550 3290; x_wconf 88' lang='lat' dir='ltr'><strong>furta,</strong></span> 
     </span>
    </p>
   </div>
   <div class='ocr_carea' id='block_1_69' title="bbox 1962 3303 3559 3382">
    <p class='ocr_par' dir='ltr' id='par_1_69' title="bbox 1962 3303 3559 3382">
     <span class='ocr_line' id='line_1_70' title="bbox 1962 3303 3559 3382; baseline 0.009 -26"><span class='ocrx_word' id='word_1_488' title='bbox 1962 3303 2196 3372; x_wconf 87' lang='lat' dir='ltr'><strong>rapinas,</strong></span> <span class='ocrx_word' id='word_1_489' title='bbox 2249 3311 2304 3358; x_wconf 84' lang='lat' dir='ltr'><strong>et</strong></span> <span class='ocrx_word' id='word_1_490' title='bbox 2350 3313 2544 3359; x_wconf 61' lang='lat' dir='ltr'><strong>cetera</strong></span> <span class='ocrx_word' id='word_1_491' title='bbox 2587 3305 2929 3375; x_wconf 68' lang='lat' dir='ltr'><strong>huiusmodi,</strong></span> <span class='ocrx_word' id='word_1_492' title='bbox 2967 3323 3092 3378; x_wconf 69' lang='lat' dir='ltr'><strong>qua:</strong></span> <span class='ocrx_word' id='word_1_493' title='bbox 3141 3313 3383 3379; x_wconf 88' lang='lat' dir='ltr'><strong>quamvis</strong></span> <span class='ocrx_word' id='word_1_494' title='bbox 3415 3315 3559 3382; x_wconf 84' lang='lat' dir='ltr'><strong>justo</strong></span> 
     </span>
    </p>
   </div>
   <div class='ocr_carea' id='block_1_70' title="bbox 1960 3393 3560 3474">
    <p class='ocr_par' dir='ltr' id='par_1_70' title="bbox 1960 3393 3560 3474">
     <span class='ocr_line' id='line_1_71' title="bbox 1960 3393 3560 3474; baseline 0.007 -26"><span class='ocrx_word' id='word_1_495' title='bbox 1960 3393 2092 3459; x_wconf 89' lang='lat' dir='ltr'><strong>Deo,</strong></span> <span class='ocrx_word' id='word_1_496' title='bbox 2124 3408 2189 3448; x_wconf 91' lang='lat' dir='ltr'><strong>eo</strong></span> <span class='ocrx_word' id='word_1_497' title='bbox 2232 3395 2372 3462; x_wconf 91' lang='lat' dir='ltr'><strong>quod</strong></span> <span class='ocrx_word' id='word_1_498' title='bbox 2423 3395 2616 3464; x_wconf 78' lang='lat' dir='ltr'><strong>injusta</strong></span> <span class='ocrx_word' id='word_1_499' title='bbox 2665 3407 2810 3461; x_wconf 90' lang='lat' dir='ltr'><strong>sunt,</strong></span> <span class='ocrx_word' id='word_1_500' title='bbox 2842 3399 2962 3454; x_wconf 88' lang='lat' dir='ltr'><strong>sine</strong></span> <span class='ocrx_word' id='word_1_501' title='bbox 3003 3398 3334 3456; x_wconf 82' lang='lat' dir='ltr'><strong>dubitatione</strong></span> <span class='ocrx_word' id='word_1_502' title='bbox 3369 3404 3560 3474; x_wconf 80' lang='lat' dir='ltr'><strong>displi-</strong></span> 
     </span>
    </p>
   </div>
   <div class='ocr_carea' id='block_1_71' title="bbox 1959 3484 3557 3562">
    <p class='ocr_par' dir='ltr' id='par_1_71' title="bbox 1959 3484 3557 3562">
     <span class='ocr_line' id='line_1_72' title="bbox 1959 3484 3557 3562; baseline 0.008 -25"><span class='ocrx_word' id='word_1_503' title='bbox 1959 3493 2149 3550; x_wconf 89' lang='lat' dir='ltr'><strong>ceant;</strong></span> <span class='ocrx_word' id='word_1_504' title='bbox 2180 3484 2318 3538; x_wconf 87' lang='lat' dir='ltr'><strong>idem</strong></span> <span class='ocrx_word' id='word_1_505' title='bbox 2353 3494 2528 3541; x_wconf 88' lang='lat' dir='ltr'><strong>tamen</strong></span> <span class='ocrx_word' id='word_1_506' title='bbox 2557 3487 2898 3557; x_wconf 89' lang='lat' dir='ltr'><strong>omnipotens</strong></span> <span class='ocrx_word' id='word_1_507' title='bbox 2934 3506 2995 3544; x_wconf 87' lang='lat' dir='ltr'><strong>ea</strong></span> <span class='ocrx_word' id='word_1_508' title='bbox 3034 3490 3146 3544; x_wconf 85' lang='lat' dir='ltr'><strong>ﬂeri</strong></span> <span class='ocrx_word' id='word_1_509' title='bbox 3195 3503 3340 3546; x_wconf 91' lang='lat' dir='ltr'><strong>certa</strong></span> <span class='ocrx_word' id='word_1_510' title='bbox 3373 3491 3557 3562; x_wconf 85' lang='lat' dir='ltr'><strong>jndicii</strong></span> 
     </span>
    </p>
   </div>
   <div class='ocr_carea' id='block_1_72' title="bbox 1961 3578 3557 3652">
    <p class='ocr_par' dir='ltr' id='par_1_72' title="bbox 1961 3578 3557 3652">
     <span class='ocr_line' id='line_1_73' title="bbox 1961 3578 3557 3652; baseline 0.005 -20"><span class='ocrx_word' id='word_1_511' title='bbox 1961 3579 2040 3632; x_wconf 91' lang='lat' dir='ltr'><strong>sui</strong></span> <span class='ocrx_word' id='word_1_512' title='bbox 2073 3578 2275 3632; x_wconf 88' lang='lat' dir='ltr'><strong>ratione</strong></span> <span class='ocrx_word' id='word_1_513' title='bbox 2301 3578 2592 3647; x_wconf 83' lang='lat' dir='ltr'><strong>permittit;</strong></span> <span class='ocrx_word' id='word_1_514' title='bbox 2623 3595 2729 3633; x_wconf 91' lang='lat' dir='ltr'><strong>non</strong></span> <span class='ocrx_word' id='word_1_515' title='bbox 2763 3581 2945 3652; x_wconf 90' lang='lat' dir='ltr'><strong>utique</strong></span> <span class='ocrx_word' id='word_1_516' title='bbox 2983 3582 3217 3652; x_wconf 85' lang='lat' dir='ltr'><strong>impune,</strong></span> <span class='ocrx_word' id='word_1_517' title='bbox 3256 3584 3350 3638; x_wconf 89' lang='lat' dir='ltr'><strong>sed</strong></span> <span class='ocrx_word' id='word_1_518' title='bbox 3376 3585 3442 3639; x_wconf 88' lang='lat' dir='ltr'><strong>ad</strong></span> <span class='ocrx_word' id='word_1_519' title='bbox 3462 3601 3557 3640; x_wconf 87' lang='lat' dir='ltr'><strong>eo-</strong></span> 
     </span>
    </p>
   </div>
   <div class='ocr_carea' id='block_1_73' title="bbox 1959 3669 3559 3746">
    <p class='ocr_par' dir='ltr' id='par_1_73' title="bbox 1959 3669 3559 3746">
     <span class='ocr_line' id='line_1_74' title="bbox 1959 3669 3559 3746; baseline 0.006 -24"><span class='ocrx_word' id='word_1_520' title='bbox 1959 3684 2077 3722; x_wconf 90' lang='lat' dir='ltr'><strong>rum</strong></span> <span class='ocrx_word' id='word_1_521' title='bbox 2121 3669 2539 3738; x_wconf 88' lang='lat' dir='ltr'><strong>damnationem,</strong></span> <span class='ocrx_word' id='word_1_522' title='bbox 2587 3685 2616 3723; x_wconf 87' lang='lat' dir='ltr'><strong>a</strong></span> <span class='ocrx_word' id='word_1_523' title='bbox 2665 3670 2858 3741; x_wconf 89' lang='lat' dir='ltr'><strong>quibus</strong></span> <span class='ocrx_word' id='word_1_524' title='bbox 2909 3672 3044 3726; x_wconf 73' lang='lat' dir='ltr'><strong>fiunt</strong></span> <span class='ocrx_word' id='word_1_525' title='bbox 3093 3689 3212 3744; x_wconf 67' lang='lat' dir='ltr'><strong>qua:</strong></span> <span class='ocrx_word' id='word_1_526' title='bbox 3273 3674 3559 3746; x_wconf 76' lang='lat' dir='ltr'><strong>displicent</strong></span> 
     </span>
    </p>
   </div>
   <div class='ocr_carea' id='block_1_74' title="bbox 1956 3763 3047 3833">
    <p class='ocr_par' dir='ltr' id='par_1_74' title="bbox 1956 3763 3047 3833">
     <span class='ocr_line' id='line_1_75' title="bbox 1956 3763 3047 3833; baseline 0.007 -18"><span class='ocrx_word' id='word_1_527' title='bbox 1956 3763 2123 3833; x_wconf 85' lang='lat' dir='ltr'><strong>justo.</strong></span> <span class='ocrx_word' id='word_1_528' title='bbox 3041 3815 3047 3823; x_wconf 92' lang='lat'>.</span> 
     </span>
    </p>
   </div>
   <div class='ocr_carea' id='block_1_75' title="bbox 2032 3855 3557 3928">
    <p class='ocr_par' dir='ltr' id='par_1_75' title="bbox 2032 3855 3557 3928">
     <span class='ocr_line' id='line_1_76' title="bbox 2032 3855 3557 3928; baseline 0.004 -17"><span class='ocrx_word' id='word_1_529' title='bbox 2032 3858 2084 3912; x_wconf 79' lang='grc'><strong>5.</strong></span> <span class='ocrx_word' id='word_1_530' title='bbox 2121 3857 2326 3911; x_wconf 87' lang='lat' dir='ltr'><strong>Etcum</strong></span> <span class='ocrx_word' id='word_1_531' title='bbox 2357 3871 2389 3911; x_wconf 94' lang='lat' dir='ltr'><strong>e</strong></span> <span class='ocrx_word' id='word_1_532' title='bbox 2417 3857 2687 3912; x_wconf 91' lang='lat' dir='ltr'><strong>contrario</strong></span> <span class='ocrx_word' id='word_1_533' title='bbox 2715 3855 3005 3924; x_wconf 87' lang='lat' dir='ltr'><strong>diceretur,</strong></span> <span class='ocrx_word' id='word_1_534' title='bbox 3039 3872 3144 3912; x_wconf 88' lang='lat' dir='ltr'><strong>non</strong></span> <span class='ocrx_word' id='word_1_535' title='bbox 3182 3858 3398 3928; x_wconf 89' lang='lat' dir='ltr'><strong>quidem</strong></span> <span class='ocrx_word' id='word_1_536' title='bbox 3434 3875 3557 3917; x_wconf 89' lang='lat' dir='ltr'><strong>esse</strong></span> 
     </span>
    </p>
   </div>
   <div class='ocr_carea' id='block_1_76' title="bbox 1961 3947 3559 4018">
    <p class='ocr_par' dir='ltr' id='par_1_76' title="bbox 1961 3947 3559 4018">
     <span class='ocr_line' id='line_1_77' title="bbox 1961 3947 3559 4018; baseline 0.003 -15"><span class='ocrx_word' id='word_1_537' title='bbox 1961 3947 2312 4003; x_wconf 85' lang='lat' dir='ltr'><strong>dubitandum</strong></span> <span class='ocrx_word' id='word_1_538' title='bbox 2341 3947 2481 4018; x_wconf 87' lang='lat' dir='ltr'><strong>qttod</strong></span> <span class='ocrx_word' id='word_1_539' title='bbox 2515 3948 2853 4017; x_wconf 88' lang='lat' dir='ltr'><strong>omnipotens</strong></span> <span class='ocrx_word' id='word_1_540' title='bbox 2881 3957 2935 4002; x_wconf 90' lang='lat' dir='ltr'><strong>et</strong></span> <span class='ocrx_word' id='word_1_541' title='bbox 2958 3947 3136 4018; x_wconf 87' lang='lat' dir='ltr'><strong>justus</strong></span> <span class='ocrx_word' id='word_1_542' title='bbox 3165 3950 3234 4003; x_wconf 89' lang='lat' dir='ltr'><strong>sit</strong></span> <span class='ocrx_word' id='word_1_543' title='bbox 3262 3947 3402 4006; x_wconf 90' lang='lat' dir='ltr'><strong>Deus</strong></span> <span class='ocrx_word' id='word_1_544' title='bbox 3426 3969 3438 4004; x_wconf 89' lang='lat'><strong>:</strong></span> <span class='ocrx_word' id='word_1_545' title='bbox 3462 3951 3559 4007; x_wconf 85' lang='lat' dir='ltr'><strong>sed</strong></span> 
     </span>
    </p>
   </div>
   <div class='ocr_carea' id='block_1_77' title="bbox 1963 4039 3561 4110">
    <p class='ocr_par' dir='ltr' id='par_1_77' title="bbox 1963 4039 3561 4110">
     <span class='ocr_line' id='line_1_78' title="bbox 1963 4039 3561 4110; baseline 0.004 -18"><span class='ocrx_word' id='word_1_546' title='bbox 1963 4040 2077 4092; x_wconf 66' lang='lat' dir='ltr'><strong>hinc</strong></span> <span class='ocrx_word' id='word_1_547' title='bbox 2107 4039 2335 4094; x_wconf 85' lang='lat' dir='ltr'><strong>humana</strong></span> <span class='ocrx_word' id='word_1_548' title='bbox 2367 4049 2615 4110; x_wconf 79' lang='lat' dir='ltr'><strong>peccata,</strong></span> <span class='ocrx_word' id='word_1_549' title='bbox 2644 4055 2763 4109; x_wconf 75' lang='lat' dir='ltr'><strong>qua:</strong></span> <span class='ocrx_word' id='word_1_550' title='bbox 2805 4047 2992 4097; x_wconf 85' lang='lat' dir='ltr'><strong>contra</strong></span> <span class='ocrx_word' id='word_1_551' title='bbox 3025 4041 3341 4095; x_wconf 82' lang='lat' dir='ltr'><strong>societatem</strong></span> <span class='ocrx_word' id='word_1_552' title='bbox 3389 4042 3561 4098; x_wconf 83' lang='lat' dir='ltr'><strong>homi-</strong></span> 
     </span>
    </p>
   </div>
   <div class='ocr_carea' id='block_1_78' title="bbox 1961 4132 3561 4206">
    <p class='ocr_par' dir='ltr' id='par_1_78' title="bbox 1961 4132 3561 4206">
     <span class='ocr_line' id='line_1_79' title="bbox 1961 4132 3561 4206; baseline 0.003 -17"><span class='ocrx_word' id='word_1_553' title='bbox 1961 4149 2088 4189; x_wconf 89' lang='lat' dir='ltr'><strong>num</strong></span> <span class='ocrx_word' id='word_1_554' title='bbox 2116 4133 2324 4199; x_wconf 87' lang='lat' dir='ltr'><strong>fierent,</strong></span> <span class='ocrx_word' id='word_1_555' title='bbox 2354 4147 2462 4188; x_wconf 89' lang='lat' dir='ltr'><strong>non</strong></span> <span class='ocrx_word' id='word_1_556' title='bbox 2493 4148 2614 4188; x_wconf 90' lang='lat' dir='ltr'><strong>eum</strong></span> <span class='ocrx_word' id='word_1_557' title='bbox 2645 4147 2835 4187; x_wconf 85' lang='lat' dir='ltr'><strong>curare</strong></span> <span class='ocrx_word' id='word_1_558' title='bbox 2879 4132 3003 4187; x_wconf 91' lang='lat' dir='ltr'><strong>dum</strong></span> <span class='ocrx_word' id='word_1_559' title='bbox 3033 4132 3244 4201; x_wconf 83' lang='lat' dir='ltr'><strong>fierent,</strong></span> <span class='ocrx_word' id='word_1_560' title='bbox 3271 4143 3561 4206; x_wconf 74' lang='lat' dir='ltr'><strong>propterea</strong></span> 
     </span>
    </p>
   </div>
   <div class='ocr_carea' id='block_1_79' title="bbox 1963 4225 3557 4297">
    <p class='ocr_par' dir='ltr' id='par_1_79' title="bbox 1963 4225 3557 4297">
     <span class='ocr_line' id='line_1_80' title="bbox 1963 4225 3557 4297; baseline -0.001 -12"><span class='ocrx_word' id='word_1_561' title='bbox 1963 4243 2026 4285; x_wconf 88' lang='lat' dir='ltr'><strong>ea</strong></span> <span class='ocrx_word' id='word_1_562' title='bbox 2053 4243 2210 4297; x_wconf 91' lang='lat' dir='ltr'><strong>posse</strong></span> <span class='ocrx_word' id='word_1_563' title='bbox 2233 4225 2381 4292; x_wconf 77' lang='lat' dir='ltr'><strong>fieri;</strong></span> <span class='ocrx_word' id='word_1_564' title='bbox 2411 4243 2532 4296; x_wconf 71' lang='lat' dir='ltr'><strong>qua:</strong></span> <span class='ocrx_word' id='word_1_565' title='bbox 2558 4227 2738 4297; x_wconf 88' lang='lat' dir='ltr'><strong>utique</strong></span> <span class='ocrx_word' id='word_1_566' title='bbox 2767 4227 2880 4282; x_wconf 85' lang='lat' dir='ltr'><strong>ﬁeri</strong></span> <span class='ocrx_word' id='word_1_567' title='bbox 2908 4242 3012 4281; x_wconf 85' lang='lat' dir='ltr'><strong>non</strong></span> <span class='ocrx_word' id='word_1_568' title='bbox 3040 4237 3286 4296; x_wconf 68' lang='lat' dir='ltr'><strong>possent,</strong></span> <span class='ocrx_word' id='word_1_569' title='bbox 3307 4230 3350 4284; x_wconf 88' lang='lat' dir='ltr'><strong>si</strong></span> <span class='ocrx_word' id='word_1_570' title='bbox 3379 4230 3557 4285; x_wconf 89' lang='lat' dir='ltr'><strong>omni-</strong></span> 
     </span>
    </p>
   </div>
   <div class='ocr_carea' id='block_1_80' title="bbox 1962 4320 3560 4394">
    <p class='ocr_par' dir='ltr' id='par_1_80' title="bbox 1962 4320 3560 4394">
     <span class='ocr_line' id='line_1_81' title="bbox 1962 4320 3560 4394; baseline 0.002 -18"><span class='ocrx_word' id='word_1_571' title='bbox 1962 4330 2150 4392; x_wconf 87' lang='lat' dir='ltr'><strong>potens</strong></span> <span class='ocrx_word' id='word_1_572' title='bbox 2173 4337 2279 4376; x_wconf 89' lang='lat' dir='ltr'><strong>non</strong></span> <span class='ocrx_word' id='word_1_573' title='bbox 2303 4321 2516 4376; x_wconf 88' lang='lat' dir='ltr'><strong>sivisset</strong></span> <span class='ocrx_word' id='word_1_574' title='bbox 2539 4339 2552 4375; x_wconf 91' lang='lat'><strong>:</strong></span> <span class='ocrx_word' id='word_1_575' title='bbox 2573 4320 2661 4375; x_wconf 92' lang='lat' dir='ltr'><strong>illa</strong></span> <span class='ocrx_word' id='word_1_576' title='bbox 2688 4335 2815 4375; x_wconf 91' lang='lat' dir='ltr'><strong>vero</strong></span> <span class='ocrx_word' id='word_1_577' title='bbox 2841 4337 2960 4391; x_wconf 67' lang='lat' dir='ltr'><strong>quae</strong></span> <span class='ocrx_word' id='word_1_578' title='bbox 2985 4321 3052 4375; x_wconf 86' lang='lat' dir='ltr'><strong>ad</strong></span> <span class='ocrx_word' id='word_1_579' title='bbox 3084 4321 3257 4391; x_wconf 84' lang='lat' dir='ltr'><strong>ipsum</strong></span> <span class='ocrx_word' id='word_1_580' title='bbox 3287 4323 3560 4394; x_wconf 76' lang='lat' dir='ltr'><strong>religionis</strong></span> 
     </span>
    </p>
   </div>
   <div class='ocr_carea' id='block_1_81' title="bbox 1962 4413 3560 4484">
    <p class='ocr_par' dir='ltr' id='par_1_81' title="bbox 1962 4413 3560 4484">
     <span class='ocr_line' id='line_1_82' title="bbox 1962 4413 3560 4484; baseline 0.002 -15"><span class='ocrx_word' id='word_1_581' title='bbox 1962 4416 2162 4470; x_wconf 90' lang='lat' dir='ltr'><strong>cultum</strong></span> <span class='ocrx_word' id='word_1_582' title='bbox 2193 4413 2480 4484; x_wconf 88' lang='lat' dir='ltr'><strong>pertinent,</strong></span> <span class='ocrx_word' id='word_1_583' title='bbox 2513 4414 2661 4469; x_wconf 90' lang='lat' dir='ltr'><strong>nullo</strong></span> <span class='ocrx_word' id='word_1_584' title='bbox 2696 4413 2858 4468; x_wconf 87' lang='lat' dir='ltr'><strong>modo</strong></span> <span class='ocrx_word' id='word_1_585' title='bbox 2887 4413 2955 4469; x_wconf 87' lang='lat' dir='ltr'><strong>ab</strong></span> <span class='ocrx_word' id='word_1_586' title='bbox 2983 4429 3050 4469; x_wconf 93' lang='lat' dir='ltr'><strong>eo</strong></span> <span class='ocrx_word' id='word_1_587' title='bbox 3076 4413 3406 4470; x_wconf 82' lang='lat' dir='ltr'><strong>credendum</strong></span> <span class='ocrx_word' id='word_1_588' title='bbox 3437 4430 3560 4472; x_wconf 89' lang='lat' dir='ltr'><strong>esse</strong></span> 
     </span>
    </p>
   </div>
   <div class='ocr_carea' id='block_1_82' title="bbox 1961 4506 3560 4580">
    <p class='ocr_par' dir='ltr' id='par_1_82' title="bbox 1961 4506 3560 4580">
     <span class='ocr_line' id='line_1_83' title="bbox 1961 4506 3560 4580; baseline 0.001 -16"><span class='ocrx_word' id='word_1_589' title='bbox 1961 4507 2262 4572; x_wconf 81' lang='lat' dir='ltr'><strong>contemni;</strong></span> <span class='ocrx_word' id='word_1_590' title='bbox 2288 4522 2350 4562; x_wconf 89' lang='lat' dir='ltr'><strong>ac</strong></span> <span class='ocrx_word' id='word_1_591' title='bbox 2381 4523 2475 4576; x_wconf 89' lang='lat' dir='ltr'><strong>per</strong></span> <span class='ocrx_word' id='word_1_592' title='bbox 2513 4507 2613 4561; x_wconf 89' lang='lat' dir='ltr'><strong>hoc</strong></span> <span class='ocrx_word' id='word_1_593' title='bbox 2660 4506 2773 4560; x_wconf 83' lang='lat' dir='ltr'><strong>fieri</strong></span> <span class='ocrx_word' id='word_1_594' title='bbox 2812 4522 2918 4562; x_wconf 84' lang='lat' dir='ltr'><strong>non</strong></span> <span class='ocrx_word' id='word_1_595' title='bbox 2944 4507 3205 4577; x_wconf 70' lang='lat' dir='ltr'><strong>potuisse,</strong></span> <span class='ocrx_word' id='word_1_596' title='bbox 3241 4509 3341 4564; x_wconf 87' lang='lat' dir='ltr'><strong>nisi</strong></span> <span class='ocrx_word' id='word_1_597' title='bbox 3367 4510 3416 4564; x_wconf 92' lang='lat' dir='ltr'><strong>ei</strong></span> <span class='ocrx_word' id='word_1_598' title='bbox 3445 4511 3560 4580; x_wconf 84' lang='lat' dir='ltr'><strong>pla-</strong></span> 
     </span>
    </p>
   </div>
   <div class='ocr_carea' id='block_1_83' title="bbox 1962 4598 3560 4671">
    <p class='ocr_par' dir='ltr' id='par_1_83' title="bbox 1962 4598 3560 4671">
     <span class='ocr_line' id='line_1_84' title="bbox 1962 4598 3560 4671; baseline 0 -13"><span class='ocrx_word' id='word_1_599' title='bbox 1962 4602 2292 4668; x_wconf 13' lang='lat' dir='ltr'><strong>cuissent,tet</strong></span> <span class='ocrx_word' id='word_1_600' title='bbox 2323 4598 2444 4653; x_wconf 86' lang='lat' dir='ltr'><strong>ideo</strong></span> <span class='ocrx_word' id='word_1_601' title='bbox 2475 4614 2536 4654; x_wconf 85' lang='lat' dir='ltr'><strong>ea</strong></span> <span class='ocrx_word' id='word_1_602' title='bbox 2567 4599 2703 4653; x_wconf 87' lang='lat' dir='ltr'><strong>mala</strong></span> <span class='ocrx_word' id='word_1_603' title='bbox 2727 4601 2898 4670; x_wconf 87' lang='lat' dir='ltr'><strong>putari</strong></span> <span class='ocrx_word' id='word_1_604' title='bbox 2929 4615 3036 4655; x_wconf 88' lang='lat' dir='ltr'><strong>non</strong></span> <span class='ocrx_word' id='word_1_605' title='bbox 3060 4611 3342 4671; x_wconf 73' lang='lat' dir='ltr'><strong>oportere:</strong></span> <span class='ocrx_word' id='word_1_606' title='bbox 3364 4603 3428 4656; x_wconf 91' lang='lat' dir='ltr'><strong>ad</strong></span> <span class='ocrx_word' id='word_1_607' title='bbox 3457 4603 3560 4658; x_wconf 79' lang='lat' dir='ltr'><strong>hoc</strong></span> 
     </span>
    </p>
   </div>
   <div class='ocr_carea' id='block_1_84' title="bbox 1962 4689 3562 4765">
    <p class='ocr_par' dir='ltr' id='par_1_84' title="bbox 1962 4689 3562 4765">
     <span class='ocr_line' id='line_1_85' title="bbox 1962 4689 3562 4765; baseline 0 -18"><span class='ocrx_word' id='word_1_608' title='bbox 1962 4708 2172 4765; x_wconf 88' lang='lat' dir='ltr'><strong>quoque</strong></span> <span class='ocrx_word' id='word_1_609' title='bbox 2204 4689 2451 4762; x_wconf 86' lang='lat' dir='ltr'><strong>respondi</strong></span> <span class='ocrx_word' id='word_1_610' title='bbox 2479 4708 2491 4744; x_wconf 92' lang='lat'>:</span> <span class='ocrx_word' id='word_1_611' title='bbox 2517 4690 2666 4746; x_wconf 85' lang='lat' dir='ltr'><strong>Nune</strong></span> <span class='ocrx_word' id='word_1_612' title='bbox 2693 4706 2822 4762; x_wconf 74' lang='lat' dir='ltr'><strong>ergo</strong></span> <span class='ocrx_word' id='word_1_613' title='bbox 2851 4692 2902 4746; x_wconf 91' lang='lat' dir='ltr'><strong>ei</strong></span> <span class='ocrx_word' id='word_1_614' title='bbox 2933 4692 3240 4762; x_wconf 87' lang='lat' dir='ltr'><strong>displicent,</strong></span> <span class='ocrx_word' id='word_1_615' title='bbox 3273 4709 3394 4748; x_wconf 90' lang='lat' dir='ltr'><strong>cum</strong></span> <span class='ocrx_word' id='word_1_616' title='bbox 3425 4704 3562 4749; x_wconf 88' lang='lat' dir='ltr'><strong>tem-</strong></span> 
     </span>
    </p>
   </div>
   <div class='ocr_carea' id='block_1_85' title="bbox 1963 4784 3559 4856">
    <p class='ocr_par' dir='ltr' id='par_1_85' title="bbox 1963 4784 3559 4856">
     <span class='ocr_line' id='line_1_86' title="bbox 1963 4784 3559 4856; baseline 0.001 -18"><span class='ocrx_word' id='word_1_617' title='bbox 1963 4785 2050 4856; x_wconf 85' lang='lat' dir='ltr'><strong>pla</strong></span> <span class='ocrx_word' id='word_1_618' title='bbox 2079 4795 2131 4839; x_wconf 91' lang='lat' dir='ltr'><strong>ct</strong></span> <span class='ocrx_word' id='word_1_619' title='bbox 2169 4784 2452 4839; x_wconf 91' lang='lat' dir='ltr'><strong>simulacra</strong></span> <span class='ocrx_word' id='word_1_620' title='bbox 2483 4791 2818 4849; x_wconf 88' lang='lat' dir='ltr'><strong>evertuntur,</strong></span> <span class='ocrx_word' id='word_1_621' title='bbox 2857 4794 2911 4839; x_wconf 91' lang='lat' dir='ltr'><strong>et</strong></span> <span class='ocrx_word' id='word_1_622' title='bbox 2955 4784 3042 4840; x_wconf 91' lang='lat' dir='ltr'><strong>illa</strong></span> <span class='ocrx_word' id='word_1_623' title='bbox 3071 4785 3320 4842; x_wconf 84' lang='lat' dir='ltr'><strong>Gentium</strong></span> <span class='ocrx_word' id='word_1_624' title='bbox 3351 4787 3559 4840; x_wconf 79' lang='lat' dir='ltr'><strong>sarriti-</strong></span> 
     </span>
    </p>
   </div>
   <div class='ocr_carea' id='block_1_86' title="bbox 1961 4873 3562 4945">
    <p class='ocr_par' dir='ltr' id='par_1_86' title="bbox 1961 4873 3562 4945">
     <span class='ocr_line' id='line_1_87' title="bbox 1961 4873 3562 4945; baseline -0.002 -12"><span class='ocrx_word' id='word_1_625' title='bbox 1961 4878 2066 4942; x_wconf 83' lang='lat' dir='ltr'><strong>cia,</strong></span> <span class='ocrx_word' id='word_1_626' title='bbox 2107 4875 2154 4930; x_wconf 90' lang='lat' dir='ltr'><strong>si</strong></span> <span class='ocrx_word' id='word_1_627' title='bbox 2194 4876 2330 4932; x_wconf 87' lang='lat' dir='ltr'><strong>facta</strong></span> <span class='ocrx_word' id='word_1_628' title='bbox 2379 4873 2598 4938; x_wconf 87' lang='lat' dir='ltr'><strong>fuerint.</strong></span> <span class='ocrx_word' id='word_1_629' title='bbox 2642 4877 2952 4945; x_wconf 88' lang='lat' dir='ltr'><strong>puniuntur.</strong></span> <span class='ocrx_word' id='word_1_630' title='bbox 2988 4877 3140 4932; x_wconf 89' lang='lat' dir='ltr'><strong>Sient</strong></span> <span class='ocrx_word' id='word_1_631' title='bbox 3179 4878 3324 4933; x_wconf 88' lang='lat' dir='ltr'><strong>enim</strong></span> <span class='ocrx_word' id='word_1_632' title='bbox 3365 4877 3562 4930; x_wconf 88' lang='lat' dir='ltr'><strong>dicitur</strong></span> 
     </span>
    </p>
   </div>
   <div class='ocr_carea' id='block_1_87' title="bbox 1964 4969 3563 5040">
    <p class='ocr_par' dir='ltr' id='par_1_87' title="bbox 1964 4969 3563 5040">
     <span class='ocr_line' id='line_1_88' title="bbox 1964 4969 3563 5040; baseline -0.002 -13"><span class='ocrx_word' id='word_1_633' title='bbox 1964 4989 2069 5028; x_wconf 88' lang='lat' dir='ltr'><strong>non</strong></span> <span class='ocrx_word' id='word_1_634' title='bbox 2117 4987 2180 5026; x_wconf 90' lang='lat' dir='ltr'><strong>ea</strong></span> <span class='ocrx_word' id='word_1_635' title='bbox 2232 4971 2346 5026; x_wconf 88' lang='lat' dir='ltr'><strong>fieri</strong></span> <span class='ocrx_word' id='word_1_636' title='bbox 2388 4972 2644 5040; x_wconf 89' lang='lat' dir='ltr'><strong>potuisse,</strong></span> <span class='ocrx_word' id='word_1_637' title='bbox 2681 4971 2784 5025; x_wconf 87' lang='lat' dir='ltr'><strong>nisi</strong></span> <span class='ocrx_word' id='word_1_638' title='bbox 2826 4971 2936 5026; x_wconf 89' lang='lat' dir='ltr'><strong>Deo</strong></span> <span class='ocrx_word' id='word_1_639' title='bbox 2979 4970 3411 5039; x_wconf 86' lang='lat' dir='ltr'><strong>placuissent,et</strong></span> <span class='ocrx_word' id='word_1_640' title='bbox 3440 4969 3563 5025; x_wconf 86' lang='lat' dir='ltr'><strong>ideo</strong></span> 
     </span>
    </p>
   </div>
   <div class='ocr_carea' id='block_1_88' title="bbox 1964 5064 3557 5135">
    <p class='ocr_par' dir='ltr' id='par_1_88' title="bbox 1964 5064 3557 5135">
     <span class='ocr_line' id='line_1_89' title="bbox 1964 5064 3557 5135; baseline -0.001 -13"><span class='ocrx_word' id='word_1_641' title='bbox 1964 5067 2102 5122; x_wconf 88' lang='lat' dir='ltr'><strong>bona</strong></span> <span class='ocrx_word' id='word_1_642' title='bbox 2142 5065 2398 5134; x_wconf 86' lang='lat' dir='ltr'><strong>putanda,</strong></span> <span class='ocrx_word' id='word_1_643' title='bbox 2428 5068 2681 5135; x_wconf 85' lang='lat' dir='ltr'><strong>quoniam</strong></span> <span class='ocrx_word' id='word_1_644' title='bbox 2710 5064 2857 5132; x_wconf 82' lang='lat' dir='ltr'><strong>justo</strong></span> <span class='ocrx_word' id='word_1_645' title='bbox 2885 5064 3130 5134; x_wconf 83' lang='lat' dir='ltr'><strong>placent;</strong></span> <span class='ocrx_word' id='word_1_646' title='bbox 3159 5064 3230 5119; x_wconf 84' lang='lat' dir='ltr'><strong>ita</strong></span> <span class='ocrx_word' id='word_1_647' title='bbox 3259 5064 3362 5119; x_wconf 90' lang='lat' dir='ltr'><strong>dici</strong></span> <span class='ocrx_word' id='word_1_648' title='bbox 3384 5074 3557 5135; x_wconf 85' lang='lat' dir='ltr'><strong>potest</strong></span> 
     </span>
    </p>
   </div>
   <div class='ocr_carea' id='block_1_89' title="bbox 1965 5156 3556 5226">
    <p class='ocr_par' dir='ltr' id='par_1_89' title="bbox 1965 5156 3556 5226">
     <span class='ocr_line' id='line_1_90' title="bbox 1965 5156 3556 5226; baseline -0.001 -13"><span class='ocrx_word' id='word_1_649' title='bbox 1965 5174 2072 5214; x_wconf 88' lang='lat' dir='ltr'><strong>non</strong></span> <span class='ocrx_word' id='word_1_650' title='bbox 2097 5174 2160 5212; x_wconf 84' lang='lat' dir='ltr'><strong>ea</strong></span> <span class='ocrx_word' id='word_1_651' title='bbox 2187 5157 2477 5226; x_wconf 81' lang='lat' dir='ltr'><strong>prohiberi,</strong></span> <span class='ocrx_word' id='word_1_652' title='bbox 2498 5158 2688 5222; x_wconf 88' lang='lat' dir='ltr'><strong>everti,</strong></span> <span class='ocrx_word' id='word_1_653' title='bbox 2711 5156 2886 5224; x_wconf 86' lang='lat' dir='ltr'><strong>puniri</strong></span> <span class='ocrx_word' id='word_1_654' title='bbox 2916 5157 3170 5225; x_wconf 77' lang='lat' dir='ltr'><strong>potuisse,</strong></span> <span class='ocrx_word' id='word_1_655' title='bbox 3198 5157 3298 5210; x_wconf 88' lang='lat' dir='ltr'><strong>nisi</strong></span> <span class='ocrx_word' id='word_1_656' title='bbox 3321 5157 3430 5212; x_wconf 90' lang='lat' dir='ltr'><strong>Deo</strong></span> <span class='ocrx_word' id='word_1_657' title='bbox 3453 5158 3556 5212; x_wconf 86' lang='lat' dir='ltr'><strong>dis-</strong></span> 
     </span>
    </p>
   </div>
   <div class='ocr_carea' id='block_1_90' title="bbox 1969 5246 3557 5319">
    <p class='ocr_par' dir='ltr' id='par_1_90' title="bbox 1969 5246 3557 5319">
     <span class='ocr_line' id='line_1_91' title="bbox 1969 5246 3557 5319; baseline 0.001 -16"><span class='ocrx_word' id='word_1_658' title='bbox 1969 5251 2228 5319; x_wconf 85' lang='lat' dir='ltr'><strong>plicerent</strong></span> <span class='ocrx_word' id='word_1_659' title='bbox 2257 5268 2269 5301; x_wconf 91' lang='lat'><strong>:</strong></span> <span class='ocrx_word' id='word_1_660' title='bbox 2302 5264 2366 5304; x_wconf 91' lang='lat' dir='ltr'><strong>ac</strong></span> <span class='ocrx_word' id='word_1_661' title='bbox 2394 5264 2489 5319; x_wconf 90' lang='lat' dir='ltr'><strong>per</strong></span> <span class='ocrx_word' id='word_1_662' title='bbox 2516 5248 2618 5304; x_wconf 89' lang='lat' dir='ltr'><strong>hoc</strong></span> <span class='ocrx_word' id='word_1_663' title='bbox 2644 5249 2689 5304; x_wconf 89' lang='lat' dir='ltr'><strong>si</strong></span> <span class='ocrx_word' id='word_1_664' title='bbox 2713 5257 2838 5304; x_wconf 90' lang='lat' dir='ltr'><strong>tunc</strong></span> <span class='ocrx_word' id='word_1_665' title='bbox 2865 5246 2986 5302; x_wconf 88' lang='lat' dir='ltr'><strong>ideo</strong></span> <span class='ocrx_word' id='word_1_666' title='bbox 3013 5255 3158 5303; x_wconf 87' lang='lat' dir='ltr'><strong>recte</strong></span> <span class='ocrx_word' id='word_1_667' title='bbox 3185 5246 3405 5316; x_wconf 76' lang='lat' dir='ltr'><strong>ﬁebant,</strong></span> <span class='ocrx_word' id='word_1_668' title='bbox 3435 5250 3557 5318; x_wconf 75' lang='lat' dir='ltr'><strong>quia</strong></span> 
     </span>
    </p>
   </div>
   <div class='ocr_carea' id='block_1_91' title="bbox 1449 5358 2376 5400">
    <p class='ocr_par' dir='ltr' id='par_1_91' title="bbox 1449 5358 2376 5400">
     <span class='ocr_line' id='line_1_92' title="bbox 1449 5358 2376 5400; baseline -0.004 0"><span class='ocrx_word' id='word_1_669' title='bbox 1449 5359 1736 5400; x_wconf 70' lang='grc' dir='ltr'><strong>ΔΒΜΟΝΙΤΙΟ</strong></span> <span class='ocrx_word' id='word_1_670' title='bbox 1772 5361 1853 5400; x_wconf 80' lang='lat' dir='ltr'><strong>PP.</strong></span> <span class='ocrx_word' id='word_1_671' title='bbox 1895 5358 2376 5399; x_wconf 61' lang='lat' dir='ltr'><strong>BENEDIC&#39;I&#39;IMDBUI.</strong></span> 
     </span>
    </p>
   </div>
   <div class='ocr_carea' id='block_1_92' title="bbox 321 5430 3558 5501">
    <p class='ocr_par' dir='ltr' id='par_1_92' title="bbox 321 5430 3558 5501">
     <span class='ocr_line' id='line_1_93' title="bbox 321 5430 3558 5501; baseline -0.003 -7"><span class='ocrx_word' id='word_1_672' title='bbox 321 5445 468 5494; x_wconf 83' lang='lat' dir='ltr'><strong>Liber</strong></span> <span class='ocrx_word' id='word_1_673' title='bbox 489 5443 555 5492; x_wconf 88' lang='lat' dir='ltr'><strong>de</strong></span> <span class='ocrx_word' id='word_1_674' title='bbox 573 5442 874 5492; x_wconf 85' lang='lat' dir='ltr'><strong>Divinatione</strong></span> <span class='ocrx_word' id='word_1_675' title='bbox 890 5449 1169 5490; x_wconf 77' lang='lat' dir='ltr'><strong>Dtemonum</strong></span> <span class='ocrx_word' id='word_1_676' title='bbox 1189 5439 1472 5501; x_wconf 79' lang='lat' dir='ltr'><strong>reeognitus</strong></span> <span class='ocrx_word' id='word_1_677' title='bbox 1496 5444 1571 5488; x_wconf 88' lang='lat' dir='ltr'><strong>est</strong></span> <span class='ocrx_word' id='word_1_678' title='bbox 1594 5439 1652 5487; x_wconf 88' lang='lat' dir='ltr'><strong>ad</strong></span> <span class='ocrx_word' id='word_1_679' title='bbox 1680 5437 1976 5499; x_wconf 69' lang='lat' dir='ltr'><strong>exenqlaria</strong></span> <span class='ocrx_word' id='word_1_680' title='bbox 2001 5436 2352 5501; x_wconf 78' lang='lat' dir='ltr'><strong>Vaticanatria,</strong></span> <span class='ocrx_word' id='word_1_681' title='bbox 2393 5442 2444 5483; x_wconf 91' lang='lat' dir='ltr'><strong>et</strong></span> <span class='ocrx_word' id='word_1_682' title='bbox 2465 5433 2536 5501; x_wconf 32' lang='lat' dir='ltr'><strong>ad.</strong></span> <span class='ocrx_word' id='word_1_683' title='bbox 2546 5430 2780 5501; x_wconf 79' lang='lat' dir='ltr'><strong>Gallicana</strong></span> <span class='ocrx_word' id='word_1_684' title='bbox 2808 5438 3019 5501; x_wconf 78' lang='lat' dir='ltr'><strong>septem,</strong></span> <span class='ocrx_word' id='word_1_685' title='bbox 3042 5430 3142 5482; x_wconf 89' lang='lat' dir='ltr'><strong>duo</strong></span> <span class='ocrx_word' id='word_1_686' title='bbox 3177 5430 3366 5501; x_wconf 70' lang='lat' dir='ltr'><strong>scilicet</strong></span> <span class='ocrx_word' id='word_1_687' title='bbox 3401 5433 3558 5501; x_wconf 46' lang='lat' dir='ltr'><strong>Doni:</strong></span> 
     </span>
    </p>
   </div>
   <div class='ocr_carea' id='block_1_93' title="bbox 263 5492 3559 5564">
    <p class='ocr_par' dir='ltr' id='par_1_93' title="bbox 263 5492 3559 5564">
     <span class='ocr_line' id='line_1_94' title="bbox 263 5492 3559 5564; baseline -0.003 -9"><span class='ocrx_word' id='word_1_688' title='bbox 263 5492 545 5555; x_wconf 19' lang='lat' dir='ltr'><strong>niti-auorum</strong></span> <span class='ocrx_word' id='word_1_689' title='bbox 571 5505 910 5552; x_wconf 81' lang='lat' dir='ltr'><strong>Parisiensium</strong></span> <span class='ocrx_word' id='word_1_690' title='bbox 934 5505 1008 5552; x_wconf 89' lang='lat' dir='ltr'><strong>via</strong></span> <span class='ocrx_word' id='word_1_691' title='bbox 1029 5503 1250 5564; x_wconf 63' lang='lat' dir='ltr'><strong>iaculi-ea,</strong></span> <span class='ocrx_word' id='word_1_692' title='bbox 1275 5492 1504 5564; x_wconf 67' lang='lat' dir='ltr'><strong>Navarrici</strong></span> <span class='ocrx_word' id='word_1_693' title='bbox 1530 5503 1760 5564; x_wconf 76' lang='lat' dir='ltr'><strong>gymnasii</strong></span> <span class='ocrx_word' id='word_1_694' title='bbox 1788 5492 1952 5556; x_wconf 63' lang='lat' dir='ltr'><strong>imam),</strong></span> <span class='ocrx_word' id='word_1_695' title='bbox 1978 5501 2094 5548; x_wconf 78' lang='lat' dir='ltr'><strong>item</strong></span> <span class='ocrx_word' id='word_1_696' title='bbox 2123 5492 2701 5560; x_wconf 65' lang='lat' dir='ltr'><strong>aegida),tteinigiauutn,</strong></span> <span class='ocrx_word' id='word_1_697' title='bbox 2720 5492 3070 5554; x_wconf 77' lang='lat' dir='ltr'><strong>Michaeliuum,</strong></span> <span class='ocrx_word' id='word_1_698' title='bbox 3090 5501 3142 5545; x_wconf 91' lang='lat' dir='ltr'><strong>et</strong></span> <span class='ocrx_word' id='word_1_699' title='bbox 3155 5493 3483 5558; x_wconf 84' lang='lat' dir='ltr'><strong>Floriaeense;</strong></span> <span class='ocrx_word' id='word_1_700' title='bbox 3499 5495 3559 5546; x_wconf 82' lang='lat' dir='ltr'><strong>ad</strong></span> 
     </span>
    </p>
   </div>
   <div class='ocr_carea' id='block_1_94' title="bbox 263 5563 2406 5628">
    <p class='ocr_par' dir='ltr' id='par_1_94' title="bbox 263 5563 2406 5628">
     <span class='ocr_line' id='line_1_95' title="bbox 263 5563 2406 5628; baseline -0.004 -14"><span class='ocrx_word' id='word_1_701' title='bbox 263 5567 509 5619; x_wconf 82' lang='lat' dir='ltr'><strong>lectiones</strong></span> <span class='ocrx_word' id='word_1_702' title='bbox 533 5568 779 5616; x_wconf 85' lang='lat' dir='ltr'><strong>variantes</strong></span> <span class='ocrx_word' id='word_1_703' title='bbox 801 5567 946 5615; x_wconf 88' lang='lat' dir='ltr'><strong>trium</strong></span> <span class='ocrx_word' id='word_1_704' title='bbox 970 5563 1269 5628; x_wconf 73' lang='lat' dir='ltr'><strong>Bclgicorum</strong></span> <span class='ocrx_word' id='word_1_705' title='bbox 1293 5563 1415 5627; x_wconf 85' lang='lat' dir='ltr'><strong>apud</strong></span> <span class='ocrx_word' id='word_1_706' title='bbox 1440 5571 1548 5613; x_wconf 82' lang='lat' dir='ltr'><strong>Lov.</strong></span> <span class='ocrx_word' id='word_1_707' title='bbox 1567 5563 1621 5612; x_wconf 77' lang='lat' dir='ltr'><strong>et</strong></span> <span class='ocrx_word' id='word_1_708' title='bbox 1651 5565 1708 5612; x_wconf 91' lang='lat' dir='ltr'><strong>ad</strong></span> <span class='ocrx_word' id='word_1_709' title='bbox 1735 5565 1978 5611; x_wconf 79' lang='lat' dir='ltr'><strong>editiones</strong></span> <span class='ocrx_word' id='word_1_710' title='bbox 2001 5570 2100 5610; x_wconf 77' lang='lat' dir='ltr'><strong>Atti.</strong></span> <span class='ocrx_word' id='word_1_711' title='bbox 2129 5568 2199 5608; x_wconf 78' lang='lat' dir='ltr'><strong>Er.</strong></span> <span class='ocrx_word' id='word_1_712' title='bbox 2229 5566 2280 5608; x_wconf 89' lang='lat' dir='ltr'><strong>et</strong></span> <span class='ocrx_word' id='word_1_713' title='bbox 2299 5567 2406 5607; x_wconf 81' lang='lat' dir='ltr'><strong>Lov.</strong></span> 
     </span>
    </p>
   </div>
   <div class='ocr_carea' id='block_1_95' title="bbox 343 5641 3476 5738">
    <p class='ocr_par' dir='ltr' id='par_1_95' title="bbox 343 5641 3476 5738">
     <span class='ocr_line' id='line_1_96' title="bbox 343 5641 3476 5738; baseline -0.007 -17"><span class='ocrx_word' id='word_1_714' title='bbox 343 5655 865 5738; x_wconf 65' lang='lat' dir='ltr'><strong>Comparaet&#39;mus</strong></span> <span class='ocrx_word' id='word_1_715' title='bbox 893 5662 1196 5734; x_wconf 70' lang='lat' dir='ltr'><strong>praterea</strong></span> <span class='ocrx_word' id='word_1_716' title='bbox 1225 5672 1322 5713; x_wconf 81' lang='lat' dir='ltr'><strong>eas</strong></span> <span class='ocrx_word' id='word_1_717' title='bbox 1355 5669 1558 5713; x_wconf 80' lang='lat' dir='ltr'><strong>omnes</strong></span> <span class='ocrx_word' id='word_1_718' title='bbox 1585 5650 1883 5711; x_wconf 76' lang='lat' dir='ltr'><strong>editiones</strong></span> <span class='ocrx_word' id='word_1_719' title='bbox 1910 5647 2097 5709; x_wconf 77' lang='lat' dir='ltr'><strong>initio</strong></span> <span class='ocrx_word' id='word_1_720' title='bbox 2130 5647 2300 5707; x_wconf 81' lang='lat' dir='ltr'><strong>Retr.</strong></span> <span class='ocrx_word' id='word_1_721' title='bbox 2332 5652 2388 5703; x_wconf 80' lang='lat' dir='ltr'><strong>et</strong></span> <span class='ocrx_word' id='word_1_722' title='bbox 2411 5641 2695 5704; x_wconf 87' lang='lat' dir='ltr'><strong>Confess.</strong></span> <span class='ocrx_word' id='word_1_723' title='bbox 2737 5645 2782 5702; x_wconf 79' lang='grc' dir='ltr'><strong>ι.</strong></span> <span class='ocrx_word' id='word_1_724' title='bbox 2817 5642 2875 5718; x_wconf 77' lang='grc'><strong>1,</strong></span> <span class='ocrx_word' id='word_1_725' title='bbox 2914 5651 3302 5717; x_wconf 71' lang='lat' dir='ltr'><strong>memoratas,</strong></span> <span class='ocrx_word' id='word_1_726' title='bbox 3387 5643 3476 5708; x_wconf 70' lang='grc' dir='ltr'><strong>Μ.</strong></span> 
     </span>
    </p>
   </div>
   <div class='ocr_carea' id='block_1_96' title="bbox 327 5753 1320 5821">
    <p class='ocr_par' dir='ltr' id='par_1_96' title="bbox 327 5753 1320 5821">
     <span class='ocr_line' id='line_1_97' title="bbox 327 5753 1320 5821; baseline -0.006 -13"><span class='ocrx_word' id='word_1_727' title='bbox 327 5759 403 5821; x_wconf 82' lang='grc' dir='ltr'><strong>(α)</strong></span> <span class='ocrx_word' id='word_1_728' title='bbox 428 5759 646 5821; x_wconf 83' lang='lat' dir='ltr'><strong>scriptus</strong></span> <span class='ocrx_word' id='word_1_729' title='bbox 665 5758 799 5807; x_wconf 86' lang='lat' dir='ltr'><strong>inter</strong></span> <span class='ocrx_word' id='word_1_730' title='bbox 820 5767 998 5806; x_wconf 88' lang='lat' dir='ltr'><strong>annum</strong></span> <span class='ocrx_word' id='word_1_731' title='bbox 1021 5753 1114 5821; x_wconf 72' lang='grc'><strong>406</strong></span> <span class='ocrx_word' id='word_1_732' title='bbox 1139 5759 1190 5805; x_wconf 89' lang='lat' dir='ltr'><strong>et</strong></span> <span class='ocrx_word' id='word_1_733' title='bbox 1212 5754 1264 5803; x_wconf 67' lang='lat' dir='ltr'><strong>tl</strong></span> <span class='ocrx_word' id='word_1_734' title='bbox 1281 5755 1320 5821; x_wconf 10' lang='lat' dir='ltr'><strong>li.</strong></span> 
     </span>
    </p>
   </div>
   <div class='ocr_carea' id='block_1_97' title="bbox 328 5808 3194 5884">
    <p class='ocr_par' dir='ltr' id='par_1_97' title="bbox 328 5808 3194 5884">
     <span class='ocr_line' id='line_1_98' title="bbox 328 5808 3194 5884; baseline -0.002 -21"><span class='ocrx_word' id='word_1_735' title='bbox 328 5808 405 5884; x_wconf 53' lang='lat' dir='ltr'><strong>ibi</strong></span> <span class='ocrx_word' id='word_1_736' title='bbox 428 5808 633 5871; x_wconf 52' lang='lat' dir='ltr'><strong>acuis-as</strong></span> <span class='ocrx_word' id='word_1_737' title='bbox 653 5822 994 5884; x_wconf 52' lang='lat' dir='ltr'><strong>baptizatur-tim</strong></span> <span class='ocrx_word' id='word_1_738' title='bbox 1009 5819 1277 5884; x_wconf 47' lang='lat' dir='ltr'><strong>sutrinum</strong></span> <span class='ocrx_word' id='word_1_739' title='bbox 1303 5820 1347 5884; x_wconf 65' lang='lat' dir='ltr'><strong>in</strong></span> <span class='ocrx_word' id='word_1_740' title='bbox 1387 5815 1616 5884; x_wconf 50' lang='lat' dir='ltr'><strong>nasi-hate</strong></span> <span class='ocrx_word' id='word_1_741' title='bbox 1631 5814 1736 5884; x_wconf 74' lang='lat' dir='ltr'><strong>aliis</strong></span> <span class='ocrx_word' id='word_1_742' title='bbox 1753 5810 2142 5884; x_wconf 26' lang='lat' dir='ltr'><strong>nirmoratgl‘ocis.</strong></span> <span class='ocrx_word' id='word_1_743' title='bbox 2167 5811 2284 5861; x_wconf 70' lang='lat' dir='ltr'><strong>Vide</strong></span> <span class='ocrx_word' id='word_1_744' title='bbox 2305 5816 2468 5860; x_wconf 80' lang='lat' dir='ltr'><strong>notam</strong></span> <span class='ocrx_word' id='word_1_745' title='bbox 2490 5808 2548 5859; x_wconf 79' lang='lat' dir='ltr'><strong>ad</strong></span> <span class='ocrx_word' id='word_1_746' title='bbox 2571 5815 2850 5862; x_wconf 82' lang='lat' dir='ltr'><strong>sermonem</strong></span> <span class='ocrx_word' id='word_1_747' title='bbox 2873 5809 2980 5874; x_wconf 63' lang='grc'><strong>299,</strong></span> <span class='ocrx_word' id='word_1_748' title='bbox 3001 5815 3120 5863; x_wconf 73' lang='lat' dir='ltr'><strong>tom.</strong></span> <span class='ocrx_word' id='word_1_749' title='bbox 3142 5810 3194 5862; x_wconf 64' lang='grc' dir='ltr'><strong>ὅ.</strong></span> 
     </span>
    </p>
   </div>
   <div class='ocr_carea' id='block_1_98' title="bbox 337 5877 2051 5940">
    <p class='ocr_par' dir='ltr' id='par_1_98' title="bbox 337 5877 2051 5940">
     <span class='ocr_line' id='line_1_99' title="bbox 337 5877 2051 5940; baseline -0.011 -4"><span class='ocrx_word' id='word_1_750' title='bbox 337 5877 354 5917; x_wconf 68' lang='grc' dir='ltr'><strong>ί</strong></span> <span class='ocrx_word' id='word_1_751' title='bbox 491 5890 600 5933; x_wconf 78' lang='lat' dir='ltr'><strong>lss.</strong></span> <span class='ocrx_word' id='word_1_752' title='bbox 629 5890 684 5933; x_wconf 75' lang='lat' dir='ltr'><strong>At</strong></span> <span class='ocrx_word' id='word_1_753' title='bbox 707 5877 846 5940; x_wconf 74' lang='lat' dir='ltr'><strong>editi,</strong></span> <span class='ocrx_word' id='word_1_754' title='bbox 868 5881 1156 5931; x_wconf 76' lang='lat' dir='ltr'><strong>eversionem</strong></span> <span class='ocrx_word' id='word_1_755' title='bbox 1181 5879 1346 5938; x_wconf 76' lang='lat' dir='ltr'><strong>templi</strong></span> <span class='ocrx_word' id='word_1_756' title='bbox 1368 5877 1641 5930; x_wconf 71' lang='lat' dir='ltr'><strong>tinnitucris</strong></span> <span class='ocrx_word' id='word_1_757' title='bbox 1661 5877 1758 5928; x_wconf 76' lang='lat' dir='ltr'><strong>suis</strong></span> <span class='ocrx_word' id='word_1_758' title='bbox 1790 5877 2051 5926; x_wconf 68' lang='lat' dir='ltr'><strong>imminere-</strong></span> 
     </span>
    </p>
   </div>
  </div>
