4102 6336
582 371 689 429 185

575 489 721 562 justo
749 488 856 541 Deo
885 484 1096 554 placere
1123 482 1248 537 hinc
1288 479 1727 544 ostendebantur,
1770 477 1910 547 quod
1959 477 2024 530 ab
2077 475 2166 528 illo

581 580 693 633 ﬁeri
732 578 1072 639 sinebantur;
1107 573 1226 628 ideo
1267 588 1408 626 nunc
1456 572 1634 640 inique
1688 568 1836 634 ﬁunt,
1891 569 2014 638 quia
2057 567 2166 621 Deo

578 672 862 740 displicere
910 669 1036 723 hinc
1071 666 1443 731 ostenduntur,
1493 663 1635 734 quod
1675 679 1737 718 ea
1781 663 1864 718 vel
1902 662 2054 732 jubet
2078 661 2165 717 vel

579 762 835 832 permittit
863 760 1051 815 everti.

653 851 876 908 CAPUT
915 851 978 906 ll.
1006 851 1141 906 -4.
1176 849 1446 918 Sacriﬁcia
1473 845 2052 918 Paganorumnonideo
2067 861 2163 913 pu-

580 945 735 998 tanda
765 945 916 1008 bona,
948 945 1067 1012 quia
1092 959 1152 997 ea
1179 943 1290 1012 fieri
1320 941 1457 995 Deus
1484 958 1583 994 non
1600 939 1872 1010 impedivit.
1908 937 2165 991 Permissa

580 1053 684 1090 esse
704 1037 765 1089 ab
787 1037 1141 1105 ormaipotente,
1171 1051 1283 1106 quae
1303 1036 1364 1088 ab
1389 1035 1560 1088 eodem
1577 1035 1721 1104 justo
1743 1032 2162 1101 improbarentur.

582 1126 920 1196 Pontiﬁcaies
942 1126 1057 1180 libri
1076 1142 1338 1180 sacrorum
1369 1129 1723 1195 profanorum.
1761 1122 1898 1190 Quid
1927 1124 2166 1176 hactenus

578 1228 910 1288 contpertum,
945 1217 1067 1287 quid
1096 1217 1418 1271 tractandum
1452 1215 1706 1286 deinceps.
1735 1216 1929 1270 Contra
1959 1215 2059 1268 hoc
2087 1213 2168 1268 di-

578 1317 722 1361 ctum
753 1317 854 1371 est,
889 1308 1077 1376 injusta
1105 1307 1318 1378 quidem
1360 1321 1478 1362 esse
1521 1322 1666 1361 nunc
1702 1308 1820 1369 ista,
1851 1320 1956 1360 non
1986 1313 2164 1359 tamen

581 1400 749 1464 mala;
773 1410 826 1454 et
848 1399 970 1453 ideo
993 1398 1212 1468 injusta,
1237 1399 1358 1468 quia
1387 1405 1572 1453 contra
1601 1400 1745 1469 leges
1771 1399 1961 1468 quibus
1986 1398 2167 1469 prohi-

579 1493 772 1549 bentur
801 1494 966 1559 ﬁunt;
997 1493 1116 1547 ideo
1141 1506 1316 1547 autem
1357 1508 1462 1548 non
1513 1494 1671 1559 mala,
1705 1493 1824 1562 quia
1851 1494 1895 1546 si
1916 1493 2051 1546 mala
2081 1507 2166 1546 es-

579 1595 717 1650 sent,
747 1600 1015 1654 nunquam
1049 1585 1157 1639 Deo
1186 1585 1369 1655 utique
1398 1585 1749 1654 placuissent:
1772 1599 1931 1653 porro
1955 1583 1995 1638 si
2026 1599 2164 1637 lllllt-

579 1692 736 1746 quam
769 1677 1114 1746 placuissent,
1143 1694 1412 1746 nunquam
1439 1688 1492 1732 et
1532 1677 1670 1731 facta
1712 1685 1914 1742 essent,
1939 1675 2032 1730 illo
2058 1691 2162 1730 non

579 1769 788 1823 sinente
816 1770 905 1838 qui
932 1769 1108 1823 omnia
1133 1778 1329 1839 potest,
1361 1778 1415 1824 et
1434 1771 1522 1838 qui
1556 1769 1676 1822 talia
1711 1783 1814 1822 non
1845 1776 2161 1823 contemne-

577 1869 692 1924 ret;
721 1860 934 1929 quando
958 1870 1063 1914 tam
1090 1876 1279 1929 magna
1307 1869 1450 1922 sunt,
1471 1869 1728 1914 utcontra
1755 1859 1920 1928 ipsam
1948 1858 2163 1928 religio-

577 1965 697 2005 nem
745 1966 846 2020 qua
899 1952 1038 2006 Deus
1077 1952 1270 2006 colitur
1319 1953 1526 2018 ﬁerent,
1559 1953 1603 2007 si
1646 1952 1784 2005 male
1828 1953 2037 2006 ﬁerent.
2069 1951 2164 2006 llic

576 2055 709 2110 ego:
733 2041 788 2096 Si
820 2050 1123 2111 propterea,
1157 2043 1393 2111 inquam,
1423 2043 1558 2097 mala
1586 2058 1692 2096 non
1724 2051 1867 2106 sunt,
1896 2043 2016 2112 quia
2051 2043 2163 2098 Deo

579 2135 789 2205 placere
840 2136 964 2190 hinc
1003 2136 1316 2206 probantur,
1346 2137 1486 2206 quod
1515 2151 1578 2191 ea
1611 2137 1725 2190 ﬁeri
1753 2137 1882 2190 sinit
1916 2136 2160 2205 onu'iipo-

578 2238 729 2294 tens;
757 2230 1026 2299 quomodo
1052 2229 1154 2284 erit
1199 2230 1394 2283 bomuu
1431 2230 1571 2299 quod
1601 2231 1713 2284 ﬁcri
1743 2229 2091 2299 prohibentur
2110 2238 2165 2284 et

575 2320 926 2374 evertuntur?
950 2321 1004 2375 Si
1034 2329 1212 2374 autem
1256 2321 1452 2375 bonum
1486 2335 1590 2374 non
1632 2331 1714 2374 est
1737 2320 1879 2390 quod
1908 2329 2161 2375 evertun-

577 2419 662 2465 tur
687 2427 804 2480 quae
845 2411 954 2466 Deo
986 2411 1217 2481 placent,
1253 2411 1353 2464 hoc
1383 2411 1495 2464 ﬁcri
1530 2426 1633 2493 non
1676 2412 1875 2464 sineret
1915 2412 2161 2481 omnipo-

576 2509 728 2567 tens;
753 2503 872 2571 quia
912 2512 966 2556 et
1014 2503 1112 2556 hoc
1147 2512 1330 2556 contra
1377 2502 1686 2571 religionem
1733 2502 1791 2554 ﬁt
1833 2517 1935 2571 qua
1971 2503 2163 2557 colitur

575 2593 738 2659 Deus,
765 2595 806 2648 si
833 2610 894 2648 ea
913 2609 1030 2663 quae
1052 2594 1162 2650 Deo
1187 2593 1395 2663 placent
1413 2595 1481 2648 ab
1502 2594 1806 2648 hominibus
1827 2605 2158 2650 evertuntur.

576 2684 632 2739 Si
666 2695 840 2740 autem
869 2684 970 2739 hoc
998 2697 1054 2739 ut
1088 2685 1226 2740 male
1255 2685 1345 2740 ﬁat
1377 2686 1636 2755 permittit
1663 2687 2022 2755 onmipotcns,
2055 2705 2160 2743 non

575 2775 696 2830 ideo
733 2776 962 2845 putanda
1007 2785 1132 2831 sunt
1175 2777 1264 2832 illa
1304 2777 1444 2832 bona
1481 2777 1623 2849 quod
1667 2794 1729 2834 ea
1776 2779 1893 2834 ﬁeri
1922 2781 2162 2849 permisit

574 2866 932 2936 omnipotens.

643 2959 696 3014 5.
729 2959 934 3015 Dictum
955 2968 1139 3014 contra
1168 2969 1270 3027 est,
1294 2963 1696 3017 concedendmn
1727 2979 1848 3020 esse
1889 2981 2031 3021 nunc
2061 2967 2159 3021 ista

572 3060 722 3105 recte
753 3065 857 3104 non
889 3051 1024 3116 ﬁeri,
1054 3051 1162 3106 imo
1192 3051 1311 3105 ideo
1342 3067 1559 3120 prorsus
1584 3054 1692 3123 jam
1723 3071 1828 3109 non
1859 3056 1992 3123 ﬁeri,
2018 3057 2160 3128 quod

572 3142 924 3211 omnipotenti
971 3157 1112 3196 nunc
1149 3142 1464 3211 displicent;
1499 3157 1868 3201 verumtamen
1901 3148 2160 3216 placuisse

571 3248 691 3287 cum
727 3234 949 3286 ﬁerent:
978 3248 1076 3287 nos
1105 3234 1252 3289 enim
1285 3237 1492 3291 nescire
1523 3237 1662 3292 unde
1690 3248 1811 3292 tunc
1842 3241 2154 3309 placuerint,

572 3340 715 3378 nunc
735 3334 912 3377 autem
945 3325 1085 3379 unde
1106 3324 1454 3396 displiceant;
1489 3328 1615 3381 dum
1647 3339 1821 3384 tamen
1841 3342 2046 3387 certum
2065 3335 2154 3400 sit,

571 3432 672 3471 nec
701 3427 824 3471 tunc
855 3417 968 3471 ﬁeri
1017 3418 1253 3488 potuisse
1296 3421 1395 3476 nisi
1428 3423 1752 3491 placuissent
1782 3427 2154 3495 omnipotenti,

572 3526 672 3565 nec
700 3526 839 3565 nunc
865 3526 1106 3566 cessasse
1129 3513 1228 3566 nisi
1260 3513 1654 3582 displicuissent
1682 3518 2051 3585 omnipotenti.
2076 3519 2157 3574 Ad

571 3600 672 3656 hoc
699 3619 797 3672 ego
823 3623 832 3654 :
858 3603 964 3657 Cur
1003 3618 1152 3672 ergo,
1184 3605 1420 3672 inquam,
1465 3616 1518 3660 et
1563 3623 1702 3660 nunc
1754 3609 1873 3661 talia
1913 3609 2157 3664 clanculo

571 3691 724 3755 ﬁunt,
765 3709 884 3761 quae
913 3693 996 3746 vel
1042 3704 1298 3763 perpetuo
1338 3696 1679 3762 delitescunt,
1712 3700 1792 3751 vel
1824 3699 2155 3768 deprehensa

571 3782 882 3850 puniuntur,
911 3783 953 3836 si
983 3784 1112 3837 nihil
1145 3785 1335 3838 horum
1367 3787 1478 3840 ﬁeri
1509 3788 1634 3840 sinit
1662 3790 2022 3858 omnipotens,
2053 3793 2156 3847 nisi

571 3874 715 3944 quod
746 3877 792 3930 ei
824 3877 970 3946 justo
1002 3877 1197 3946 placet,
1229 3894 1351 3933 cum
1389 3879 1532 3947 justo
1581 3881 1720 3950 qu'od
1771 3883 2024 3952 injustam
2074 3895 2158 3940 est

571 3967 782 4036 placere
808 3983 911 4021 non
944 3970 1140 4037 possit?
1170 3969 1368 4024 Contra
1400 3970 1498 4025 hoc
1526 3973 1724 4026 dictmn
1749 3985 1849 4038 est,
1883 3992 2023 4030 nunc
2040 3992 2157 4031 om-

569 4058 698 4112 nino
741 4057 860 4112 talia
911 4075 1020 4113 non
1064 4060 1179 4114 ﬁeri
1226 4077 1239 4111 :
1281 4062 1442 4115 Sacra
1484 4063 1625 4116 enim
1679 4063 1787 4128 illa,
1830 4065 2018 4135 inquit,
2050 4084 2154 4123 non

569 4147 732 4214 ﬁunt,
761 4163 880 4217 quae
925 4149 1318 4217 pontiﬁcalibus
1361 4153 1662 4221 conscripta
1712 4167 1834 4208 sunt
1879 4156 2156 4213 librisaea

570 4240 766 4310 quippe
807 4249 931 4294 tunc
969 4251 1115 4296 recte
1157 4242 1375 4307 ﬁebant,
1423 4259 1486 4296 ea
1528 4254 1650 4298 tunc
1681 4246 1788 4300 Deo
1815 4247 2027 4316 placere
2054 4249 2154 4304 de-

570 4333 1024 4399 monstrabantur,
1054 4347 1122 4388 eo
1151 4336 1266 4402 ipso
1307 4334 1448 4402 quod
1493 4335 1560 4388 ab
1589 4338 1952 4406 onmipotente
1981 4357 2042 4394 ac
2065 4341 2154 4409 ju-

570 4434 655 4482 sto
684 4427 794 4480 ﬁeri
825 4426 1136 4480 sinebantur
1173 4443 1187 4478 a
1225 4427 1269 4480 si
1309 4427 1434 4496 quid
1483 4435 1659 4484 autem
1692 4447 1830 4484 nunc
1864 4433 2156 4500 prohibito-

569 4515 689 4571 rum
739 4516 1122 4570 sacriﬁciorum
1172 4516 1229 4570 lit
1265 4519 1474 4573 occulte
1513 4529 1670 4589 atque
1715 4522 1912 4586 illicito,
1947 4536 2156 4581 nonest

571 4608 648 4663 illi
703 4608 992 4678 pontiﬁcali
1048 4608 1430 4664 sacriﬁciorum
1482 4613 1664 4682 generi
1717 4617 2151 4684 comparandum,

571 4699 665 4756 sed
693 4701 744 4754 in
772 4715 837 4754 eo
861 4698 1254 4768 deputandum,
1284 4703 1425 4771 quod
1457 4705 1616 4758 etiam
1651 4717 1910 4762 nocturno
1940 4709 1995 4762 ﬁt
2025 4719 2156 4764 tem-

571 4807 734 4863 pore;
759 4807 880 4846 cum
913 4791 1027 4846 haec
1051 4793 1228 4846 omnia
1269 4793 1452 4848 illicita
1495 4795 1626 4864 ipsis
1671 4799 2059 4866 pontiﬁcalibus
2088 4802 2151 4856 li-

569 4885 681 4941 bris
698 4894 902 4940 certum
918 4885 988 4938 sit
1011 4884 1280 4952 prohiberi
1302 4896 1459 4955 atque
1477 4887 1737 4943 danmari.
1758 4891 1854 4946 llic
1872 4893 2150 4961 respondi:

567 4975 677 5034 Cur
702 4991 831 5044 ergo
857 4974 941 5028 vel
973 4975 1096 5028 talia
1128 4976 1545 5043 permittitDeus
1565 4979 1702 5046 ﬁeri,
1732 4981 1775 5034 si
1804 4982 1934 5036 nihil
1963 4983 2154 5039 horum

569 5070 968 5123 malefactorum
1035 5067 1331 5121 contemnit
1403 5085 1520 5139 quae
1593 5083 1780 5127 contra
1843 5075 2152 5144 religionem

571 5162 731 5226 ﬁatut;
774 5177 892 5216 cum
937 5161 1234 5230 praesertim
1272 5161 1386 5215 haec
1433 5178 1555 5217 eum
1599 5180 1786 5244 curare
1831 5166 1954 5222 hinc
1993 5170 2158 5224 etiam

567 5263 823 5322 cogantur
841 5255 1137 5309 concedere
1159 5254 1246 5324 qui
1271 5256 1603 5324 pontiﬁcales
1629 5257 1793 5312 libros
1816 5261 1988 5329 magni
2018 5261 2156 5317 aesti«

568 5353 734 5405 mam,
765 5345 903 5412 quod
927 5360 987 5398 ea
1012 5361 1130 5415 quae
1149 5345 1232 5400 his
1261 5347 1408 5400 libris
1431 5347 1798 5415 prohibentur,
1825 5352 2003 5419 utique
2026 5367 2152 5420 pro-

568 5432 735 5487 hiberi
783 5427 1036 5490 divinitus
1083 5438 1367 5492 asserunt?
1409 5439 1689 5506 Quomodo
1731 5456 1858 5512 ergo
1901 5444 2153 5501 divinitus

568 5523 934 5593 prohibentur,
962 5528 1059 5582 nisi
1081 5530 1202 5597 quia
1225 5530 1507 5600 displicent
1531 5533 1659 5597 Deo,
1684 5549 1800 5604 quae
1825 5536 2005 5606 utique
2027 5553 2151 5607 pro-

568 5615 800 5670 hibendo
827 5632 934 5670 non
960 5619 1131 5673 solum
1168 5621 1270 5676 sibi
1315 5623 1622 5693 displicere,
1652 5643 1834 5680 verum
1866 5629 2024 5684 etiam
2053 5647 2150 5685 cu-

1466 363 1555 418 DE
1603 357 2036 417 DIVINATIONE
2078 355 2456 426 DIEMONUM,
2499 359 2555 415 S.
2598 360 2962 418 AUGUSTlNl

2265 472 2448 527 'tamen
2479 477 2747 544 permittat
2777 480 3136 548 omnipotens.

3742 368 3846 429 584

2344 567 2393 620 6.
2431 565 2553 620 llaec
2580 584 2698 622 cum
2731 570 2868 624 dicta
2911 581 3112 637 essent,
3142 585 3462 627 concessum
3494 582 3578 629 est
3605 590 3708 630 non
3740 576 3860 634 ideo

2271 658 2560 728 putandum
2599 662 2794 732 aliquid
2828 664 2972 731 juste
2997 679 3060 718 ac
3083 665 3218 720 bene
3243 665 3384 731 ﬁeri,
3408 665 3530 736 quia
3555 666 3658 722 hoc
3685 672 3856 726 omni-

2271 761 2480 819 potens,
2508 754 2752 823 quamvis
2779 756 2826 809 ei
2859 755 3158 826 displiceat,
3189 758 3305 812 ﬁeri
3339 769 3514 814 tamen
3545 762 3672 816 sinit
3699 764 3740 827 ¹,
3770 762 3849 818 l'a-

2270 843 2595 916 tendumque
2625 863 2744 902 esse
2775 849 2933 902 etiam
2968 851 3053 903 illa
3091 852 3227 905 mala
3271 867 3390 922 quae
3421 864 3604 907 contra
3632 857 3866 927 religiov

2269 951 2390 992 nem
2421 952 2526 1007 qua
2551 939 2744 993 colitur
2771 940 2910 995 Deus
2931 941 3082 1007 ﬁunt,
3104 952 3159 997 et
3179 943 3460 1012 displicere
3485 947 3590 999 Deo
3607 947 3774 1016 justo,
3803 960 3854 1006 et

2270 1027 2479 1082 ratione
2515 1028 2697 1097 jttdieii
2746 1030 2864 1100 ejus
2906 1033 2973 1086 ab
3013 1034 3378 1103 omnipotente
3422 1039 3654 1108 permitti
3703 1058 3716 1092 :
3761 1041 3852 1097 sed

2269 1118 2409 1172 aliud
2440 1120 2549 1187 jam
2597 1135 2716 1176 esse
2759 1125 3110 1192 tractamdum,
3161 1127 3301 1182 unde
3350 1129 3456 1182 sint
3501 1129 3853 1190 divinationes

2269 1209 2350 1262 vel
2381 1208 2705 1273 daemonum,
2735 1215 2816 1267 vel
2845 1215 3066 1283 quilibet
3095 1217 3168 1270 illi
3200 1219 3307 1272 sint
3333 1236 3466 1288 quos
3495 1220 3626 1276 deos
3657 1223 3852 1293 Pagani

2270 1303 2806 1358 vocant:videndum
2847 1307 2990 1360 enim
3034 1323 3152 1364 esse
3199 1325 3266 1364 ne
3310 1311 3463 1377 forte,
3502 1329 3607 1367 non
3638 1316 3853 1384 quidem

2269 1401 2549 1461 propterea
2597 1395 2711 1450 haec
2753 1397 2888 1451 bona
2927 1401 3158 1468 putanda
3185 1402 3312 1469 sint,
3343 1405 3464 1472 quia
3494 1421 3554 1459 ea
3588 1406 3700 1461 ﬁeri
3731 1424 3856 1477 per-

2271 1486 2430 1538 mittit
2454 1487 2824 1556 omnipotens;
2857 1491 2950 1545 sed
2977 1491 3094 1547 ideo
3124 1495 3246 1562 quia
3281 1504 3385 1548 tam
3413 1512 3602 1567 magna
3632 1511 3776 1565 sunt,
3801 1511 3857 1556 ut

2269 1591 2375 1629 non
2422 1577 2520 1632 nisi
2563 1579 2653 1633 Dei
2700 1581 2950 1648 potentiae
2987 1584 3266 1639 tribuenda
3295 1601 3414 1641 esse
3440 1589 3744 1644 videantur.
3774 1593 3855 1658 Ad

2268 1666 2371 1721 hoc
2399 1684 2483 1722 me
2513 1683 2694 1737 postea
2738 1687 3123 1741 reSponsurum
3164 1691 3283 1730 eSse
3326 1680 3854 1751 promisi,’quoniam

2269 1767 2394 1813 tunc
2416 1760 2545 1815 hora
2574 1764 2870 1830 prodeundi
2900 1766 2965 1819 ad
2996 1769 3248 1836 populum
3293 1768 3402 1838 jam
3449 1786 3548 1825 nos
3591 1775 3853 1844 urgebat:

2269 1867 2368 1906 nec
2397 1853 2599 1921 distuli,
2631 1871 2752 1910 cum
2800 1859 3028 1926 spatium
3079 1860 3260 1915 datum
3309 1871 3392 1917 est
3437 1864 3769 1935 scribendi',
3805 1879 3858 1926 et

2268 1944 2354 1998 illa
2384 1957 2648 2012 retexere,
2682 1961 2735 2003 et
2762 1950 2860 2003 ista
2890 1951 3193 2006 subtexere.

2337 2039 2564 2095 CAPUT
2605 2039 2690 2094 lll.
2713 2071 2786 2082 --
2806 2043 2857 2096 7.
2882 2042 3182 2100 Daemonum
3207 2047 3449 2103 divinatio
3466 2050 3623 2105 tribus
3647 2069 3712 2106 ea:
3731 2070 3860 2108 cau-

2265 2132 2356 2185 sis.
2387 2132 2676 2186 Acrimonia
2705 2151 2903 2200 sensus,
2931 2138 3183 2193 celeritate
3219 2150 3400 2207 motus,
3431 2154 3480 2196 et
3506 2145 3748 2201 diuturna
3776 2166 3859 2203 re.

2265 2238 2379 2274 rum
2399 2225 2703 2293 experientia
2735 2227 3053 2297 prazpollent.
3085 2228 3204 2284 Non
3222 2230 3336 2284 ideo
3365 2235 3616 2290 daemones
3642 2254 3854 2307 prce-po-

2266 2314 2456 2367 nendos
2483 2332 2588 2369 esse
2618 2317 2922 2373 hominibus.
2952 2323 3264 2376 Daemonum
3315 2339 3378 2379 ea
3428 2336 3511 2380 est
3553 2339 3766 2397 natura,
3800 2343 3861 2387 ut

2265 2408 2394 2461 aerii
2435 2411 2674 2478 corporis
2722 2426 2880 2467 sensu
2924 2422 3258 2470 terrenarum
3300 2432 3585 2488 corporum
3635 2437 3857 2479 sensum

2264 2497 2418 2553 facile
2459 2502 2793 2569 praecedant;
2827 2504 3100 2560 celeritate
3148 2507 3309 2561 etiam
3353 2519 3568 2580 prOpter
3607 2513 3855 2582 ejusdem

2265 2591 2397 2645 aerii
2449 2595 2687 2662 corporis
2738 2597 3070 2665 superiorem
3122 2599 3472 2657 mobilitatem
3522 2621 3628 2659 non
3673 2609 3856 2664 solu'm

2263 2697 2454 2740 Cursus
2505 2689 2863 2756 quorumlibet
2906 2689 3180 2748 hominum
3224 2697 3306 2750 vel
3352 2696 3622 2766 ferarum,
3667 2717 3860 2758 vertunt

2265 2776 2423 2830 etiam
2447 2778 2650 2832 volatus
2668 2781 2845 2836 avium
2875 2783 3367 2854 incomparabiliter
3388 2791 3618 2845 vincant.
3643 2794 3858 2860 Quibus

2263 2867 2466 2922 duabus
2492 2873 2654 2924 rebus
2673 2882 2931 2942 quantum
2959 2877 3028 2931 ad
3057 2879 3260 2934 aerium
3289 2897 3491 2951 corpus
3516 2887 3700 2941 attinet
3721 2903 3856 2958 prae

2264 2957 2380 3024 diti,
2411 2960 2511 3014 hoc
2541 2971 2652 3026 est,
2684 2966 2976 3020 acrimonia
3019 2983 3210 3025 sensus
3241 2981 3294 3025 et
3333 2974 3606 3032 celeritate
3650 2957 3860 3045 inotus,

2262 3051 2608 3108 multa’ante
2647 3058 2859 3125 cognita
2903 3063 3259 3128 praenuntiant
3298 3065 3378 3118 vel
3422 3067 3696 3134 nuntiant,
3730 3086 3864 3142 quae

2263 3142 2507 3200 homines
2536 3163 2632 3215 pro
2663 3165 2853 3206 sensus
2901 3156 3097 3208 terreni
3138 3157 3382 3212 tarditate
3428 3161 3708 3217 mirentur.
3744 3169 3862 3222 Ac-

2263 3237 2423 3289 cessit
2443 3237 2602 3291 ctiam
2635 3239 2970 3297 daemonibus
2997 3261 3090 3313 per
3123 3256 3227 3300 tant
3260 3249 3472 3318 longum
3503 3262 3712 3322 tempus
3746 3272 3860 3326 quo

2263 3340 2448 3380 eorum
2500 3329 2605 3382 vita
2653 3334 3006 3400 protenditur,
3040 3352 3218 3391 rerum
3267 3341 3422 3411 longe
3472 3344 3643 3410 major
3684 3361 3862 3415 cxpe—

2261 3418 2473 3483 rientia,
2505 3437 2661 3488 quam
2710 3436 2886 3492 potest
2936 3425 3242 3483 hominibus
3289 3442 3507 3502 propter
3533 3433 3861 3492 brevitatem

2261 3511 2383 3565 vitae
2416 3516 2716 3582 provenire.
2735 3515 2839 3571 Per
2860 3518 2954 3571 has
2977 3519 3422 3593 eilicacias‘quas
3451 3528 3579 3581 aerii
3606 3531 3861 3597 corporis

2261 3613 2447 3657 natura
2479 3607 2665 3660 sortita
2691 3619 2790 3673 est,
2823 3625 2930 3664 non
2957 3611 3129 3666 solum
3159 3615 3324 3668 multa
3353 3617 3524 3672 futura
3552 3620 3862 3689 praedicunt

2261 3695 2551 3763 dat-mones,
2579 3714 2764 3752 verum
2783 3702 2941 3754 etiam
2969 3703 3131 3757 multa
3153 3705 3288 3760 mira
3317 3706 3536 3762 faciunt.
3559 3711 3685 3776 Quae
3707 3727 3860 3782 quo-

2261 3788 2402 3840 niam
2436 3789 2679 3846 homines
2703 3792 2880 3848 dicere
2909 3810 2970 3850 ac
3010 3795 3186 3854 facere
3217 3817 3322 3854 non
3366 3815 3610 3873 possunt,
3637 3824 3734 3861 eos
3769 3809 3858 3863 di-

2259 3895 2393 3950 gnos
2421 3883 2634 3950 quidam
2672 3886 2865 3955 quibus
2913 3891 3150 3944 serviant
3196 3904 3249 3946 et
3292 3896 3484 3963 quibus
3514 3897 3725 3952 divinos
3756 3901 3863 3955 lto--

2260 3987 2420 4027 nores
2446 3973 2706 4040 delerunt,
2740 3977 3085 4046 arbitrantur,
3124 3983 3410 4054 instigante
3449 3989 3678 4043 maxime
3722 3993 3862 4049 vitio

2260 4067 2598 4133 curiositatis,
2641 4079 2857 4139 propter
2903 4088 3142 4130 amorem
3190 4077 3458 4133 felicitatis
3498 4080 3642 4136 falsae
3687 4094 3864 4156 atque

2263 4166 2490 4213 terrena:
2521 4171 2573 4214 et
2601 4164 2928 4218 excellentia:
2958 4167 3324 4235 temporalis”.
3357 4169 3458 4236 Qui
3487 4181 3666 4226 autem
3697 4192 3762 4230 se
3791 4176 3863 4231 ab

2261 4249 2344 4303 his
2387 4251 2763 4320 cutiiditalibus
2809 4256 3086 4322 mundani,
3116 4275 3213 4314 nec
3259 4263 3338 4315 cis
3380 4277 3438 4316 se
3483 4263 3753 4322 fallendos
3777 4285 3865 4322 ca-

2260 4341 2588 4414 piendosque
2607 4345 2628 4376 ⁵
2674 4346 3007 4415 permittunt,
3035 4351 3128 4404 sed
3161 4352 3433 4422 inquirunt
3460 4363 3514 4409 et
3539 4369 3726 4413 amant.
3756 4361 3861 4415 ali-

2260 4436 2385 4505 quid
2420 4438 2561 4506 quod
2598 4441 2786 4495 eodem
2819 4443 2978 4500 modo
3002 4460 3216 4515 semper
3245 4458 3347 4515 est,
3375 4451 3528 4520 cujus
3557 4455 3865 4526 participa-

2263 4527 2404 4582 tione
2449 4528 2588 4584 beati
2631 4532 2768 4594 sint;
2806 4535 3035 4602 primum
3081 4540 3420 4596 considerant
3459 4559 3562 4597 non
3597 4546 3721 4600 ideo
3754 4549 3864 4604 sibi

2261 4620 2648 4687 praeponendos
2675 4638 2796 4678 esse
2816 4625 3108 4695 daemones,
3143 4631 3282 4699 quod
3309 4634 3514 4689 acriore
3542 4651 3704 4692 sensu
3730 4656 3864 4695 cor-

2260 4712 2406 4777 poris
2433 4713 2744 4779 praevalent,
2779 4717 2908 4771 aerii
2939 4719 3163 4785 scilicet,
3193 4721 3294 4776 hoc
3321 4733 3403 4778 est
3430 4727 3728 4785 subtilioris
3759 4734 3868 4788 ele-

2261 4804 2604 4872 mentizquia
2634 4823 2734 4862 nec
2760 4808 2813 4861 in
2844 4809 2972 4878 ipsis
3021 4814 3250 4868 terrenis
3293 4816 3608 4884 corporibus
3648 4821 3868 4880 bestias

2260 4897 2359 4951 sibi
2404 4899 2793 4968 prarponendas
2821 4913 3026 4971 putant,
3055 4922 3176 4975 quae
3208 4909 3383 4963 acrius
3411 4913 3573 4966 multa
3607 4930 3871 4984 praesen-

2262 4991 2429 5057 tiunt;
2459 4993 2602 5046 velut
2622 5010 2866 5064 sagacem
2889 5011 3096 5067 cautem,
3129 5002 3252 5070 quia
3280 5003 3529 5060 latentem
3565 5007 3740 5063 feram
3785 5013 3872 5065 ol-

2262 5083 2399 5138 factu
2436 5088 2696 5142 acerrimo
2722 5090 2799 5143 sic
2829 5090 3050 5160 invenit,
3083 5106 3142 5150 ut
3169 5097 3235 5151 ad
3265 5114 3379 5154 eam
3402 5101 3721 5170 capiendam
3758 5107 3873 5159 du-

2260 5187 2434 5230 catum
2459 5179 2739 5247 quemdam
2768 5181 2967 5238 homiui
2999 5188 3253 5257 praebeat,
3275 5206 3377 5246 non
3405 5194 3587 5264 utique
3618 5199 3875 5265 pruden-

2329 5333 2766 5420 Letipttnssxgaaia
2788 5338 2840 5390 id
2873 5348 3019 5404 Deus,
3053 5342 3163 5396 licet
3185 5345 3247 5399 sit
3269 5347 3434 5412 justus
3467 5357 3514 5402 et
3535 5352 3877 5420 enutipotens,

2259 5393 2369 5458 ﬁeri
2389 5399 2545 5446 tanien
2567 5393 2694 5448 sinii.

2323 5458 2343 5488 ³
2378 5464 2426 5505 In
2450 5467 2572 5519 Mss,
2601 5461 2868 5514 scribendo.

2323 5520 2344 5586 ξ
2376 5521 2447 5586 sic
2469 5528 2572 5572 Mss.
2595 5525 2712 5574 liditi
2733 5535 2913 5586 autem,
2941 5529 3106 5582 multo.

2323 5581 2344 5656 ξ
2377 5581 2563 5656 aliquot
2585 5592 2713 5646 Mss,
2737 5581 3030 5656 efﬁcientiam.

2319 5645 2340 5676 ⁵
2377 5645 2597 5727 ll‘lerique
2825 5653 3078 5727 instigem-6
3119 5657 3336 5711 maxime
3373 5660 3486 5712 vitio
3515 5662 3838 5718 curiositatis
3861 5703 3880 5727 ,

2257 5715 2451 5784 propter
2472 5711 2958 5784 raptorem-felicitatis
2987 5717 3125 5784 [ulsw
3156 5727 3298 5784 atque
3321 5711 3530 5777 terretue
3549 5711 3886 5783 caecilia—sitia,

2257 5775 2531 5839 temporalis
2562 5776 2778 5824 :omissa
2810 5775 3060 5839 particula,
3087 5788 3148 5830 et.
3218 5775 3229 5784 ’
3431 5775 3434 5776 ν
3486 5775 3515 5777 V7
3551 5775 3564 5815 ξ

2320 5833 2340 5864 ⁸
2375 5835 2599 5898 Plerique
2627 5845 2750 5900 its-5.,
2769 5833 2831 5903 [ea
2847 5838 3013 5894 iuratos
3036 5833 3403 5912 rttpiendosque.

566 5723 686 5763 rare
725 5723 784 5760 se
827 5707 1081 5776 oetendit,
1115 5728 1286 5782 neque
1325 5717 1544 5770 omnino
1585 5724 1969 5777 contemnere?
1999 5725 2150 5780 Unde

566 5799 834 5872 colligitur
876 5801 1015 5872 quod
1057 5801 1196 5859 Deus
1241 5806 1439 5878 aliquid
1489 5819 1544 5864 et
1588 5811 2066 5888 improbetjustus,
2093 5827 2150 5880 et
