4102 6336
310 314 415 371 585

310 430 443 483 tiore
493 427 768 486 intellectu
818 430 1006 497 animi,
1040 431 1134 487 sed
1163 433 1399 489 acutiore
1425 439 1664 507 corporis
1687 453 1887 505 sensu;

308 518 387 574 vel
414 519 703 587 vulturem,
733 521 856 591 quia
901 522 1140 593 projecto
1183 525 1447 582 cadavere
1488 543 1555 582 ex
1604 528 1892 598 improvisa

303 610 694 681 longinquitate
722 613 969 680 advolat;
1013 632 1111 671 nec
1148 618 1400 687 aquilam,
1432 620 1556 690 quia
1590 622 1894 679 sublimiter

303 703 490 757 volans
513 703 581 758 de
611 711 757 759 tanto
803 705 1079 762 intervallo
1117 709 1217 764 sub
1240 710 1487 767 ﬂuctibus
1518 722 1787 769 natantem
1816 716 1893 785 pi-

303 808 446 849 scem
478 794 675 850 dicitur
702 798 1001 867 perviderc,
1034 809 1090 854 et
1127 802 1363 868 graviter
1387 804 1540 873 aquis
1567 805 1701 860 illisa
1730 821 1893 863 exer-

305 885 369 939 tis
410 884 636 954 pedibtis
682 895 842 957 atque
888 891 1153 960 unguibus
1191 908 1419 964 rapere:
1445 911 1545 951 nec
1586 898 1686 952 alia
1726 900 1891 956 multa

307 977 654 1033 animantium
679 995 898 1049 genera,
930 998 1049 1053 qua:
1080 984 1218 1039 inter
1245 986 1441 1042 herbas
1466 989 1624 1044 saluti
1653 1004 1763 1045 sua:
1789 1008 1891 1048 no-

303 1066 415 1121 xias
462 1069 730 1136 pascendo
756 1058 1161 1141 circumerrant,
1195 1090 1295 1131 nec
1336 1078 1537 1147 aliquid
1568 1094 1754 1135 eorum
1780 1095 1889 1152 qua

302 1144 566 1212 lmdanttir
598 1160 895 1230 attingunt;
929 1178 1051 1219 cum
1081 1180 1172 1220 eas
1222 1167 1382 1222 homo
1424 1169 1509 1223 vix
1562 1172 1889 1240 experiendo

300 1263 492 1304 cavere
518 1249 786 1317 didicerit,
819 1265 871 1308 et
892 1256 1054 1312 multa
1082 1257 1297 1314 innoxia
1324 1260 1464 1330 quod
1484 1262 1591 1317 sint
1613 1263 1886 1334 inexperta

299 1333 571 1395 formidet.
604 1342 760 1399 Unde
787 1346 1053 1416 conjicere
1084 1346 1244 1405 facile
1273 1361 1376 1417 est,
1404 1362 1602 1423 quanto
1631 1333 1801 1426 possit
1832 1358 1886 1412 in

298 1431 459 1485 aeriis
486 1434 803 1502 corporibus
826 1451 1014 1493 sensus
1051 1439 1230 1495 acrior
1248 1456 1369 1498 esse
1393 1460 1405 1496 :
1430 1460 1530 1500 nec
1559 1445 1681 1500 ideo
1708 1455 1885 1503 tamen

297 1520 590 1588 dazmones,
618 1524 710 1594 qui
737 1540 802 1581 eo
826 1527 1034 1596 praediti
1062 1538 1209 1597 sunt,
1240 1531 1392 1587 bonis
1414 1533 1721 1592 hominibus
1750 1553 1887 1607 prae-

298 1613 576 1707 ponendps
618 1615 854 1684 prudens
889 1620 1114 1689 quisque
1137 1624 1423 1678 censuerit.
1452 1624 1563 1681 lloc
1592 1628 1738 1684 etde
1765 1644 1885 1685 cor-

298 1718 486 1773 porum
513 1705 793 1775 celeritate
817 1708 1044 1765 dixerim
1069 1714 1082 1764 :
1111 1720 1167 1768 et
1212 1713 1315 1770 hac
1360 1717 1503 1771 enim
1554 1722 1879 1789 prmstantia,

297 1809 400 1849 non
449 1798 624 1851 solum
674 1813 703 1852 a
751 1801 1057 1857 volucribus
1099 1803 1365 1872 homines,
1414 1824 1603 1865 verum
1652 1812 1812 1867 etiam
1849 1830 1880 1869 a

295 1885 478 1941 multis
518 1878 952 1959 quadrupedibus
1000 1894 1083 1949 ita‘
1120 1907 1462 1965 superantur,
1496 1909 1553 1954 ut
1596 1901 1650 1955 in
1692 1917 1880 1957 eorum

292 1978 691 2045 Comparatione
720 1981 949 2048 plumbei
966 1986 1257 2054 deputandi
1282 1988 1408 2054 sint;
1439 2004 1536 2045 nec
1564 1998 1738 2047 tamen
1760 1993 1879 2049 ideo

292 2068 394 2122 sibi
423 2068 539 2124 bare
564 2071 915 2128 animantium
936 2091 1131 2146 genera
1160 2080 1467 2137 existimant
1495 2087 1874 2155 praeponenda,

289 2158 487 2229 quibus
515 2161 811 2231 capiendis,
849 2168 1349 2236 mansu'efaciendis,
1378 2181 1538 2244 atque
1578 2176 1630 2229 in
1650 2191 1759 2231 suae
1786 2194 1879 2232 vo-

290 2247 512 2305 luntatis
541 2267 695 2307 usum
726 2256 1173 2329 commodumque
1198 2260 1524 2333 redigendis,
1550 2281 1654 2321 non
1684 2268 1733 2322 vi
1751 2284 1876 2325 cor-

288 2340 456 2411 poris,
491 2342 586 2398 sed
616 2345 838 2400 rationis
859 2347 1188 2418 imperitam.
1688 2350 1689 2353 “

357 2430 587 2489 CAPUT
625 2434 712 2489 ιν.
734 2461 805 2477 --
827 2437 963 2492 Mira
982 2442 1214 2510 quasdam
1250 2444 1341 2499 etsi
1373 2446 1625 2502 dwmones
1659 2450 1869 2521 faciunt,

284 2526 657 2578 contemnendi.
684 2524 829 2582 Illam
852 2545 980 2585 vero
1002 2533 1209 2588 tertiam
1232 2534 1533 2591 dmmonum
1558 2541 1869 2608 potentiam,

283 2612 429 2682 Quod
447 2614 693 2670 diuturna
715 2634 892 2674 rerum
910 2623 1238 2691 experientia
1258 2628 1708 2697 quemadmodum
1732 2648 1871 2701 pra:-

284 2710 512 2760 noscant
539 2716 698 2778 atque
725 2712 1085 2779 pramuntient
1108 2716 1270 2771 multa
1298 2718 1617 2787 didicerunt,
1641 2722 1711 2776 ita
1742 2739 1874 2779 con-

282 2804 529 2854 temnunt
568 2802 660 2870 qui
698 2800 812 2857 [nec
836 2804 1121 2874 vigilanter
1145 2820 1332 2864 curant
1358 2825 1386 2863 a
1412 2813 1709 2869 verissima:
1735 2814 1871 2872 lucis

282 2888 511 2945 veritate
534 2890 862 2961 discernere,
896 2903 954 2949 ut
983 2911 1081 2951 nec
1110 2899 1281 2953 malos
1310 2915 1468 2956 senes
1494 2903 1641 2972 plura
1672 2919 1867 2976 exper-

282 2986 388 3044 tos,
416 2988 469 3034 et
492 2981 561 3036 ob
588 2981 690 3038 hoc
716 2986 866 3054 quasi
895 2984 1187 3054 doctiores,
1220 2989 1344 3046 ideo
1372 2993 1525 3060 probi
1554 2994 1868 3051 adolescen-

280 3073 367 3124 tes
391 3070 491 3126 sibi
514 3073 837 3129 antecellcre
857 3076 1191 3146 existiment;
1223 3094 1324 3135 nec
1350 3082 1602 3150 medicos,
1629 3101 1727 3141 nec
1748 3103 1871 3143 nau-

281 3169 385 3227 tas,
415 3177 512 3216 nec
549 3165 837 3233 agricolas,
869 3180 1002 3236 quos
1048 3186 1222 3238 prava:
1248 3172 1537 3229 voluntatis
1579 3184 1634 3229 et
1673 3178 1869 3248 iniquis

278 3254 521 3309 moribus
561 3256 810 3324 viderint,
848 3259 968 3315 idco
997 3248 1097 3316 sibi
1126 3272 1311 3331 putent
1336 3281 1456 3321 esse
1484 3266 1865 3337 prteferendos,

276 3344 421 3427 quod
468 3345 543 3401 illi
590 3347 657 3404 de
684 3350 1095 3421 valetudinibus,
1126 3355 1202 3411 illi
1233 3358 1299 3411 de
1329 3361 1755 3430 tempestatibus,
1790 3362 1867 3418 illi

273 3424 346 3489 de
372 3437 717 3494 arbustorum
748 3440 1065 3514 frugumque
1093 3448 1377 3514 generibus
1418 3424 1580 3504 multa
1620 3451 1693 3505 ita
1723 3466 1866 3521 pra:-

274 3529 545 3597 nuutiant,
574 3540 635 3586 ut
665 3532 851 3588 harum
885 3551 1063 3591 rerum
1089 3538 1371 3609 inexperto
1387 3541 1629 3598 divinare
1650 3544 1867 3601 videan-

274 3628 383 3672 llll’.

343 3704 399 3764 8.
440 3709 592 3778 Quod
621 3718 747 3769 vero
791 3731 896 3770 non
924 3706 1095 3773 solum
1124 3721 1395 3778 dzemOnes
1419 3725 1662 3796 quaedam
1688 3727 1864 3785 futura

273 3801 595 3870 praedicunt,
637 3821 819 3860 verum
864 3809 1022 3864 etiam
1051 3813 1293 3881 qusudam
1341 3817 1475 3871 mira
1514 3818 1731 3887 faciunt,
1765 3837 1864 3891 pro

272 3890 386 3958 ipsa
413 3893 594 3963 utique
636 3895 717 3949 sui
762 3899 1000 3966 corporis
1042 3903 1377 3970 excellentia,
1420 3921 1516 3961 cur
1544 3925 1651 3963 non
1678 3921 1864 3967 conte-

270 3992 486 4037 mnatur
512 3999 542 4036 a
573 3984 942 4055 prudentibus,
966 4005 1087 4044 cum
1118 3991 1427 4065 plerumque
1456 3997 1620 4067 iniqui
1650 4015 1713 4055 ac
1740 4017 1863 4070 per-

270 4070 364 4128 diti
406 4074 651 4131 homines
690 4077 762 4131 ita
788 4092 1072 4135 exerceant
1099 4097 1320 4153 corpora
1351 4100 1466 4153 sua,
1499 4096 1749 4158 talitaque
1776 4090 1862 4145 di-

269 4164 441 4218 versis
468 4165 677 4221 artibus
716 4167 921 4238 possint
951 4171 990 4237 ’,
1028 4180 1088 4225 ut
1130 4187 1192 4226 ea
1221 4175 1309 4244 qui
1340 4174 1454 4230 haec
1482 4179 1726 4234 nesciunt
1763 4197 1861 4238 nec

269 4253 556 4323 aliquando
576 4258 842 4326 viderunt,
867 4261 1025 4316 etiam
1048 4274 1260 4319 narrata
1292 4266 1380 4321 vix
1404 4267 1662 4324 credant?
1689 4271 1859 4340 Quam

270 4345 437 4401 multa
478 4338 773 4402 funambuli
804 4352 1090 4422 creterique
1122 4354 1365 4409 theatrici
1410 4359 1664 4428 artifices,
1697 4338 1857 4431 quam

271 4437 436 4491 multa
467 4436 683 4508 opifices
727 4441 1061 4513 maximeque
1091 4446 1384 4502 mechanici
1428 4449 1669 4505 miranda
1716 4452 1857 4508 fece-

271 4530 431 4584 runt?
457 4529 593 4585 Num
626 4530 748 4587 ideo
778 4534 1025 4590 meliores
1049 4547 1173 4592 sunt
1199 4538 1351 4593 bonis
1376 4550 1429 4596 et
1454 4551 1638 4597 sancta
1664 4544 1858 4614 pietate

269 4621 505 4688 praeditis
534 4619 878 4679 hominibus?
915 4626 1044 4693 Qua:
1070 4628 1189 4684 ideo
1218 4634 1649 4699 commemoravi,
1682 4645 1740 4690 ut
1766 4638 1857 4708 qui

268 4709 384 4767 haec
412 4712 531 4768 sine
559 4716 856 4783 pervicacia
898 4726 952 4771 et
975 4719 1089 4773 sine
1119 4734 1249 4773 vana
1290 4722 1573 4777 resistendi
1602 4726 1856 4783 animosi-

270 4802 375 4859 tate
399 4793 730 4873 considerat,
761 4808 915 4862 simul
940 4810 1159 4879 cogitet,
1206 4812 1249 4865 si
1276 4812 1343 4867 de
1370 4814 1682 4883 subjacente
1708 4833 1856 4875 cras-

268 4896 408 4949 siore
438 4897 659 4951 materia
696 4898 780 4952 vel
809 4899 890 4953 sui
931 4900 1154 4970 quisque
1183 4904 1443 4972 corporis,
1489 4906 1572 4961 vel
1618 4916 1776 4965 terra:
1800 4922 1855 4967 et

268 5000 438 5055 aqum,
466 4979 701 5058 lapidum
728 4998 885 5071 atque
913 4992 1172 5063 lignorum
1211 4997 1651 5071 metallornmque
1680 5004 1854 5057 vario-

268 5093 405 5145 rum,
435 5085 580 5133 tanta
620 5070 834 5151 quidam
856 5081 1107 5164 homines
1138 5096 1380 5154 possunt,-
1427 5097 1485 5144 ut
1526 5070 1619 5146 θός
1661 5092 1737 5147 illi
1762 5096 1881 5164 quis

268 5168 381 5224 haec
404 5186 513 5225 non
539 5181 784 5240 possunt,
812 5160 1123 5245 plerumque
1142 5178 1424 5246 stupenda,
1453 5181 1505 5236 in
1531 5183 1612 5237 sui
1633 5160 1850 5254 compa-

268 5262 473 5317 ratione
501 5261 713 5319 divinos
751 5276 960 5331 vocent,
988 5282 1108 5322 cum
1152 5271 1365 5339 quidam
1394 5274 1600 5328 illorum
1630 5276 1736 5331 sint
1762 5293 1851 5332 ar-

269 5352 408 5406 tibus
434 5348 782 5423 potentiores,
812 5357 1027 5426 quidam
1055 5359 1273 5414 istorum
1302 5364 1538 5419 moribus
1567 5367 1849 5433 meliores;

269 5448 468 5511 quanto
494 5438 698 5515 majora
721 5455 774 5500 et
789 5440 1108 5504 mirabiliora
1131 5466 1227 5520 pro
1241 5453 1569 5510 subtilissimi
1587 5460 1847 5527 corporis,

269 5529 320 5588 id
339 5544 440 5599 est,
456 5537 587 5590 aerii
605 5534 851 5593 facultate
866 5553 929 5594 ac
946 5539 1195 5597 facilitate
1210 5542 1480 5599 dmmones
1500 5549 1849 5617 possint,cum

271 5633 444 5685 taen
470 5629 579 5684 sint
606 5622 894 5686 voluntatis
922 5635 1199 5703 pravitate.
1230 5637 1563 5709 maximeque
1589 5643 1851 5712 superbiae

331 5762 349 5795 ι
382 5761 528 5823 aditi,
542 5760 730 5814 artibus
748 5776 892 5828 agere
909 5764 1102 5827 possim.
1128 5772 1292 5830 Abest,
1324 5782 1481 5833 uqere,
1505 5784 1531 5820 a
1554 5780 1645 5825 Mss

515 5842 741 5907 Sacr.
796 5849 1069 5909 Αυουδτ.
1105 5850 1208 5911 Vl.

1720 321 1920 380 LlBER
1960 324 2158 384 UNUS.

3483 373 3587 429 586

2008 443 2142 500 fastu
2173 456 2226 504 et
2274 452 2578 514 invidentize
2611 462 2807 519 malitia
2837 468 2851 499 ¹
2883 471 3100 539 spiritus
3126 476 3377 538 immundi
3422 496 3581 559 atque

2002 541 2281 604 perversi?
2316 544 2579 611 Quantum
2623 562 2800 609 autem
2830 559 2997 615 valeat
3038 565 3178 620 aeris
3216 541 3579 645 ele'mcntuin,

1999 642 2104 695 quo
2140 644 2323 687 eorum
2354 650 2579 707 corpora
2610 647 2916 715 praevalent,
2948 652 3014 706 ad
3043 657 3208 717 multa
3246 662 3469 722 visibilia
3499 642 3580 725 in;

2001 719 2276 779 visibiliter
2301 727 2587 798 molienda,
2644 740 2923 809 movenda,
2972 749 3226 805 mutanda
3270 763 3430 826 atque
3456 775 3582 815 ver-

1998 812 2183 880 sanda,
2213 814 2428 887 longum
2459 831 2542 877 est
2570 840 2710 881 nunc
2752 829 3120 892 demonstrare
3148 857 3161 905 ;
3189 850 3244 897 et
3272 812 3400 914 puto

1998 902 2443 967 velmediocriter
2462 916 2822 977 consideranti
2850 924 3001 981 facile
3034 902 3299 989 occurrat:

2066 993 2291 1053 CAPUT
2331 1000 2394 1055 V.
2422 1033 2491 1044 --
2517 1005 2570 1060 9.
2615 1007 2764 1065 Unde
2789 1014 3040 1073 dwmones
3080 1027 3417 1091 praenuntient
3463 1046 3585 1086 ren-

1996 1093 2129 1141 tura.
2170 1088 2299 1155 Qua:
2327 1107 2447 1149 cum
2489 1097 2557 1152 ita
2600 1101 2725 1166 sint,
2755 1106 2983 1174 primum
3010 1088 3281 1171 sciendum
3311 1130 3409 1185 est,
3442 1108 3578 1193 quo-
3628 1104 3633 1109 ’

1995 1178 2135 1233 niam
2162 1181 2229 1237 de
2258 1182 2581 1246 divinatione
2618 1193 2920 1255 daemonum
2963 1207 3188 1273 quaestio
3213 1218 3312 1277 est,
3365 1178 3486 1268 illos
3514 1231 3579 1272 ea

1993 1270 2305 1345 plerumque
2335 1285 2690 1348 prmnuntiare
2729 1305 2848 1359 qua:
2894 1270 2997 1364 ipsi
3024 1296 3209 1355 facturi
3238 1314 3381 1359 sunt.
3415 1308 3580 1364 Acci-

1994 1359 2143 1428 piunt
2171 1366 2312 1421 enim
2341 1384 2484 1440 saepe
2515 1383 2828 1443 potestatem
2857 1359 3156 1444 etmorbos
3185 1390 3493 1463 immittere,
3525 1410 3581 1455 et

1992 1451 2162 1519 ipsum
2194 1471 2371 1513 aerem
2402 1463 2635 1520 vitiando
2665 1471 2963 1528 morbidum
2994 1477 3237 1548 reddere,
3265 1493 3320 1538 et
3360 1451 3581 1555 perver-

1990 1544 2067 1597 sis
2102 1554 2261 1617 atque
2289 1554 2612 1611 amatoribus
2640 1569 2973 1620 terrenarum
3016 1573 3417 1631 commodorum
3465 1592 3580 1633 ma-

1989 1634 2176 1693 lefacta
2206 1643 2465 1712 suadere;
2497 1648 2564 1703 de
2592 1666 2817 1720 quorum
2847 1659 3085 1715 moribus
3121 1666 3252 1719 certi
3283 1677 3407 1722 sunt
3434 1671 3578 1739 quod

1987 1730 2095 1784 sint
2118 1732 2198 1787 eis
2227 1736 2349 1791 talia
2380 1738 2725 1799 suadentibus
2765 1753 3097 1807 consensuri.
3138 1754 3374 1813 Suadent
3397 1772 3575 1818 autem

1986 1824 2135 1880 miris
2177 1835 2232 1881 et
2276 1828 2628 1891 invisibilibus
2671 1839 2862 1905 modis,
2912 1858 3008 1911 per
3035 1845 3181 1901 illam
3227 1850 3575 1911 subtilitatem

1984 1929 2199 1971 suorum
2228 1934 2512 1991 corporum
2529 1942 2752 2000 corpora
2783 1932 3057 1991 hominum
3087 1952 3192 1995 non
3224 1946 3570 2002 sentientium

1984 2008 2329 2074 penetrando,
2373 2027 2597 2086 seseque
2626 2021 3034 2090 cogitationibus
3063 2044 3247 2086 eorum
3295 2049 3390 2103 per
3421 2053 3569 2107 quaa-

1982 2097 2103 2152 dam
2147 2100 2454 2172 imaginaria
2483 2108 2593 2163 visa
2624 2112 2916 2182 miscendo,
2958 2118 3071 2174 sive
3098 2121 3423 2192 vigilantium
3458 2130 3570 2186 sive

1980 2189 2377 2250 dormientium.
2419 2200 2719 2270 Aliquando
2742 2216 2917 2262 autem
2944 2226 3049 2265 non
3076 2189 3195 2283 qua:
3223 2216 3321 2285 ipsi
3349 2219 3569 2284 faciunt,

1980 2281 2073 2336 sed
2115 2298 2235 2352 quae
2276 2291 2603 2346 naturalibus
2649 2296 2815 2366 signis
2858 2299 3030 2355 futura
3059 2281 3416 2373 prmnoscunt,
3452 2281 3571 2382 quze

1979 2370 2127 2441 signa
2170 2374 2223 2429 in
2269 2374 2544 2434 hominum
2573 2398 2762 2440 sensus
2805 2390 2992 2447 venire
3019 2409 3122 2448 non
3170 2410 3414 2466 possunt,
3447 2414 3573 2459 ante

1979 2463 2288 2530 praedicunt.
2329 2468 2511 2540 Neque
2540 2474 2681 2529 enim
2712 2479 2834 2547 quia
2862 2483 3115 2551 praevidet
3159 2463 3409 2545 medicus
3428 2496 3570 2564 quod

1977 2568 2082 2607 non
2127 2555 2382 2623 praavidet
2421 2562 2536 2631 ejus
2585 2568 2715 2622 artis
2759 2570 2992 2640 ignarus,
3037 2576 3156 2632 ideo
3199 2579 3308 2649 jam
3358 2555 3570 2642 dlvinus

1978 2643 2251 2703 habendus
2275 2660 2377 2705 est.
2417 2652 2556 2720 Quid
2581 2669 2758 2715 autem
2786 2662 2999 2732 mirum,
3046 2668 3091 2722 si
3116 2643 3567 2739 quemadmodum

1975 2735 2064 2792 ille
2090 2738 2142 2793 in
2174 2744 2413 2811 corporis
2442 2746 2656 2805 humani
2699 2735 3230 2823 veLperturbata-vel
3262 2767 3566 2825 modificata

1977 2832 2233 2899 temperie
2259 2849 2353 2889 seu
2382 2835 2549 2895 bonas
2576 2854 2668 2896 seu
2703 2846 2869 2901 malas
2898 2847 3101 2907 futuras
3131 2857 3385 2923 praevidet
3421 2861 3565 2916 vale-

1975 2918 2225 2989 tudines;
2253 2925 2331 2981 sic
2357 2926 2566 2991 dtemon
2609 2932 2661 2986 in
2688 2937 2828 2990 aeris
2866 2918 3146 2998 atl‘cctidne
3165 2954 3323 3015 atque
3348 2950 3565 3007 ordina-

1975 3011 2119 3069 tione
2172 3016 2273 3071 sibi
2326 3029 2473 3087 nota,
2531 3024 2685 3079 nobis
2734 3028 2910 3097 ignota
2958 3032 3000 3097 ’,
3054 3011 3259 3091 futuras
3309 3040 3589 3109 praevidet'

1974 3112 2357 3177 tempestates?
2398 3114 2697 3184 Aliquando
2724 3127 2778 3173 ct
2818 3122 3090 3180 hominum
3138 3128 3513 3200 dispositiones
3540 3178 3557 3202 ,

1972 3213 2076 3253 non
2103 3201 2278 3256 solum
2325 3219 2456 3260 voce
2507 3208 2760 3278 prolatas,
2792 3229 2974 3270 verum
3026 3220 3186 3274 etiam
3236 3225 3561 3295 cogitatione"

1971 3302 2277 3361 conceptas,
2305 3308 2426 3349 cum
2448 3298 2596 3367 signa
2613 3302 2854 3369 quaedam
2884 3321 2948 3360 ex
2978 3309 3158 3364 animo
3186 3320 3559 3383 exprimuntur

1971 3379 2024 3434 in
2053 3397 2298 3453 corpore,
2333 3395 2440 3442 tota
2481 3389 2732 3449 facilitate
2760 3397 3065 3465 perdiscunt
3092 3403 3166 3475 (a)
3206 3424 3219 3460 :
3247 3379 3404 3479 atque
3432 3409 3557 3468 hinc

1970 3472 2130 3527 etiam
2158 3476 2323 3532 multa
2350 3477 2524 3535 futura
2554 3489 2928 3555 prtenuntiant,
2975 3472 3361 3554 aliis-videlicet
3385 3501 3515 3554 mira
3538 3545 3553 3565 ,

1969 3564 2058 3632 qui
2085 3566 2183 3619 ista
2226 3567 2479 3639 disposita
2507 3588 2612 3628 non
2643 3590 2926 3634 noverunt.
2958 3580 3110 3639 Sicut
3151 3588 3291 3642 enim
3334 3592 3557 3660 apparet

1969 3658 2283 3713 concitatior
2320 3663 2483 3718 animi
2533 3674 2709 3722 motus
2755 3669 2807 3725 in
2853 3673 3021 3739 vultu,
3056 3684 3113 3730 ut
3152 3678 3219 3731 ab
3250 3658 3554 3739 hominibus

1968 3763 2178 3819 quoque
2206 3751 2405 3823 aliquid
2447 3756 2740 3816 forinsecus
2769 3770 3105 3833 agnoscatur,
3134 3772 3275 3841 quod
3298 3772 3554 3833 intrinse-

1967 3854 2062 3894 cus
2100 3841 2272 3911 agitur
2301 3862 2313 3897 :
2343 3846 2414 3900 ita
2446 3863 2550 3903 non
2577 3849 2736 3907 debet
2764 3869 2883 3911 esse
2919 3857 3247 3928 incredibile,
3295 3866 3342 3919 si
3389 3868 3551 3925 etiam

1969 3928 2200 3987 leniores
2218 3933 2238 3963 '
2269 3938 2616 4005 cogitationes
2640 3942 2768 3999 dant
2813 3946 2986 4016 aliqua
3019 3950 3166 4021 signa
3190 3969 3286 4023 per
3310 3970 3506 4026 corpus
3530 4001 3546 4027 ,

1967 4036 2086 4089 qua:
2112 4023 2302 4079 obtuso
2323 4026 2345 4058 ⁴
2373 4042 2533 4085 sensu
2565 4031 2836 4090 hominum
2873 4045 3121 4110 cognosci
3152 4060 3255 4101 non
3304 4061 3544 4119 possunt,

1965 4124 2122 4171 acuto
2169 4128 2348 4175 autem
2397 4122 2698 4182 dazmonum
2744 4142 2984 4198 possunt.

2036 4208 2259 4266 CAPUT
2300 4212 2387 4267 Vl.
2415 4244 2485 4254 —
2524 4216 2613 4272 £0.
2654 4218 2908 4277 Divinatio
2950 4226 3234 4283 dwmonum
3276 4238 3429 4304 quam
3469 4236 3550 4291 di-

1964 4308 2103 4355 stans
2121 4302 2184 4356 ab
2208 4304 2473 4361 altitudine
2496 4311 2773 4380 prophetia:
2790 4315 2990 4371 divinos.
3032 4302 3297 4378 Daemones
3326 4327 3547 4395 plerum-

1963 4407 2058 4461 que
2111 4394 2227 4483 [ιιμὶ
2272 4406 2319 4450 et
2380 4398 2578 4467 fallere.
2636 4403 2897 4470 Quomodo
2945 4409 3212 4478 falluntur.
3282 4394 3546 4483 Quomodo

1965 4464 2189 4555 fallunt,
2211 4487 2322 4542 Hac
2348 4464 2507 4559 atque
2539 4464 2839 4561 huiusmodi
2870 4464 3123 4558 facultate

1964 4591 2059 4631 nes
2082 4580 2477 4647 praenuntiant;
2509 4597 2628 4637 cum
2659 4594 2836 4642 tamen
2862 4591 2930 4645 ab
2951 4593 3029 4647 eis
3058 4594 3213 4667 longe
3234 4600 3303 4652 sit
3322 4603 3545 4659 altitudo

1963 4664 2104 4721 illius
2135 4669 2455 4738 prophetiae,
2474 4687 2634 4742 quam
2660 4675 2797 4732 Deus
2817 4694 2913 4748 per
2931 4664 3396 4757 sanctosltngelos
3420 4708 3546 4749 suos

1961 4765 2015 4811 et
2042 4756 2333 4827 Prophetas
2357 4772 2627 4831 operatur.
2668 4766 2798 4823 Nam
2819 4770 2863 4824 si
2881 4773 3005 4842 quid
3031 4775 3098 4831 de
3128 4777 3211 4832 illa
3242 4756 3331 4835 Dei
3359 4782 3545 4854 diSpo-

1960 4848 2154 4905 sitione
2180 4853 2559 4922 prrenuntiant,
2584 4857 2806 4913 audiunt
2833 4869 2891 4915 ut
2916 4868 3305 4936 prmnuntient;
3338 4881 3392 4925 et
3417 4848 3539 4929 cum

1960 4954 2020 4993 ea
2050 4940 2344 5009 praedicunt
2372 4959 2491 5013 qua:
2535 4946 2659 5003 inde
2700 4949 2939 5017 audiunt,
2985 4970 3090 5009 non
3139 4959 3325 5013 fallunt
3364 4977 3541 5032 neque

1962 5032 2211 5089 falluntur
2241 5053 2253 5089 :
2288 5038 2631 5094 voracissima
2658 5043 2799 5097 enim
2824 5055 2947 5099 sunt
2970 5050 3204 5119 angelica
3229 5061 3283 5106 et
3310 5056 3541 5126 prOphe-

1962 5123 2061 5178 tica
2089 5124 2321 5180 oracula.
2363 5126 2450 5182 Sic
2476 5138 2652 5185 autem
2683 5132 3019 5203 indignanter
3045 5141 3299 5211 accipitur
3324 5143 3366 5209 ⁸,
3396 5123 3537 5214 quod

1960 5213 2132 5283 aliqua
2162 5216 2322 5270 etiam
2369 5218 2490 5273 talia
2540 5219 2812 5278 daemones
2845 5224 3064 5281 audiant
3104 5235 3159 5282 et
3195 5213 3488 5301 praedicant
3530 5282 3544 5307 ,

2024 5349 2040 5379 ι
2076 5352 2142 5397 tta
2166 5355 2269 5397 Mss.
2297 5356 2351 5399 At
2373 5350 2522 5410 editi,
2549 5359 2595 5402 et
2622 5353 2827 5404 ei’idertti
2844 5355 3045 5407 malitia.

2022 5412 2044 5483 ξ
2076 5411 2148 5458 Sic
2169 5417 2276 5483 Mss.
2302 5412 2417 5481 editi
2441 5427 2574 5483 vero,
2599 5412 2691 5465 sibi
2711 5422 2861 5477 notas,
2885 5418 3015 5469 nobis
3037 5420 3237 5483 ignotas.

2025 5471 2045 5502 ⁸
2078 5478 2215 5529 \'en.,
2241 5468 2453 5521 leviores.
2520 5468 2575 5522 ML

2022 5532 2043 5563 ⁸
2077 5539 2126 5580 tn
2150 5539 2253 5581 Mss.
2271 5568 2285 5593 ,
2309 5535 2522 5584 obtunso.

2022 5595 2042 5627 ιι
2078 5601 2141 5642 Ita
2172 5601 2278 5642 Mss.
2316 5602 2369 5644 At
2394 5603 2500 5671 Am.‘
2520 5603 2571 5645 et
2594 5597 2767 5671 Er.,._sic
2788 5606 2948 5671 autem
2969 5604 3390 5671 nonindigrian'ter
3407 5626 3536 5665 acci-

1960 5656 2137 5723 nivtur.
2157 5663 2285 5714 Lov.,
2306 5665 2403 5706 Non
2421 5664 2578 5723 autch
2590 5658 2903 5723 indignanter
2923 5656 3209 5723 accipiatqu

2024 5719 2095 5789 (a)
2120 5723 2153 5764 ιι
2179 5723 2530 5789 Rctract.nca|);
2549 5720 2627 5769 50.
2652 5719 2823 5789 confer
2862 5728 3006 5775 etiam
3028 5719 3113 5778 lib.
3163 5733 3183 5780 t
3229 5743 3395 5787 contra
3426 5744 3535 5789 Acan

1961 5784 2187 5839 demicos,
2214 5793 2348 5842 capp.
2376 5780 2407 5827 6
2431 5788 2481 5829 et
2502 5782 2548 5839 7,
2579 5796 2627 5830 ιι.
2649 5782 2809 5833 16-21.

2722 5868 3094 5949 {Dim-neut.-
3108 5878 3130 5945 Ι
