4102 6336
461 366 561 421 :37
1361 353 1447 405 Dii
1489 346 1922 405 DthNA'l‘lONE
1966 341 2335 406 ouationem,
2376 340 2433 396 s.
2474 341 2838 398 AUGUSTINI
3629 340 3737 396 ωε

462 477 615 550 quasi
666 469 864 544 aliquid
906 468 1179 540 indignum
1216 465 1286 520 sit
1332 474 1388 519 ut
1425 462 1567 534 quod
1610 462 1729 517 ideo
1770 458 1965 514 dicitur
1993 463 2053 509 ιιι

465 567 771 626 hominibus
818 564 1133 624 innotescat,
1179 558 1280 614 hoc
1318 571 1423 612 non
1470 555 1642 609 solum
1674 552 1820 615 boni,
1868 563 2052 604 verum

466 662 629 720 etiam
684 656 810 713 mali
867 668 972 709 non
1022 658 1273 706 taceant:
1312 663 1432 703 eum
1480 647 1532 701 in
1576 645 1705 715 ipsis
1750 640 2056 696 hominibus

467 755 629 813 etiam
655 750 777 805 vita:
821 748 974 803 home
1001 751 1264 815 przecepta
1302 739 1579 794 videamus
1618 736 1818 806 pariter
1845 749 1873 787 a
1898 733 2056 803 justis

462 844 844 919 ,perversisque
868 836 1106 901 cantari;
1134 850 1233 890 nec
1259 834 1450 889 obesse
1492 829 1711 900 aliquid,
1747 829 1855 883 imo
1896 826 2055 882 etiam

471 934 726 1008 prodesse
752 932 819 987 ad
857 930 1114 998 majorem
1143 925 1383 980 notitiam
1432 922 1733 992 famamque
1782 919 2019 974 veritatis
2040 958 2054 982 ,

472 1043 596 1085 cum
625 1026 694 1083 de
722 1025 809 1080 illa
853 1023 1013 1079 etiam
1059 1020 1113 1075 hi
1139 1017 1395 1089 quidquid
1438 1024 1700 1072 noverunt
1736 1015 1939 1081 dicunt,
1969 1014 2061 1084 qui

473 1120 523 1176 ei
551 1117 816 1190 perversis
848 1112 1084 1169 moribus
1111 1109 1503 1167 contradicunt.
1565 1107 1619 1163 ln
1650 1107 1857 1161 caeteris
1882 1114 2060 1160 autem

477 1206 913 1281 praedictionibus
939 1205 1049 1260 suis
1075 1203 1350 1258 dmmones
1394 1201 1703 1271 plerumque
1732 1208 1785 1254 et
1814 1200 2065 1253 falluntur

478 1310 533 1358 et
560 1300 767 1357 fallunt.
808 1297 1082 1353 Falluntur
1106 1295 1343 1366 quidem,
1370 1294 1493 1364 quia
1521 1308 1645 1348 cum
1673 1308 1796 1347 suas
1835 1291 2067 1360 disposi-

478 1392 653 1447 tiones
678 1387 1058 1461 praenuntiant,
1087 1401 1153 1441 ex
1181 1385 1469 1455 improviso
1496 1383 1727 1453 desuper
1753 1382 1949 1453 aliquid
1975 1382 2066 1452 ju-

480 1476 656 1539 hetnr,
688 1471 829 1541 quod
859 1485 1045 1526 eorum
1090 1468 1312 1524 consilia
1338 1476 1529 1524 cuncta
1580 1467 1871 1537 perturbet.
1915 1466 2071 1521 Velut

481 1565 527 1618 si
557 1561 757 1634 aliquid
781 1560 1069 1631 disponant
1096 1560 1320 1631 quilibet
1348 1559 1593 1614 homines
1620 1558 1937 1628 quibuslibet
1972 1572 2072 1628 po-

486 1654 765 1711 testatibus
789 1653 1007 1721 subditi,
1030 1652 1174 1723 quod
1200 1668 1303 1708 non
1332 1652 1692 1723 prohibituros
1710 1667 1837 1706 suos
1867 1667 2075 1722 przepo-

486 1749 617 1803 sitos
644 1746 984 1810 arbitrentur,
1018 1744 1175 1816 idque
1202 1743 1434 1799 facturos
1477 1759 1536 1798 se
1560 1758 1681 1799 esse
1720 1746 2069 1814 promittant;

484 1846 542 1893 at
570 1836 665 1905 illi,
707 1851 873 1908 penes
899 1851 1033 1908 quos
1063 1837 1233 1905 major
1278 1843 1510 1905 potestas
1537 1844 1639 1901 est,
1671 1850 1739 1889 ex
1779 1835 1885 1889 alio
1912 1850 2073 1904 supe—

487 1929 629 1985 riore
648 1927 870 1985 consilio
886 1929 987 1981 hoc
1009 1935 1176 1982 totum
1198 1926 1513 1997 dispositum
1534 1935 1695 1997 atque
1720 1935 2074 1996 praeparatum

488 2029 710 2093 repente
737 2019 1076 2091 prohibeant.
1118 2018 1396 2074 Falluntur
1422 2020 1582 2074 etiam
1613 2034 1734 2073 cum
1764 2019 1939 2073 causis
1978 2034 2077 2072 na-

484 2114 749 2170 turalibus
774 2114 971 2182 aliqua,
1004 2111 1141 2167 sicut
1171 2111 1385 2178 medici,
1413 2121 1505 2167 aut
1533 2119 1725 2176 nautae,
1757 2121 1848 2166 aut
1874 2113 2081 2181 agrico-

490 2208 581 2274 lae,
612 2206 706 2261 sed
737 2207 894 2276 longe
920 2205 1127 2260 acutius
1156 2205 1418 2275 longeque
1447 2206 1784 2274 praestantius
1813 2220 1909 2274 pro
1949 2204 2079 2259 aerii

491 2298 734 2369 corporis
760 2312 921 2352 sensu
943 2295 1223 2352 solertiore
1245 2304 1299 2352 et
1325 2296 1697 2352 exercitatiore
1718 2307 2075 2364 praenoscuut:

497 2388 622 2460 quia
647 2397 700 2443 et
729 2387 843 2442 hate
869 2388 935 2443 ab
967 2386 1186 2457 Angelis
1212 2387 1324 2441 Deo
1347 2401 1558 2441 summo
1601 2386 1686 2455 pie
1728 2387 2082 2442 servientibus

495 2480 599 2534 alia
640 2478 988 2550 dispositione
1018 2478 1195 2547 ignota
1223 2476 1555 2531 daemonibus
1584 2491 1655 2531 ex
1687 2476 1976 2546 improviso
2020 2493 2084 2532 ac

496 2578 717 2641 repente
760 2576 1048 2623 mutantur.
1091 2566 1370 2637 Tanquam
1396 2566 1440 2619 si
1466 2581 1609 2635 aegro
1638 2565 1839 2635 aliquid
1882 2568 2086 2621 extrin-

496 2675 651 2716 secus
698 2660 715 2691 ί
745 2658 969 2724 accidat,
997 2672 1103 2728 quo
1147 2659 1423 2721 moriatur,
1468 2670 1626 2724 quem
1670 2655 1909 2710 medicus
1947 2657 2085 2712 veris

499 2750 686 2805 salutis
712 2748 1132 2821 praecedentibus
1171 2747 1335 2817 signis
1365 2746 1626 2801 victurum
1667 2760 1788 2801 esse
1829 2747 2088 2815 promise-

500 2850 618 2907 rat;
646 2849 738 2894 aut
761 2841 804 2894 si
833 2840 973 2896 aeris
993 2839 1245 2909 qualitate
1272 2839 1519 2908 prtevisa,
1548 2837 1638 2892 diu
1660 2837 1906 2893 flaturum
1935 2840 2083 2895 illum

500 2940 716 2986 ventum
743 2938 1021 2986 nautarum
1065 2930 1258 3000 aliquis
1295 2928 1649 2999 praedixisset,
1695 2931 1782 2984 cui
1827 2931 2087 2986 Dominus

498 3020 741 3076 Christus
767 3037 885 3075 cum
915 3020 1189 3091 discipulis
1215 3020 1470 3091 navigans
1500 3029 1555 3075 ιιι
1582 3022 1884 3092 quiesceret
1912 3024 2087 3094 impe-

499 3116 655 3182 ravit,
698 3124 754 3169 et
798 3115 933 3169 facta
961 3124 1045 3169 est
1092 3114 1445 3184 tranquillitas
1488 3128 1678 3184 magna
1721 3114 1933 3185 (Matth.
1966 3130 2084 3181 vui,

499 3206 594 3278 26)
619 3224 635 3273 ;
664 3206 747 3261 vel
778 3206 823 3260 si
865 3205 1099 3276 agricola
1129 3204 1219 3260 illo
1262 3219 1404 3263 anno
1442 3203 1880 3260 fructiﬁcatnram
1925 3206 2086 3262 vitem

502 3299 731 3372 aliquam
763 3297 1095 3368 polliceatur,
1128 3307 1371 3352 naturam
1412 3297 1595 3368 utique
1638 3308 1793 3352 terra:
1821 3307 1876 3353 et
1903 3315 2090 3354 nume-

506 3407 596 3448 ros
638 3391 900 3446 seminum
928 3390 1152 3459 callens,
1179 3406 1285 3462 quo
1329 3398 1506 3445 tamen
1549 3405 1690 3446 anno
1720 3406 1838 3446 eam
1870 3393 1957 3448 vel
1985 3394 2087 3447 im-

508 3484 716 3554 provisa
746 3482 868 3539 caeli
898 3483 1243 3552 intemperies
1285 3483 1559 3551 arefaciat,
1605 3485 1687 3539 vel
1717 3485 1891 3555 aliqua
1916 3486 2089 3555 jussio

508 3575 817 3644 potentioris
843 3575 1115 3629 eradicet:
1141 3575 1210 3628 ita
1233 3576 1396 3629 multa
1416 3577 1574 3632 etiam
1602 3577 1668 3632 ad
1698 3579 2088 3648 prmscientiam

508 3668 1008 3737 przedietionemque
1042 3666 1345 3723 daemonum
1393 3670 1732 3738 pertinentia,
1763 3687 1882 3741 qua:
1913 3673 2089 3727 mino-

506 3765 652 3819 ribus
675 3773 730 3819 et
772 3762 1133 3817 usitatioribus
1175 3763 1349 3818 causis
1385 3762 1559 3818 futura
1591 3765 1968 3832 przevidentur,
2001 3780 2093 3821 ea-

507 3856 631 3911 dem
664 3855 955 3926 majoribus
983 3865 1037 3909 et
1061 3854 1440 3911 occultioribns
1466 3857 1640 3910 causis
1672 3857 1921 3926 impedita
1969 3873 2089 3913 mu-

506 3958 707 4002 tantur.
750 3945 961 4001 Fallunt
985 3955 1165 4000 autem
1195 3946 1355 4001 etiam
1395 3946 1570 4002 studio
1595 3947 1810 4003 fallendi
1838 3958 1892 4004 et
1916 3950 2090 4006 invida

509 4040 801 4100 voluntate,
850 4053 950 4108 qua
1004 4037 1280 4092 hominum
1329 4053 1514 4095 errore
1559 4039 1823 4094 ltetantur.
1868 4041 1973 4098 Sed
2022 4058 2094 4098 ne

509 4130 647 4200 apud
677 4131 910 4185 cultores
955 4144 1082 4183 suos
1113 4130 1320 4199 pondus
1364 4132 1697 4187 auctoritatis
1740 4134 2005 4199 amittant,
2039 4136 2092 4191 id

508 4228 691 4291 agunt,
738 4228 795 4275 ιιι
853 4220 1228 4289 interpretibus
1275 4221 1391 4276 suis
1453 4222 1829 4294 signorumque
1877 4241 2091 4282 suorum

510 4312 903 4383 conjectoribus
950 4313 1102 4382 culpa
1153 4312 1431 4378 tribuatur,
1490 4314 1703 4383 quando
1754 4317 1838 4371 vel
1886 4317 2093 4389 decepti

515 4402 709 4458 fuerint
737 4402 821 4457 vel
853 4402 1057 4457 mentiti
1082 4404 1124 4455 '.

584 4496 645 4550 Η
660 4534 673 4547 .
704 4494 838 4562 Quid
864 4508 992 4564 ergo
1011 4493 1228 4562 mirum,
1251 4494 1294 4549 si
1314 4493 1422 4564 jam
1446 4496 1757 4554 imminente
1774 4468 2092 4571 temjgorum

514 4595 605 4643 aut
649 4586 1055 4642 simulacrorum
1108 4588 1417 4653 eversione,
1465 4604 1625 4660 quam
1670 4591 1949 4664 Propheta:
2001 4597 2095 4652 Dei

511 4678 706 4733 smmi
735 4686 879 4732 tanto
904 4686 1029 4731 ante
1059 4678 1433 4749 praedixerant,
1462 4680 1676 4753 Serapis
1700 4684 1909 4742 daemon
1940 4690 2095 4745 alicui

513 4767 776 4824 cultorum
819 4783 1035 4822 suorum
1067 4769 1169 4825 hoc
1207 4770 1275 4825 de
1306 4773 1546 4841 proximo
1575 4776 1823 4844 prodidit,
1860 4789 1917 4834 ut
1946 4796 2094 4836 suam

512 4857 668 4929 quasi
710 4857 1040 4914 divinitatem
1086 4860 1345 4917 recedens
1390 4864 1474 4918 vel
1515 4862 1726 4935 fugiens
1752 4873 2099 4928 commenda-

514 4960 597 5006 ret
617 4950 641 5004 ?

586 5042 811 5099 CAPUT
853 5042 960 5097 νη.
986 5073 1059 5083 —
1086 5041 1189 5100 Cur
1214 5046 1469 5102 dwmones
1488 5048 1717 5119 ipsorum
1742 5055 1878 5108 mala
1919 5057 1999 5111 vel
2024 5059 2099 5112 si-

515 5134 672 5196 leant,
700 5133 777 5187 vel
797 5134 1074 5203 pradicant
1100 5137 1372 5192 interdum.
1415 5138 1684 5210 Fugantur
1709 5149 1853 5200 enim
1886 5146 1992 5213 isti,
2016 5151 2098 5204 vel

514 5226 676 5297 etiam
717 5225 883 5296 jussis
936 5228 1299 5298 superioribus
1346 5232 1573 5303 colligati
1620 5237 1999 5298 abstrahuntur
2043 5256 2098 5300 ct

581 5361 598 5390 ⁸
632 5356 738 5407 Sola
768 5358 918 5420 editio
935 5365 1073 5420 μον..
1094 5361 1402 5415 intrinsecus.

578 5420 716 5500 3..“‘3
733 5419 1486 5500 S‘ilEL'EdBPhﬂWW'
1508 5440 1618 5479 υενο
1655 5431 1766 5500 ipsi.
1784 5433 1983 5500 ηφιίθηί
2001 5441 2100 5500 spi-

516 5477 953 5563 tﬁﬁﬁﬁfi‘ﬂfﬁ
1231 5477 1391 5563 ρξεῖιίε
1412 5477 2096 5563 ίτιυαεὸῆεθξῖἀιιὶὶέἓῗᾶἱτῖἆ,

513 5538 1540 5623 Ἇὲῗίέίξῗνὲίέξζεὲιέφέυαάνφβυιὲ
1552 5538 1864 5623 audeas
1886 5538 2091 5623 ἕτῖἐιὲὶὶἱῑιῖ

513 5604 1392 5687 ~°~m'--~”“-~”5f”‘ffi.'§fiwzaaeed
1416 5610 1687 5687 ἐνεείιιρηιξε
1710 5604 2098 5687 enataret;

512 5666 1313 5748 Wﬁ-‘Lf‘ﬁl-‘ﬂﬂﬂ’éfﬁ
1334 5666 1664 5748 διιφῑςιεεᾷνηί.
1690 5666 2094 5748 Mittebat}

515 5722 2095 5811 Ξίὲιρακεεείφέωίὲιφίίηίίεξέξζίτεῖιωὲιδίῧῑιεὸῖίἧὶ,’ἳῖἆῖίὲἱιῖἷὲ

513 5782 639 5835 rant}
665 5785 843 5834 absunt
865 5782 969 5834 hac
988 5782 1051 5835 ab
1069 5782 1293 5843 omnibus
1310 5782 1417 5844 Mss.

2157 453 2456 509 alienantur
2480 469 2510 508 a
2540 454 2671 509 locis
2698 454 2829 517 suis,
2862 463 2919 508 ut
2946 451 3014 508 de
3053 453 3213 508 rebus
3253 453 3445 523 quibus
3490 453 3707 508 domina
3736 485 3743 491 ο

2157 544 2348 599 bantur
2387 544 2685 616 quibusque
2713 545 3040 610 colebantur,
3075 544 3167 599 fiat
3207 546 3452 599 voluntas
3486 545 3602 613 Dei,
3649 546 3743 617 qui

2159 636 2260 691 hoc
2288 644 2433 691 tanto
2457 647 2580 693 ante
2608 654 2702 708 per
2738 652 2926 693 omnes
2968 648 3154 709 gentes
3183 637 3418 693 futurum
3446 652 3567 695 esse
3596 655 3737 709 pra:-

2157 726 2309 793 dixit,
2337 736 2391 783 et
2415 735 2472 783 ut
2498 744 2594 798 per
2608 687 2746 784 rsuos
2784 687 3158 785 fidelesuﬁerct
3188 730 3485 800 imperavit.
3512 687 3625 785 Cn;
3651 747 3747 786 au-
3774 687 3796 793 ἑ

2161 829 2266 875 tem
2296 820 2397 875 hoc
2440 836 2546 877 non
2589 822 2855 877 sineretur
2896 821 3106 878 daemon
3150 822 3462 893 przedicerc,
3493 840 3615 879 cum
3645 826 3749 881 sibi

2157 912 2266 983 jam
2321 923 2680 983 praznosceret
2725 914 3044 971 imminere?
3074 929 3199 970 cum
3239 915 3353 970 lure
3384 916 3659 986 prmdictio
3692 927 3749 974 et

2165 1009 2441 1079 Prophetis
2492 1010 2510 1040 ί
2543 1016 2903 1074 attestaretur,
2946 1024 2975 1063 a
3006 1008 3199 1079 quibus
3224 1018 3347 1064 sunt
3377 1009 3475 1063 ista
3506 1013 3753 1065 conscri-

2166 1109 2273 1170 pta,
2305 1110 2359 1156 et
2397 1100 2743 1170 prudentibus
2786 1101 3004 1156 daretur
3029 1100 3252 1171 intelligi
3282 1117 3440 1171 quam
3467 1102 3749 1173 vigilanter

2166 1201 2307 1246 esset
2328 1191 2630 1245 daemonum
2654 1190 2886 1245 cavenda
2909 1189 3116 1247 fallacia
3146 1191 3423 1263 cultusque
3449 1192 3755 1265 fugiendus;

2167 1282 2258 1353 qui
2283 1298 2402 1336 cum
2430 1290 2549 1338 ante
2580 1298 2674 1352 per
2700 1290 2807 1337 tam
2834 1282 3048 1351 longum
3075 1290 3285 1352 tempus
3317 1283 3369 1337 in
3402 1286 3617 1357 templis
3640 1287 3756 1343 suis

2170 1376 2284 1431 ha-c
2326 1375 2500 1430 futura
2530 1376 2837 1441 tacuissent,
2867 1390 2986 1447 quae
3034 1391 3129 1445 per
3157 1376 3452 1447 Prophetas
3499 1379 3760 1450 praedicta

2171 1468 2415 1539 ignorare
2461 1482 2564 1522 non
2615 1475 2870 1538 possent,
2927 1476 3270 1536 posteaquam
3325 1472 3763 1543 appropinquare

2170 1568 2467 1629 cmperunt,
2509 1558 2791 1613 voluerunt
2835 1573 2896 1612 ea
2936 1558 3087 1628 quasi
3133 1556 3446 1627 praedicere,
3492 1577 3557 1616 ne
3589 1561 3764 1633 ignari

2175 1650 2405 1721 victique
2435 1658 2765 1719 putarentur.
2806 1647 2936 1704 Cum
2963 1648 3121 1719 igitur
3151 1656 3257 1702 tam
3282 1649 3438 1721 longe
3466 1662 3589 1706 ante
3624 1669 3767 1723 prae-

2174 1745 2371 1801 dictum
2415 1752 2558 1798 esset
2600 1753 2758 1814 atque
2796 1744 3178 1812 conscriptum,
3210 1752 3267 1797 ut
3295 1742 3395 1797 alia
3440 1746 3652 1800 interim
3686 1756 3764 1800 ta-

2175 1850 2345 1899 ceam,
2373 1834 2504 1889 illud
2534 1835 2674 1905 quod
2706 1835 3007 1905 Sophonias
3034 1834 3294 1905 propheta
3324 1835 3474 1902 dicit,
3505 1834 3771 1891 Prwvalc-

2178 1929 2245 1981 bit
2273 1927 2519 1982 Dominus
2544 1928 2783 1982 adversus
2829 1944 2930 1991 eos,
2981 1936 3027 1981 et
3053 1928 3402 1982 exterminabit
3432 1946 3603 1984 omnes
3646 1930 3771 1987 deos

2178 2019 2397 2089 gentium
2425 2028 2605 2082 term;
2633 2028 2679 2071 ct
2704 2016 2984 2071 adorabunt
3028 2034 3161 2082 eum,
3192 2018 3531 2089 unusquisque
3568 2019 3629 2072 de
3655 2020 3772 2075 loco

2178 2126 2290 2173 suo,
2324 2126 2494 2165 omnes
2529 2110 2711 2163 insula:
2749 2110 2972 2180 gentium
3012 2109 3252 2182 (Sep/ton
3278 2127 3337 2177 ll,
3370 2112 3456 2182 ll)
3482 2130 3497 2178 ;
3526 2120 3618 2166 aut
3659 2129 3772 2168 non

2180 2202 2467 2258 credebant
2496 2204 2594 2256 ista
2624 2203 2723 2257 sibi
2768 2212 3046 2269 eventura,
3075 2204 3164 2274 qui
3204 2203 3257 2257 in
3289 2205 3498 2275 templis
3527 2206 3769 2275 gentium

2181 2292 2508 2357 colebantur,
2539 2302 2594 2348 et
2640 2293 2759 2348 ideo
2788 2293 2904 2349 hmc
2933 2309 3027 2364 per
3068 2309 3193 2349 suos
3237 2306 3385 2351 vates
3410 2311 3472 2351 ac
3508 2296 3775 2352 fanaticos

2184 2386 2517 2457 frequentare
2555 2386 2836 2441 noluerunt
2865 2404 2879 2439 :
2908 2387 3045 2441 sicut
3086 2401 3271 2442 eorum
3317 2397 3469 2458 poeta
3499 2386 3774 2443 lunonem

2186 2478 2384 2533 inducit
2427 2493 2532 2533 non
2560 2477 2704 2532 omni
2743 2480 2904 2534 modo
2951 2478 3283 2545 credentem,
3325 2496 3444 2549 qure
3488 2479 3555 2535 de
3603 2480 3783 2539 Turni

2185 2578 2358 2623 morte
2397 2567 2604 2638 Jupiter
2630 2567 2861 2623 dixerat.
2888 2554 3027 2624 iuno
3069 2578 3246 2625 autem
3295 2570 3361 2625 ab
3389 2571 3502 2625 istis
3532 2580 3779 2641 potestas

2184 2662 2327 2718 aeria
2382 2661 2720 2733 praedicatur,
2772 2677 2892 2733 qum
2947 2662 3088 2734 apud
3140 2663 3415 2733 Virgilium
3466 2663 3543 2720 sic
3593 2665 3775 2736 loqui-

2188 2764 2272 2809 tur
2302 2770 2317 2807 :

2312 2894 2441 2936 Nunc
2461 2892 2625 2949 manet
2642 2887 2880 2937 insontem
2903 2889 3066 2949 gravis
3083 2890 3265 2947 exitus,
3288 2894 3490 2949 antego
3514 2889 3619 2938 veri

2311 2955 2436 3011 Vana
2460 2948 2588 2997 feror
2614 2962 2625 2995 :
2652 2950 2782 3011 quod
2798 2956 2854 2997 ut
2875 2948 3083 3011 o’potius
3100 2951 3354 2998 formidine
3373 2948 3491 2999 falsa

2312 3010 2486 3071 Ludar;
2505 3017 2557 3059 et
2577 3012 2625 3059 in
2644 3010 2820 3059 melius
2836 3010 2935 3070 tua,
2949 3012 3037 3082 qui
3055 3018 3215 3082 potes,
3224 3012 3637 3082 nersaretlenctasnl;

2943 3071 3152 3132 (mw.
3180 3072 3263 3123 lib.
3290 3074 3366 3133 ιο,
3392 3086 3434 3122 υ.
3461 3071 3713 3135 630-632.)

2188 3194 2295 3248 Aut
2321 3208 2449 3265 ergo
2469 3195 2566 3249 ista
2591 3195 2725 3262 sibi,
2754 3212 2871 3268 quae
2901 3212 2994 3268 per
3011 3197 3308 3268 Prophetas
3332 3197 3576 3267 praedicta
3608 3214 3786 3254 nove-

2189 3293 2345 3349 rant,
2393 3299 2551 3355 posse
2589 3285 2832 3343 accidere
2879 3286 3189 3352 daemones,
3240 3288 3343 3342 hoc
3381 3295 3463 3342 est
3490 3296 3786 3356 potestates

2189 3377 2348 3432 aerias
2365 3419 2381 3443 ,
2407 3376 2750 3444 dubitabant,
2778 3385 2834 3434 et
2865 3387 3144 3449 propterea
3171 3378 3564 3448 praedictionem
3591 3393 3786 3433 eorum

2189 3468 2462 3523 celebrare
2486 3468 2771 3524 noluerunt
2788 3509 2803 3534 ,
2827 3477 2881 3525 et
2908 3469 3033 3524 hinc
3063 3469 3459 3540 intelligendum
3488 3478 3569 3524 est
3594 3470 3788 3540 quales

2190 3560 2298 3614 sint
2326 3576 2339 3613 :
2368 3568 2459 3615 aut
2484 3574 2606 3615 cum
2636 3574 2696 3615 ea
2726 3568 2946 3615 ventura
2966 3561 3262 3616 certissime
3286 3561 3514 3625 scirent,
3543 3560 3662 3615 ideo
3686 3577 3789 3629 per

2190 3664 2286 3704 sua
2313 3651 2503 3721 templa
2534 3660 2847 3719 tacuerunt,
2881 3668 2948 3707 ne
2970 3652 3079 3722 jam
3109 3661 3231 3706 tunc
3270 3652 3565 3721 inciperent
3589 3653 3655 3707 ab
3681 3652 3787 3706 ho-

2192 3740 2422 3795 minibus
2456 3742 2867 3813 intelligentibus
2892 3742 3067 3799 deseri
3104 3753 3263 3813 atque
3297 3743 3600 3807 contemni,
3640 3744 3787 3815 quod

2191 3831 2259 3886 de
2311 3831 2629 3902 templorum
2676 3845 2835 3904 atque
2884 3835 3288 3890 simulacrorum
3341 3850 3557 3890 suorum
3604 3834 3790 3889 futura

2192 3924 2470 3978 eversione
2508 3924 2585 3979 eis
2628 3924 2947 3994 Prophetis‘
2988 3934 3368 3981 attestarentur
3413 3926 3502 3997 qui
3546 3941 3639 3980 eos
3680 3926 3790 3980 coli

2195 4014 2565 4086 prohibebant.
2608 4016 2759 4072 Nunc
2788 4032 2915 4073 vero
2943 4027 3287 4089 posteaquam
3331 4028 3540 4089 tempus
3569 4018 3794 4075 advenit

2193 4120 2301 4177 quo
2327 4106 2722 4176 complerentur
2745 4109 2990 4163 vaticinia
3034 4109 3417 4179 Pr0phetarum
3459 4109 3549 4165 Dei
3594 4111 3789 4175 mnus,

2194 4199 2283 4269 qui
2314 4198 2444 4254 istos
2473 4199 2603 4254 deos
2624 4199 2787 4255 falsos
2811 4199 2971 4265 dicit,
2995 4210 3048 4257 et
3072 4217 3139 4255 ne
3160 4201 3401 4256 colantur
3428 4201 3793 4257 vehementis-

2195 4292 2329 4346 sime
2355 4292 2626 4361 prtecipit;
2669 4307 2765 4348 cur
2813 4307 2917 4347 non
2962 4292 3064 4347 hoc
3105 4294 3267 4348 etiam
3313 4293 3410 4363 ipsi
3453 4302 3792 4362 compertum

2196 4382 2487 4451 praedicere
2529 4384 2856 4451 sinerentur,
2887 4392 2946 4439 ut
2966 4383 3089 4439 inde
3131 4385 3323 4440 clarius
3365 4393 3650 4455 appareret
3693 4400 3793 4441 eos

2200 4476 2313 4530 haec
2360 4486 2515 4530 antea
2543 4479 2624 4531 vel
2650 4477 2868 4532 minime
2887 4477 3197 4543 credidisse,
3230 4478 3311 4531 vel
3342 4478 3450 4532 suis
3492 4477 3795 4533 cultoribus

2198 4568 2475 4622 enuntiare
2503 4567 2776 4635 timuisse;
2808 4569 2861 4623 in
2892 4569 2994 4623 fine
3014 4581 3191 4623 autem
3211 4610 3224 4635 ,
3249 4578 3495 4638 tanquam
3530 4569 3661 4623 nihil
3688 4568 3794 4622 ha-

2199 4658 2390 4712 bentes
2414 4659 2640 4728 amplius
2660 4659 2801 4729 quod
2830 4668 3075 4731 agerent,
3106 4660 3264 4714 etiam
3288 4660 3357 4714 ibi
3379 4661 3610 4715 voluisse
3636 4676 3794 4714 suam

2200 4756 2468 4804 ostentare
2492 4750 2904 4815 divinationem,
2935 4751 3021 4805 ubi
3041 4750 3151 4821 jam
3183 4750 3478 4821 produntur
3501 4751 3588 4805 diu
3617 4750 3795 4805 simu-

2202 4840 2340 4894 lasse
2358 4839 2731 4894 divinitatem?

2269 4930 2498 4987 CAPUT
2538 4931 2669 4985 VIII.
2700 4962 2769 4971 —-
2808 4932 2894 4985 12.
2943 4931 3206 4986 ὓωηιοηρε
3244 4933 3513 5002 prmdicerc
3557 4934 3796 4999 quadam

2201 5039 2396 5077 vrracx
2420 5025 2638 5079 oraculis
2666 5023 3034 5094 Prophetarum
3066 5027 3300 5095 potuisse,
3334 5027 3461 5081 nihil
3491 5036 3655 5079 tamen
3690 5045 3792 5079 au-

2200 5130 2283 5169 sos
2304 5116 2468 5169 dicere
2492 5126 2666 5169 contra
2692 5115 2854 5169 Deum
2880 5133 3067 5170 verum.
3098 5117 3248 5183 Quod
3278 5127 3453 5171 autem
3481 5118 3662 5173 dicunt
3708 5135 3802 5173 rc-

2202 5206 2328 5276 hqui
2359 5220 2541 5260 eorum
2572 5207 2803 5262 cultores
2829 5250 2844 5273 ,
2874 5208 3032 5263 etiam
3054 5225 3266 5264 suorum
3290 5210 3606 5280 quibusdam
3642 5211 3805 5267 libris

2204 5299 2315 5353 inec
2335 5300 2653 5370 praecognita
2681 5299 2966 5366 contineri,
2991 5317 3292 5372 quanquam
3321 5317 3382 5357 ex
3407 5303 3567 5357 rebus
3597 5304 3803 5371 imple-

2202 5393 2269 5444 tis
2302 5390 2525 5445 conficta
2563 5390 2791 5460 putanda
2831 5392 2936 5447 sint
2976 5408 3091 5463 qua:
3129 5395 3181 5448 in
3225 5409 3409 5449 eorum
3442 5392 3651 5464 templis
3682 5407 3803 5450 tam

2204 5484 2358 5553 longo
2384 5492 2538 5540 antea
2562 5496 2799 5555 tempore
2829 5486 3035 5557 pepulis
3068 5501 3250 5542 eorum
3278 5490 3322 5542 si
3348 5504 3472 5543 vera
3500 5500 3681 5543 essent
3710 5489 3803 5553 in-

2200 5585 2481 5632 notescere
2500 5576 2825 5645 debuerunt,
2853 5579 2989 5633 sicut
3017 5587 3195 5633 nostra
3235 5594 3340 5634 non
3379 5580 3551 5635 solum
3593 5580 3646 5634 in
3688 5580 3804 5638 Et:-

2263 5753 2278 5819 f
2313 5756 2391 5819 Sig
2421 5760 2536 5819 _Mss.
2572 5762 2629 5819 Αι
2674 5754 2828 5814 editi,
2852 5769 2882 5805 a
2918 5755 3166 5819 Prophm‘s
3204 5772 3222 5809 :
3262 5762 3426 5812 minus
3449 5763 3599 5810 bene.

2262 5816 2281 5844 '
2316 5814 2449 5877 Fditi,
2474 5814 2738 5881 Prephetaz.
2767 5814 3086 5868 Ernetulaniur
3105 5834 3167 5869 ex
3196 5830 3302 5871 Mss.

3926 1402 3953 1418 χ
