4102 6336
261 356 359 431 sss'
1667 366 1865 426 nam
1909 366 2103 424 usus.

259 491 423 546 clesiis
453 487 683 556 n0s'tris,
716 503 898 544 verum
940 486 1098 541 etiam
1119 530 1131 553 ,
1164 483 1304 557 quod
1343 486 1407 540 ad
1439 486 1656 555 gravius
1683 486 1832 539 testi-

259 579 481 634 monium
509 588 692 633 contra
721 593 909 634 omnes
936 577 1179 632 inimicos
1216 577 1352 630 valet
1375 618 1388 641 ,
1435 576 1485 629 iu
1530 576 1831 629 Judatorum

258 670 529 742 synagogis
569 669 932 739 antiquissima
981 678 1034 722 et
1076 666 1348 722 notissima
1400 668 1725 720 recitantur:
1757 677 1833 719 ta-

258 778 365 816 men
394 775 494 815 nec
524 761 625 814 ista
649 761 760 829 ipsa
788 776 903 827 quze
928 759 996 814 ab
1020 759 1096 813 eis
1118 760 1201 813 vix
1225 773 1345 812 raro
1370 770 1422 812 et
1448 759 1684 812 clanculo
1715 773 1834 825 pro-

258 851 490 907 feruntur
512 893 526 913 ,
559 865 772 904 movere
808 865 904 904 nos
929 850 1157 914 debent,
1190 850 1231 903 si
1262 850 1504 918 cuiquam
1532 849 1830 903 darmomun

254 952 508 997 extortum
535 952 615 996 est
646 941 695 994 id
720 940 942 1009 prodere
967 940 1255 995 cultoribus
1286 942 1426 1004 suis,
1464 939 1600 1008 quod
1629 939 1830 994 didice-

256 1041 327 1087 rat
342 1048 404 1085 ex
417 1032 641 1102 eloquiis
658 1032 1038 1101 Prophetarum
1054 1032 1133 1085 vel
1156 1047 1221 1086 ex
1244 1032 1471 1085 oraculis
1486 1030 1827 1100 Angt-lorum.

253 1123 393 1190 Quod
422 1138 521 1179 cur
544 1139 648 1178 non
681 1123 829 1178 (ieret
847 1163 861 1187 ,
889 1138 1009 1177 cum
1044 1131 1097 1177 et
1124 1123 1221 1178 ista
1250 1138 1353 1177 non
1381 1123 1448 1175 sit
1472 1124 1790 1192 Oppugnatio
1811 1164 1826 1187 ,

253 1215 335 1268 sed
364 1212 635 1269 attestatio
660 1214 895 1269 veritatis
916 1212 939 1267 τ
964 1213 1095 1269 illud
1124 1214 1265 1268 enim
1293 1212 1432 1283 quod
1459 1213 1627 1268 solum
1658 1213 1725 1267 ab
1750 1212 1830 1268 eis

250 1304 585 1375 ﬂagitandum
615 1313 698 1360 est
740 1305 796 1371 ¹,
844 1319 942 1361 nec
983 1320 1213 1375 unquam
1258 1312 1410 1358 antea
1461 1303 1827 1372 protulerunt,

249 1413 339 1453 nec
385 1412 619 1468 unquam
667 1407 849 1467 postea
873 1437 890 1465 ,
930 1398 1031 1452 nisi
1073 1398 1207 1452 forte
1231 1397 1512 1453 conﬁctum
1538 1438 1554 1463 ,
1594 1397 1830 1466 proferre

249 1487 605 1551 conabuntur,
652 1486 849 1556 aliquid
888 1487 1018 1542 deos
1049 1502 1174 1541 suos
1197 1502 1292 1559 per
1322 1496 1467 1541 vates
1490 1502 1615 1540 suos
1643 1495 1827 1540 contra

249 1576 408 1632 Deum
450 1576 613 1633 Israel
652 1592 813 1632 ausos
852 1577 1142 1647 praedicere
1182 1577 1346 1632 fuisse
1383 1586 1474 1632 aut
1508 1577 1706 1632 dicere.
1754 1578 1830 1632 De

246 1680 342 1737 quo
367 1668 480 1723 Deo
504 1668 795 1723 doctissimi
816 1683 1001 1725 eorum
1025 1677 1267 1724 auctores
1287 1711 1301 1735 ,
1326 1669 1411 1739 qui
1433 1670 1607 1723 omnia
1640 1669 1723 1723 illa
1753 1669 1830 1724 le-

246 1774 360 1830 gere
408 1774 477 1814 ac
531 1774 689 1814 nosse
750 1768 1067 1830 potuerunt,
1126 1760 1293 1828 magis
1340 1759 1662 1830 quatsierunt
1708 1760 1827 1828 quis

246 1850 375 1919 Deus
404 1860 568 1917 esset,
600 1867 757 1921 quam
792 1851 955 1907 Deum
986 1867 1178 1922 negare
1207 1860 1510 1922 potuerunt.
1540 1850 1704 1906 Porro
1729 1867 1824 1904 au-

243 1952 339 1998 tem
373 1943 515 1998 Deus
556 1943 682 2010 iste,
711 1958 869 2012 quem
899 1944 1074 1999 nullus
1106 1960 1290 1999 eorum
1317 1959 1511 2013 negare
1551 1959 1710 1998 ausus
1744 1952 1827 1997 est

243 2049 421 2090 verum
452 2034 650 2100 Deum,
676 2036 762 2104 qui
784 2044 837 2090 et
864 2036 907 2090 si
938 2044 1171 2105 negaret,
1200 2050 1302 2089 non
1330 2035 1500 2088 solum
1528 2035 1825 2103 subjaceret

242 2125 430 2180 debitis
455 2126 628 2193 paruis
645 2166 659 2188 ,
694 2140 876 2182 verum
898 2125 1056 2180 etiam
1080 2125 1243 2180 certis
1262 2124 1666 2180 convinceretur
1694 2123 1824 2178 elic-

241 2216 439 2274 ctibus:
473 2217 574 2271 iste
596 2231 723 2286 ergo
751 2217 919 2283 Deus,
942 2232 1097 2286 quem
1127 2232 1284 2272 nemo
1304 2258 1318 2283 ,
1348 2224 1403 2270 ut
1441 2215 1582 2281 dixi,
1613 2215 1823 2270 illorum

241 2321 393 2361 ausus
420 2315 503 2361 est
536 2322 732 2377 negare
760 2322 939 2363 verum
970 2307 1136 2363 Deum
1161 2350 1174 2373 ,
1211 2308 1330 2363 illos
1360 2306 1520 2363 falsos
1550 2324 1668 2363 esse
1695 2308 1824 2364 deos

242 2406 289 2451 et
310 2398 532 2452 omnino
562 2397 915 2465 deserendos,
943 2414 1232 2469 eorumque
1254 2399 1445 2469 templa
1470 2410 1521 2455 et
1546 2401 1823 2454 simulacra

240 2495 289 2540 et
307 2501 460 2542 sacra
487 2487 772 2542 evertenda
806 2504 897 2557 per
922 2504 1048 2544 suos
1074 2500 1243 2558 vates,
1269 2491 1370 2545 hoc
1398 2500 1480 2545 est
1508 2491 1819 2562 Prophetas,

240 2588 415 2646 aperta
438 2577 839 2635 denuntiatione
877 2580 1146 2649 prazdixit,
1191 2591 1373 2651 aperta
1404 2591 1663 2653 potestate
1690 2598 1823 2651 prte-

239 2670 404 2739 cepit,
456 2680 642 2739 aperta
694 2671 915 2725 veritate
957 2672 1263 2742 complevit.
1294 2671 1446 2727 Unde
1491 2673 1608 2742 quis
1656 2686 1823 2743 usque

238 2759 363 2814 adeo
392 2760 621 2830 desipiat
642 2800 658 2828 ,
691 2761 779 2832 qui
823 2777 928 2817 non
961 2763 1134 2832 potius
1162 2778 1282 2819 eum
1321 2762 1598 2817 colendum
1626 2763 1819 2833 eligat,

240 2867 392 2920 quem
426 2853 530 2908 coli
558 2868 665 2907 non
688 2854 970 2924 prohibent
997 2869 1131 2925 quos
1155 2864 1209 2909 et
1231 2855 1474 2910 colebat?
1503 2857 1670 2922 Quem
1698 2872 1820 2925 pro-

237 2948 315 2998 cut
355 2944 524 2999 dubio
570 2960 699 3000 cum
736 2946 913 3000 colere
939 2949 1195 3016 coeperit,
1236 2947 1357 3002 illos
1384 2948 1564 3018 utique
1607 2963 1712 3003 non
1741 2957 1825 3004 est

238 3036 496 3100 culturus,
526 3051 663 3106 quos
684 3038 928 3107 prohibet
946 3039 1047 3092 coli
1068 3054 1222 3108 quem
1249 3039 1394 3094 colit.

301 3128 533 3185 CAPUT
554 3128 827 3185 lX.—13.
860 3129 1157 3184 Dwntonum
1187 3131 1353 3185 cultus
1381 3132 1526 3185 unius
1550 3131 1642 3185 Dei
1665 3132 1823 3185 cultui

237 3236 461 3275 cessuros
495 3223 789 3291 prwdictum
810 3239 841 3274 a
871 3222 1157 3291 Prophetis.
1172 3223 1324 3290 Quod
1342 3230 1516 3278 autem
1538 3225 1708 3293 ipsum
1732 3238 1820 3279 es-

237 3321 349 3366 sent
386 3312 615 3367 cultura:
652 3322 836 3382 gentes
861 3314 1224 3369 exterminatis
1249 3314 1351 3369 diis
1387 3314 1530 3368 ialsis
1556 3329 1691 3384 quos
1723 3330 1821 3369 an-

238 3413 313 3458 tea
341 3404 625 3469 colebant,
656 3421 685 3459 a
716 3406 996 3476 Pmphetis
1032 3407 1147 3477 ejus
1175 3422 1295 3463 esse
1325 3407 1636 3476 praedictum
1663 3409 1821 3479 paulo

236 3503 352 3550 ante
372 3497 825 3560 commemoravi,
857 3506 910 3552 et
937 3512 1078 3552 nunc
1100 3506 1283 3566 repeto
1316 3515 1330 3554 :
1368 3496 1666 3552 Prtevalebit
1689 3540 1705 3563 ,
1736 3499 1820 3553 in-

236 3586 343 3654 quit
359 3628 376 3648 ,
402 3585 654 3639 Dominus
672 3586 909 3640 adversus
933 3603 1015 3641 eos
1036 3629 1049 3653 ,
1074 3596 1118 3640 et
1138 3587 1483 3641 exterminabit
1512 3605 1681 3643 omnes
1702 3589 1821 3643 deos

236 3678 455 3743 gentium
481 3685 661 3740 terra,
692 3685 738 3729 et
765 3676 1043 3729 adorabunt
1081 3693 1193 3729 eum
1212 3720 1225 3739 ,
1258 3678 1595 3748 unusquisque
1620 3679 1680 3732 de
1710 3677 1820 3733 loco

236 3782 353 3830 suo,
386 3782 562 3819 omnes
589 3766 771 3820 insula:
798 3768 1040 3837 gentium.
1080 3766 1260 3837 Neque
1301 3769 1427 3821 solm
1465 3769 1683 3837 insulae,
1726 3769 1819 3824 scd

236 3861 300 3913 ita
337 3873 534 3915 omnes
570 3870 755 3926 gentes
779 3900 791 3923 ,
836 3859 1080 3913 utetiam
1110 3872 1298 3912 omnes
1324 3859 1507 3913 insulse
1545 3862 1817 3928 geritium;

234 3950 661 4021 quandoquidem
689 3949 813 4005 alibi
840 3964 943 4004 non
972 3949 1173 4003 insulas
1199 3950 1458 4017 nominat,
1489 3950 1581 4005 sed
1610 3952 1821 4006 univer-

234 4053 347 4095 sum
388 4041 577 4096 orbem
626 4049 919 4105 terrarum,
961 4038 1146 4095 dicens
1178 4038 1740 4094 :Commemwubuntur
1772 4051 1822 4096 et

233 4140 585 4187 convertentur
609 4131 677 4184 ad
705 4129 976 4184 Dominum
1002 4130 1217 4185 universi
1245 4131 1370 4199 ﬁnes
1398 4140 1544 4187 terrte
1559 4146 1578 4194 ;
1605 4139 1651 4183 et
1693 4132 1820 4185 ado-

234 4223 415 4277 rabunt
440 4224 492 4277 in
518 4232 784 4293 conspectu
804 4222 913 4292 ejus
942 4221 1182 4275 universa:
1205 4221 1383 4290 patriw
1401 4222 1641 4291 gentium.
1680 4222 1821 4288 Quo-

234 4315 368 4369 niam
399 4315 609 4369 Domini
640 4324 712 4370 est
734 4331 973 4385 regnum,
1016 4321 1062 4367 et
1085 4314 1192 4383 ipse
1220 4313 1557 4367 dominabitur
1577 4316 1817 4384 gentium.

234 4405 357 4464 llaec
402 4416 582 4463 autem
627 4423 722 4478 per
760 4408 1027 4462 Christum
1062 4405 1223 4460 fuisse
1247 4406 1599 4475 complenda,
1628 4417 1680 4461 et
1703 4408 1820 4463 aliis

235 4499 477 4566 pluribus
505 4498 820 4553 testimoniis
840 4540 853 4563 ,
883 4507 937 4553 et
976 4498 1026 4551 in
1059 4496 1246 4551 eodem
1291 4498 1407 4564 ipso
1448 4498 1654 4567 psalmo
1680 4499 1820 4552 unde

233 4588 332 4647 hoc
376 4591 822 4654 commemoravi,
870 4590 996 4643 satis
1042 4597 1277 4659 apparet.
1310 4587 1440 4643 Cum
1484 4590 1623 4643 enim
1663 4591 1819 4658 paulo

231 4684 480 4752 superius
526 4680 753 4755 futuram
805 4682 1101 4750 passionem
1155 4694 1304 4733 suam
1354 4694 1453 4750 per
1498 4678 1815 4748 Prophetam

232 4776 345 4846 ipse
369 4780 701 4846 loqueretur,
726 4776 929 4841 dicens,
959 4772 1220 4827 Fuderunt
1244 4789 1423 4825 manus
1444 4788 1576 4825 meas
1604 4781 1650 4825 et
1671 4773 1818 4843 pedes

228 4885 395 4934 meos,
424 4869 865 4922 dinumeraverunt
891 4866 1059 4920 omnia
1087 4880 1200 4919 ossa
1219 4879 1365 4927 mea;
1389 4863 1486 4933 ipsi
1514 4879 1626 4917 vero
1655 4868 1817 4917 consi-

229 4960 530 5015 deraverunt
564 4970 615 5015 et
658 4968 1018 5029 conspexerunt
1062 4974 1176 5022 me,
1219 4957 1488 5010 diviserunt
1534 4955 1629 5009 sibi
1668 4958 1816 5009 vesti-

226 5063 397 5106 menta
436 5068 582 5118 mea,
623 5060 671 5104 et
707 5066 856 5119 super
902 5057 1081 5103 vestem
1134 5063 1297 5101 meam
1341 5047 1583 5100 miserunt
1633 5057 1815 5100 sortem

226 5141 404 5209 (Psal.
438 5157 565 5208 ιιι,
598 5140 697 5206 ‘28,
724 5140 827 5204 29,
858 5140 958 5206 l7,
992 5138 1091 5203 18,
1124 5136 1262 5208 19);
1307 5137 1461 5206 paulo
1502 5144 1622 5206 post
1660 5136 1817 5190 infert

224 5235 356 5290 illud
384 5234 531 5305 quod
559 5234 733 5304 posui,
760 5228 1290 5286 Commemorabuntur
1312 5239 1359 5284 et
1386 5239 1730 5285 convertentur
1748 5230 1816 5283 ad

224 5323 511 5379 Dominum
536 5325 756 5379 universi
779 5326 905 5392 ﬁnes
933 5334 1079 5377 terra:
1097 5363 1110 5386 ,
1138 5331 1241 5376 etc.
1267 5321 1578 5391 Quanquam
1620 5330 1673 5376 et
1721 5336 1816 5392 per

223 5415 352 5472 illud
387 5416 749 5473 testimonium
780 5413 918 5486 quod
946 5414 1092 5484 prius
1107 5411 1343 5479 adhibui,
1376 5413 1461 5466 ubi
1491 5412 1688 5467 dictum
1710 5422 1811 5479 est,

228 5508 535 5564 Prenalebit
559 5508 807 5561 Dominus
829 5506 1065 5559 adversus
1091 5520 1174 5558 eos
1197 5544 1213 5571 ,
1242 5514 1286 5557 et
1327 5504 1670 5558 exterminabit
1702 5520 1813 5557 om-

220 5619 307 5656 nes
332 5603 465 5656 deos
482 5601 705 5672 gentium
720 5608 900 5662 terrai;
930 5598 982 5652 in
1002 5611 1069 5652 eo
1092 5595 1232 5666 quod
1260 5594 1484 5664 positum
1520 5603 1634 5660 est,
1666 5593 1813 5648 Prte-

219 5692 446 5755 snlebit,
498 5690 628 5745 satis
674 5687 971 5742 ostenditur
1016 5688 1117 5740 hoc
1163 5688 1322 5740 etiam
1366 5686 1812 5756 praenuntiatum,

279 5796 298 5834 ι
337 5808 425 5850 ssc
441 5809 542 5853 uss.
562 5807 618 5852 At
642 5799 779 5860 etuti,
803 5797 860 5848 ab
882 5796 997 5860 ipsis
1021 5795 1241 5860 fanaticis
1260 5795 1574 5862 ﬂagitandum
1601 5803 1685 5846 est.

3422 391 3523 449 590

1943 484 2082 552 quod
2112 483 2301 551 Pagani
2326 483 2470 553 prius
2497 492 2846 559 oppugnaturi
2868 507 3045 552 essent
3078 490 3391 570 Ecclesium.
3418 527 3519 563 ιιι)-

1938 589 2164 645 meoque
2198 574 2554 633 Christianum
2590 591 2842 650 quantum
2873 588 3109 645 valerent
3150 603 3513 668 persecuturi,

1939 676 1993 720 ut
2031 667 2075 720 si
2099 666 2210 722 lieri
2242 678 2421 737 posset
2458 674 2675 729 omnino
2701 674 2764 730 de
2793 686 2929 733 terra
2973 680 3278 742 deleretur:
3309 700 3363 743 et
3392 666 3516 760 quia

1937 770 2029 810 eos
2057 758 2304 825 patientia
2342 770 2630 833 martyrum
2658 775 2710 819 et
2739 772 3097 838 magnitudine
3138 758 3513 838 miraculorum

1936 857 2049 901 erat
2079 859 2458 919 superaturos,
2506 864 2559 907 et
2605 870 2965 927 consequente
3013 862 3115 919 ﬁde
3160 870 3514 941 populorum,

1937 937 2057 992 ideo
2077 939 2153 994 sic
2182 939 2377 995 dictum
2406 951 2507 1008 est,
2535 942 2832 1002 Piwvatebit
2856 949 3107 1010 Dominus
3143 959 3383 1017 adversus
3409 937 3512 1019 eos.

1934 1027 2045 1082 Non
2075 1030 2217 1085 enim
2242 1032 2538 1101 diceretur,
2568 1035 2862 1093 Prtevalebit
2885 1043 3121 1100 adversus
3139 1064 3257 1119 eos,
3288 1052 3389 1107 nisi
3415 1068 3515 1124 0p-

1932 1121 2215 1213 pugnando
2236 1121 2310 1175 illi
2339 1123 2666 1180 resisterent.
2696 1126 2845 1184 Unde
2870 1140 2924 1186 et
2962 1134 3014 1188 in
3042 1135 3250 1194 Psalmo
3277 1140 3346 1196 ita
3392 1121 3517 1213 pro-

1935 1208 2205 1303 phetatum
2227 1221 2306 1267 est
2340 1231 2353 1268 :
2389 1214 2578 1283 thuid
2602 1222 2910 1290 fremuerunt
2934 1235 3122 1295 gentes,
3151 1238 3199 1283 et
3222 1208 3516 1303 papuIi-me-

1933 1300 2078 1354 ditati
2102 1313 2219 1357 sunt
2247 1304 2418 1359 inania
2438 1307 2464 1360 .9
2481 1308 2760 1365 Astiterunt
2785 1329 2923 1384 reges
2950 1326 3093 1371 terra:
3115 1361 3130 1386 ,
3177 1300 3229 1375 et.
3262 1300 3514 1395 principes

1932 1406 2262 1448 convenerunt
2290 1397 2342 1451 in
2387 1415 2574 1466 unum,
2602 1402 2840 1459 adversus
2882 1406 3156 1466 Dominum
3194 1424 3239 1467 et
3276 1418 3514 1472 adversus

1933 1486 2182 1541 Christum
2213 1491 2339 1560 ejus.
2371 1492 2435 1546 Et
2470 1496 2624 1562 paulo
2650 1507 2769 1565 post
2808 1498 2936 1554 dicit
2966 1519 2978 1556 :
3011 1502 3256 1561 Dominus
3284 1510 3410 1562 dixit
3444 1512 3514 1564 ad

1930 1594 2041 1644 me,
2078 1577 2242 1633 Filius
2283 1598 2422 1636 meus
2461 1600 2512 1638 es
2541 1595 2593 1638 tu
2612 1628 2625 1649 ,
2658 1603 2749 1656 ego
2778 1589 2928 1644 hodie
2949 1595 3098 1663 genui
3124 1604 3173 1649 te
3196 1611 3218 1651 :
3245 1599 3446 1668 postulo
3482 1617 3514 1654 η

1931 1684 2009 1720 me
2026 1709 2040 1733 ,
2064 1679 2113 1722 et
2140 1671 2268 1724 dabo
2295 1672 2383 1726 tibi
2402 1685 2570 1744 gentes
2598 1677 2942 1736 haereditatem
2961 1692 3101 1737 tuam
3118 1725 3136 1752 ,
3162 1696 3211 1742 et
3239 1692 3514 1757 possessio-

1929 1776 2041 1812 nem
2084 1769 2222 1815 tuam
2272 1764 2507 1819 terminos
2554 1778 2700 1823 terra:
2729 1769 2902 1842 (Psal.
2943 1791 3009 1840 tt,
3041 1776 3105 1844 1,
3137 1778 3205 1847 2,
3246 1782 3332 1851 7).
3375 1783 3516 1840 Ecce
3579 1806 3585 1811 '

1931 1848 2070 1904 unde
2095 1849 2291 1906 dictum
2321 1862 2401 1907 est
2426 1866 2479 1909 et
2518 1856 2568 1909 in
2597 1858 2701 1913 alio
2728 1862 2933 1930 psalmo
2962 1866 3102 1935 quod
3141 1848 3384 1939 superius
3425 1875 3510 1928 in-

1930 1941 2163 2009 terposui
2179 1984 2195 2008 ,
2223 1941 2751 2002 Commemorabuntur
2791 1962 2840 2006 et
2864 1966 3208 2012 convertentur
3234 1960 3304 2013 ad
3328 1961 3509 2018 Domi~

1927 2047 2048 2123 num
2069 2035 2288 2123 universi
2310 2038 2437 2105 ﬁnes
2457 2046 2619 2093 terra.
2646 2041 2739 2097 His
2765 2052 2923 2114 atque
2944 2046 3245 2116 iiujusmodi
3278 2057 3511 2123 prophe-

1930 2121 2047 2175 ticis
2070 2121 2403 2181 documentis
2431 2129 2738 2197 praedictum
2761 2136 3076 2203 ostenditur,
3103 2141 3244 2209 quod
3265 2121 3510 2201 videmus

1928 2212 2132 2283 impleri
2161 2231 2255 2284 per
2283 2217 2571 2287 Christum,
2598 2222 2827 2278 futurum
2858 2225 3021 2282 fuisse
3049 2238 3104 2284 ut
3135 2230 3277 2286 Deus
3309 2232 3467 2290 Israel
3489 2270 3509 2301 ,

1927 2317 2083 2372 quem
2116 2320 2275 2360 unum
2303 2322 2489 2363 verum
2534 2310 2703 2367 Deum
2743 2314 3117 2387 intelligimus,
3159 2337 3264 2375 non
3309 2323 3360 2377 in
3406 2341 3509 2379 una

1926 2395 2038 2464 ipsa
2064 2406 2219 2467 gente
2249 2415 2365 2469 qua:
2402 2404 2662 2472 appellata
2692 2414 2775 2461 est
2810 2404 2970 2463 Israel
2994 2451 3008 2473 ,
3045 2411 3141 2465 sed
3180 2414 3234 2467 in
3265 2416 3512 2471 omnibus

1925 2487 2168 2555 gentibus
2191 2491 2490 2559 coleretur,
2523 2504 2578 2550 et
2604 2510 2789 2553 omnes
2819 2497 2979 2556 falsos
3024 2501 3152 2558 deos
3178 2505 3424 2561 Gentium
3454 2519 3510 2563 et

1924 2591 1955 2631 a
1995 2580 2203 2650 templis
2242 2598 2427 2638 eorum
2470 2594 2522 2640 et
2548 2602 2579 2642 a
2604 2588 2854 2645 cordibus
2881 2592 3145 2648 cultorum
3172 2610 3388 2651 suorum
3414 2600 3508 2653 de-

1925 2671 2201 2726 moliretur
2224 2674 2261 2726 ¹.

1995 2761 2221 2818 CAPUT
2262 2764 2327 2819 Χ.
2357 2796 2427 2806 -
2458 2767 2540 2822 Μ.
2572 2767 2901 2840 Paganorum
2928 2775 3155 2846 reliquia:
3196 2781 3385 2849 {rustra
3421 2784 3512 2852 ja-

1925 2859 2062 2904 ctant
2076 2852 2354 2908 doctrinam
2382 2866 2430 2909 et
2460 2863 2759 2927 sapientiam
2787 2879 2952 2916 suam.
2984 2865 3119 2921 Eant
3143 2884 3282 2924 nunc
3307 2871 3427 2938 isti,
3453 2884 3508 2927 et

1924 2939 2097 2996 adhuc
2124 2954 2306 2998 contra
2330 2946 2674 3005 Christianam
2698 2953 3007 3023 religionem
3029 2966 3083 3011 et
3110 2969 3295 3015 contra
3320 2978 3502 3017 verum

1927 3032 2019 3085 Dei
2050 3033 2248 3090 cultum
2267 3040 2526 3095 vanitates
2559 3044 2807 3111 pristinas
2833 3046 3156 3104 defensitare
3177 3054 3426 3119 audeant,
3450 3069 3507 3111 ut

1923 3136 2044 3177 cum
2074 3128 2294 3195 strepitu
2332 3139 2567 3198 pereant.
2597 3132 2725 3186 Nam
2758 3146 2807 3188 et
2836 3136 2934 3191 hoc
2963 3139 3029 3194 de
3056 3139 3157 3194 iiiis
3196 3143 3503 3211 prmdictum

1924 3216 2080 3269 estin
2108 3217 2339 3286 l'salmo,
2370 3220 2578 3278 dicente
2619 3225 2879 3295 Propheta
2918 3248 2931 3282 :
2965 3230 3156 3287 Sedisti
3192 3252 3343 3307 super
3368 3237 3507 3292 thro-

1924 3324 2066 3369 num,
2097 3310 2185 3379 qui
2200 3311 2409 3379 judicas
2432 3317 2734 3383 tequitatem.
2762 3317 3043 3390 lncrepasti
3068 3333 3256 3393 gentes,
3285 3337 3331 3381 et
3360 3330 3506 3397 periit

1922 3397 2151 3466 impius;
2180 3416 2359 3455 nomen
2386 3420 2559 3458 eorum
2588 3406 2763 3461 delein
2790 3410 2841 3462 in
2881 3420 3122 3466 teternum
3144 3456 3158 3480 ,
3189 3425 3234 3468 et
3260 3419 3313 3470 in
3342 3434 3504 3472 stren-

1924 3488 2027 3541 lum
2052 3492 2240 3546 stcculi.
2264 3491 2472 3549 Inimici
2495 3497 2777 3567 defecerunt
2802 3503 3008 3572 framea:
3034 3505 3087 3558 in
3111 3506 3284 3574 ﬁnem,
3308 3519 3352 3563 et
3375 3511 3501 3564 civi-

1924 3587 2048 3632 tates
2094 3596 2264 3635 corum
2313 3585 2617 3641 destruan'sti.
2667 3588 2827 3644 Periit
2880 3596 3119 3649 memoria
3170 3612 3340 3651 eorum
3385 3616 3496 3656 cum

1924 3675 2161 3745 strepitu,
2199 3686 2245 3730 et
2271 3675 2516 3733 Dominus
2546 3681 2597 3734 in
2626 3694 2866 3738 internum
2908 3694 3164 3755 permanet
3205 3688 3371 3759 (Psal.
3403 3709 3455 3747 nt
3481 3730 3500 3758 .

1924 3766 2060 3839 5.8).
2088 3769 2315 3826 Necesse
2343 3782 2426 3828 cst
2444 3788 2571 3844 ergo
2598 3785 2653 3829 ut
2682 3776 3001 3847 impleantur
3021 3782 3195 3836 omnia
3224 3781 3338 3839 haec
3368 3803 3380 3840 :
3404 3801 3503 3841 nec

1924 3859 2061 3928 quod
2090 3860 2261 3917 adhuc
2287 3864 2483 3919 audent
2508 3867 2604 3935 ipsi
2631 3868 2778 3936 pauci
2804 3870 2892 3939 qui
2917 3883 3315 3941 remanserunt,
3349 3879 3501 3932 vani-

1925 3949 2108 4019 loquas
2154 3967 2275 4007 suas
2304 3964 2571 4011 ostentare
2597 3958 2890 4025 doctrinas,
2939 3970 2993 4015 et
3021 3960 3348 4021 Christianos
3387 3977 3500 4023 tan-

1924 4058 2079 4110 quam
2106 4042 2529 4113 imperitissimos
2557 4036 2778 4106 irridere
2798 4094 2812 4118 ,
2835 4056 3032 4109 moveri
3054 4055 3311 4113 debemus
3329 4100 3343 4125 ,
3373 4062 3499 4115 dum

1924 4133 1976 4185 in
2017 4132 2094 4187 eis
2133 4135 2337 4204 impleri
2374 4153 2436 4192 ea
2462 4154 2579 4208 qua:
2609 4141 2855 4210 prardicta
2896 4153 3019 4198 sunt
3048 4146 3337 4202 videamus.
3385 4148 3499 4219 Ipsa

1923 4222 2119 4292 quippe
2163 4226 2306 4279 velut
2359 4228 2617 4297 imperitia
2670 4240 2722 4284 et
2779 4234 2996 4287 stultitia
3042 4234 3498 4305 Christianorum,

1923 4329 2041 4383 qum
2065 4315 2349 4373 humilibus
2369 4320 2391 4350 ⁹
2414 4329 2465 4373 et
2492 4323 2687 4375 sanctis
2714 4324 2934 4394 ejusque
2956 4325 3235 4397 diligenter
3254 4331 3501 4388 studiosis

1923 4409 2369 4490 apparetfxcelsa
2392 4420 2443 4463 et
2472 4412 2581 4464 sola
2605 4428 2726 4466 vera
2754 4415 3042 4481 sapientia;
3075 4418 3182 4487 ipsa
3200 4460 3215 4486 ,
3244 4422 3455 4490 inquam
3482 4467 3497 4488 ,

1924 4495 2066 4549 velut
2091 4480 2309 4551 stiiltitia
2340 4497 2757 4555 Chrisﬁanorum
2788 4519 2880 4558 eos
2903 4506 2967 4559 ad
3000 4480 3150 4562 istam
3183 4480 3498 4579 paucitatem

1923 4587 2145 4657 redegit,
2175 4590 2443 4657 quoniam,
2476 4592 2613 4645 sicut
2642 4592 2770 4648 dicit
2795 4595 3100 4663 Apostolus,
3135 4599 3357 4656 Stultum
3383 4607 3511 4673 fecit

1922 4676 2060 4732 Deus
2086 4680 2381 4749 sapientiam
2426 4681 2578 4751 hujus
2619 4685 2810 4737 mundi.
2841 4687 3039 4744 Deinde
3081 4691 3351 4761 subiungit
3388 4709 3498 4748 rem

1924 4769 2253 4833 mirabilem,
2299 4772 2340 4823 si
2382 4773 2500 4842 quis
2544 4773 2825 4845 intelligat,
2859 4788 2912 4832 et
2947 4780 3016 4833 ita
3056 4782 3329 4850 sequitur:
3363 4783 3498 4837 Nam

1920 4860 2155 4929 quoniam
2184 4863 2235 4913 in
2262 4860 2356 4915 Dei
2392 4864 2636 4933 sapientia
2666 4883 2764 4919 non
2800 4870 3024 4938 cognovit
3052 4872 3267 4924 mundus
3300 4889 3387 4941 per
3411 4890 3497 4925 sa-

1922 4951 2160 5018 pientiam
2183 4949 2377 5019 Deum,
2401 4954 2592 5023 placuit
2608 4953 2714 5009 Deo
2742 4974 2831 5026 per
2852 4959 3112 5011 stultitiam
3130 4962 3500 5031 praedicationis

1919 5042 2084 5095 salvos
2125 5045 2291 5114 facere
2316 5046 2585 5101 credentes.
2623 5045 2873 5114 Quoniam
2913 5049 3112 5118 quidem
3147 5049 3319 5105 Iudici
3354 5054 3499 5123 signa

1922 5142 2117 5201 petunt,
2146 5143 2190 5187 et
2221 5132 2382 5188 Gnaei
2405 5138 2946 5209 sapientiamquwrunt
2967 5155 2985 5193 :
3009 5157 3098 5192 nos
3126 5151 3291 5193 autem
3312 5145 3500 5212 praedio

1920 5241 2093 5277 cantus
2122 5223 2373 5281 Christum
2399 5228 2714 5298 cruciﬁxum,
2740 5228 2937 5283 Judazis
2956 5230 3155 5292 auidem
3175 5232 3491 5298 scandalum,

1922 5316 2159 5371 Gentibus
2191 5328 2356 5372 autem
2383 5321 2647 5373 stultitiam
2669 5362 2682 5386 ,
2715 5321 2839 5390 ipsis
2864 5337 2978 5374 vero
3006 5323 3189 5375 vocatis
3212 5322 3409 5379 luditis
3448 5334 3495 5379 et

1922 5406 2148 5472 (.‘rdzcis,
2194 5407 2445 5463 Christum
2484 5408 2579 5464 Dei
2633 5409 2871 5464 Virtutem
2923 5420 2969 5465 et
3017 5412 3110 5466 Dei
3155 5413 3491 5484 Sapientiam.

1924 5499 2175 5565 Quoniam
2199 5501 2333 5570 quod
2361 5502 2569 5554 stultum
2610 5511 2679 5555 est
2708 5501 2830 5567 Dei,
2867 5504 3142 5572 sapientius
3180 5516 3250 5561 est
3273 5509 3493 5563 [taminia

1985 5737 1999 5767 ¹
2037 5741 2084 5783 ιιι
2106 5742 2229 5791 uss,
2253 5732 2545 5783 amoliretur.

2015 5797 2153 5855 Editi,
2178 5795 2225 5844 in
2253 5794 2529 5846 humilibus.
2560 5798 2722 5859 Abest,
2748 5796 2814 5859 in,
2844 5813 2871 5848 ι
2895 5808 2998 5851 Mss.
