4102 6336
524 374 651 433 ’191

550 489 673 551 bus,
712 484 917 553 etquod
955 484 1211 553 inﬁrmum
1240 495 1309 539 est
1353 483 1481 552 Dei,
1513 485 1693 556 [artius
1734 496 1804 541 est
1846 488 2128 541 hominibus

552 577 608 649 (Ι
636 580 751 633 (ἴον.
780 594 833 646 t,
865 576 1079 648 20-25).
1108 577 1366 632 lrrideant
1394 594 1519 648 ergo
1538 621 1552 643 ,
1590 590 1842 649 quantum
1874 592 2091 649 possunt
2110 623 2125 645 ,

552 679 802 741 tanquam
826 669 1143 739 imperitiam
1174 679 1227 724 et
1255 670 1530 724 stultitiam
1565 679 1796 724 nostram
1816 713 1829 736 ,
1856 680 1910 726 et
1928 672 2131 740 jactent

524 762 848 827 doctrinam
874 770 928 816 et
964 761 1275 832 sapientiam
1316 775 1485 815 suam.
1518 760 1648 816 Illud
1676 762 1819 829 scio,
1862 762 2000 832 quod
2042 763 2129 817 isti

548 856 796 911 irrisores
826 854 993 909 nostri
1029 854 1304 924 pauciores
1330 863 1453 908 sunt
1483 854 1583 910 hoc
1610 869 1751 909 anno
1774 896 1791 922 ,
1835 870 1992 924 quam
2020 854 2131 911 fue-

520 956 674 1002 ‘ruut
699 948 876 1018 priore
899 961 1057 1002 anno.
1092 946 1165 999 Ex
1192 960 1298 1014 quo
1324 946 1467 999 enim
1494 945 1823 1001 fremuerunt
1843 953 2050 1016 gentes,
2076 955 2132 1001 et

552 1039 731 1109 populi
775 1037 1012 1094 meditati
1061 1045 1184 1092 sunt
1234 1037 1408 1092 inania
1452 1037 1706 1094 adversus
1753 1038 2033 1092 Dominum
2077 1047 2131 1093 et

549 1130 805 1187 adversus
849 1128 1115 1184 Christum
1162 1129 1313 1199 ejus,
1345 1130 1557 1199 quando
1597 1129 1665 1185 ab
1709 1129 1789 1184 eis
1814 1128 2133 1185 fundebatur

550 1219 765 1290 sanguis
803 1226 1106 1273 sanctorum
1134 1228 1188 1273 et
1214 1219 1517 1274 vastabatur
1548 1218 1816 1282 Ecclesia,
1860 1234 2025 1289 usque
2063 1218 2132 1273 ad

550 1313 652 1366 hoc
674 1320 883 1379 tempus
910 1320 963 1365 et
1001 1310 1253 1380 deinceps
1273 1309 1509 1380 quotidie
1536 1310 1865 1364 minuuntur.
1897 1309 2004 1363 Nos
2033 1324 2131 1364 au-

540 1413 655 1458 tem
682 1402 937 1457 adversus
963 1416 1148 1457 eorum
1178 1401 1462 1471 opprobria
1484 1410 1536 1454 et
1561 1402 1817 1472 superbas
1858 1401 2133 1456 irrisiones

520 1491 867 1549 fortissimos
906 1493 1133 1549 reddunt
1159 1493 1369 1547 oracula
1398 1493 1490 1548 Dei
1531 1494 1733 1559 nostri,
1775 1508 1892 1563 qua:
1920 1492 1987 1548 de
2029 1492 2129 1548 hac

1299 373 1384 428 DE
1423 374 1606 429 CURA
1647 372 1780 430 Ριιο
1818 376 2119 432 MORTUIS
2156 375 2496 442 GERENDA,
2539 377 2595 432 S.
2638 374 2998 432 AUGUSTI-Nl

3709 383 3818 439 δω

2235 503 2443 559 quoque
2482 503 2539 543 re
2577 487 2815 544 videmus
2856 499 2909 543 et
2944 488 3233 559 gaudemus
3268 491 3491 561 impleri.
3535 492 3624 550 Sic
3665 500 3811 552 enim

2236 596 2333 634 nos
2358 579 2639 649 alloquitur
2667 596 2758 648 per
2787 580 3103 650 prophetam
3140 596 3154 633 :
3182 580 3369 637 Audite
3404 599 3517 650 me,
3550 585 3639 654 qui
3680 588 3820 641 scitis

2224 674 2507 744 judicium,
2541 674 2755 742 populus
2780 689 2938 737 meus,
2961 675 3015 727 in
3042 690 3253 744 quorum
3277 674 3427 729 corde
3454 676 3536 729 lex
3566 693 3676 730 mea
3701 690 3775 732 est
3805 696 3825 732 :

2236 765 2559 834 approbrium
2578 764 2836 818 hominum
2865 764 3018 819 nolite
3050 774 3268 819 metuere
3291 808 3306 833 ,
3329 775 3375 820 et
3400 767 3707 822 detractione
3730 785 3791 822 eo
3813 805 3825 815 ο

2236 871 2425 908 rumne
2448 855 2772 927 superemini;
2799 872 2888 909 nec
2908 855 3044 925 quod
3071 871 3205 910 nunc
3234 872 3319 911 vos
3348 869 3614 933 spernunt,
3645 864 3825 928 magni

2236 946 2496 1000 duxeritis.
2529 946 2674 1001 Sicut
2700 947 2834 1001 enim
2862 948 3239 1012 vestimentum,
3277 950 3351 1000 ita
3382 964 3470 1018 per
3495 956 3694 1018 tempus
3732 949 3826 1001 ab-

2234 1048 2527 1105 sumentur,
2559 1048 2603 1092 et
2643 1040 2771 1093 sicut
2813 1039 2933 1093 lana
2960 1056 2994 1094 ιι
3036 1040 3168 1092 tinea
3209 1039 3529 1094 comedentur
3565 1056 3585 1093 :
3617 1041 3830 1110 justitia

2236 1141 2403 1185 autem
2429 1146 2536 1185 mea
2556 1132 2608 1185 in
2644 1139 2885 1186 teternum
2914 1140 3078 1185 manet
3103 1129 3254 1202 (Isai.
3282 1146 3333 1187 t.t
3356 1172 3371 1195 ,
3411 1132 3441 1184 7
3460 1130 3599 1201 et8).
3619 1131 3829 1202 Legam

2238 1231 2415 1277 tamen
2444 1222 2557 1276 hmc
2582 1232 2781 1288 nostra,
2813 1223 2856 1277 si
2881 1222 3196 1292 dignentur;
3223 1230 3277 1277 et
3304 1236 3424 1276 cum
3455 1222 3522 1276 ad
3562 1237 3664 1276 nos
3690 1238 3821 1276 cou-

2238 1313 2579 1368 tradictiones
2622 1328 2805 1367 eorum
2857 1314 3229 1382 pervenerint,
3259 1320 3514 1384 quantum
3562 1312 3831 1368 Dominus

2236 1404 2451 1474 adjuvat
2475 1446 2488 1469 ,
2519 1404 2977 1474 respondebimus.

2052 1618 2087 1623 ~——
2130 1617 2141 1623 α
2158 1618 2245 1624 ,Ρ
2258 1620 2273 1621 7
2306 1620 2311 1621 γ
2340 1618 2361 1623 .-
2374 1618 2413 1623 vi
2456 1620 2459 1621 ν
2470 1616 3039 1624 ὶυ-ογομκκο--ι-ᾉ-β-οη
3594 1615 3633 1624 —

634 1735 716 1794 In
745 1733 971 1795 librum
1017 1732 1091 1793 de
1123 1732 1291 1794 Cura
1326 1749 1443 1810 pro
1472 1732 1742 1795 Mortuis
1780 1730 2056 1811 gerenda
2086 1729 2171 1809 (a)

607 1936 680 2000 (a)
699 1945 798 1995 Quo
820 1933 1233 2000 temporelibrum
1246 1934 1374 1982 hunc
1396 1934 1511 2000 scrij'
1524 1933 1662 1991 serit,
1686 1931 1960 2000 conjectare
1980 1930 2096 1980 licet
2119 1944 2184 1980 ex
2208 1932 2774 2000 ltetractationumserie,
2793 1932 2876 2000 ubi
2894 1930 3022 2000 hunc
3039 1929 3262 1980 eumdem
3277 1930 3451 2000 librum

546 1992 679 2065 ponii
841 1992 1136 2065 Enchiridion
1159 1996 1218 2065 ad
1240 1992 1560 2053 Laurentium,
1580 1993 1708 2065 quod
1731 1992 1928 2065 quidem
1945 2006 2066 2065 onus
2084 2006 2178 2042 non
2201 2000 2321 2065 ante
2331 2006 2508 2065 annum
2531 1992 2614 2065 ﬁt
2629 1994 2865 2065 perfecit.
2883 2061 2891 2065 _
2907 1993 3024 2065 vide
3048 2004 3207 2065 supra,
3232 1992 3334 2065 col;

2182 1776 2197 1801 ,
2228 1732 2366 1792 vide
2396 1730 2501 1807 lib.
2529 1731 2569 1789 2
2603 1732 3171 1803 Retractationum,
3210 1748 3346 1808 cap.
3381 1728 3483 1803 6h,
3517 1738 3564 1791 t.
3599 1732 3657 1802 1,
3694 1731 3817 1793 col.

549 1812 693 1887 655,
716 1812 938 1880 verbis,
973 1813 1241 1872 Librum
1260 1809 1342 1873 de
1372 1811 1564 1885 Cura,
1597 1809 1891 1890 usquead
1917 1810 2101 1871 verba
2136 1812 2253 1872 col.
2281 1809 2423 1883 656,
2460 1811 2836 1872 Venerando
2861 1811 3149 1871 Pauline.
3236 1810 3323 1869 M.

3532 1933 3694 1981 oxlmo
3720 1928 3830 1982 loco

3560 2012 3573 2052 ,
3599 1993 3826 2042 Admoni-

545 2053 725 2122 iiouetti
746 2058 1067 2122 eideonperi
1091 2056 1352 2122 pretium,
1378 2070 1570 2122 necnon
1592 2053 1970 2122 admonitionem
1995 2053 2155 2122 aliain,
2181 2054 2523 2122 βομβεῖ-148,
2548 2055 2607 2101 ad
2629 2053 2801 2103 librum
2821 2061 2931 2104 octo
2962 2055 3285 2113 Quzestimum
3307 2054 3512 2115 Dulcitii,
3535 2056 3613 2104 cui
3636 2053 3831 2104 scilicet

530 2120 684 2182 libro,
707 2127 880 2184 quaest.
906 2113 1183 2180 2,'inseruit
1200 2113 1492 2179 Augustinus
1509 2117 1696 2166 initium
1720 2117 2069 2178 subsequentis
2090 2113 2200 2165 libri
2220 2116 2293 2163 sui
2317 2116 2375 2163 ad
2399 2115 2659 2164 Paulinum.

1132 2334 1286 2449 S-
1363 2334 2122 2449 AURELII
2205 2328 3205 2446 AUGUSTINI

1722 2526 2235 2588 HIPPONENSIS
2275 2526 2627 2588 EPISCOPI

550 2689 787 2812 DE
906 2684 1388 2815 CURA
1518 2684 1889 2812 PRO
2012 2682 2814 2813 MORTUIS
2941 2682 3823 2813 GERENDA

1773 2906 1928 2977 AD
1990 2906 2572 2978 PAULINUM

1587 3056 2063 3164 LIBER
2154 3055 2271 3163 [Γ
2256 3057 2371 3164 Ν
2379 3053 2559 3165 U'S
2610 3057 2731 3163 (τ’).

1942 3241 2411 3292 Maces-o—

588 3373 977 3438 -tnterrogatu_ss
1000 3365 1193 3438 Paulino
1215 3366 1444 3438 episcOpo
1463 3363 1656 3438 solane,
1680 3370 1847 3438 utrum
1868 3361 2131 3438 sepultura
2140 3374 2254 3438 qua:
2286 3362 2338 3438 fit
2362 3364 2410 3438 in
2449 3365 2696 3438 memoriis
2728 3372 3005 3437 martyrum,
3042 3366 3299 3438 spiritibus
3313 3371 3605 3438 mortuorum
3638 3362 3829 3438 aliquid

539 3434 707 3496 prosit,
730 3426 943 3480 ostendit
966 3429 1015 3477 in
1037 3429 1203 3491 primis
1225 3426 1341 3496 nihil
1382 3426 1584 3496 mortuis
1605 3426 1722 3487 ipsis
1741 3426 1937 3496 obesse,
1964 3426 2151 3496 etiamsi
2180 3437 2347 3496 eorum
2365 3426 2649 3496 corporibus
2678 3426 2874 3496 omnino
2912 3426 3123 3496 negetur
3145 3427 3412 3496 sepultura.
3451 3434 3621 3477 Locum
3653 3426 3825 3496 autem

536 3485 801 3565 sepulturae
838 3505 935 3539 non
960 3485 1053 3565 per
1070 3503 1127 3539 se
1151 3485 1685 3565 prpd‘essequiquuain,
1710 3486 1911 3565 sedhper
1941 3487 2255 3565 occasionem
2282 3485 2533 3565 duntﬁtsat}
2558 3486 2671 3534 dum
2697 3500 2760 3535 ex
2781 3485 2909 3536 illius
2947 3485 3281 3565 r‘fcordatioue
3303 3497 3528 3538 movetur
3552 3497 3604 3537 et
3639 3490 3823 3559 crescit

601 3545 741 3605 'ectus
761 3545 1061 3618 precantium
1082 3545 1169 3613 pro
1190 3545 1449 3618 defunctis.
1474 3545 1653 3618 Curam
1666 3545 1933 3618 sepultura:
1979 3546 2274 3618 ennumani
2290 3547 2450 3618 cordis
2471 3547 2529 3595 ad
2552 3560 2748 3618 carnem
2772 3561 2906 3618 suam
2929 3548 3103 3618 affectu
3130 3550 3553 3618 veni_re,__eamque
3591 3551 3769 3618 merito
3791 3562 3823 3598 «ι

536 3615 1044 3684 sanctismartyribus,

1065 3607 1175 3661 έιιιιι
1196 3611 1255 3684 sd
1275 3610 1558 3684 felicitatem.
1579 3607 2646 3684 ξιξιξιξιίείεξεὶῆιξηξίὲιξὲΑίξιέετξίιεμφρκιβξιψιθιξι
2661 3609 2828 3684 fuisse
2855 3611 2970 3684 βίης
2990 3611 3282 3684 demortuis
3297 3607 3429 3671 dicit.
3454 3607 3540 3684 sini
3563 3617 3820 3684 samem

540 3678 817 3747 viventibus
839 3667 1143 3747 apparuisse,
1162 3678 1218 3744 ut
1238 3673 1339 3743 suis
1355 3671 1635 3747 corporibus
1648 3667 2254 3747 sepgltura_1n£beretur.
2278 3667 2530 3727 quomodo
2545 3671 2643 3718 visa
2667 3671 2746 3719 illa
2769 3669 2899 3731 fiant,
2930 3672 3075 3721 docet
3109 3673 3254 3722 variis
3274 3667 3533 3735 exemplis.
3567 3672 3631 3720 Ad
3650 3678 3824 3721 extre-

542 3750 693 3798 mum,
720 3729 921 3798 inquirit
937 3746 1000 3782 an
1022 3729 1197 3782 mortui
1219 3735 1349 3781 curis
1370 3729 1598 3780 intersint
1613 3742 1670 3779 ac
1690 3729 1845 3778 rebus
1866 3729 2103 3777 humanis.

610 3852 834 3912 CAPUT
874 3850 1156 3909 PRIMUM.
1193 3881 1258 3892 ——
1287 3851 1336 3905 ί.
1372 3847 1583 3903 Paulini
1606 3849 1845 3919 quatslio,
1877 3865 1944 3902 an
1988 3864 2129 3903 mor-

541 3960 627 4003 tuo
646 3948 807 4018 prosit
844 3944 978 4015 quod
1006 3942 1149 4014 apud
1173 3943 1334 3998 sancti
1374 3941 1590 4012 alicujus
1630 3941 1921 3994 memoriam
1951 3942 2134 4012 sepeli-

541 4049 643 4092 tur.
685 4036 947 4092 Sententia
972 4036 1133 4105 ipsius
1160 4044 1234 4088 est
1262 4032 1515 4104 prodesse.
1562 4031 1843 4102 Difﬁcultas
1869 4042 2044 4086 contra
2067 4033 2130 4088 ab

538 4129 713 4190 eodem
726 4127 993 4199 praposita
1012 4126 1299 4180 discutitur.
1326 4124 1407 4179 Ea:
1426 4141 1605 4196 genere
1625 4125 1740 4178 vitae
1760 4141 1912 4195 quam
1926 4124 2132 4195 quisque

539 4225 777 4296 gesserit,
806 4224 930 4295 eﬂici
956 4233 1009 4278 ut
1033 4218 1225 4294 prosint
1256 4217 1332 4277 vel
1360 4234 1462 4271 non
1502 4216 1695 4286 prosint
1732 4232 1846 4286 qua:
1882 4218 2010 4286 ﬁunt
2039 4234 2132 4287 pro

540 4316 812 4387 defunctis.
861 4315 961 4369 Diu
1002 4312 1283 4369 Sanctitati
1313 4321 1449 4379 tum,
1477 4307 1795 4383 coepiscope
1833 4308 2133 4367 venerande

544 4408 799 4474 Pauline,
846 4406 1227 4477 rescriptorum
1284 4404 1499 4461 debitor
1553 4405 1667 4472 fui,
1723 4420 1787 4460 ex
1842 4420 1947 4475 quo
1998 4406 2130 4462 mihi

542 4500 800 4570 scripsisti
852 4490 945 4571 per
990 4498 1235 4554 homines
1280 4497 1402 4553 lilia:
1452 4506 1651 4554 nostrae
1706 4498 2127 4568 religiosissime

542 4590 717 4646 Florae
736 4631 750 4656 ,
779 4604 1024 4661 qumrens
1054 4605 1085 4644 a
1109 4606 1195 4646 me
1224 4600 1399 4645 utrum
1426 4591 1597 4661 prosit
1619 4590 1812 4661 cuique
1841 4600 1959 4660 post
1983 4607 2130 4646 mor-

546 4691 653 4738 tem
681 4682 823 4753 quod
847 4696 1045 4753 corpus
1073 4681 1190 4750 ejus
1218 4680 1357 4751 apud
1378 4680 1546 4736 sancti
1572 4680 1797 4751 alicujus
1818 4681 2130 4737 memoriam

545 4773 821 4843 sepelitur.
853 4772 965 4827 Hoc
985 4773 1128 4827 enim
1157 4772 1253 4827 abs
1282 4780 1335 4828 te
1371 4771 1526 4825 vidua
1556 4782 1851 4828 memorata
1872 4773 2153 4843 petiverat-

547 4877 644 4933 pro
664 4862 915 4918 defdncto
944 4863 998 4918 in
1022 4863 1101 4918 eis
1141 4862 1378 4933 partibus
1406 4862 1515 4917 tilio
1541 4878 1639 4918 suo
1656 4905 1671 4930 ,
1698 4873 1752 4918 et
1776 4866 2131 4935 rescripseras

546 4954 829 5010 consolans
855 4968 971 5009 eam
998 4971 1010 5007 :
1038 4952 1197 5024 idque
1222 4954 1380 5009 etiam
1410 4954 1658 5008 nuntians
1686 4953 1753 5009 de
1779 4955 2039 5011 cadavere
2066 4955 2131 5010 ll-

547 5046 679 5102 delis
713 5046 926 5117 juvenis
962 5044 1181 5117 Cynegii
1213 5046 1253 5111 ¹,
1282 5044 1426 5116 quod
1469 5054 1712 5101 materno
1741 5055 1789 5101 et
1825 5047 1911 5116 pio
1937 5046 2131 5102 atl‘ectu

2237 3851 2598 3921 desideravit,
2629 3869 2749 3911 esse
2793 3858 3114 3928 completum
3138 3897 3154 3924 ,
3181 3866 3240 3914 ut
3288 3858 3492 3914 scilicet
3531 3858 3583 3913 in
3612 3858 3823 3916 beatis-

2237 3941 2356 3997 simi
2380 3941 2571 3999 Felicis
2600 3946 2921 4001 confessoris
2944 3947 3157 4003 basilica
3180 3957 3486 4019 poneretur.
3515 3947 3630 4016 Qua
3656 3962 3821 4005 occa-

2237 4033 2387 4088 sione
2414 4032 2608 4089 factum
2629 4044 2731 4102 est,
2760 4046 2815 4090 ut
2838 4052 2931 4107 per
2956 4038 3173 4094 eosdem
3202 4040 3494 4109 perlatores
3519 4039 3823 4096 litterarum

2239 4132 2444 4179 tuarum
2475 4127 2633 4180 etiam
2675 4128 2804 4181 mihi
2846 4129 3139 4196 scriberes,
3173 4130 3419 4200 ingerens
3450 4130 3831 4201 hujuscemodi

2237 4215 2616 4284 quaestionem,
2645 4225 2806 4288 atque
2853 4227 2910 4273 ut
2938 4220 3316 4291 responderem
3354 4222 3479 4292 quid
3525 4222 3649 4276 inde
3690 4222 3829 4279 mihi

2239 4305 2525 4371 videretur,
2554 4323 2886 4377 exposcens,
2918 4324 3019 4365 nec
3064 4319 3248 4365 tacens
3274 4311 3386 4381 ipse
3432 4311 3557 4382 quid
3598 4312 3825 4367 sentias.

2236 4402 2368 4456 Nam
2396 4398 2528 4458 dicis
2558 4398 2724 4460 videri
2753 4398 2848 4454 tibi
2880 4415 2984 4455 non
3014 4415 3132 4455 esse
3160 4401 3345 4457 inanes
3390 4413 3566 4456 motus
3604 4402 3822 4457 animo-

2239 4511 2356 4549 rum
2387 4496 2754 4567 religiosorum
2786 4507 2946 4568 atquc
2975 4491 3206 4547 fidelium
3238 4508 3334 4563 pro
3361 4493 3469 4548 suis
3499 4492 3595 4546 ista
3622 4506 3828 4550 curan-

2238 4587 2390 4642 tium.
2439 4589 2697 4660 Adjungis
2725 4591 2885 4646 etiam
2915 4605 3103 4645 vacare
3146 4600 3253 4645 non
3297 4601 3490 4661 posse,
3514 4588 3655 4660 quod
3699 4592 3828 4645 uni-

2236 4695 2390 4735 versa
2430 4696 2526 4751 pro
2552 4680 2815 4736 defunctis
2843 4682 3076 4738 Ecclesia
3098 4683 3399 4753 supplicare
3423 4683 3701 4742 consuevit
3726 4700 3737 4735 :
3768 4691 3829 4737 ut

2240 4770 2364 4825 hinc
2405 4781 2459 4827 et
2512 4771 2637 4827 illud
2680 4773 2871 4843 conjici
2914 4774 3112 4844 possit,
3147 4770 3346 4829 homini
3396 4776 3651 4846 prodesse
3700 4790 3829 4848 post

2239 4874 2493 4930 mortem,
2525 4866 2569 4920 si
2601 4864 2703 4921 fide
2741 4881 2961 4921 suorum
3002 4867 3272 4924 liumando
3301 4869 3420 4939 ejus
3457 4870 3668 4939 corpori
3700 4874 3829 4927 talis

2240 4956 2580 5025 provideatur
2609 4956 2754 5011 locus
2775 4999 2789 5023 ,
2820 4958 2871 5010 in
2914 4972 3019 5027 quo
3061 4970 3313 5029 appareat
3342 4961 3615 5032 opitulatio
3654 4962 3827 5018 etiam

2240 5047 2341 5101 isto
2367 5047 2525 5101 modo
2552 5048 2773 5115 qumsita
2804 5058 3105 5103 sanctorum

1772 5150 2029 5188 ADMONH'IO
2051 5153 2123 5187 PP.
2148 5151 2570 5188 ιιεκεωςτικοιιωί.

607 5218 746 5268 Liber
766 5217 830 5268 de
851 5224 969 5267 Cura

1048 5229 1079 5267 ο
1101 5217 1294 5286 Mortuis
1314 5216 1534 5279 gerenda
1554 5225 1804 5286 correctus
1823 5219 1887 5267 de
1921 5232 2058 5286 ιιονοΔ
2088 5226 2191 5286 θειᾴ
2202 5217 2388 5286 collatis
2427 5228 2529 5269 \tss.
2557 5219 2804 5286 Gallicanis
2825 5223 3127 5286 quindecim;
3150 5225 3340 5276 duobus
3370 5226 3597 5277 videlicet
3618 5226 3826 5277 Collier-

545 5280 690 5348 μοιβ,
709 5277 1087 5348 Pratellensibus
1106 5277 1746 5348 totidemgunouoorbeiensi
1776 5290 2015 5348 annorum
2037 5279 2143 5329 fere
2165 5280 2275 5348 900,
2305 5287 2356 5329 et
2394 5294 2490 5348 uno
2514 5281 2737 5348 Ecclesia;
2760 5277 3009 5348 neme-usis
3026 5322 3039 5346 ,
3085 5277 3178 5336 alio
3203 5286 3428 5337 Ecclesia:
3452 5289 3785 5337 taudunensis
3807 5325 3823 5348 ,

547 5339 667 5411 item
689 5341 851 5411 uegit),
878 5340 1420 5411 Bigotiano,_victor_iuo,
1448 5342 1715 5411 Fossatensi
1749 5342 2017 5411 abbatites.
2035 5342 2212 5411 _Mauri,
2251 5343 2452 5411 Metensi
2477 5350 2520 5392 s.
2547 5344 2793 5411 arnulphi,
2817 5339 3091 5411 Divionensi
3113 5356 3156 5397 S.
3184 5350 3401 5411 Benigni,
3427 5351 3636 5401 Uticensi
3659 5358 3701 5397 s.
3731 5339 3826 5399 Et);

546 5398 1028 5475 Anticliaeme
1039 5435 1054 5459 ,
1079 5402 1363 5475 clitomanis
1382 5398 1843 5475 insuperVIatigna;
1862 5398 2422 5475 bibliothecazqttatttor;
2449 5417 2638 5455 necnon
2652 5398 2945 5458 variantibus
2969 5408 3257 5475 lectionibus
3280 5398 3577 5475 B‘élg'ieorum
3599 5398 3825 5474 quinque

691 5467 937 5534 μονίμῳ
960 5462 1196 5534 primariis
1219 5460 1510 5534 editionibus'
1548 5462 1676 5534 ead,
1702 5462 1751 5511 id
1776 5470 1866 5534 est,
1888 5464 2079 5534 Joannis
2102 5460 2226 5514 Badii
2250 5465 2375 5527 apud
2398 5460 2630 5517 Joannem
2671 5476 2866 5519 Parvum
2884 5506 2898 5532 ,
2945 5472 3156 5534 Parisiis,
3203 5484 3281 5521 an.
3312 5460 3454 5533 1502;
3497 5483 3596 5521 Am.
3618 5460 3825 5523 'Joamiis

549 5522 866 5580 smerbachii,
886 5528 958 5569 Er.
985 5523 1181 5582 Erasmi,
1201 5534 1256 5571 ac
1270 5528 1380 5571 ων.
1402 5524 1765 5572 Lovaniensium
1785 5523 2161 5586 theologorum.

612 5603 1110 5685 Comparavimus
1125 5615 1432 5686 printerea
1459 5626 1554 5667 eas
1579 5626 1780 5668 omnes
1804 5607 2102 5672 editiones
2132 5611 2318 5672 initio
2346 5612 2519 5675 Retr.
2547 5623 2599 5672 et
2629 5612 2914 5678 Confess.
2945 5625 3091 5679 tom.
3128 5619 3183 5694 1,
3218 5626 3602 5679 memoratas.
3692 5617 3781 5678 Μ.

608 5704 683 5767 (a)
715 5706 924 5768 scriptus
940 5708 1133 5757 circiter
1155 5720 1332 5758 annum
1353 5708 1522 5758 Christi
1546 5709 1651 5758 421.

614 5791 633 5821 ⁸
665 5787 896 5838 Uticensis
917 5789 1119 5839 abbatite
1141 5789 1315 5849 codex,
1343 5791 1561 5851 t‘ynegri.
