4102 6336
283 324 375 383 503

336 440 385 495 2.
427 439 534 497 Sed
559 456 679 495 cum
707 439 822 495 base
863 441 934 495 ita
972 439 1107 505 sint,
1141 437 1410 510 quomodo
1449 438 1574 492 huic
1612 437 1849 507 opinioni

272 535 589 591 contrarium
634 551 740 588 non
787 535 889 596 sit,
924 533 1067 603 quod
1116 532 1245 587 dicit
1287 531 1610 602 Apostolus,
1662 531 1847 585 Omnes

269 626 389 679 enim
418 625 693 678 astabimus
731 633 848 677 ante
884 624 1104 677 tribunal
1146 623 1361 689 Christi,
1390 633 1445 676 ut
1486 623 1613 691 {erat
1645 624 1661 653 ¹
1685 638 1847 674 unus-

268 717 464 783 quisque
488 714 764 769 secundum
784 731 842 767 ea
862 730 975 783 qua:
996 730 1084 784 per
1111 729 1295 783 corpus
1315 713 1486 784 gessit,
1510 712 1611 766 sive
1639 712 1844 776 bonum,

265 808 359 861 sive
382 807 575 859 malum
605 805 669 876 (ll
692 804 810 858 Cor.
842 820 895 869 γ,
929 805 1040 874 10),
1073 818 1178 858 non
1208 812 1261 860 te
1291 803 1420 857 satis
1443 802 1622 857 videre
1646 801 1848 871 signiﬁ-

262 914 361 953 cas.
416 898 542 952 llaec
572 897 769 967 quippe
812 897 1101 966 apostolica
1145 895 1411 950 sententia
1450 903 1573 948 ante
1619 901 1842 947 mortem

258 991 507 1045 admonet
532 990 645 1044 fieri
672 989 812 1059 quod
842 990 1005 1058 possit
1028 988 1281 1058 prodesse
1303 994 1423 1058 post
1446 994 1706 1051 mortem;
1737 1000 1843 1039 non

258 1092 375 1136 tunc
394 1123 408 1144 ,
438 1080 655 1150 quando
673 1080 783 1150 jam
809 1078 1169 1149 recipiendum
1199 1076 1446 1147 estquod
1477 1078 1701 1147 quisque
1723 1090 1843 1146 ges-

253 1173 379 1226 serit
418 1182 545 1225 ante
576 1180 822 1226 mortem.
860 1170 1051 1225 Verum
1082 1169 1196 1225 hsce
1224 1170 1295 1223 ita
1324 1170 1548 1224 solvitur
1575 1168 1801 1240 quaestio
1821 1208 1834 1231 ,

252 1262 503 1332 quoniam
526 1260 757 1332 quodam
789 1260 909 1315 vitae
933 1275 1128 1330 genere
1152 1260 1465 1329 acquiritur,
1501 1260 1626 1314 dum
1660 1260 1711 1313 in
1739 1259 1840 1314 hoc

250 1368 476 1422 corpore
520 1352 738 1418 vivitur,
773 1361 827 1407 ut
868 1351 1066 1423 aliquid
1110 1351 1360 1422 adjuvent
1400 1352 1498 1407 ista
1527 1352 1836 1419 defunctos;

250 1460 306 1499 se
334 1460 434 1516 per
464 1445 566 1499 hoc
601 1443 895 1499 secundum
935 1458 996 1498 ea
1018 1459 1137 1513 qua:
1164 1459 1261 1514 per
1298 1459 1494 1513 corpus
1522 1453 1836 1514 gesserunt,

247 1536 323 1590 eis
348 1551 466 1605 qua!
498 1545 618 1605 post
655 1549 849 1605 corpus
877 1534 1121 1604 religiose
1148 1549 1245 1603 pro
1274 1535 1380 1589 illis
1419 1534 1556 1589 facta
1602 1534 1798 1590 iuerint
1818 1577 1833 1602 ,

245 1625 584 1695 adjuvantur.
632 1625 768 1681 Sunt
797 1626 936 1680 enim
983 1640 1116 1695 quos
1164 1625 1294 1680 nihil
1337 1626 1556 1680 omnino
1585 1625 1837 1697 adjuvant

247 1717 375 1783 ista;
408 1718 521 1772 sive
552 1733 647 1786 pro
690 1717 770 1773 eis
813 1717 971 1781 ﬁant,
1004 1732 1230 1787 quorum
1263 1726 1369 1773 tam
1401 1719 1538 1771 mala
1568 1727 1692 1772 sunt
1720 1735 1833 1774 me-

246 1810 377 1876 rita,
410 1821 467 1864 ut
507 1826 681 1881 neque
726 1809 918 1865 talibus
959 1808 1106 1880 digni
1147 1810 1255 1864 sint
1291 1810 1566 1880 adjuvari;
1596 1811 1707 1864 sive
1739 1826 1834 1880 pro

244 1906 345 1967 eis,
383 1919 607 1975 quorum
641 1914 747 1959 tam
774 1904 944 1969 bona,
974 1912 1030 1958 ut
1062 1901 1259 1959 talibus
1298 1918 1403 1958 non
1436 1902 1707 1973 indigeant
1735 1903 1832 1957 ad-

240 1998 513 2067 jumentis.
553 1996 765 2052 Genera
812 1996 969 2066 igitur
1011 1995 1171 2058 vitae,
1216 1994 1357 2065 quod
1404 1995 1569 2066 gessit
1608 1996 1833 2066 quisque

243 2104 332 2158 per
360 2104 560 2157 corpus
580 2128 595 2151 ,
621 2087 849 2142 efﬁcitur
879 2096 933 2141 ut
959 2087 1165 2157 prosint
1191 2087 1274 2141 vel
1301 2102 1405 2141 non
1430 2088 1648 2157 prosint,
1682 2103 1831 2156 quae-

240 2194 469 2249 cinnque
494 2194 589 2248 pro
618 2179 708 2232 illo
730 2179 814 2248 pie
840 2177 992 2241 fiunt,
1016 2193 1134 2233 cum
1158 2178 1429 2248 reliquerit
1454 2195 1667 2248 corpus.
1699 2179 1827 2234 Nam

241 2271 489 2325 meritum
523 2285 619 2339 per
645 2269 785 2340 quod
816 2270 915 2324 ista
947 2269 1183 2340 prosint,
1216 2270 1260 2324 si
1302 2270 1506 2324 nullum
1551 2286 1829 2340 compara-

241 2373 342 2417 tum
367 2373 453 2418 est
478 2364 527 2417 in
555 2362 654 2417 hac
676 2363 782 2416 vita
801 2405 815 2425 ,
847 2362 1037 2417 frustra
1059 2364 1315 2433 quazritur
1338 2371 1458 2432 post
1481 2362 1616 2417 hanc
1642 2364 1825 2419 vitam.

241 2454 306 2508 fta
336 2455 400 2506 fit
428 2465 483 2507 ut
512 2469 683 2523 neque
710 2452 939 2508 inaniter
966 2454 1201 2509 Ecclesia
1233 2454 1313 2507 vel
1335 2469 1552 2509 suorum
1583 2470 1707 2509 cura
1733 2470 1828 2523 pro

237 2544 531 2611 defunctis,
579 2543 721 2614 quod
770 2545 1000 2614 potuerit
1052 2545 1323 2615 religionis
1351 2548 1371 2577 ¹
1432 2546 1735 2616 impendat;
1765 2557 1821 2604 et

237 2646 414 2691 tamen
436 2634 573 2691 ferat
595 2636 955 2705 unusquisque
975 2636 1267 2692 secundum
1294 2651 1359 2693 ea
1378 2653 1497 2707 qua:
1520 2652 1615 2707 per
1634 2654 1828 2709 corpus

235 2730 435 2799 gessit,
466 2729 582 2784 sive
633 2728 829 2784 bonum
874 2729 987 2784 sive
1033 2728 1554 2795 malum,reddente
1600 2730 1826 2786 Domino

236 2822 519 2892 unicuique
562 2822 855 2877 secundum
897 2837 1059 2893 opera
1094 2822 1232 2891 ejus.
1265 2822 1337 2879 Ut
1374 2824 1516 2879 enim
1555 2824 1656 2879 hoc
1683 2825 1824 2896 quod

237 2915 580 2985 impenditur,
610 2915 779 2985 possit
821 2916 872 2971 ei
924 2914 1178 2985 prodesse
1229 2925 1347 2986 post
1399 2931 1624 2987 corpus,
1659 2919 1709 2972 in
1761 2933 1823 2974 ea

235 3009 333 3061 vita
362 3007 684 3076 aequisitum
715 3015 827 3071 est,
858 3021 1018 3076 quam
1049 3007 1216 3076 gessit
1240 3006 1294 3060 in
1320 3022 1566 3077 corpore.

298 3100 354 3154 ἆ
400 3098 617 3154 Poterat
663 3097 989 3167 inquisitioni
1037 3106 1140 3153 tua:
1189 3096 1440 3153 sufficere
1486 3113 1602 3152 mea
1648 3098 1824 3154 brevis

235 3190 326 3245 ista
354 3189 676 3259 responsio;
706 3188 799 3245 sed
819 3204 939 3260 quae
959 3188 1061 3243 alia
1088 3197 1355 3252 moveant,
1380 3188 1571 3259 quibus
1599 3204 1823 3259 respon-

233 3281 469 3336 dendum
494 3280 776 3345 existimo,
810 3295 1095 3351 parumper
1129 3279 1364 3335 attende.
1410 3279 1464 3334 In
1494 3281 1825 3337 Machabzeo-

234 3388 351 3445 rum
397 3372 546 3426 libris
589 3371 815 3442 legimus
854 3370 1087 3426 oblatum
1132 3387 1228 3441 pro
1257 3372 1477 3426 mortuis
1502 3373 1821 3427 sacrificium

234 3464 303 3534 (ll
324 3463 574 3518 Machab.
607 3479 680 3519 xu
701 3505 716 3529 ,
748 3463 862 3533 45).
892 3462 999 3519 Sed
1024 3471 1081 3518 et
1099 3463 1143 3517 si
1172 3478 1432 3534 nusquam
1462 3468 1511 3518 in
1537 3465 1823 3534 Scripturis

234 3556 508 3631 veteribps
530 3554 750 3610 omnino
795 3554 1081 3624 legeretur,
1126 3570 1230 3609 non
1264 3570 1421 3625 parva
1451 3565 1534 3610 est
1564 3556 1822 3612 universe

235 3647 648 3718 Ebelesiaa,qu-.e
680 3648 733 3702 in
763 3646 862 3702 hac
882 3648 1266 3703 consuetudine
1291 3648 1457 3703 claret
1476 3650 1818 3713 auctoritas“,

237 3743 318 3797 ubi
350 3743 410 3797 in
429 3742 676 3812 precibus
714 3740 1006 3796 sacerdotis
1049 3757 1170 3811 qua:
1212 3742 1437 3796 Domino
1478 3742 1586 3797 Deo
1611 3742 1676 3797 ad
1706 3744 1823 3811 ejus

234 3838 403 3891 altare
452 3834 784 3897 funduntur,
830 3834 1003 3889 locum
1056 3846 1210 3887 suum
1260 3832 1421 3887 habet
1467 3834 1624 3887 etiam
1672 3848 1821 3888 com-

236 3928 507 3983 mendatio
535 3935 892 3982 mortuorum.

298 4006 555 4076 CAPUT.
577 4018 640 4075 ll.
670 4047 741 4058 —
766 4018 900 4084 Quid
928 4018 1154 4084 conferat
1195 4017 1354 4070 honos
1382 4016 1674 4084 sepultum.
1721 4016 1818 4073 Se-

234 4115 443 4181 pultum
473 4125 744 4174 corporum
771 4107 1071 4162 Christianis
1087 4106 1132 4160 si
1157 4106 1307 4176 fuerit
1336 4115 1538 4176 negata,
1558 4106 1685 4160 nihil
1706 4106 1820 4159 adi-

235 4208 338 4259 mit.
386 4203 495 4260 Sed
528 4212 706 4256 utrum
753 4199 952 4270 aliquid
1003 4199 1172 4269 prosit
1199 4199 1391 4253 anima:
1438 4199 1631 4253 mortui
1674 4198 1821 4255 locus

234 4294 475 4364 corporis
503 4293 623 4355 sui,
657 4289 933 4361 operosius
954 4288 1329 4359 inquirendum
1358 4297 1460 4343 est.
1492 4290 1566 4343 Ae
1592 4290 1820 4357 primum

237 4399 411 4442 utrum
443 4385 659 4441 intersit
687 4381 886 4454 aliquid
928 4381 995 4435 ad
1040 4380 1372 4435 inferendam
1402 4380 1483 4437 vel
1527 4380 1821 4451 augendam

236 4481 504 4535 miseriam
530 4485 651 4548 post
679 4476 814 4531 hanc
842 4476 1004 4529 vitam
1033 4474 1309 4543 spiritibus
1332 4472 1637 4539 hominum,
1665 4475 1708 4528 si
1732 4489 1822 4528 eo-

238 4585 349 4625 rum
375 4584 605 4638 corpora
630 4566 838 4637 sepulta
859 4580 963 4621 non
989 4564 1218 4629 fuerint,
1252 4578 1357 4618 non
1387 4563 1681 4619 secundum
1703 4564 1819 4632 opi-

235 4664 449 4716 nionem
494 4669 783 4729 uteumque
828 4657 1126 4726 vulgatam,
1157 4654 1250 4709 sed
1302 4654 1476 4724 potius
1530 4654 1819 4708 secundum

236 4752 507 4822 religionis
529 4759 725 4805 nostra:
752 4762 933 4803 sacras
956 4746 1185 4801 Litteras
1210 4755 1291 4800 est
1312 4744 1617 4798 videndum.
1642 4743 1821 4811 Neque

233 4844 375 4898 enim
425 4839 753 4896 credendum
798 4847 912 4904 est,
940 4838 1074 4892 sicut
1116 4834 1255 4905 apud
1297 4834 1563 4889 Maronem
1610 4834 1815 4903 legitur,

236 4935 532 5004 insepultos
547 4948 578 4986 a
600 4930 896 5001 navigando
914 4937 1071 4998 atque
1095 4925 1415 4982 transeundo
1440 4924 1646 4979 inferno
1664 4940 1821 4980 amne

236 5025 508 5093 prohiberi
535 5041 549 5077 :
577 5022 698 5093 quia
725 5021 929 5076 Scilicet

356 5124 455 5166 Nec
475 5117 608 5178 ripas
627 5114 770 5163 datur
783 5109 1078 5178 horrendas,
1105 5121 1199 5178 nec
1218 5119 1363 5157 rauca
1384 5106 1571 5178 fluenta

357 5170 707 5240 Transportare
723 5176 873 5237 prius,
892 5184 1036 5240 quain
1052 5170 1372 5240 sedibuspssa
1386 5170 1633 5240 quierunt:

978 5230 1186 5294 (metu.
1214 5229 1297 5279 lib.
1320 5229 1366 5289 6,
1392 5228 1461 5279 im.
1489 5229 1597 5288 327,
1622 5228 1757 5290 διε.)

233 5322 367 5389 Quis
395 5337 489 5377 cor
518 5319 868 5377 christianum
913 5316 1132 5372 inclinet
1174 5314 1255 5368 his
1296 5313 1516 5383 poeticis
1543 5311 1822 5366 fabulosis-

235 5429 339 5484 que
370 5412 663 5483 figmentis,
694 5425 814 5465 cum
845 5408 1097 5463 Dominus
1117 5404 1301 5468 .lesus,
1331 5412 1388 5457 ut
1411 5403 1551 5457 inter
1577 5402 1818 5456 inimico.

299 5531 315 5559 ι
352 5528 425 5576 sic
444 5535 547 5574 uss.
575 5530 629 5572 At
653 5522 769 5572 editi
790 5522 882 5570 hoc
904 5519 1026 5577 loco,
1050 5519 1228 5580 referat
1258 5528 1275 5566 :
1298 5518 1377 5578 qui
1397 5522 1557 5566 tamen
1574 5513 1819 5563 infra-eum

238 5595 343 5640 ιδ.
380 5589 576 5645 habent,
601 5590 648 5634 et
868 5584 1008 5645 Ῑετσε·
1053 5639 1082 5651 μ
1120 5640 1130 5651 _

300 5653 319 5681 ²
358 5658 483 5698 t'nus
520 5639 825 5696 e'vaticanis
840 5639 968 5700 Mss,
993 5639 1277 5704 religiosum.
1374 5698 1385 5708 Ι
1669 5706 1676 5708 _
1734 5696 1761 5708 η

302 5715 323 5743 ⁸
359 5696 596 5761 Editiones
615 5708 721 5755 Bad.
752 5716 845 5755 Am.
875 5712 926 5753 et
947 5696 1041 5761 iatn,
1067 5696 1158 5753 rion
1180 5714 1327 5763 parva
1367 5698 1457 5749 hac
1488 5696 1820 5750 amurtudiue

238 5774 390 5826 claret
409 5770 664 5824 auctoritas
696 5782 711 5818 :
733 5767 1077 5818 reluctantibus
1099 5771 1202 5813 Mss.
1241 5770 1290 5813 et
1313 5769 1419 5811 ιον.

1693 322 1895 379 LIBER
1932 318 2135 382 UNUS.

3443 350 3547 409 591

1962 454 2078 495 rum
2107 457 2323 509 manus,
2355 447 2443 515 qui
2485 462 2671 504 eorum
2712 467 2936 523 corpora
2983 456 3034 510 in
3085 465 3345 524 potestate
3370 463 3534 518 habet

1960 540 2109 599 rent,
2140 537 2314 590 securi
2360 541 2737 597 oceuinberent
2785 544 3109 615 Christiani,
3140 565 3239 607 nec
3285 555 3535 622 capillum

1957 626 2145 693 capitis
2191 643 2374 683 eorum
2422 642 2628 689 asserat
2673 636 2999 706 periturum,
3029 642 3320 697 exhortans
3360 660 3427 699 ne
3468 648 3530 701 ti,

1957 728 2137 773 meant
2160 734 2256 775 eos
2293 724 2382 792 qui
2430 738 2550 778 cum
2590 740 2784 798 corpus
2823 730 3145 796 occiderint,
3174 733 3402 802 amplius
3434 752 3537 789 non

1956 807 2152 865 habent
2180 812 2305 882 quid
2338 814 2566 870 faciant?
2594 817 2743 874 Unde
2777 821 2827 874 in
2859 821 3029 891 primo
3058 822 3193 877 libro
3218 824 3288 878 de
3310 823 3536 880 Civitate

1954 900 2047 957 Dei
2078 905 2206 959 satis
2226 948 2239 971 ,
2270 918 2521 976 quantum
2548 913 2824 979 existimo,
2857 931 2973 969 sum
3006 916 3213 972 locutus
3234 959 3246 983 ,
3272 928 3331 973 ut
3349 934 3534 975 eorum

1951 993 2165 1050 dentem
2196 999 2532 1055 rctunderem
2551 1044 2565 1068 ,
2591 1004 2679 1072 qui
2702 1004 3031 1060 barbaricam
3054 1008 3377 1079 vastitatem,
3402 1026 3535 1080 prae-

1950 1085 2103 1156 cipue
2148 1105 2303 1157 quam
2353 1108 2524 1162 nuper
2568 1093 2735 1149 Roma
2787 1110 3039 1167 perpessa
3077 1107 3195 1165 est,
3228 1099 3537 1155 Christianis

1952 1180 2275 1247 temporibus
2304 1181 2646 1251 imputando,
2679 1186 2839 1240 etiam
2869 1186 2919 1242 id
2941 1187 3216 1258 objiciunt,
3250 1189 3392 1260 quod
3422 1190 3530 1244 suis

1949 1266 2056 1322 illic
2084 1285 2188 1327 non
2217 1271 2523 1327 subvenerit
2548 1274 2812 1329 Christus.
2842 1275 3045 1345 Quibus
3068 1293 3189 1333 cum
3216 1295 3530 1349 responsum

1947 1359 2101 1415 fuerit
2120 1363 2324 1418 animas
2338 1364 2566 1419 fidelium
2586 1383 2681 1438 pro
2694 1367 2811 1422 fidei
2826 1384 2936 1423 sua:
2954 1370 3159 1424 meritis
3176 1371 3350 1425 abillo
3369 1372 3531 1427 fuisse

1944 1464 2233 1524 susceptas,
2266 1455 2519 1511 insultant
2548 1458 2614 1514 de
2638 1457 2984 1515 cadaveribus
3002 1461 3302 1531 insepultis.
3335 1461 3528 1518 Totum

1946 1546 2119 1614 itaque
2135 1547 2290 1601 istum
2305 1548 2370 1603 de
2384 1551 2656 1619 sepultura
2671 1552 2842 1606 locum
2855 1552 3031 1608 verbis
3045 1553 3236 1609 talibus
3247 1554 3529 1625 explicavi.

2013 1636 2066 1690 ι.
2103 1656 2122 1689 ι
2158 1637 2227 1691 At
2255 1639 2395 1693 enim
2421 1639 2473 1694 in
2501 1649 2644 1695 tanta
2668 1682 2683 1707 ,
2713 1642 2926 1713 inquam
2951 1684 2965 1708 ,
2995 1652 3172 1715 strage
3201 1645 3531 1700 cadaverum.

1942 1742 2039 1780 nec
2068 1728 2279 1797 sepeliri
2307 1733 2631 1799 potuerunt?
2657 1732 2839 1804 Neque
2861 1733 3000 1788 istud
3030 1734 3113 1805 pia
3144 1734 3276 1791 ﬁdes
3307 1736 3527 1793 nimium

1940 1820 2280 1888 reformidat,
2313 1833 2498 1878 tenens
2538 1825 2878 1894 prmdictum,
2912 1841 3010 1880 nec
3052 1827 3393 1882 absumentes
3436 1829 3529 1884 beo

1939 1911 2069 1966 stias
2095 1914 2477 1968 resurrecturis
2508 1916 2821 1985 corporibus
2850 1915 3123 1971 obfuturas
3142 1959 3155 1982 ,
3185 1931 3410 1987 quorum
3433 1932 3526 1972 ea,

1938 2002 2096 2072 pilius
2123 2005 2311 2074 capitis
2337 2021 2441 2059 non
2472 2007 2683 2075 peribit.
2714 2007 2822 2062 Nec
2857 2008 2963 2062 ullo
2990 2009 3151 2063 modo
3188 2008 3390 2064 diceret
3419 2009 3526 2062 Ve-

1936 2097 2066 2150 ritas
2087 2139 2102 2163 ,
2128 2095 2303 2152 Nolite
2329 2099 2500 2152 timere
2526 2116 2609 2154 eos
2652 2101 2739 2173 qui
2777 2117 2961 2170 corpus
3005 2102 3240 2155 occidunt
3259 2143 3272 2166 ,
3301 2102 3523 2155 animum

1936 2196 2104 2240 autem
2129 2204 2229 2242 non
2253 2200 2458 2257 possunt
2486 2192 2709 2245 occidere
2725 2210 2744 2258 ;
2779 2193 2821 2245 si
2850 2192 3137 2262 quidquam
3164 2193 3379 2248 obesset
3399 2194 3523 2248 vitae

1936 2275 2125 2331 futura:
2151 2278 2405 2350 quidquid
2433 2280 2629 2335 inimici
2660 2280 2727 2335 de
2753 2283 3069 2353 corporibus
3099 2283 3406 2338 occisorum
3439 2284 3520 2338 fa-

1934 2386 2059 2426 cere
2084 2371 2397 2427 voluissent.
2422 2372 2529 2427 Nisi
2562 2372 2698 2428 forte
2720 2374 2982 2443 quispiam
3012 2374 3090 2429 sic
3120 2374 3381 2429 absurdus
3406 2386 3487 2430 est
3503 2419 3517 2441 ,

1934 2470 1990 2514 ut
2012 2461 2297 2516 contendat
2323 2478 2415 2517 eos
2444 2464 2534 2534 qui
2565 2479 2758 2533 corpus
2787 2463 3057 2531 occidunt,
3089 2481 3193 2519 non
3226 2465 3423 2520 debere
3450 2467 3520 2520 ti-

1933 2555 2063 2607 meri
2080 2561 2202 2609 ante
2222 2546 2468 2621 mortem',
2490 2572 2556 2611 ne
2576 2571 2769 2626 corpus
2783 2556 3046 2624 occidant;
3066 2567 3119 2611 et
3136 2557 3307 2612 timeri
3325 2557 3520 2613 debere

1933 2651 2052 2712 post
2080 2652 2304 2698 mortem
2326 2688 2341 2711 ,
2375 2662 2441 2700 ne
2461 2660 2657 2715 corpus
2681 2647 2915 2701 occisum
2944 2647 3157 2716 sepeliri
3190 2662 3293 2701 non
3319 2646 3515 2702 sinant.

1932 2731 2148 2787 Falsum
2174 2743 2256 2789 est
2282 2750 2410 2805 ergo
2445 2736 2585 2805 quod
2626 2737 2701 2791 ait
2724 2736 2971 2791 Christus
2992 2778 3007 2802 ,
3046 2736 3147 2804 Qui
3173 2754 3358 2807 corpus
3385 2739 3521 2791 occi-

1930 2825 2092 2891 dunt,
2146 2835 2192 2880 et
2231 2836 2403 2898 postea
2444 2846 2546 2883 non
2587 2829 2769 2883 habent
2814 2831 2936 2900 quid
2980 2830 3172 2900 faciant
3204 2830 3413 2900 (Matth.
3446 2848 3514 2895 Χ,

1928 2916 2019 2983 28,
2042 2918 2139 2984 30;
2169 2918 2294 2973 Luc.
2325 2935 2418 2983 ιιι,
2442 2920 2495 2987 4,
2525 2918 2615 2991 7);
2648 2921 2691 2975 si
2720 2920 2919 2976 habent
2949 2929 3091 2975 tanta
3117 2937 3237 2992 qua:
3261 2921 3328 2975 de
3356 2921 3516 2977 cada-

1930 3009 2145 3064 veribus
2195 3008 2433 3064 faciant?
2476 3011 2629 3064 Absit
2670 3020 2729 3065 ut
2776 3010 2969 3065 falsum
3012 3012 3083 3064 sit
3125 3010 3269 3080 quod
3313 3009 3523 3066 Veritas

1928 3098 2081 3154 dixit.
2115 3101 2319 3155 Dictum
2362 3108 2445 3155 est
2482 3101 2624 3155 enim
2654 3100 2854 3170 aliquid
2884 3115 2978 3155 eos
3004 3099 3182 3156 facere
3219 3116 3339 3155 cum
3368 3103 3515 3155 occi-

1928 3189 2089 3257 dunt,
2122 3189 2243 3260 quia
2289 3192 2342 3245 in
2372 3204 2595 3259 corpore
2634 3204 2823 3245 sensus
2861 3199 2942 3245 est
2967 3189 3297 3251 occidendo;
3330 3200 3517 3260 postea

1927 3299 2056 3338 vero
2078 3282 2205 3336 nihil
2233 3281 2430 3337 habere
2456 3282 2596 3353 quod
2629 3281 2843 3349 faciant,
2874 3283 2995 3352 quia
3019 3282 3192 3337 nullus
3217 3296 3407 3337 sensus
3433 3292 3514 3337 est

1929 3376 1982 3430 in
2026 3391 2249 3445 corpore
2280 3375 2477 3430 occiso.
2521 3375 2680 3429 Multa
2709 3375 2888 3445 itaque
2914 3389 3140 3445 corpora
3179 3374 3513 3431 Christiano.

1927 3485 2045 3523 rum
2075 3478 2211 3523 terra
2241 3483 2347 3521 non
2387 3468 2554 3521 texit:
2598 3465 2690 3522 sed
2724 3466 2927 3521 nullum
2960 3482 3145 3521 eorum
3176 3468 3454 3538 quisquam
3483 3483 3514 3522 a

1927 3559 2066 3614 emlo
2096 3568 2147 3613 et
2177 3568 2319 3612 terra
2347 3558 2643 3627 separavit,
2677 3573 2836 3628 quam
2865 3566 3029 3613 totam
3069 3558 3253 3627 implet
3281 3573 3515 3627 priesen-

1930 3651 1997 3704 tia
2024 3650 2128 3714 sui,
2158 3651 2245 3718 qui
2278 3648 2423 3702 novit
2444 3648 2584 3703 unde
2613 3649 2892 3703 resnscitet
2913 3648 3053 3718 quod
3075 3648 3292 3703 ereavit.
3313 3648 3517 3703 Dicitur

1926 3742 2141 3812 quidem
2175 3743 2225 3795 in
2254 3741 2465 3797 Psalmo
2485 3784 2500 3807 ,
2532 3741 2816 3795 Posuerunt
2850 3742 3086 3796 mortalia
3110 3759 3365 3797 servorum
3394 3752 3511 3798 tuo-

1925 3850 2041 3887 rum
2064 3850 2226 3887 escam
2261 3833 2548 3887 volatilibus
2586 3833 2728 3900 caeli,
2776 3850 2952 3888 carnes
2993 3843 3281 3888 sanctorum
3311 3845 3519 3889 tuorum.

1926 3928 2095 3982 bestiis
2142 3937 2287 3981 terra:
2319 3926 2648 3992 :e/Iuderunt
2696 3926 2991 3997 sanguinem
3045 3942 3219 3985 eorum
3268 3936 3515 3995 tanquam

1925 4037 2110 4089 aquam
2147 4020 2199 4073 in
2240 4020 2451 4073 circuitu
2488 4017 2775 4072 Jerusalem
2796 4060 2809 4082 ,
2837 4028 2883 4073 et
2912 4035 3013 4073 non
3038 4029 3143 4072 erat
3169 4019 3253 4088 qui
3280 4017 3514 4088 sepeliret

1927 4110 2097 4183 (Psal.
2144 4125 2373 4173 Lxxvm,
2402 4108 2466 4171 2,
2501 4109 2586 4178 5);
2620 4107 2712 4164 sed
2764 4110 2932 4179 magis
2975 4108 3040 4163 ad
3086 4108 3515 4178 exaggerandam

1925 4201 2292 4256 crudelitatem
2319 4215 2503 4254 eorum
2534 4198 2623 4269 qui
2651 4199 2750 4253 ista
2784 4198 3058 4265 fecerunt,
3090 4213 3196 4251 non
3224 4198 3290 4252 ad
3320 4212 3511 4252 eorum

1926 4292 2290 4346 infelicitatem
2333 4290 2422 4360 qui
2467 4291 2565 4344 ista
2613 4288 2849 4359 perpessi
2893 4298 3033 4344 sunt.
3078 4288 3331 4356 Quamvis
3368 4288 3508 4343 enim

1926 4384 2040 4439 haec
2071 4385 2122 4438 in
2167 4393 2461 4453 conspectu
2499 4382 2772 4436 hominum
2804 4381 2934 4435 dura
2970 4389 3024 4435 et
3047 4380 3161 4435 dira
3205 4378 3508 4446 videantur,

1925 4476 2017 4530 sed
2050 4477 2266 4546 pretiosa
2294 4477 2346 4528 in
2383 4483 2651 4542 conspectu
2681 4472 2885 4526 Domini
2921 4488 3057 4525 mors
3090 4480 3376 4525 sanctorum
3402 4471 3512 4541 ejus

1926 4565 2095 4633 (Psal.
2119 4581 2239 4631 cxv,
2274 4564 2383 4636 l5).
2428 4563 2659 4618 Proinde
2689 4562 2787 4617 ista
2826 4563 3003 4618 omnia
3024 4604 3040 4629 ,
3067 4561 3120 4617 id
3160 4570 3277 4629 est,
3306 4565 3513 4617 curatio

1926 4655 2154 4721 funeris,
2211 4653 2446 4709 conditio
2489 4653 2805 4723 sepulturae,
2853 4667 3044 4723 pompa
3099 4653 3506 4723 exsequiarum,

1926 4744 2092 4814 magis
2123 4752 2245 4797 sunt
2270 4743 2506 4796 vivorum
2550 4741 2769 4810 solatia,
2800 4757 2958 4811 quam
2999 4741 3233 4797 subsidia
3273 4750 3510 4795 mortuo-

1926 4852 2064 4891 rum.
2108 4835 2161 4891 Si
2207 4833 2405 4903 aliqnid
2458 4831 2675 4903 prodest
2721 4832 2884 4902 impio
2924 4833 3191 4902 sepultura
3240 4830 3505 4901 pretiosa,

1925 4928 2097 4984 oberit
2126 4927 2213 4997 pio
2235 4927 2354 4980 vilis
2380 4934 2471 4980 aut
2493 4924 2656 4980 nulla.
2680 4924 2972 4979 Praaclaras
2993 4924 3272 4993 exsequias
3302 4922 3353 4975 in
3378 4936 3512 4975 con-

1924 5029 2108 5090 spectu
2151 5018 2423 5074 hominum
2452 5024 2744 5089 purpurato
2784 5016 2861 5070 illi
2905 5016 3051 5070 diviti
3083 5014 3233 5070 turba
3264 5012 3510 5068 exhibuit

1925 5112 2239 5166 famulorum
2268 5126 2282 5162 :
2312 5108 2411 5163 sed
2428 5108 2594 5163 multo
2622 5106 2877 5162 clariores
2903 5107 2956 5161 in
2980 5113 3265 5175 conspectu
3295 5102 3506 5158 Domini

1926 5202 2169 5257 uleeroso
2193 5201 2262 5255 illi
2287 5199 2503 5271 pauperi
2520 5197 2869 5253 ministerium
2891 5195 3117 5267 priebuit
3141 5194 3503 5264 Angelorum;

1923 5298 2012 5363 qui
2039 5307 2159 5346 eum
2182 5306 2285 5345 non
2307 5289 2614 5345 extulerunt
2634 5287 2687 5341 in
2713 5299 3069 5339 marmoreum
3100 5284 3382 5347 tumulum,
3409 5284 3504 5338 sed

1926 5386 1976 5440 in
2009 5384 2235 5440 Abraha:
2275 5381 2535 5452 gremium
2582 5377 2916 5434 sustulerunt
2953 5374 3103 5445 (Luc.
3136 5390 3225 5429 xvi
3246 5417 3261 5442 ,
3293 5373 3501 5447 19-22).

1926 5477 2119 5533 Rident
2152 5477 2264 5529 huic
2304 5473 2375 5528 illi
2398 5515 2412 5538 ,
2441 5479 2625 5527 contra
2658 5483 2791 5539 quos
2832 5466 3221 5522 defendendam
3264 5468 3505 5535 suscepi;

1926 5585 2042 5623 mus
2084 5566 2360 5620 Civitatem
2412 5563 2931 5616 Deizverumtamen
2981 5560 3269 5628 sepultura:
3316 5573 3519 5613 curam.

1926 5660 2083 5713 etiam
2109 5669 2291 5712 eorum
2318 5650 2613 5723 philosophi
2644 5657 3108 5717 contempserunt;
3137 5658 3190 5705 et
3214 5664 3356 5720 saepe
3382 5650 3505 5702 uni.

1933 5751 2067 5813 versi
2097 5748 2361 5803 exercitus
2380 5785 2395 5814 ,
2429 5743 2553 5799 dum
2581 5752 2675 5813 pro
2705 5750 2914 5798 terrena
2951 5745 3117 5814 patria
3145 5747 3500 5801 morerentur,
