4102 6336
565 327 671 382 595

567 440 655 494 ubi
702 448 884 510 postea
916 440 1183 511 jacereut,
1214 442 1297 496 vel
1325 443 1515 513 quibus
1554 443 1736 497 bestiis
1764 458 1885 497 esca
1918 444 2107 498 fierent
2129 482 2144 505 ,

566 550 675 591 non
713 545 1067 601 curaverunt;
1096 536 1349 606 licuitque
1380 537 1550 605 poetis
1580 537 1647 591 de
1686 536 1783 590 hac
1813 552 1868 590 re
1896 536 2152 605 plausibi-

567 628 689 685 liter
714 628 895 685 dicere
914 670 929 697 ,

778 739 906 794 Ocelo
927 742 1128 805 tegitur,
1154 743 1237 805 qui
1255 756 1351 793 non
1383 742 1533 792 habet
1554 754 1725 793 urnam
1749 741 1841 806 (α).

568 855 766 918 quanto
787 846 962 901 minus
991 845 1184 902 debent
1226 847 1294 901 de
1324 847 1636 916 corporibus
1664 848 1943 918 insepultis
1986 848 2151 903 insul-

566 947 681 993 tare
723 937 1069 1002 Christianis,
1120 937 1310 1008 quibus
1354 948 1406 992 et
1461 939 1626 1008 ipsius
1665 940 1840 993 carnis
1887 941 2154 994 membro-

566 1048 790 1102 rumque
818 1032 1053 1087 omnium
1100 1030 1438 1096 reformatio,
1488 1046 1593 1086 non
1640 1032 1810 1085 solum
1855 1048 1919 1087 ex
1972 1042 2148 1102 terra,

571 1140 750 1179 verum
795 1126 954 1180 etiam
993 1141 1056 1180 ex
1097 1125 1319 1179 aliorum
1361 1126 1742 1181 elementorum
1789 1128 2153 1182 secretissima

566 1216 688 1289 sinu
710 1259 723 1285 ,
752 1233 856 1289 quo
886 1218 1087 1287 dilapsa
1114 1218 1371 1272 cadavera
1402 1228 1771 1283 recesserunt,
1815 1219 1865 1272 in
1900 1220 2152 1289 temporis

570 1318 763 1378 puncto
793 1307 1060 1363 reddenda
1089 1317 1143 1363 et
1167 1309 1571 1380 redintegranda
1602 1311 1960 1381 promittitur?
1995 1330 2012 1363 ι

637 1399 865 1456 CAPUT
894 1400 1139 1457 ιιι-5.
1175 1401 1389 1456 Funeris
1431 1412 1478 1456 et
1524 1404 1796 1472 sepultura:
1841 1420 1962 1456 cura
2000 1420 2155 1471 quare

569 1491 863 1545 laudabilis.
891 1512 908 1545 ι
933 1492 1040 1547 Nec
1056 1492 1173 1547 ideo
1192 1503 1366 1548 tamen
1385 1493 1770 1548 contemnenda
1789 1503 1842 1547 et
1857 1494 2152 1564 abjicienda

567 1593 693 1638 sunt
720 1599 941 1654 corpora
969 1585 1336 1640 defunctorum
1362 1628 1375 1648 .
1408 1586 1743 1657 maximeque
1778 1588 2041 1656 justorum
2091 1603 2153 1643 ac

567 1672 800 1728 fidelium
822 1716 836 1740 ,
866 1674 1055 1745 quibus
1087 1685 1334 1746 tanquam
1363 1676 1575 1745 organis
1607 1687 1659 1729 et
1690 1676 1829 1731 vasis
1868 1676 1933 1730 ad
1976 1677 2150 1731 omnia

565 1761 703 1818 bona
726 1780 885 1835 opera
915 1775 1098 1823 sancte
1124 1783 1251 1822 usus
1273 1776 1353 1822 est
1379 1769 1595 1837 spiritus
1620 1770 1657 1820 ¹.
1683 1769 1737 1822 Si
1758 1769 1898 1824 enim
1928 1779 2151 1840 paterna

566 1858 729 1912 vestis
756 1868 807 1912 et
828 1860 1079 1923 annulus,
1110 1874 1174 1914 ac
1205 1860 1247 1914 si
1278 1859 1404 1930 quid
1446 1860 1750 1930 hujusmodi
1771 1902 1785 1925 ,
1837 1871 1983 1917 tanto
2028 1863 2154 1917 cha-

567 1953 677 2002 rius
706 1958 789 2004 est
818 1950 1077 2018 posteris,
1110 1963 1309 2021 quanto
1347 1967 1470 2022 erga
1517 1961 1765 2022 parentes
1812 1955 1983 2025 major
2026 1956 2156 2010 alle-

565 2048 719 2105 ctus;
751 2041 897 2095 nullo
928 2042 1088 2096 modo
1123 2044 1233 2113 ipsa
1263 2045 1560 2113 spernenda
1591 2054 1714 2100 sunt
1761 2062 2007 2118 corpora,
2037 2066 2156 2119 qua:

567 2130 751 2201 utique
800 2134 966 2188 multo
1016 2131 1328 2189 familiarius
1376 2144 1533 2206 atque
1578 2139 1942 2207 cnnjunctius,
1996 2157 2155 2211 quam

566 2221 815 2290 quaelibet
842 2224 1144 2279 indumenta
1171 2235 1461 2295 gestamus.
1492 2228 1613 2282 llaec
1641 2230 1783 2284 enim
1811 2247 1914 2286 non
1958 2232 2025 2287 ad
2063 2248 2155 2288 or-

569 2321 877 2365 namentum
900 2314 981 2368 vel
1012 2314 1353 2383 adjutorium,
1397 2318 1536 2387 quod
1587 2318 1868 2374 adhibetur
1895 2323 2158 2379 extrinse-

568 2416 686 2467 cus,
719 2402 811 2455 sed
842 2402 908 2458 ad
950 2402 1117 2473 ipsam
1151 2414 1391 2461 naturam
1422 2407 1654 2463 hominis
1688 2412 1973 2478 pertinent.
2004 2412 2156 2471 Unde

572 2504 626 2547 et
652 2494 989 2565 antiquorum
1013 2496 1277 2565 justorum
1320 2500 1499 2553 funera
1544 2499 1780 2557 officiosa
1814 2504 2013 2572 pietate
2062 2521 2156 2562 cu—

569 2596 683 2640 rata
711 2595 855 2652 sunt,
880 2599 933 2643 et
961 2589 1228 2658 exsequiae
1259 2590 1540 2645 celebrata:
1566 2634 1581 2658 ,
1627 2601 1681 2646 et
1725 2594 1994 2662 sepultura
2025 2612 2152 2666 pro-

569 2681 680 2734 visa
708 2699 721 2733 :
746 2681 948 2751 ipsique
977 2698 1098 2738 cum
1122 2684 1394 2751 viverent,
1426 2686 1492 2740 de
1520 2688 1862 2756 sepeliendis,
1888 2691 1971 2745 vel
1996 2692 2156 2748 etiam

571 2768 953 2827 transferendis
978 2775 1088 2828 suis
1114 2776 1426 2845 corporibus
1450 2776 1570 2832 filiis
1598 2779 1982 2836 mandaverunt
2001 2780 2154 2853 (Gen.

571 2876 722 2927 χχιιι,
754 2878 885 2928 xxv,
941 2864 993 2929 9,
1042 2865 1128 2928 10,
1176 2875 1222 2919 et
1275 2883 1439 2931 xr.vn,
1486 2868 1597 2939 50).
1645 2870 1707 2924 Ει
1749 2871 2159 2944 Tobias'sepe-

571 2952 748 3006 liendo
779 2963 1017 3010 mortuos
1046 2957 1211 3011 Deum
1243 2960 1624 3027 promeruisse,
1648 2972 1784 3018 teste
1812 2966 2002 3034 angelo
2018 2982 2157 3021 com-

573 3044 854 3099 mendatur
883 3044 1028 3115 (Tob.
1060 3063 1117 3112 ll,
1146 3048 1198 3112 9,
1225 3058 1270 3102 et
1314 3065 1406 3118 xu,
1445 3050 1555 3123 1‘2).
1590 3051 1705 3122 Ipse
1732 3069 1941 3125 quoque
1971 3057 2156 3115 Domi-

572 3152 673 3191 nus
699 3138 785 3192 die
811 3141 967 3195 tertio
995 3152 1387 3197 resurrecturus
1414 3145 1676 3215 religiosae
1700 3149 1936 3204 mulieris
1957 3151 2155 3207 bonum

572 3243 706 3296 opus
752 3230 1023 3297 praedicat,
1056 3233 1558 3307 prredicandumque
1601 3240 1973 3305 commendat,
2015 3241 2159 3311 quod

572 3329 894 3385 unguentum
928 3322 1215 3389 pretiosum
1251 3340 1411 3395 super
1434 3327 1674 3382 membra
1717 3330 1836 3397 ejus
1887 3331 2153 3392 effuderit.

572 3418 729 3479 atque
758 3409 857 3466 hoc
884 3412 951 3466 ad
976 3428 1096 3467 eum
1134 3415 1500 3484 sepeliendum
1530 3419 1713 3474 fecerit
1761 3418 1969 3493 (Manli.
2005 3439 2154 3492 xxvi,

571 3498 728 3573 7-15)
754 3518 766 3553 :
797 3512 850 3557 et
878 3502 1214 3561 laudabiliter
1242 3521 1731 3565 commemorantur
1756 3512 1808 3567 in
1848 3512 2153 3584 Evangelia,

570 3593 660 3660 qui
688 3608 880 3661 corpus
907 3593 1022 3664 ejus
1051 3595 1118 3651 de
1140 3612 1298 3653 cruce
1326 3611 1600 3670 acceptum
1621 3643 1636 3668 ,
1688 3602 1973 3673 diligenter
1998 3613 2156 3674 atque

572 3682 861 3738 honorifice
891 3686 1172 3755 tegendum
1201 3689 1669 3761 sepeliendumque
1689 3704 1944 3749 curarunt
1970 3695 2149 3764 (Joan.

570 3788 678 3837 xix,
713 3773 824 3843 58).
849 3774 1041 3830 Verum
1069 3777 1181 3830 ista!
1203 3780 1543 3836 auctoritates
1572 3798 1677 3836 nou
1706 3783 1806 3838 hoc
1839 3785 2149 3852 admonent,

570 3864 711 3932 quod
740 3864 865 3921 insit
888 3866 1023 3921 ullus
1057 3867 1401 3924 cadaveribus
1430 3885 1650 3937 sensus;
1686 3873 1781 3929 sed
1809 3876 1875 3929 ad
1902 3876 2000 3931 Dei
2028 3892 2155 3946 pro-

570 3955 856 4011 videntiam
910 3957 1015 4027 (cui
1065 3960 1274 4029 placent
1321 3961 1478 4014 etiam
1527 3963 1650 4017 talia
1694 3964 1904 4032 pietatis
1954 3965 2150 4040 ofﬁcia)

567 4060 793 4115 corpora
842 4062 1054 4118 quoque
1107 4059 1437 4105 mortuorum
1501 4054 1770 4121 pertinere
1814 4056 2148 4126 significant,

571 4145 788 4205 propter
813 4136 970 4192 fidem
998 4140 1405 4197 resurrectionis
1429 4145 1789 4199 astruendam.
1824 4146 1921 4202 Ubi
1950 4159 2002 4201 et
2025 4149 2152 4205 illud

569 4228 852 4285 salubriter
873 4230 1115 4296 discitur,
1166 4242 1361 4301 quanta
1408 4236 1579 4303 possit
1619 4252 1738 4291 esse
1786 4241 2153 4303 remuneratio

572 4334 667 4385 pro
697 4318 1079 4391 eleemosynis,
1109 4337 1240 4390 quas
1275 4323 1571 4380 viventibus
1598 4335 1646 4381 et
1676 4328 2028 4385 sentientibus
2055 4347 2151 4387 ex.

569 4406 833 4474 bibemus,
864 4410 909 4463 si
939 4425 1111 4480 neque
1138 4412 1236 4467 hoc
1264 4414 1401 4482 apud
1434 4414 1598 4470 Deum
1624 4419 1779 4487 perit,
1802 4422 1943 4490 quod
1966 4426 2151 4478 exani-

571 4501 672 4558 mis
700 4501 972 4558 hominum
1004 4506 1257 4560 membris
1284 4507 1442 4563 officii
1474 4509 1863 4583 diligentimque
1893 4518 2153 4585 persolvi—

570 4604 675 4648 tur.
706 4592 840 4649 Sunt
879 4596 1091 4665 quidem
1132 4607 1187 4653 et
1225 4600 1327 4653 alia
1366 4618 1483 4670 quae
1518 4605 1683 4658 sancti
1716 4605 2036 4661 Patriarchre
2085 4609 2151 4665 de

569 4684 881 4754 corporibus
909 4686 1020 4741 suis
1050 4688 1132 4742 vel
1170 4691 1459 4746 condendis
1503 4694 1586 4747 vel
1619 4695 1997 4752 transferendis
2025 4715 2152 4768 pro-

568 4776 779 4845 phetico
806 4778 995 4847 Spiritu
1022 4779 1158 4836 dicta
1195 4781 1419 4851 intelligi
1450 4784 1729 4839 voluerunt
1785 4786 1935 4858 (Gen.
1981 4804 2144 4858 xnvn,

567 4867 656 4930 50,
688 4878 733 4921 et
755 4884 806 4935 ι,
836 4868 928 4940 24)
954 4887 968 4935 ;
1014 4887 1117 4925 non
1149 4882 1324 4926 autem
1359 4874 1444 4928 hic
1483 4875 1633 4930 locus
1664 4886 1742 4931 est
1775 4887 1828 4931 ut
1852 4894 1916 4933 ea
1948 4890 2149 4948 pertra-

566 4966 773 5021 ctemus
795 5000 807 5023 ,
841 4975 961 5014 cum
989 4962 1251 5017 sufﬁciant
1291 4964 1390 5018 ista
1421 4981 1538 5034 qure
1568 4964 1818 5021 diximus.
1859 4967 1966 5023 Sed
1996 4970 2039 5023 si
2086 4986 2149 5025 ea

566 5063 686 5119 qua:
733 5051 1092 5108 sustentandis
1138 5054 1435 5108 viventibus
1472 5060 1967 5131 suntoneccssaria,
2015 5060 2151 5117 sicut

568 5143 738 5198 victus
764 5151 818 5198 et
843 5145 1088 5211 amictus,
1119 5147 1359 5216 quamvis
1386 5162 1504 5201 cum
1552 5149 1698 5219 gravi
1739 5150 2026 5207 afﬂictione
2047 5152 2144 5208 de-

566 5233 692 5298 sint,
724 5247 830 5288 non
860 5233 1103 5303 frangunt
1144 5237 1196 5290 in
1240 5237 1391 5291 bonis
1436 5236 1739 5309 perferendi
1784 5241 2146 5312 tolerandique

572 5325 831 5391 virtutem,
860 5343 959 5382 nec
984 5327 1254 5383 eradicant
1278 5344 1342 5382 ex
1372 5330 1551 5387 animo
1579 5330 1848 5398 pietatem,
1876 5334 1969 5387 sed
1988 5351 2145 5390 exer-

566 5415 827 5470 citatam'
874 5417 1068 5474 faciunt
1116 5417 1512 5485 fecundiorem;
1561 5432 1757 5501 quanto
1812 5426 1978 5495 magis
2022 5442 2141 5480 cum

628 5528 646 5599 ξ
680 5529 754 5599 _Sic
904 5539 959 5599 at
982 5530 1129 5589 editi,
1152 5538 1342 5599 sanctus
1366 5547 1477 5584 usus
1498 5541 1566 5585 est
1584 5533 1801 5599 Spiritus.

627 5591 646 5653 ἓ
678 5594 736 5653 ln_
748 5592 961 5653 antiquis
977 5599 1111 5653 Mss,
1134 5594 1279 5643 Tobias.

626 5652 648 5681 ⁸
679 5651 829 5720 aditi,
870 5651 1145 5720 caedet/tm.
1174 5654 1341 5720 Melius
1362 5662 1491 5716 Mss,
1528 5658 1872 5720 exercitatam;
1916 5667 1965 5709 et
2001 5663 2070 5710 sic
2097 5663 2143 5710 in

565 5711 687 5761 libro
704 5712 858 5771 primo
876 5714 940 5761 de
960 5715 1159 5762 civitate
1185 5718 1286 5764 Dei.

624 5774 696 5833 ta)
718 5779 944 5836 Lucanus,
969 5776 1016 5823 in
1042 5774 1121 5825 lib.
1143 5778 1190 5839 7,
1217 5792 1262 5828 ν.
1281 5778 1391 5840 819,
1410 5780 1652 5831 de
1674 5782 1938 5839 Pharsalica
1962 5798 2139 5845 pugna.

1381 328 1469 383 DE
1507 328 1691 386 CURA
1732 328 1865 384 PRO
1904 323 2204 384 MORTUIS
2240 328 2591 403 GEBENDA,
2630 334 2687 389 S.
2722 335 3085 393 AUGUSTI)”

3742 344 3840 406 596

2260 443 2454 499 desunt
2486 462 2546 501 ea
2583 464 2699 517 qua:
2725 451 2973 506 curandis
3002 451 3278 509 funeribus
3306 457 3703 531 condendisqtte
3724 477 3844 518 cor-

2261 537 2478 605 poribus
2526 539 2895 597 defunctorum
2937 544 3177 601 adhiberi
3216 550 3420 617 solent,
3455 568 3561 606 non
3604 553 3844 612 efficiunt

2261 626 2484 681 miseros
2503 672 2517 696 ,
2555 631 2607 684 in
2635 633 2856 689 occultis
2883 635 3090 705 piorum
3119 638 3334 696 sedibus
3360 641 3468 710 jam
3491 644 3745 712 quietos?
3768 649 3843 705 Aa

2259 733 2358 788 per
2388 720 2485 775 hoc
2510 764 2523 787 ,
2556 724 2770 792 quando
2794 726 2893 780 ista
2937 728 3285 785 cadaveribus
3329 731 3751 792 Christianorum
3791 739 3841 795 in

2260 813 2346 866 illa
2376 829 2580 884 magnae
2607 818 2751 873 urbis
2771 860 2784 883 ,
2814 820 2897 874 vel
2933 821 3093 875 etiam
3131 823 3359 878 aliorum
3391 827 3711 896 Oppidorum
3750 847 3845 885 va-

2260 905 2486 960 statione
2526 906 2828 975 defuerunt,
2861 926 2960 967 nec
2997 913 3239 969 vivorum
3270 916 3425 988 culpa
3454 931 3568 985 est,
3601 924 3691 991 qui
3738 939 3843 980 non

2261 1003 2544 1063 potuerunt
2569 997 2667 1053 ista
2699 1001 2968 1069 praebere;
3015 1019 3113 1059 nec
3157 1016 3493 1064 mortuorum
3520 1025 3676 1080 poena
3701 1056 3715 1079 ,
3750 1017 3841 1085 qui

2261 1100 2365 1139 non
2395 1098 2679 1156 potuerunt
2720 1090 2820 1146 ista
2858 1094 3056 1150 sentire
3102 1094 3202 1170 (De
3240 1097 3453 1155 Civitate
3483 1101 3594 1166 Dei,
3648 1106 3737 1159 lib.
3786 1107 3840 1173 1,

2259 1192 2409 1246 capp.
2443 1179 2517 1233 12·
2560 1190 2606 1234 et
2630 1180 2738 1253 15).
2776 1202 2794 1234 ι
2839 1184 2965 1239 H:ec
2999 1194 3080 1240 est
3124 1204 3239 1243 mea
3261 1190 3329 1245 de
3360 1193 3650 1264 sepulturae
3680 1211 3840 1253 causa

2259 1280 2417 1341 atque
2448 1275 2654 1330 ratione
2679 1277 2961 1332 sententia.
2986 1279 3154 1347 Quam
3181 1293 3457 1354 propterea
3483 1301 3549 1342 ex
3574 1289 3679 1344 alio
3709 1290 3847 1347 libro

2259 1378 2381 1418 meo
2408 1364 2458 1419 in
2490 1365 2649 1420 istum
2673 1369 2937 1437 transtuli,
2966 1372 3087 1441 quia
3112 1371 3318 1429 facilius
3348 1375 3449 1431 hoc
3476 1393 3505 1431 a
3542 1395 3628 1433 me
3652 1396 3845 1437 recen-

2259 1457 2363 1511 seri
2383 1459 2568 1526 potuit,
2595 1476 2750 1528 quam
2776 1462 3000 1532 idipsum
3029 1465 3133 1519 alio
3161 1467 3320 1522 modo
3341 1469 3696 1540 eloquendum
3724 1472 3836 1530 fuit.

2328 1548 2554 1638 CAPUT
2586 1551 2673 1608 IV.
2698 1584 2770 1595 —
2791 1555 2844 1610 6.
2876 1555 3171 1625 Sepultum
3196 1560 3336 1617 locus
3370 1574 3567 1618 mortuo
3613 1584 3715 1621 non
3754 1586 3847 1638 per

2259 1656 2312 1694 se
2331 1635 2351 1705 ,’
2371 1642 2460 1696 sed
2484 1660 2571 1713 per
2590 1646 2901 1700 occasionem
2922 1649 3145 1717 prodest,
3173 1652 3296 1705 dum
3320 1655 3558 1711 admonet
3585 1668 3637 1711 ut
3667 1669 3844 1713 oretur

2261 1749 2352 1802 pro
2373 1733 2480 1787 illo.
2514 1734 2665 1800 Quod
2694 1736 2738 1791 si
2768 1752 2955 1792 verum
2990 1749 3073 1794 est
3094 1782 3107 1803 ,
3143 1742 3383 1811 profecto
3408 1747 3567 1801 etiam
3599 1752 3848 1817 provisus

2261 1824 2581 1893 sepeliendis
2607 1829 2919 1898 corporibus
2944 1830 3084 1899 apud
3116 1836 3401 1889 memorias
3421 1847 3725 1896 sanctorum
3758 1843 3845 1898 lo.

2262 1929 2354 1969 cus
2374 1958 2388 1981 ,
2416 1916 2567 1970 bona:
2605 1916 2899 1974 affectionis
2930 1919 3176 1978 humana:
3210 1934 3292 1979 est
3336 1941 3458 1997 erga
3504 1928 3686 1986 funera
3716 1949 3848 1989 suo..-

2261 2020 2414 2059 rutn:
2446 2008 2694 2076 quoniam
2723 2009 2767 2063 si
2788 2011 3044 2067 nonnulla
3070 2014 3259 2084 religio
3289 2027 3371 2070 est
3408 2028 3465 2072 ut
3490 2022 3844 2091 sepeliantur,

2261 2112 2367 2151 non
2388 2108 2564 2168 potest
2593 2100 2736 2154 nulla
2763 2116 2881 2157 esse
2906 2103 3119 2172 quando
3150 2106 3237 2161 ubi
3256 2108 3582 2176 sepeliantur
3607 2114 3846 2169 attendi-

2261 2196 2364 2243 tur.
2399 2190 2503 2245 Sed
2527 2206 2648 2245 cum
2679 2192 2800 2247 talia
2828 2194 3072 2251 vivorum
3117 2198 3304 2253 solatia
3339 2202 3698 2271 requiruntur,
3728 2207 3853 2275 qui-

2262 2281 2360 2336 bus
2386 2297 2568 2337 eorum
2594 2284 2714 2354 pius
2740 2285 2793 2339 in
2830 2301 2956 2341 suos
2986 2288 3196 2343 animus
3225 2299 3516 2359 appareat,
3547 2307 3652 2347 non
3685 2295 3851 2352 video

2261 2389 2380 2441 qua:
2406 2383 2530 2427 sunt
2560 2375 2863 2444 adjumenta
2892 2386 3226 2433 mortuorum
3248 2422 3264 2447 ,
3295 2381 3395 2435 nisi
3416 2381 3481 2436 ad
3509 2381 3609 2437 hoc
3635 2392 3693 2438 ut
3714 2384 3852 2441 dum

2262 2462 2505 2518 recolunt
2532 2463 2622 2518 ubi
2650 2466 2757 2519 sint
2783 2467 2952 2535 posita
2975 2482 3158 2523 eorum
3186 2485 3319 2539 quos
3346 2460 3572 2543 diligunt
3595 2488 3851 2545 corpora,

2261 2554 2461 2611 eisdem
2488 2558 2683 2612 sanctis
2704 2558 2823 2612 illos
2846 2567 3094 2630 tanquam
3125 2564 3360 2630 patronis
3391 2574 3668 2636 susceptos
3694 2568 3844 2638 apud

2263 2643 2546 2701 Dominum
2593 2647 2921 2719 adjuvandos
2980 2650 3185 2706 orando
3238 2657 3634 2713 commendent.
3691 2658 3855 2727 Quod

2261 2738 2473 2807 quidem
2496 2737 2668 2794 facere
2700 2750 2947 2810 possent,
2981 2742 3189 2797 etiamsi
3231 2744 3428 2800 talibus
3455 2747 3586 2803 locis
3621 2765 3715 2804 eos
3745 2753 3856 2807 hu.

2261 2846 2409 2887 mare
2438 2848 2542 2887 non
2567 2843 2800 2902 possent.
2830 2833 2935 2889 Sed
2963 2850 3069 2897 non
3097 2836 3165 2892 ob
3191 2836 3331 2892 aliud
3359 2839 3439 2893 vel
3470 2839 3739 2898 Memoria:
3764 2844 3855 2900 vel

2261 2922 2600 2978 Monumenta
2629 2923 2876 2979 dicuntur
2904 2940 2967 2981 ea
2987 2942 3105 2996 qua:
3128 2927 3375 2998 insignita
3403 2930 3418 2960 ¹
3446 2929 3579 2985 fiunt
3599 2933 3856 3002 sepulcra

2262 3023 2589 3070 mortuorum
2610 3058 2625 3083 ,
2655 3016 2759 3072 nisi
2784 3016 2903 3087 quia
2927 3032 3023 3072 eos
3044 3020 3131 3088 qui
3160 3019 3447 3075 viventium
3469 3022 3641 3078 oculis
3665 3035 3854 3083 morte

2262 3106 2513 3162 subtraeti
2544 3117 2697 3171 sunt,
2727 3124 2795 3163 ne
2823 3109 3092 3165 oblivione
3130 3111 3289 3166 etiam
3325 3113 3575 3168 cordibus
3620 3116 3853 3173 subtra-

2262 3196 2475 3263 hantur,
2516 3199 2568 3252 in
2616 3199 2923 3253 memoriam
2952 3210 3240 3270 revocant,
3280 3211 3335 3259 et
3382 3204 3725 3261 admonendo
3758 3207 3852 3263 fa-

2262 3289 2410 3342 ciunt
2438 3289 2657 3360 cogitari
2684 3309 2696 3343 :
2724 3305 2843 3345 nam
2875 3302 2926 3347 et
2952 3291 3221 3348 Memoriae
3260 3309 3454 3355 nomen
3483 3295 3536 3351 id
3563 3298 3858 3367 apertissi-

2262 3394 2347 3434 me
2370 3381 2631 3448 ostendit,
2664 3391 2718 3436 et
2741 3381 3137 3439 Monumentum
3169 3399 3234 3439 eo
3265 3385 3409 3456 quod
3452 3398 3666 3442 moneat
3690 3402 3857 3445 meno

2265 3472 2481 3539 tem,id
2512 3480 2622 3539 est,
2673 3473 2988 3543 admoneat,
3035 3488 3390 3547 nuncupatur.
3436 3477 3663 3548 Propter
3700 3480 3858 3549 quod

2260 3576 2313 3622 et
2341 3565 2509 3623 Graeci
2524 3583 2746 3635 μνημεῖον
2762 3576 2971 3635 vocant,
3003 3569 3145 3639 quod
3170 3585 3267 3625 nos
3301 3571 3605 3627 Memoriam
3623 3587 3717 3627 seu
3736 3573 3859 3629 Μο-

2261 3667 2568 3712 numentum
2597 3658 2957 3728 appellamus;
3000 3659 3251 3729 quoniam
3277 3660 3455 3732 lingua
3496 3678 3683 3717 eorum
3727 3680 3857 3719 me-

2262 3749 2427 3803 moria
2456 3749 2569 3818 ipsa
2593 3764 2695 3819 qua
2720 3750 3057 3805 meminimus
3080 3762 3242 3820 μνήμη
3258 3752 3474 3807 dicitur.
3496 3753 3630 3809 Cum
3664 3756 3859 3827 itaque

2259 3839 2448 3893 recolit
2477 3840 2686 3893 animus
2709 3840 2799 3895 ubi
2825 3844 3087 3910 sepultum
3115 3842 3184 3896 sit
3213 3842 3515 3898 charissimi
3543 3859 3764 3915 corpus,
3796 3854 3858 3903 et

2260 3931 2492 3984 occurrit
2522 3930 2669 3985 locus
2720 3932 2933 3987 nomine
2984 3933 3235 4003 martyris
3276 3935 3613 3997 venerabilis,
3661 3937 3852 3993 eidem

2260 4021 2477 4091 martyri
2507 4022 2737 4077 animam
2774 4020 3023 4077 dilectam
3062 4023 3403 4078 commendat
3430 4024 3771 4080 recordantis
3795 4036 3856 4082 et

2259 4117 2523 4185 precantis
2550 4115 2788 4171 affectus.
2820 4115 2920 4183 Qui
2947 4131 3069 4171 cum
3093 4116 3359 4175 defunctis
3385 4134 3415 4174 a
3443 4120 3687 4176 fidelibus
3709 4122 3860 4178 chao

2258 4207 2485 4265 rissimis
2514 4207 2814 4273 exhibetur,
2847 4223 2970 4262 eum
2998 4208 3257 4278 prodesse
3281 4224 3387 4264 non
3415 4210 3632 4267 dubium
3657 4224 3744 4268 est
3779 4214 3854 4269 iis

2258 4301 2486 4372 quicum
2516 4301 2566 4355 in
2598 4315 2820 4370 corpore
2843 4301 3115 4366 viverent,
3146 4302 3269 4356 talia
3315 4302 3414 4357 sibi
3444 4311 3565 4374 post
3594 4302 3736 4359 hanc
3768 4306 3861 4359 vi-

2260 4406 2364 4450 tam
2390 4394 2643 4466 prodesse
2666 4404 2993 4450 meruerunt.
3020 4396 3213 4451 Verum
3240 4405 3295 4452 et
3320 4397 3364 4451 si
3391 4397 3564 4468 aliqua
3596 4400 3856 4455 necessi-

2260 4495 2339 4541 tas
2366 4487 2448 4541 vel
2491 4485 2694 4539 humari
2736 4500 2983 4555 corpora,
3009 4487 3091 4541 vel
3135 4487 3188 4541 in
3230 4487 3425 4543 talibus
3467 4488 3597 4543 locis
3626 4489 3858 4547 humari

2257 4580 2401 4634 nulla
2427 4579 2545 4633 data
2578 4578 2822 4634 facultate
2852 4580 3155 4649 permittat,
3188 4594 3294 4636 non
3348 4590 3473 4636 sunt
3514 4586 3856 4651 prater-mit.

2259 4668 2429 4725 tendte
2488 4667 2900 4739 supplicationes
2964 4685 3058 4741 pro
3121 4670 3396 4739 Spiritibus
3462 4683 3856 4732 mortuorum:

2256 4775 2387 4831 quas
2418 4759 2683 4815 faciendas
2709 4776 2803 4830 pro
2829 4760 3075 4817 omnibus
3102 4762 3157 4818 in
3182 4763 3470 4817 christiana
3488 4773 3541 4818 et
3566 4765 3849 4823 catholica

2255 4852 2507 4906 societate
2543 4851 2808 4906 defunctis
2857 4852 3020 4907 etiam
3074 4853 3251 4908 tacitis
3299 4854 3605 4909 nominibus
3649 4870 3861 4912 eorum

2254 4942 2354 4997 sub
2381 4943 2612 5012 generali
2650 4943 3155 4999 commemoratione
3196 4948 3431 5014 suscepit
3471 4945 3753 5013 Ecclesia;
3796 4957 3863 5003 ut

2253 5035 2445 5104 quibus
2465 5033 2529 5087 ad
2567 5035 2663 5086 ista
2698 5033 2889 5088 desunt
2914 5044 3188 5103 parentes,
3218 5018 3455 5101 aut‘filii,
3479 5044 3571 5090 aut
3596 5037 3865 5104 quicum-

2252 5142 2355 5196 que
2383 5125 2588 5196 cognati
2632 5126 2715 5181 vel
2764 5126 2942 5189 amici,
2995 5126 3059 5180 ,ιιι
3093 5144 3192 5181 ιιιι;ι
3248 5129 3325 5183 eis
3368 5127 3721 5183 exhibeantur
3760 5132 3859 5197 pia

2252 5227 2421 5270 matre
2448 5217 2735 5270 communi.
2766 5216 2820 5272 Si
2842 5225 3020 5273 autem
3051 5218 3303 5272 deessent
3330 5218 3444 5272 ista:
3480 5218 3857 5287 supplicatio—-

2253 5322 2365 5369 nes,
2396 5323 2513 5377 qum
2540 5307 2670 5361 fiunt
2694 5317 2837 5363 recta
2872 5307 2974 5362 fide
2994 5323 3056 5362 ac
3088 5310 3282 5378 pietate
3305 5325 3406 5380 pro
3432 5309 3681 5375 mortuis,
3707 5323 3860 5379 puto

2250 5397 2389 5467 quod
2432 5398 2561 5452 nihil
2592 5398 2870 5469 prodesset
2910 5399 3185 5468 spiritibus
3232 5416 3418 5455 eorum
3449 5401 3752 5470 quamlibet
3789 5403 3856 5460 in

2252 5490 2381 5543 locis
2404 5491 2603 5544 sanctis
2632 5492 2874 5545 exanima
2904 5507 3127 5560 corpora
3159 5501 3503 5560 ponerentur.

2320 5580 2545 5636 CAPUT
2596 5583 2658 5637 V.
2687 5614 2756 5622 —
2785 5585 2835 5636 7.
2878 5582 3043 5636 Locus
3090 5602 3179 5654 per
3230 5588 3541 5640 occasionem
3586 5599 3864 5659 quantum

2316 5788 2327 5819 ι
2368 5786 2587 5851 t‘lerique
2611 5792 2735 5849 Mss,
2764 5786 3029 5850 insigniter.
3058 5787 3140 5841 Alii
3165 5788 3374 5854 quidam,
3400 5785 3637 5851 ἱιιδιὶληὶω.
