4102 6336
306 324 391 380 τω
1706 316 1904 370 Lmen
1946 316 2139 371 usus.

305 438 466 509 prosit.
494 438 632 493 Cum
686 453 815 507 eigo
854 435 1024 491 fidelis
1061 444 1232 490 mater
1275 433 1443 488 lidelis
1493 433 1583 486 lilii
1630 430 1865 487 defuncti

301 544 485 598 corpus
514 528 838 583 desideravit
859 528 910 581 in
942 527 1158 581 basilica
1182 525 1431 596 martyris
1471 524 1593 593 poni
1626 564 1640 588 ,
1669 523 1714 577 si
1758 522 1877 591 qui-

301 622 409 675 dem
433 618 660 674 credidit
688 620 802 689 ejus
828 618 1058 673 animam
1096 617 1304 671 meritis
1329 616 1577 685 martyris
1601 614 1838 683 adjuvari
1862 627 1876 677 ;

303 716 394 767 hoc
421 712 564 783 quod
587 713 660 767 ita
688 712 951 776 credidit,
999 710 1315 781 supplicatio
1356 709 1601 780 quaedam
1654 707 1786 771 fuit;
1825 715 1877 761 et

302 808 406 859 lucc
438 802 665 872 profuit,
696 803 739 857 si
766 802 890 873 quid
920 800 1138 872 profuit.
1172 802 1236 855 Et
1263 800 1406 870 quod
1434 799 1500 853 ad
1533 799 1671 853 idem
1699 797 1882 866 sepul-

298 912 440 949 crum
466 895 692 948 recurrit
711 894 910 956 animo,
934 902 988 948 et
1016 892 1181 946 lilium
1208 892 1455 961 precibus
1480 889 1647 958 magis
1685 888 1882 958 magis-

298 1002 393 1057 que
445 984 821 1049 commendat;
873 983 1090 1053 adjuvat
1140 981 1379 1037 defuncti
1432 980 1720 1050 spiritum,
1769 993 1876 1033 non

296 1076 486 1130 mortui
507 1074 750 1143 corporis
778 1075 942 1137 locus,
968 1073 1060 1127 sed
1089 1088 1153 1127 ex
1182 1073 1284 1127 loci
1316 1071 1575 1126 memoria
1596 1071 1744 1125 vivus
1774 1085 1881 1124 ma-

297 1167 388 1220 tris
414 1165 657 1220 allectus.
705 1164 875 1219 Simul
907 1164 1047 1217 enim
1084 1172 1138 1218 et
1166 1163 1288 1233 quis
1331 1172 1386 1217 et
1417 1162 1503 1217 cui
1530 1159 1879 1215 commenda-

294 1266 379 1312 tus
400 1259 418 1290 ¹
447 1257 534 1319 sit,
570 1262 677 1311 non
712 1257 893 1326 utique
924 1254 1249 1310 infructuose
1295 1254 1600 1323 religiosam
1646 1260 1878 1307 mentem

293 1348 559 1418 precantis
589 1348 821 1417 attingit.
863 1346 994 1401 Nam
1034 1354 1088 1401 et
1128 1353 1344 1400 orantes
1386 1344 1455 1401 de
1501 1344 1755 1398 membris
1795 1343 1878 1397 sui

244 1426 251 1436 ’
291 1439 534 1508 corporis
563 1438 763 1493 faciunt
802 1439 945 1507 quod
988 1438 1411 1507 supplicantibus
1445 1436 1724 1507 congruit,
1756 1450 1877 1490 cum

290 1546 463 1601 genua
492 1530 658 1601 figunt
680 1569 693 1592 ,
723 1545 843 1584 cum
875 1529 1169 1585 extendunt
1199 1544 1407 1593 manus,
1448 1528 1530 1582 vel
1566 1528 1726 1583 etiam
1759 1542 1879 1596 pro—

289 1632 606 1680 sternuntur
631 1625 767 1688 solo,
800 1630 854 1678 et
892 1623 935 1677 si
983 1623 1106 1693 quid
1153 1622 1293 1677 aliud
1325 1622 1604 1676 visibiliter
1648 1621 1877 1686 faciunt;

289 1715 534 1784 quamvis
556 1729 744 1770 eorum
776 1714 1056 1769 invisibilis
1091 1713 1335 1768 voluntas
1367 1722 1422 1768 et
1446 1713 1626 1768 cordis
1654 1713 1879 1768 intentio

289 1812 403 1867 Deo
427 1821 553 1867 nota
583 1813 681 1877 sit,
710 1825 810 1865 nec
838 1810 927 1866 ille
955 1809 1188 1880 indigeat
1215 1810 1299 1863 his
1325 1808 1555 1873 indiciis,
1590 1815 1646 1861 ut
1684 1807 1876 1860 Imma-

287 1916 392 1957 nus
430 1903 479 1957 ei
511 1902 778 1973 pandatur
810 1900 1021 1955 animus
1051 1918 1064 1954 :
1090 1899 1186 1954 sed
1227 1899 1352 1954 hinc
1399 1898 1568 1969 magis
1595 1913 1654 1952 se
1700 1898 1874 1967 ipsum

284 1995 482 2050 excitat
504 1994 664 2048 homo
683 1992 749 2048 ad
778 1993 1037 2048 orandum
1065 1991 1490 2062 gemendumque
1514 1989 1766 2044 humilius
1793 1996 1877 2041 at-

284 2100 393 2156 que
420 2085 732 2140 ferventius.
769 2086 834 2138 Et
875 2083 1057 2137 nescio
1096 2081 1395 2152 quomodo,
1444 2095 1565 2134 cum
1600 2079 1653 2133 hi
1698 2088 1876 2133 motus

284 2176 533 2247 corporis
567 2175 682 2231 ﬁeri
712 2175 814 2229 nisi
842 2184 989 2228 motu
1021 2173 1183 2227 animi
1226 2171 1567 2242 praecedente
1611 2185 1714 2223 non
1746 2182 1874 2237 pos-

282 2269 425 2329 sint,
454 2266 659 2321 eisdem
688 2278 878 2321 rursus
905 2264 1144 2319 exterius
1165 2262 1450 2317 visibiliter
1470 2259 1645 2326 factis,
1671 2259 1874 2315 illein-

284 2361 455 2416 terior
501 2358 783 2414 invisibilis
831 2359 921 2428 qui
976 2371 1071 2413 eos
1114 2356 1240 2412 fecit
1264 2364 1521 2426 augetur:
1548 2368 1612 2408 ac
1638 2368 1732 2422 per
1773 2352 1876 2406 hoc

279 2451 465 2506 cordis
490 2452 735 2515 allectus,
777 2451 865 2521 qui
911 2461 969 2503 ut
1020 2449 1210 2503 tierent
1264 2449 1365 2502 ista
1420 2447 1716 2517 praecessit,
1749 2445 1874 2514 quia

277 2543 417 2598 facta
447 2553 572 2599 sunt
600 2542 819 2598 crescit.
866 2540 1247 2597 Verumtamen
1279 2540 1321 2593 si
1362 2555 1429 2593 eo
1457 2538 1618 2593 modo
1647 2538 1873 2607 quisque

280 2644 550 2700 teneatur,
584 2635 665 2688 vel
696 2634 857 2688 etiam
889 2634 1096 2703 ligetur,
1141 2641 1199 2686 ut
1236 2632 1351 2685 hate
1380 2630 1447 2684 de
1476 2630 1587 2683 suis
1618 2628 1874 2683 membris

276 2723 457 2780 facere
482 2732 734 2794 nequeat,
766 2738 871 2777 non
899 2722 1018 2777 ideo
1045 2737 1155 2776 non
1196 2729 1318 2776 orat
1354 2721 1579 2775 interior
1603 2720 1789 2784 homo,
1819 2727 1874 2773 et

279 2826 409 2871 ante
434 2816 622 2872 oculos
641 2816 734 2871 Dei
769 2816 821 2869 in
850 2815 1211 2870 sccretissimo
1250 2813 1432 2877 cubili,
1476 2813 1570 2866 ubi
1605 2827 1870 2881 compun-

277 2909 445 2980 gitur,
476 2908 756 2962 sternitur.
787 2906 863 2961 lla
890 2908 1051 2961 etiam
1072 2920 1196 2960 cum
1221 2905 1508 2975 plurimum
1539 2905 1746 2959 intersit
1782 2904 1871 2959 ubi

275 3007 444 3069 ponat
468 3014 663 3069 corpus
691 3000 886 3053 mortui
938 2998 1040 3064 sui,
1073 2997 1164 3067 qui
1214 3011 1311 3067 pro
1357 2997 1547 3066 spiritu
1598 2998 1716 3065 ejus
1760 2996 1871 3050 Deo

275 3093 577 3162 supplicat,
616 3092 738 3161 quia
783 3098 838 3145 et
878 3088 1192 3162 praecedens
1234 3087 1456 3141 allectus
1499 3088 1676 3141 locum
1706 3084 1873 3156 elegit

275 3192 546 3249 sanctum,
569 3192 624 3237 et
644 3182 751 3237 illic
775 3196 1001 3251 corpore
1022 3181 1198 3251 posito
1225 3178 1536 3234 recordatus
1564 3177 1711 3232 locus
1739 3192 1868 3231 san-

274 3285 395 3331 ctus
420 3291 544 3330 eum
568 3275 660 3344 qui
690 3280 1040 3343 pnecesserat
1066 3280 1291 3327 renovat
1316 3282 1371 3326 et
1390 3278 1548 3340 auget
1567 3268 1820 3324 allectum
1853 3286 1866 3322 :

276 3378 458 3423 tamen
519 3367 728 3422 etiamsi
781 3381 886 3421 non
934 3367 1130 3436 possit,
1179 3366 1266 3420 ubi
1316 3366 1596 3434 religiosus
1619 3363 1873 3419 animus‘

273 3459 483 3530 elegit,
543 3460 765 3513 humare
812 3472 971 3528 quem
1026 3455 1231 3527 diligit,
1288 3456 1431 3509 nullo
1484 3455 1642 3509 modo
1708 3453 1868 3509 debet

273 3566 301 3604 a
350 3549 831 3621 supplicationibus
872 3548 1187 3603 necessariis
1239 3548 1291 3601 in
1352 3546 1466 3617 ejus
1520 3546 1869 3601 commenda-

275 3642 423 3696 tione
442 3655 678 3695 cessare.
705 3638 1040 3709 Ubicumque
1060 3638 1203 3693 enim
1226 3638 1401 3708 jaceat
1423 3639 1505 3692 vel
1546 3654 1652 3691 non
1692 3637 1871 3706 jaceat

273 3731 514 3787 defuncti
555 3746 702 3795 caro,
745 3731 950 3800 spiritui
985 3730 1199 3800 requies
1246 3728 1568 3799 acquirenda
1626 3736 1710 3782 est
1735 3745 1750 3783 :
1779 3729 1867 3797 qui

274 3840 398 3879 cum
428 3822 552 3879 inde
581 3822 769 3888 exiret,
802 3836 984 3877 secum
1022 3821 1241 3875 abstulit
1283 3835 1519 3885 sensum,
1550 3835 1656 3889 quo
1684 3822 1863 3874 inter-

274 3931 397 3970 esse
447 3915 617 3984 possit
641 3913 917 3986 quomodo
935 3913 1162 3983 quisque
1187 3913 1288 3978 sit,
1313 3912 1427 3967 sive
1456 3913 1507 3966 in
1541 3912 1729 3977 bonis,
1747 3913 1863 3965 sive

275 4007 326 4060 in
360 4007 562 4061 malis:
594 4020 694 4060 nec
720 4005 788 4059 ab
827 4018 890 4059 ea
930 4018 1093 4058 carne
1133 4010 1409 4073 exspectat
1433 4002 1669 4073 adjuvari
1699 4002 1862 4057 vitam

274 4114 457 4161 suam,
491 4099 575 4151 cui
622 4096 893 4167 praebebat
918 4095 1048 4167 ,ipse
1086 4094 1270 4160 vitam,
1313 4109 1470 4165 quam
1512 4094 1745 4149 detraxit
1783 4109 1870 4148 ex-

274 4191 495 4252 cedens,
529 4199 584 4244 et
605 4188 916 4244 redditurus
934 4198 1016 4243 est
1040 4187 1256 4243 rediens
1282 4203 1297 4253 ;
1324 4186 1576 4257 quoniam
1608 4201 1714 4241 non
1735 4201 1863 4241 caro

274 4282 483 4351 spiritui
509 4324 523 4347 ,
557 4280 652 4335 sed
694 4280 917 4349 spiritus
942 4279 1090 4334 carni
1115 4278 1280 4333 etiam
1312 4278 1477 4348 ipsius
1504 4277 1865 4332 resurrectio-

276 4375 357 4429 nis
406 4372 657 4428 meritum
710 4378 1005 4440 comparat,
1054 4380 1233 4425 utrum
1267 4369 1333 4424 ad
1393 4384 1641 4439 pcenam,
1683 4383 1750 4422 an
1800 4366 1867 4422 ad

273 4465 499 4537 gloriam
521 4463 827 4518 reviviscat.

339 4555 575 4614 CAPUT
602 4555 764 4610 VL—
777 4554 830 4609 8.
850 4552 1078 4623 Corpora
1100 4562 1380 4623 martyrum
1401 4560 1599 4615 exusta,
1618 4560 1661 4604 et
1679 4551 1869 4604 cineres

278 4650 533 4706 Rhodano
559 4648 793 4717 inspersi.
830 4645 1084 4715 Legimus
1121 4644 1170 4698 in
1212 4642 1587 4698 Ecclesiastica
1614 4642 1865 4704 Historia,

273 4759 434 4812 quam
463 4755 639 4811 grtece
668 4739 883 4811 scripsit
912 4736 1193 4803 Eusebius,
1220 4743 1276 4790 et
1302 4736 1356 4790 in
1386 4734 1604 4788 latinam
1634 4734 1865 4802 linguam

277 4833 439 4889 vertit
464 4830 730 4897 Rufﬁnus,
760 4837 1051 4900 martyrum
1081 4841 1305 4898 corpora
1344 4825 1397 4880 in
1436 4824 1601 4879 Gallia
1645 4824 1871 4878 canibus

276 4925 543 4995 exposita,
561 4936 865 4991 canumque
882 4920 903 4952 ⁸
935 4920 1184 4990 reliquias
1204 4926 1362 4988 atque
1388 4933 1509 4973 ossa
1535 4925 1866 4970 mortuorum

278 5030 451 5085 usque
482 5013 548 5068 ad
575 5021 870 5068 extremam
911 5010 1371 5080 consumptionem
1410 5006 1621 5077 ignibus
1649 5021 1870 5060 concre-

274 5114 451 5169 mata;
477 5104 805 5173 eosdemque
871 5102 1078 5156 cineres
1107 5100 1267 5154 ﬂuvio
1295 5097 1575 5162 Rhodano,
1630 5112 1697 5150 ne
1739 5095 1864 5165 quid

276 5196 342 5249 ad
387 5194 702 5250 memoriam
732 5192 1172 5263 qualemcumque
1209 5191 1623 5260 relinqueretur,
1661 5188 1872 5257 insper-

276 5300 365 5341 sos
398 5286 496 5358 (α).
536 5283 693 5351 Quod
723 5298 827 5337 non
859 5283 927 5336 ob
953 5280 1094 5336 aliud
1126 5280 1446 5335 credendum
1486 5288 1568 5333 est
1608 5278 1865 5332 divinitus

339 5466 359 5499 ι
396 5462 505 5513 Bad.
530 5471 632 5513 Am.
656 5468 753 5521 Er.,
777 5458 1200 5511 cmumendandus.

337 5529 363 5559 ³
395 5529 466 5575 Sic
489 5532 596 5575 Mss.
618 5524 739 5573 Editi
758 5536 893 5583 vero,
919 5521 1120 5572 amicus.
1524 5582 1529 5583 ν
1556 5566 1557 5571 η

341 5591 364 5621 ³
397 5594 524 5638 Unus
540 5600 572 5636 e
587 5587 825 5636 Vaticanis
848 5592 974 5644 Mss,
998 5582 1323 5646 carnimnque.
1363 5582 1531 5646 Cceteri
1557 5582 1754 5646 codices
1770 5596 1870 5631 ma-

276 5650 509 5723 nusg'ipti
534 5657 587 5700 et
610 5648 799 5709 excusi,
827 5659 1089 5709 canumque
1125 5643 1385 5708 reliquias;
1428 5643 1477 5694 id
1515 5650 1607 5701 est,
1624 5645 1819 5693 relictas
1845 5657 1871 5693 a

279 5713 614 5838 ωῗέιῗιὶῗότωῐι
653 5770 1039 5835 Lugdunensium
1082 5777 1339 5833 martyrum
1385 5780 1582 5830 corpora
1630 5779 1719 5817 sex
1753 5766 1861 5815 dies

3466 332 3569 385 ςθθ

1989 430 2152 487 fuisse
2192 433 2551 503 permissum,
2599 437 2698 491 nisi
2749 446 2803 491 ut
2849 439 3115 497 discerent
3154 441 3476 511 Christiani,
3511 447 3560 500 iu

1986 524 2291 579 conﬁtendo
2316 524 2611 591 Christum,
2652 527 2777 583 dum
2806 539 3151 587 contemnunt
3193 535 3330 591 hanc
3366 537 3567 603 vitam,

1986 619 2155 671 multo
2181 618 2348 688 magis
2372 628 2715 676 contemnere
2740 624 3086 692 sepulturam.
3117 625 3228 681 lloc
3251 628 3393 683 enim
3423 631 3564 699 quod

1988 710 2186 777 ingenti
2217 711 2417 765 saevitia
2449 712 2517 768 de
2546 715 2861 783 corporibus
2901 726 3190 789 martyrum
3226 719 3419 776 factum
3446 732 3563 788 est,

1985 802 2029 856 si
2061 803 2139 857 eis
2153 802 2438 874 quidquam
2467 816 2819 878 noceret,quo
2846 810 3019 864 minus
3051 811 3204 865 beate
3224 812 3239 844 ¹
3260 813 3564 883 requiesce-

1986 902 2104 945 rent
2132 908 2317 947 eorum
2354 894 2773 951 victoriosissimi
2804 899 3044 967 spiritus,
3088 917 3193 955 non
3236 902 3421 973 utique
3452 902 3563 959 ﬁeri

1983 983 2269 1038 sineretur.
2303 985 2381 1040 Re
2409 988 2518 1057 ipsa
2545 1002 2671 1057 ergo
2699 989 3023 1046 declaratum
3052 1003 3133 1048 est
3153 1036 3167 1059 ,
3196 1011 3300 1050 non
3332 996 3452 1052 ideo
3486 997 3569 1052 di-

1984 1073 2126 1128 xisse
2158 1075 2457 1141 Dominum,
2488 1076 2661 1132 Nolite
2711 1080 2882 1135 (interc
2948 1100 3030 1136 eos
3072 1086 3156 1153 qui
3201 1102 3383 1156 corpus
3434 1087 3569 1141 occi-

1983 1162 2128 1229 dunt,
2151 1175 2198 1217 et
2223 1177 2393 1233 postea
2419 1183 2519 1221 non
2558 1168 2737 1223 habent
2777 1171 2903 1240 quid
2938 1174 3129 1244 faciant
3175 1174 3323 1243 (an.
3352 1193 3451 1240 xu,
3479 1176 3558 1249 4),

1983 1257 2122 1326 quod
2171 1272 2274 1312 non
2316 1266 2459 1313 esset
2503 1262 2855 1330 permissurus
2894 1265 3087 1335 aliquid
3132 1282 3224 1322 eos
3274 1268 3449 1325 facere
3496 1271 3566 1326 de

1983 1360 2199 1401 suorum
2227 1349 2545 1419 corporibus
2569 1360 2899 1407 mortuorum
2923 1356 2943 1386 ¹
2972 1373 2984 1409 :
3010 1356 3101 1411 sed
3132 1358 3381 1426 quoniam
3408 1360 3563 1429 quid-

1981 1439 2106 1508 quid
2151 1440 2323 1493 facere
2369 1442 2613 1509 permissi
2661 1453 2861 1507 essent,
2908 1445 3039 1501 nihil
3082 1463 3188 1515 quo
3234 1449 3567 1505 minueretur

1982 1529 2267 1583 christiana
2298 1529 2668 1587 defunctorum
2701 1534 2923 1589 felicitas
2950 1538 3119 1600 ﬂeret,
3166 1538 3294 1593 nihil
3336 1540 3459 1594 inde
3497 1541 3577 1595 ad”

1981 1633 2193 1673 sensum
2236 1631 2354 1689 post
2383 1631 2606 1676 mortem
2642 1625 2936 1680 viventium
2970 1630 3305 1697 perveniret;
3337 1631 3468 1685 nihil
3496 1632 3577 1687 ad

1980 1710 2357 1765 detrimentum
2386 1714 2574 1767 saltem
2617 1715 2852 1785 ipsorum
2892 1733 3199 1790 corporum,
3241 1736 3348 1791 quo
3390 1722 3567 1777 minus

1982 1802 2183 1873 integra
2214 1812 2578 1873 resurgerem,
2610 1808 2917 1874 pertineret.

2051 1895 2275 1951 CAPUT
2334 1897 2443 1951 VII.
2465 1928 2537 1939 —
2584 1900 2638 1955 9.
2686 1900 2821 1956 Cura
2845 1902 3119 1973 sepultura:
3141 1920 3204 1959 ea:
3230 1908 3453 1961 naturali
3478 1909 3567 1977 af-

1979 1987 2113 2056 fectu
2162 2004 2280 2059 erga
2318 2006 2520 2059 corpus.
2569 1992 2635 2045 Et
2664 2000 2840 2047 tamen
2881 2009 2950 2049 ex
2989 1994 3081 2049 illo
3122 1992 3339 2051 humani
3384 1998 3576 2054 cordis

1978 2077 2190 2145 allectu,
2218 2094 2509 2149 quoncmo
2538 2097 2768 2153 unquam
2807 2100 3025 2140 carnem
3050 2100 3200 2141 suam
3240 2088 3366 2143 odio
3404 2089 3566 2146 habet

1985 2169 2197 2240 (Ep/tes.
2229 2186 2279 2235 v,
2311 2171 2444 2241 29),
2485 2174 2531 2227 si
2570 2185 2895 2243 cognoscant
2935 2178 3177 2233 homines
3206 2180 3401 2248 aliquid
3444 2191 3573 2250 post

1979 2270 2204 2315 mortem
2231 2275 2380 2316 suam
2394 2263 2502 2317 suis
2517 2265 2833 2334 corporibus
2856 2266 3157 2322 defuturum
3180 2268 3221 2332 ⁸,
3240 2270 3382 2339 quod
3400 2272 3453 2325 in
3469 2287 3563 2326 sua

1978 2351 2234 2422 cujusque
2275 2361 2434 2422 gente
2478 2356 2559 2407 vel
2604 2356 2771 2424 patria
2815 2358 2986 2425 poscit
3025 2360 3337 2415 solemnitas
3379 2362 3565 2432 sepul-

1981 2452 2133 2511 turze,
2170 2445 2554 2500 contristantur
2578 2456 2633 2500 ut
2663 2446 2943 2514 homines;
2970 2458 3026 2504 et
3062 2451 3202 2520 quod
3233 2452 3298 2506 ad
3323 2466 3415 2507 eos
3447 2462 3569 2523 post

1979 2544 2207 2590 mortem
2229 2552 2337 2590 non
2363 2538 2612 2606 pertinet,
2631 2550 2754 2593 ante
2775 2548 3001 2595 mortem
3028 2543 3136 2597 suis
3158 2545 3473 2614 corporibus
3495 2547 3564 2601 ti—

1978 2624 2151 2683 ment:
2170 2631 2239 2684 ita
2253 2630 2684 2684 utim'eniaturin
2703 2630 3005 2701 Regnorum
3021 2633 3169 2689 libris
3187 2635 3327 2690 Deus
3345 2650 3439 2706 per
3450 2650 3566 2707 pro-

1978 2719 2190 2788 phetam
2218 2720 2406 2775 minari
2433 2721 2581 2776 alteri
2608 2721 2895 2790 prephetze,
2924 2724 3013 2793 qui
3051 2724 3168 2793 ejus
3202 2733 3595 2797 transgressus.

1976 2818 2059 2863 est
2090 2811 2332 2877 verbum,
2355 2811 2501 2881 quod
2521 2827 2624 2865 non
2649 2812 2934 2869 inferretur
2949 2815 3177 2870 cadaver
3191 2818 3306 2887 ejus
3323 2818 3376 2872 in
3398 2820 3567 2889 sepul-

1976 2916 2123 2955 crum
2149 2910 2356 2971 patrum
2375 2904 2507 2973 ejus.
2522 2904 2651 2971 Qua:
2677 2905 2950 2975 Scriptura
2968 2908 3044 2961 sic
3063 2907 3223 2963 habet
3247 2927 3261 2964 :
3288 2908 3414 2964 llaec
3442 2911 3565 2967 dicit

1976 2991 2501 3061 Domiausﬁuoniam
2520 2996 2806 3051 inobediens
2826 2998 2968 3069 fuisti
2984 2999 3062 3052 ori
3075 2999 3299 3068 Domini,
3315 3012 3472 3058 etnon
3484 3021 3564 3059 cu.

1973 3087 2171 3140 stodisti
2188 3090 2477 3141 ntandatum
2493 3089 2628 3158 quod
2646 3091 2884 3160 pracepit
2898 3090 2987 3144 tibi
2998 3090 3249 3147 Dominus
3269 3093 3404 3149 Deus
3424 3105 3586 3163 ταίην

1976 3188 2021 3231 et
2048 3196 2273 3233 reversus
2310 3196 2380 3243 es,
2409 3190 2456 3233 et
2492 3181 2751 3235 comedisti
2790 3198 2995 3252 partem,
3018 3192 3064 3236 et
3092 3184 3255 3238 bibisti
3289 3202 3474 3256 aquam
3509 3189 3573 3243 in.

1976 3268 2086 3322 loco
2106 3269 2157 3322 in
2186 3286 2284 3339 quo
2326 3271 2562 3341 prcrcepit
2588 3272 2676 3325 tibi
2723 3289 2786 3327 ne
2818 3275 3103 3328 comedere:
3156 3292 3338 3346 partem
3360 3318 3374 3342 ,
3408 3295 3565 3348 neque

1976 3361 2162 3416 biberes
2186 3379 2388 3432 aquam,
2406 3380 2505 3417 non
2532 3364 2777 3435 inferetur
2797 3365 3011 3420 cadaver
3032 3377 3172 3420 tuum
3199 3369 3251 3422 in
3276 3369 3575 3439 sepulcrum-

1976 3464 2176 3523 patrum
2201 3463 2400 3506 tuorum
2426 3454 2445 3526 (
2472 3454 2535 3507 Ill
2565 3454 2692 3525 Reg.
2723 3471 2815 3509 xm
2834 3499 2848 3521 ,
2875 3457 2937 3510 21
2964 3467 3010 3510 et
3032 3457 3102 3511 22
3123 3458 3166 3529 ).
3211 3459 3405 3527 Quanti
3450 3463 3563 3517 haec

1959 3561 2130 3617 .pmna
2164 3546 2441 3616 pendenda
2470 3548 2556 3611 sit,
2589 3549 2632 3601 si
2661 3549 2955 3603 secundum
2990 3550 3330 3620 Evangelium
3361 3553 3564 3623 cogite-

1976 3653 2115 3703 mus,
2151 3638 2237 3692 ubi
2272 3647 2390 3707 post
2417 3653 2610 3707 corpus
2639 3639 2873 3693 occisum
2902 3639 3035 3695 nihil
3074 3642 3415 3697 metuendum
3441 3658 3563 3700 esse

1974 3728 2260 3783 didicimus
2290 3744 2355 3783 ue
2385 3730 2624 3784 membra
2650 3730 2896 3786 exanima
2943 3733 3230 3802 patiantur,
3264 3749 3363 3790 nec
3406 3751 3567 3805 paena

1973 3819 2197 3875 dicenda
2226 3829 2326 3874 est.
2358 3819 2413 3875 Si
2444 3830 2619 3875 autem
2667 3821 2959 3876 humanum
3000 3838 3123 3893 erga
3154 3839 3305 3879 suam
3346 3840 3587 3881 carnem.

1974 3912 2379 3966 consideremus
2407 3910 2677 3977 allectum,
2709 3912 2882 3983 potuit
2922 3912 3046 3968 inde
3087 3915 3277 3969 terreri
3309 3916 3388 3971 vel
3429 3931 3562 3971 eon-

1975 4004 2173 4057 tristari
2210 4004 2383 4069 vivus,
2425 4003 2567 4073 quod
2608 4018 2867 4059 sensurus
2904 4020 3009 4059 non
3049 4015 3165 4061 erat
3192 4016 3477 4063 mortuus:
3506 4016 3581 4064 et:

1976 4098 2088 4151 haec
2117 4105 2232 4151 erat
2262 4088 2441 4166 pinna,
2482 4097 2735 4167 quoniam
2781 4097 2995 4153 dolebat
3028 4100 3242 4154 animus
3275 4099 3326 4155 id
3356 4100 3424 4155 de
3460 4116 3581 4156 suo-

1974 4201 2197 4257 corpore
2241 4185 2499 4253 futurum,
2546 4189 2790 4257 quamvis
2829 4202 2952 4243 cum
2995 4190 3150 4244 ﬂeret
3192 4204 3299 4245 non
3331 4190 3557 4247 doleret.

1977 4278 2242 4333 Hactenus
2286 4279 2428 4333 enim
2468 4279 2635 4333 voluit
2678 4279 2933 4334 Dominus
2974 4294 3185 4336 servum
3232 4294 3388 4336 suum
3442 4282 3560 4351 ple-

1973 4379 2119 4425 ctere
2142 4413 2157 4435 ,
2206 4371 2292 4441 qui
2334 4387 2441 4425 non
2488 4386 2583 4425 sua
2654 4371 2987 4427 contumacia
3040 4381 3314 4440 spreverat
3362 4389 3564 4441 pnece-

1974 4462 2254 4531 ptumejus
2273 4462 2627 4531 implere,sed
2657 4462 2830 4517 aliena
2859 4463 3157 4533 decipiente
3186 4463 3394 4519 fallacia
3430 4465 3559 4520 obe-

1973 4553 2088 4607 dire
2113 4567 2172 4607 se
2203 4552 2447 4619 credidit,
2490 4553 2703 4622 quando
2750 4569 2856 4608 non
2897 4554 3150 4611 obedivit.
3192 4555 3374 4627 Neque
3416 4559 3580 4612 enim,

1977 4643 2267 4714 putandum
2298 4652 2381 4699 est
2409 4644 2480 4698 ita
2511 4643 2678 4700 fuisse
2710 4645 3086 4716 interemptum
3118 4661 3300 4701 morsu
3341 4648 3558 4712 bestiae,

1973 4743 2035 4789 ut
2060 4736 2124 4789 ad
2152 4734 2467 4804 supplicium
2497 4742 2782 4790 tartareum
2814 4736 2932 4806 ejus
2961 4736 3155 4791 deinde
3194 4738 3366 4791 anima
3407 4751 3563 4806 rape-

1975 4839 2170 4883 retur:
2217 4826 2645 4897 quandoquidem
2691 4828 2868 4897 ipsum
2914 4828 3028 4896 ejus
3072 4842 3266 4898 corpus
3306 4828 3445 4881 idem
3478 4827 3563 4881 leo

1975 4921 2063 4988 qui
2089 4919 2356 4975 occiderat
2387 4919 2691 4983 custodivit,
2733 4919 3167 4989 jumentoetiam
3195 4934 3302 4987 quo
3327 4916 3560 4971 veheba.

1976 5022 2061 5067 tur
2090 5012 2256 5067 illaeso
2281 5053 2296 5078 ,
2336 5020 2389 5067 et
2416 5012 2572 5067 simul
2601 5027 2721 5066 cum
2753 5010 2843 5064 illa
2873 5010 3090 5064 immani
3140 5010 3247 5064 fera
3295 5006 3579 5076 intrepida

1977 5104 2258 5173 prmsentia
2285 5102 2351 5158 ad
2381 5104 2462 5158 sui
2488 5103 2689 5157 domini
2732 5101 2887 5156 funus
2914 5109 3140 5155 astante.
3171 5100 3288 5166 Quo
3330 5099 3579 5155 mirabili.

1976 5195 2127 5265 signo
2152 5204 2371 5265 apparet
2397 5194 2669 5249 hominem
2703 5192 2795 5246 Dei
2822 5193 3109 5246 coercitum
3143 5192 3321 5260 potius
3349 5201 3555 5261 tempo-

1975 5437 2229 5485 eont'muos
2246 5435 2339 5484 sub
2359 5433 2439 5483 dio
2461 5433 2667 5495 iacuisse
2686 5434 2851 5495 narrat
2875 5416 3124 5495 Eusebius,
3169 5429 3254 5479 lib.
3290 5429 3340 5490 5,
3377 5442 3483 5493 cap.
3512 5427 3561 5489 l‘.

1978 5504 2245 5560 posteaque
2268 5491 2481 5546 cremata
2506 5500 2557 5545 et
2581 5495 2628 5541 in
2656 5491 2927 5540 Rhodanum
2951 5491 3186 5554 projects.

2044 5581 2058 5612 ⁸
2097 5586 2143 5639 ιη
2167 5574 2452 5639 quihusdam
2475 5580 2603 5631 Mss...
2626 5569 2767 5621 beati.

2042 5643 2062 5672 θ
2098 5636 2282 5699 Aliquot
2305 5636 2468 5698 proba:
2492 5641 2627 5699 noue
2642 5640 2765 5691 Mss,
2789 5637 3077 5699 martyrum.

2045 5704 2064 5733 ³
2096 5702 2167 5749 sic
2185 5693 2375 5746 "Msszt
2398 5703 2524 5761 Ima,
2552 5693 2650 5761 suis
2675 5693 2951 5761 corporibus
2976 5696 3213 5761 defunctis
3237 5696 3418 5747 deesse.
3464 5702 3561 5743 Am.

1984 5773 2032 5812 et
2058 5771 2149 5821 Fr,
2176 5771 2459 5819 suorumque
2486 5757 2815 5817 defunctorum
2841 5758 3020 5808 deesse.
