4102 6336
493 311 597 369 599

486 421 671 485 raliter
696 432 864 488 usque
901 414 969 472 ad
1006 422 1252 479 mortem,
1297 427 1458 482 quam
1499 411 1738 480 punitum
1785 424 1904 467 esse
1948 416 2071 478 post

485 522 739 567 mortem.
772 510 847 566 De
871 524 973 580 qua
1004 524 1064 563 re
1092 505 1399 576 Apostolus,
1424 519 1544 558 cum
1576 511 1791 572 propter
1813 499 2069 570 quasdam

486 603 718 661 offensas
743 606 1220 661 commemorasset.
1245 595 1577 651 infirmitates
1603 603 1908 659 mortesque
1933 590 2071 645 mul-

488 706 659 748 torum
686 711 698 746 :
733 691 794 748 Si
822 692 955 746 enim
979 707 1070 743 nos
1096 690 1251 759 ipsos,
1286 685 1472 755 inquit,
1503 684 1873 755 judicaretur“,
1902 698 1933 735 a
1960 680 2072 734 Do-

489 784 625 837 mino
656 798 754 836 non
775 781 1146 852 judicaremur.
1177 776 1304 832 Cum
1336 775 1632 845 judicamur
1666 782 1868 836 autent,
1901 788 1933 824 a
1961 770 2072 824 Do-

485 876 624 928 mino
651 874 972 942 cm'ripimur,
1002 887 1063 925 ne
1085 887 1200 925 cum
1225 867 1410 922 mundo
1440 865 1775 932 damuemur(
1801 863 1822 917 l
1847 862 1963 917 Cor.
1990 878 2067 927 XI,

488 965 553 1021 51
574 976 618 1018 et
637 964 753 1035 52).
775 964 908 1027 Eum
936 976 1064 1016 sane
1086 960 1199 1028 ipse
1225 958 1313 1028 qui
1341 956 1625 1026 deceperat
1649 956 1698 1008 in
1727 961 2071 1013 monumento

494 1056 708 1124 proprio
730 1055 859 1111 satis
885 1049 1177 1107 honorifice
1206 1047 1470 1117 sepelivit,
1506 1060 1670 1115 seque
1705 1043 2069 1113 sepeliendum

485 1146 633 1215 juxta
659 1160 779 1207 ossa
809 1143 923 1212 ejus
950 1140 1186 1196 curavit:
1218 1140 1286 1193 ita
1316 1151 1537 1207 Sperans
1566 1136 1708 1207 parci
1742 1149 1898 1203 posse
1937 1148 2070 1203 quo-

488 1253 591 1304 que
620 1236 828 1291 ossibus
852 1234 983 1298 suis,
1016 1248 1135 1288 cum
1166 1230 1370 1286 veniret
1401 1238 1607 1297 tempus
1633 1225 1845 1294 quando
1873 1240 2067 1279 secun-

488 1329 614 1383 dum
658 1327 797 1391 illius
828 1316 1058 1379 hominis
1102 1323 1193 1377 Dei
1226 1320 1555 1391 prophetiam
1585 1317 1757 1372 Josias
1796 1331 1887 1371 rex
1935 1315 2069 1373 Juda

486 1422 541 1474 in
581 1420 668 1473 illa
696 1429 832 1473 terra
858 1416 1145 1479 multorum
1166 1414 1306 1468 eruit
1329 1426 1449 1466 ossa
1474 1421 1824 1473 mortuorum,
1848 1406 2071 1461 eisdem-

485 1527 592 1582 que
616 1510 829 1572 ossibus
856 1508 1107 1577 sacrilega
1137 1506 1344 1565 altaria,
1372 1520 1489 1574 qua:
1518 1502 1849 1571 scnlptilihus
1875 1500 2073 1554 consti-

491 1612 601 1659 tuta
633 1602 864 1666 fuerant,
913 1600 1214 1654 funestavit.
1258 1597 1500 1667 Pcpercit
1531 1595 1729 1666 quippe
1774 1594 1845 1648 illi
1877 1609 2069 1647 monu-

488 1707 671 1759 mento
700 1695 786 1751 ubi
809 1694 1019 1765 jaeebat
1043 1692 1328 1762 PrOpheta,
1354 1690 1441 1760 qui
1468 1698 1592 1747 ante
1628 1703 1796 1743 annos
1842 1686 2070 1756 amplius

487 1804 645 1858 qnam
674 1797 939 1843 trecentos
970 1787 1066 1840 ista
1086 1784 1431 1854 praedixerat;
1461 1791 1514 1835 et
1538 1789 1752 1850 propter
1775 1780 1946 1847 ipsum
1972 1792 2071 1832 nec

486 1885 628 1939 illius
649 1883 736 1953 qui
761 1898 882 1938 eum
899 1881 1202 1944 seduxerat,
1224 1879 1494 1947 sepultura
1518 1876 1721 1929 violata
1735 1881 1817 1927 est
1833 1871 1919 1942 (lll
1942 1871 2066 1940 Reg.

489 1992 605 2039 xm,
630 1976 816 2040 2462,
832 1974 958 2028 etIV
983 1972 1112 2044 Reg.
1136 1987 1262 2026 χχιιι
1282 2012 1297 2036 ,
1332 1964 1552 2038 16-18).
1594 1965 1799 2021 Αίΐθςιιι
1844 1976 2072 2032 namque

490 2068 600 2133 illo,
637 2083 744 2136 quo
772 2080 930 2121 nemo
972 2078 1203 2132 unquam
1251 2075 1467 2115 carnem
1509 2073 1657 2111 suam
1697 2055 1823 2110 odio
1870 2054 2069 2118 habet,

489 2158 793 2228 providerat
818 2156 1063 2211 cadaveri
1092 2169 1210 2217 suo,
1243 2154 1331 2222 qui
1361 2150 1630 2206 occiderat
1657 2145 1933 2203 mendacio
1958 2147 2073 2198 ani-

491 2264 632 2302 mam
659 2263 830 2301 suam.
864 2246 943 2299 Ex
974 2245 1075 2299 hoc
1102 2245 1260 2314 igitur
1304 2241 1444 2311 quod
1488 2254 1703 2294 carnem
1734 2252 1882 2292 suam
1928 2235 2075 2305 quis-

493 2356 596 2410 que
627 2340 936 2394 naturaliter
961 2338 1151 2406 diligit,
1179 2344 1234 2391 et
1258 2336 1334 2389 illi
1363 2349 1519 2403 paena
1544 2333 1642 2386 fuit
1664 2330 1941 2386 addiscere
1967 2343 2072 2381 non

490 2448 614 2489 eum
646 2432 877 2486 futurum
925 2432 977 2485 in
1023 2429 1269 2497 sepulcro
1313 2436 1523 2496 patrum
1562 2438 1810 2487 suorum;
1855 2429 1911 2475 et
1953 2418 2075 2474 huic

493 2537 619 2576 cura
651 2522 977 2591 prospicere,
1014 2529 1068 2573 ut
1100 2526 1406 2587 parceretur
1432 2516 1642 2573 ossibus
1681 2512 1814 2578 suis,
1855 2512 1899 2566 si
1924 2511 2072 2580 juxta

492 2627 613 2667 eum
641 2612 864 2681 jaceret,
895 2610 1047 2680 cujus
1075 2608 1378 2677 sepulcrum
1411 2619 1567 2659 nemo
1594 2604 1835 2666 violaret.

563 2703 790 2759 CAPUT
828 2700 1151 2757 νιιι.-ιο.
1181 2698 1432 2768 Martyres
1460 2695 1734 2766 sepultura:
1757 2708 1930 2746 curam
1955 2707 2074 2748 con-

494 2802 823 2864 tempaerttttf.
850 2791 1001 2846 Hunc
1024 2789 1271 2844 affectum
1301 2796 1566 2857 martyres
1585 2782 1782 2839 Christi
1811 2796 1908 2852 pro
1938 2782 2075 2836 veri-

495 2895 603 2949 tate
631 2892 901 2939 certantes
924 2882 1168 2937 vicerunt
1195 2898 1208 2933 :
1238 2893 1337 2933 nec
1372 2878 1562 2932 mirum
1590 2875 1712 2945 quia
1739 2883 2073 2942 contempse-

495 2985 620 3032 runt
663 2974 805 3045 quod
844 2988 950 3030 non
991 2972 1201 3029 fuerant
1227 2980 1437 3041 peracta
1483 2977 1653 3023 morte
1695 2967 1944 3032 sensuri,
1984 2966 2073 3036 qui

495 3084 602 3125 non
631 3075 916 3139 potuerunt
942 3066 1041 3131 eis,
1083 3079 1217 3135 quos
1244 3064 1484 3118 viventes
1520 3060 1839 3126 sentiebant,
1870 3059 2073 3114 crueia-

496 3161 642 3221 tibus
677 3160 835 3215 vinci.
880 3159 1093 3215 Poterat
1123 3157 1306 3227 utique
1337 3156 1509 3219 Deus,
1557 3151 1645 3223 qui
1694 3151 1903 3206 leonem
1947 3149 2075 3205 Ριιοο

497 3251 673 3321 pheta:
700 3264 915 3320 corpus,
945 3247 1087 3319 quod
1115 3247 1228 3317 ipse
1257 3244 1543 3309 occiderat,
1574 3242 1802 3303 ulterius
1825 3256 1932 3296 non
1960 3255 2079 3311 pere

497 3343 647 3401 misit
680 3342 959 3409 attingere.
1005 3348 1061 3395 et
1097 3339 1224 3395 fecit
1266 3338 1333 3393 de
1381 3343 1718 3407 pcremptore
1763 3330 2077 3395 custodem;

496 3442 727 3505 poterat,
761 3434 1000 3502 inquam,
1028 3447 1057 3485 a
1081 3445 1298 3485 suorum
1332 3427 1622 3484 interfectis
1647 3424 1960 3496 corporibus
1988 3437 2079 3478 ca-

498 3542 595 3584 nes
622 3527 812 3597 quibus
839 3525 1047 3580 fuerant
1077 3524 1312 3593 projeeta
1343 3521 1659 3592 prohibere;
1693 3526 1900 3588 poterat
1921 3526 1976 3572 et
2000 3517 2081 3589 ip-

497 3635 676 3675 sorum
704 3617 978 3672 hominum
1005 3614 1479 3669 innumerabilibus
1504 3611 1676 3665 modis
1702 3620 1903 3665 terrere
1927 3608 2083 3663 saevi-

504 3711 657 3776 tiam,
686 3725 753 3764 ne
790 3707 1046 3763 cadavera
1080 3704 1385 3771 incendere,
1432 3719 1498 3759 ne
1542 3704 1749 3757 cineres
1774 3701 2079 3770 dispergere

504 3802 767 3859 auderent
815 3818 829 3854 :
891 3799 987 3854 sed
1036 3798 1136 3852 hoc
1196 3812 1407 3866 quoque
1472 3794 1892 3863 experimentum
1946 3789 2081 3844 mul-

503 3893 667 3963 tiplici
694 3890 937 3947 varietati
969 3889 1319 3945 tentationum
1359 3887 1549 3943 deesse
1582 3887 1597 3916 ¹
1632 3900 1739 3940 ιιοιι
1766 3882 1970 3946 debuit,
2014 3897 2082 3936 ne

499 3988 753 4046 fortitudo
780 3985 1149 4047 confessionis,
1181 3999 1300 4055 qua;
1338 3979 1649 4037 immanitati
1697 3975 2081 4049 persecutionis

504 4093 601 4148 pro
637 4077 878 4148 corporis
921 4076 1091 4131 salute
1134 4090 1239 4130 non
1278 4072 1527 4136 cederet,
1573 4087 1668 4139 pro
1709 4068 1938 4139 sepulcri
1984 4066 2083 4121 ho-

502 4185 634 4229 nore
670 4168 991 4239 trepidaret;
1037 4176 1341 4238 postremo,
1391 4181 1458 4220 ne
1502 4163 1632 4219 fides
1675 4160 2081 4216 resurrectionis

501 4260 960 4330 consumptionem
988 4273 1273 4327 corporum
1303 4254 1636 4310 formidaret.
1666 4251 1973 4307 Debuerunt
1997 4267 2080 4305 er-

502 4368 573 4424 go
619 4362 674 4406 et
704 4354 800 4406 ista
831 4350 1080 4421 permitti,
1114 4359 1171 4402 ut
1211 4348 1372 4403 etiam
1414 4354 1534 4414 post
1581 4344 1695 4398 haec
1731 4342 1863 4398 tanti
1892 4341 2082 4396 horro-

502 4444 584 4499 ris
603 4445 624 4476 ³
649 4443 889 4513 exempla
917 4451 1180 4513 martyres
1209 4441 1260 4494 in
1286 4438 1482 4493 Christi
1510 4435 1846 4491 confessione
1874 4433 2081 4488 ferven-

505 4542 608 4599 tes,
639 4532 797 4603 hujus
822 4547 1034 4602 quoque
1064 4540 1227 4585 testes
1254 4530 1441 4584 fierent
1481 4526 1739 4591 veritatis,
1774 4525 1826 4578 in
1858 4539 1958 4594 qua
1999 4522 2081 4580 di-

504 4625 764 4687 dicerant,
800 4636 893 4678 eos
935 4637 967 4675 a
1003 4622 1195 4691 quibus
1235 4635 1329 4674 sua
1367 4634 1589 4688 corpora
1630 4615 2077 4679 interficerentur,

507 4725 690 4785 postea
718 4712 846 4767 nihil
873 4711 1069 4769 habere
1092 4710 1235 4781 quod
1260 4710 1494 4764 facerent
1517 4727 1529 4761 :
1556 4711 1802 4777 quoniam
1829 4705 2081 4775 quidquid

478 4797 731 4875 g'mortuis
774 4804 1087 4875 corporibus
1130 4802 1385 4867 facerent,
1429 4802 1608 4870 utique
1655 4798 1783 4854 nihil
1825 4798 2078 4862 facerent,

507 4897 722 4968 quando
750 4897 804 4950 in
848 4910 1010 4950 carne
1052 4893 1198 4949 omni
1221 4895 1326 4946 vita
1348 4900 1587 4954 carente,
1617 4904 1717 4945 nec
1741 4888 1936 4959 aliquid
1961 4903 2085 4943 sen-

509 4991 610 5044 tire
636 4995 818 5059 posset
843 4986 934 5056 qui
976 4983 1098 5039 inde
1126 4982 1390 5053 migravit,
1432 4996 1532 5039 nec
1568 4979 1766 5050 aliquid
1798 4978 1919 5033 inde
1962 4993 2085 5048 per-

507 5082 637 5140 dere
665 5079 757 5151 qui
779 5077 1000 5134 creavit.
1032 5074 1137 5131 Sed
1171 5074 1309 5129 inter
1342 5073 1456 5130 hmo
1484 5088 1603 5142 quae
1633 5070 1829 5131 fiebant
1855 5070 1924 5124 de
1967 5084 2085 5131 cor-

508 5173 725 5242 poribus
756 5169 1079 5233 occisorum,
1119 5180 1239 5221 cum
1271 5170 1532 5235 martyres
1557 5177 1619 5216 ea
1650 5177 1754 5214 non
1787 5170 2085 5214 metuentes

508 5278 695 5333 magna
722 5260 1032 5316 fortitudine
1061 5265 1398 5328 paterentur;
1425 5263 1601 5307 tamen
1627 5251 1765 5322 apud
1794 5251 1983 5304 fratres
2013 5249 2084 5303 luo

505 5364 624 5423 ctus
650 5354 836 5422 ingens
863 5359 997 5417 erat,
1026 5348 1168 5419 quod
1194 5347 1335 5402 nulla
1367 5345 1590 5400 dabatur
1616 5352 1850 5413 potestas
1875 5350 2086 5396 sancto-

507 5458 626 5496 rum
663 5440 937 5497 funeribus
958 5440 1098 5511 justa
1127 5438 1451 5510 persolvere,
1491 5451 1589 5491 nec
1626 5434 1832 5489 occulte
1873 5432 2082 5487 subtra-

572 5622 587 5649 ¹
627 5616 733 5666 and.
760 5625 861 5664 Am.
887 5623 940 5665 et
974 5621 1070 5675 Er.,
1092 5614 1471 5678 experimentum
1496 5608 1829 5675 multiplicium
1869 5608 2085 5660 tentatio—

509 5693 621 5729 mon
641 5679 821 5729 deesse.

574 5750 588 5774 ³
624 5744 692 5790 .‘it.’
717 5748 819 5788 Mss.
848 5746 899 5787 At
924 5736 1061 5799 editi,
1085 5736 1291 5791 honoris.

1266 296 1354 352 DE
1383 295 1568 352 CUI“
1607 294 1742 351 PRO
1777 291 2077 351 MORTUIS
2114 290 2460 358 GERENDA,
2501 290 2557 345 S.
2600 288 2964 348 AUGUSTINI

3650 289 3763 350 600

2182 406 2311 462 bere
2329 407 2546 478 aliquid,
2572 409 2705 465 sicut
2729 408 2913 464 eadem
2942 416 3162 465 testatur
3186 409 3425 473 historia,
3452 410 3753 466 crudelium

2177 498 2459 553 custodum
2488 500 2675 568 vigilia:
2706 500 3077 579 permittebant
3101 500 3307 571 (Euseb.
3338 501 3471 558 Hist.
3496 502 3640 563 Eccl.
3664 503 3757 573 lib.

2178 590 2231 654 5,
2266 608 2379 661 cap.
2414 590 2500 662 1).
2535 591 2607 646 Ita
2634 607 2755 647 cum
2788 593 2910 651 illos
2948 592 3036 662 qui
3064 594 3223 649 occisi
3253 592 3484 660 fuerant,
3531 594 3584 647 in
3623 593 3759 649 dilao

2178 684 2449 739 eeratione
2475 685 2835 743 membrorum
2866 700 3100 751 suorum,
3136 688 3186 742 in
3217 688 3632 758 conﬂagratione
3669 702 3763 741 os-

2177 775 2334 842 sium,
2370 775 2420 829 in
2461 775 2796 847 dispersione
2824 779 3087 844 cinerum,
3127 780 3340 835 miseria
3374 780 3516 834 nulla
3545 780 3762 835 contine

2176 875 2359 934 geret;
2386 866 2514 920 istos
2537 876 2710 922 tamen
2742 868 2831 938 qui
2859 868 2988 922 nihil
3016 884 3201 924 eorum
3231 870 3459 941 sepelire
3488 880 3761 940 poterant,

2177 972 2364 1026 magna
2383 958 2746 1014 misericordia
2764 959 3035 1017 cruciabat
3052 977 3066 1025 ;
3083 962 3203 1031 quia
3224 962 3274 1015 in
3294 962 3441 1016 nullo
3458 961 3618 1016 modo
3636 977 3765 1017 sen—

2180 1048 2432 1104 tientibus
2447 1051 2462 1079 ι
2490 1050 2588 1120 ipsi
2613 1050 2844 1121 quodam
2865 1052 3023 1109 modo
3048 1053 3367 1120 sentiebant,
3388 1062 3441 1109 et
3460 1054 3548 1108 ubi
3563 1053 3675 1124 jam
3700 1055 3766 1109 il-

2178 1139 2349 1194 lorum
2364 1141 2508 1195 nulla
2522 1151 2635 1196 erat
2654 1143 2848 1212 passio,
2866 1153 2978 1198 erat
2993 1144 3212 1199 istorum
3232 1144 3423 1199 misera
3436 1146 3764 1215 compassio.

2250 1231 2475 1287 CAPUT
2517 1231 2607 1287 IX.
2631 1263 2703 1273 -—
2727 1234 2810 1289 Η.
2840 1233 3073 1304 Ofﬁcium
3091 1235 3363 1305 sepulturae
3386 1252 3475 1289 cur
3497 1235 3768 1295 laudatum

2177 1325 2231 1379 in
2260 1325 2559 1395 Scripturis.
2604 1326 2905 1382 Secundum
2952 1327 3105 1382 istam
3152 1343 3309 1398 quam
3357 1327 3464 1382 dixi
3507 1329 3797 1385 miseram.

2177 1418 2601 1487 compassionem
2632 1418 2915 1473 laudantur
2943 1419 3041 1483 illi,
3066 1427 3122 1474 et
3143 1436 3173 1473 ιι
3202 1435 3328 1489 rege
3356 1419 3515 1474 David
3541 1420 3769 1475 benedis
3824 1426 3831 1431 '

2178 1519 2388 1574 cuntur,
2411 1510 2500 1580 qui
2524 1510 2697 1565 Saulis
2719 1520 2772 1567 et
2792 1511 3035 1566 Jonathie
3055 1512 3266 1568 ossibus
3285 1512 3448 1567 aridis
3472 1513 3768 1584 sepultura:

2177 1600 2598 1655 misericordiam
2626 1602 2988 1670 praastiterunt
3017 1601 3036 1673 (
3060 1602 3101 1656 ll
3128 1602 3255 1673 Reg.
3284 1618 3341 1669 ιι,
3371 1603 3449 1670 5).
3480 1603 3609 1669 Qum
3639 1612 3767 1658 tan—

2178 1691 2301 1771 dem
2348 1692 2707 1750 misericordia
2747 1703 3031 1764 praestatur
3071 1695 3204 1750 nihil
3242 1696 3631 1752 sentientibus?
3676 1699 3764 1752 An

2178 1782 2313 1838 forte
2344 1783 2444 1839 hoc
2473 1784 2829 1840 revocandum
2862 1794 2947 1841 est
2982 1788 3047 1840 ad
3086 1785 3228 1839 illam
3260 1788 3587 1855 opinionem,
3618 1787 3765 1857 quod

2179 1878 2443 1933 infernum
2465 1881 2485 1911 ⁸
2508 1879 2723 1934 fluvium
2764 1880 3009 1950 insepulti
3037 1895 3142 1934 non
3166 1888 3412 1949 poterant
3431 1890 3769 1939 transmeare

2183 1969 2420 2038 (di‘neid.
2450 1971 2537 2026 lib.
2567 1971 2631 2037 6,
2661 1987 2754 2026 vv.
2781 1971 2908 2036 527,
2936 1971 3103 2042 328)?
3125 1972 3277 2027 Absit
3302 1971 3404 2027 hoc
3429 1987 3458 2027 a
3487 1972 3590 2028 fide
3613 1973 3766 2029 chri—

2179 2063 2351 2115 stiana
2387 2078 2401 2114 :
2434 2061 2669 2131 alioquin
2712 2062 2941 2132 pessime
2971 2073 3146 2117 actum
3175 2071 3257 2117 est
3284 2078 3404 2117 enm
3449 2072 3589 2117 tanta
3619 2080 3769 2119 mar-

2181 2160 2358 2223 tyrum
2386 2153 2768 2220 multitudine,
2809 2169 3034 2223 quorum
3076 2170 3180 2208 non
3211 2163 3496 2223 potuerunt
3536 2170 3769 2225 corpora

2178 2245 2425 2314 sepeliri,
2470 2254 2526 2301 et
2564 2244 2825 2300 fallaciter
2849 2246 2928 2300 eis
2957 2245 3166 2300 Veritas
3192 2246 3356 2310 dixit,
3389 2244 3561 2299 Nolite
3589 2247 3771 2309 timere

2178 2352 2263 2391 eos
2288 2338 2373 2407 qui
2398 2352 2581 2406 corpus
2609 2337 2862 2403 occidunt,
2898 2344 2945 2390 et
2980 2346 3152 2406 postea
3184 2352 3285 2390 non
3315 2336 3494 2389 habent
3519 2336 3638 2405 quid
3674 2339 3767 2407 fa-

2179 2428 2347 2492 ciant;
2375 2428 2421 2483 si
2450 2429 2528 2483 eis
2558 2437 2701 2483 tanta
2728 2429 2863 2483 mala
2894 2427 3067 2483 facere
3106 2436 3411 2497 potuerunt,
3442 2428 3630 2497 quibus
3656 2427 3767 2482 itn-

2182 2519 2493 2588 pedirentur
2509 2518 2575 2573 ad
2594 2520 2705 2572 lora
2720 2528 2966 2588 emptata
2982 2519 3229 2574 transire.
3246 2519 3359 2587 Sed
3379 2519 3500 2589 quia
3528 2518 3628 2574 hoc
3646 2520 3770 2577 sine

2180 2610 2285 2667 ulla
2309 2609 2636 2667 dubitatione
2658 2610 2997 2666 falsissimum
3015 2621 3117 2679 est,
3141 2626 3241 2667 nec
3261 2612 3460 2683 aliquid
3475 2612 3628 2667 obest
3643 2612 3772 2667 fide-

2179 2700 2320 2757 libus
2337 2711 2522 2773 negata
2538 2718 2721 2759 eorum
2744 2705 3057 2775 corporibus
3079 2707 3372 2776 sepultura,
3389 2721 3489 2761 nec
3499 2705 3697 2777 aliquid
3714 2705 3767 2767 si

2181 2792 2497 2849 exhibeatur
2520 2795 2818 2851 infidelibus
2849 2796 3067 2867 prodest
3096 2815 3109 2853 :
3136 2813 3233 2852 cur
3257 2812 3385 2870 ergo
3410 2799 3484 2854 illi
3513 2800 3603 2869 qui
3629 2799 3773 2854 Saft-

2180 2884 2286 2942 lem
2331 2895 2385 2940 et
2413 2886 2580 2941 lilium
2609 2887 2724 2956 ejus
2753 2888 3095 2958 sepelierunt,
3126 2888 3547 2945 misericordiam
3575 2890 3773 2947 fecisse

2181 2976 2451 3045 dicuntur,
2483 2986 2538 3032 et
2573 2977 2642 3033 ob
2680 2978 2783 3033 hoc
2826 2993 2856 3032 a
2897 2994 3023 3049 rege
3068 2979 3155 3049 pio
3199 2979 3609 3047 benedicuntur;
3659 2981 3771 3039 nisi

2180 3069 2304 3139 quia
2332 3068 2468 3125 bene
2494 3069 2798 3125 afficiuntur
2826 3072 2989 3126 corda
3015 3072 3376 3127 miserantium
3396 3114 3411 3139 ,
3443 3072 3654 3142 quando
3696 3088 3772 3130 ea

2182 3159 2365 3216 dolent
2394 3162 2447 3216 in
2475 3170 2804 3218 mortuorum
2835 3163 3149 3233 corporibus
3172 3163 3386 3228 alienis,
3417 3178 3535 3232 qua:
3563 3163 3663 3217 illo
3680 3161 3773 3217 af-

2183 3249 2346 3319 fectu,
2376 3267 2482 3322 quo
2516 3267 2674 3307 nemo
2715 3268 2942 3323 unquam
2981 3268 3199 3309 carnem
3229 3269 3377 3309 suam
3415 3253 3538 3308 odio
3579 3252 3771 3319 habet,

2185 3342 2373 3397 nolunt
2391 3342 2503 3397 fieri
2524 3352 2644 3414 post
2660 3351 2883 3398 mortem
2907 3358 3061 3407 suam
3076 3344 3390 3414 corporibus
3403 3344 3534 3409 suis;
3552 3352 3606 3398 et
3619 3343 3772 3415 quod

2185 3433 2289 3489 sibi
2318 3432 2558 3491 exhiberi
2590 3435 2777 3489 volunt
2804 3435 3017 3506 quando
3049 3436 3257 3490 sensuri
3303 3450 3409 3491 non
3454 3444 3609 3501 sunt,
3644 3437 3773 3495 aliis

2188 3538 2295 3585 non
2320 3523 2676 3583 sentientibus
2704 3534 2893 3580 curant
2919 3525 3173 3580 exhibere
3197 3525 3320 3580 dum
3356 3527 3453 3596 ipsi
3493 3528 3772 3583 sentiunt?

2254 3615 2479 3670 CAPUT
2508 3614 2651 3669 X.—
2672 3615 2757 3670 12.
2782 3614 2974 3670 Mortui
2993 3616 3199 3688 quidam
3222 3628 3489 3688 apparent,
3514 3628 3567 3672 ut
3585 3618 3679 3673 sibi
3695 3637 3776 3674 so-

2185 3708 2391 3776 pultum
2421 3707 2700 3775 prcbeatur
2722 3724 2741 3761 :
2760 3708 3010 3778 quomodo
3034 3709 3141 3762 haec
3162 3709 3268 3765 visa
3295 3709 3604 3780 contingant.
3632 3709 3773 3764 Narq

2188 3807 2373 3853 rantur
2394 3799 2506 3853 visa
2533 3799 2797 3869 quaedam,
2831 3816 2950 3871 qua:
2982 3801 3103 3857 huic
3138 3801 3480 3871 disputationi
3518 3818 3622 3857 non
3665 3817 3775 3858 ue‘

2186 3888 2487 3958 gligendam
2531 3890 2812 3945 videantur
2852 3892 3050 3947 inferre
3091 3896 3459 3963 quzestionem.
3504 3893 3776 3952 Feruntur

2187 3980 2384 4051 quippe
2411 3982 2608 4039 mortui
2648 3982 2887 4043 nonnulli
2916 3983 3001 4038 vel
3028 3984 3078 4037 in
3109 3985 3332 4051 somnis,
3363 3984 3446 4039 vel
3488 3984 3593 4039 alio
3630 4000 3772 4053 quos

2185 4087 2415 4143 cumque
2442 4073 2603 4129 modo
2627 4075 2937 4144 apparuisse
2961 4075 3260 4137 viventibus
3282 4085 3441 4147 atque
3467 4076 3553 4139 ubi
3580 4092 3777 4135 eorum

2186 4178 2407 4233 corpora
2452 4165 2693 4234 jacerent
2751 4165 3019 4222 inhumata
3070 4168 3467 4234 nescientibus,
3528 4167 3777 4240 locisque

2189 4256 2500 4311 monstratis
2525 4256 2868 4317 admonuisse
2897 4267 2955 4312 ut
2982 4258 3080 4312 sibi
3110 4259 3380 4329 sepultura
3417 4276 3537 4329 qua:
3576 4258 3776 4316 defue-

2189 4353 2274 4398 rat
2316 4344 2662 4413 praeberetur.
2711 4346 2837 4403 Haec
2875 4348 2920 4402 si
2963 4347 3095 4402 falsa
3131 4363 3252 4404 esse
3298 4348 3772 4418 responderimus,

2188 4445 2372 4488 contra
2417 4436 2769 4505 quorumdam
2811 4438 3008 4508 scripta
3041 4438 3308 4505 fidelium,
3350 4450 3404 4495 et
3446 4450 3629 4496 contra
3671 4457 3777 4497 eo-

2191 4542 2308 4581 rum
2335 4542 2527 4583 sensus
2557 4529 2647 4598 qui
2679 4529 2802 4584 talia
2827 4529 2928 4585 sibi
2957 4530 3215 4587 accidisse
3240 4531 3575 4597 confirmant,
3605 4534 3772 4604 impu-

2188 4617 2378 4681 denter
2429 4620 2614 4674 venire
2661 4620 2980 4676 videbimur.
3026 4621 3131 4677 Sed
3174 4622 3600 4693 respondendum
3645 4635 3729 4679 est
3755 4666 3773 4691 ,

2190 4725 2297 4765 non
2327 4709 2443 4766 ideo
2474 4710 2763 4779 putandum
2799 4726 2920 4768 esse
2956 4722 3197 4769 mortuos
3237 4714 3335 4775 ista
3373 4714 3604 4780 sentire,
3647 4717 3776 4785 quia

2192 4800 2307 4855 haec
2347 4802 2527 4857 dicere
2553 4802 2637 4857 vel
2665 4802 2902 4865 indicare
2929 4803 3013 4863 vel
3055 4814 3235 4873 petere
3274 4804 3519 4864 videntur
3544 4808 3595 4861 in
3627 4822 3780 4861 ςοιιι-

2196 4894 2301 4951 nis.
2342 4894 2474 4948 Nam
2501 4901 2557 4948 et
2591 4894 2830 4949 viventes
2870 4904 3129 4964 apparent
3155 4911 3297 4966 sa‘pe
3324 4897 3623 4954 viventibus
3648 4897 3784 4952 dor-

2190 4983 2512 5049 mientibus,
2549 4982 2674 5037 dum
2704 4997 2763 5037 se
2793 4983 2891 5052 ipsi
2922 4985 3163 5041 nesciant
3198 4985 3218 5016 ³
3261 5002 3517 5057 apparere
3560 4987 3673 5059 (a);
3718 5000 3782 5045 et

2190 5078 2259 5129 ab
2300 5076 2379 5130 eis
2421 5075 2535 5135 hare
2575 5089 2693 5143 qua:
2739 5074 3124 5133 somniaverint
3169 5077 3389 5135 audiunt
3433 5078 3734 5141 dicentibus
3760 5122 3781 5146 ,

2191 5166 2329 5237 quod
2358 5180 2451 5221 eos
2481 5166 2532 5218 in
2560 5165 2764 5219 somnis
2786 5175 3004 5236 agentes
3033 5168 3231 5238 aliquid
3272 5171 3354 5224 vel
3385 5170 3663 5240 loquentes
3691 5172 3782 5226 vi-

2192 5258 2386 5313 derint.
2430 5255 2483 5311 Si
2527 5270 2654 5325 ergo
2683 5272 2770 5312 me
2800 5267 2976 5327 petest
3017 5259 3210 5329 aliquis
3241 5262 3293 5316 in
3323 5264 3525 5317 somnis
3566 5264 3781 5333 videre,

2192 5349 2292 5403 sibi
2337 5346 2538 5417 aliquid
2577 5347 2719 5417 quod
2764 5346 2960 5404 factum
3002 5359 3085 5404 est
3124 5350 3467 5420 indicantem,
3491 5354 3576 5409 vel
3607 5355 3780 5412 etiam

2256 5488 2271 5519 ι
2307 5486 2444 5543 mliti,
2469 5484 2663 5537 miseria
2684 5484 2970 5547 cruciabat;
3001 5484 3117 5548 quia
3136 5486 3268 5537 nullo
3290 5489 3431 5539 mdo
3452 5488 3548 5544 illis
3571 5488 3760 5543 statim

2191 5547 2333 5606 tilias,
2354 5556 2449 5597 etc.
2467 5562 2481 5607 ;
2507 5548 2665 5595 minus
2684 5549 2817 5598 bene
2841 5556 2892 5598 et
2905 5547 3307 5600 dissentientibus
3329 5558 3429 5600 Mss.

2256 5614 2274 5639 ²
2308 5608 2410 5658 Sola
2429 5609 2532 5659 fere
2559 5609 2707 5657 editio
2723 5617 2831 5659 Lov.
2853 5646 2865 5669 ,
2884 5610 3080 5671 inferni.

2260 5672 2279 5703 ³
2310 5677 2383 5719 Er.
2409 5671 2554 5733 Lugd.
2578 5678 2696 5719 Ven.
2722 5677 2851 5733 Lov.,
2872 5670 3103 5722 nesciunt.
3170 5680 3222 5721 Μ.

2263 5735 2337 5805 ρ)
2366 5743 2383 5777 t
2400 5733 2463 5782 id.
2484 5732 2744 5783 Sermones
2765 5732 2857 5793 522
2881 5740 2932 5783 et
2954 5734 3062 5797 33.5.
