4102 6336
324 427 458 501 quod
488 428 724 485 futurum
751 435 832 483 est
857 427 1329 497 praenuntiantem;
1371 440 1492 481 cum
1521 424 1570 479 id
1614 438 1713 493 ego
1743 436 1897 492 pror-

322 536 413 575 sus
438 521 705 590 ignorem,
736 528 791 575 et
816 521 1033 575 omnino
1060 536 1162 574 non
1194 535 1374 574 curem
1394 559 1409 582 ,
1443 535 1547 572 non
1576 516 1749 573 solum
1775 515 1900 586 quid

327 614 414 669 ille
443 613 700 677 somniet,
730 610 823 667 sed
856 621 1031 667 utrum
1057 611 1355 667 dormiente
1384 624 1470 664 me
1498 609 1695 678 vigilet,
1725 623 1791 660 an
1817 607 1900 660 vi-

322 704 517 773 gilante
546 718 633 759 me
658 702 906 769 dormiat,
934 717 1001 756 an
1038 717 1144 756 uno
1169 702 1466 771 eodemque
1503 709 1742 770 tempore
1772 698 1901 769 vigi-

324 797 490 849 lemus
527 795 688 847 ambo
725 793 836 849 sive
864 793 1212 859 dormiamus,
1256 792 1468 860 quando
1507 791 1597 847 ille
1635 790 1897 845 somnium

322 884 461 939 videt
509 884 560 939 in
593 900 699 953 quo
744 899 830 939 me
872 886 1060 938 videt:
1106 883 1233 955 quid
1279 885 1470 938 mirum
1510 884 1555 937 si
1603 883 1900 937 nescientes

328 975 517 1027 mortui
540 988 642 1033 nec
668 974 762 1027 ista
792 975 1103 1038 sentientes,
1133 982 1310 1029 tamen
1338 990 1369 1029 a
1391 973 1692 1031 viventibus
1717 972 1899 1027 viden-

328 1074 409 1116 tur
448 1065 500 1116 in
549 1064 774 1130 somnis,
812 1074 867 1119 et
907 1064 1104 1134 aliquid
1148 1064 1368 1130 dicunt,
1412 1064 1553 1135 quod
1590 1064 1899 1134 evigilantcs

329 1169 510 1208 verum
549 1170 670 1228 esse
699 1156 1053 1224 cognoscant?
1080 1155 1350 1225 Angelieis
1378 1156 1536 1225 igitur
1574 1154 1898 1224 Operationi-

328 1248 422 1302 bus
450 1248 564 1302 fieri
595 1247 941 1308 crediderim,
984 1248 1097 1303 sive
1144 1249 1480 1318 permittatur
1507 1247 1756 1318 desuper,
1786 1247 1899 1302 sive

322 1337 587 1409 jubcatur,
616 1347 674 1391 ut
702 1338 898 1411 aliquid
927 1338 1105 1393 dicere
1142 1339 1210 1394 de
1247 1338 1564 1409 sepeliendis
1589 1339 1899 1409 corporibus

327 1428 433 1481 suis
456 1428 738 1482 videantur
771 1430 822 1483 in
862 1431 1098 1496 somnis,
1141 1444 1261 1484 cum
1308 1430 1359 1484 id
1406 1431 1616 1500 penitus
1661 1433 1900 1485 nesciant

329 1532 549 1585 quorum
590 1518 675 1571 illa
705 1527 829 1572 sunt
854 1533 1100 1589 corpora.
1144 1519 1199 1574 ld
1228 1528 1404 1574 autem
1434 1520 1718 1591 aliquando
1760 1520 1901 1575 utili-

330 1616 404 1663 ter
432 1608 489 1661 fit
512 1649 528 1674 ,
578 1609 690 1663 sive
717 1609 782 1662 ad
812 1610 1054 1663 vivorum
1084 1610 1467 1680 qualecumque
1509 1611 1785 1675 solatium,
1831 1610 1898 1664 ad

328 1713 455 1767 quos
479 1699 743 1766 pertinent
771 1699 847 1753 illi
868 1701 1086 1769 mortui,
1112 1717 1337 1771 quorum
1363 1709 1619 1772 apparent
1644 1702 1899 1772 imagines

326 1788 745 1857 somniantibus;
775 1791 887 1845 sive
916 1800 972 1845 ut
998 1792 1078 1845 his
1104 1792 1553 1848 admonitionibus
1577 1794 1758 1863 generi
1799 1793 1900 1847 hu-

323 1897 476 1937 mano
519 1884 806 1951 sepultura:
849 1885 1252 1940 commendetur
1291 1886 1594 1940 humanitas
1627 1902 1641 1940 :
1688 1901 1806 1956 quae
1836 1886 1899 1939 li-

319 1983 398 2030 cet
422 1972 689 2030 defunctis
720 1990 824 2029 non
863 1976 1168 2046 opituletur,
1212 1976 1471 2046 culpanda
1510 1986 1687 2032 tamen
1726 1977 1899 2033 irreli-

330 2067 570 2135 giositate
600 2068 897 2141 negligitur.
929 2067 1226 2139 Aliquando
1253 2078 1428 2127 autem
1467 2067 1745 2127 fallacibus
1769 2068 1897 2124 visis

324 2154 565 2211 homines
604 2157 621 2188 ¹
670 2158 722 2210 in
763 2172 980 2227 magnos
1022 2158 1300 2219 mittuntur
1341 2173 1577 2221 errores,
1610 2173 1744 2228 quos
1773 2158 1895 2214 talia

324 2246 521 2319 perpeti
560 2247 764 2315 justum
815 2255 915 2301 est.
944 2247 1102 2303 Velut
1146 2248 1190 2303 si
1217 2249 1494 2318 quisquam
1522 2248 1700 2304 videat
1730 2247 1782 2303 in
1809 2264 1898 2304 so-

324 2340 480 2405 mnis,
509 2339 652 2410 quod
671 2339 873 2395 Encas
898 2341 1095 2395 vidisse
1118 2340 1255 2410 apud
1286 2340 1484 2397 inferos
1513 2343 1716 2412 poetica
1747 2341 1895 2397 falsi-

325 2440 425 2485 tate
448 2440 731 2486 narratur:
777 2441 831 2487 et
858 2433 906 2486 ei
951 2432 1243 2502 cujuspiam
1274 2447 1380 2486 non
1410 2433 1600 2502 sepulti
1642 2441 1898 2502 appareat

323 2520 511 2591 imago,
554 2522 904 2592 quuaturque
944 2523 1064 2576 talia
1092 2564 1106 2588 ,
1154 2523 1328 2593 qualia
1375 2524 1541 2577 fertur
1581 2523 1657 2577 illi
1691 2524 1896 2578 locutus

321 2613 472 2669 fuisse
499 2615 778 2669 Palinurus
805 2612 1040 2689 (zEneid.
1071 2614 1158 2668 lib.
1204 2615 1257 2678 ϐ,
1287 2630 1341 2669 v.
1370 2615 1621 2685 557-383)
1644 2631 1657 2678 ;
1681 2622 1736 2668 et
1772 2629 1893 2668 cum

324 2707 641 2777 evigilaverit
664 2749 680 2775 ,
728 2708 797 2762 ibi
840 2723 1033 2777 corpus
1062 2706 1177 2777 ejus
1206 2706 1467 2773 inveniat,
1498 2706 1583 2762 ubi
1607 2706 1788 2776 jacere
1815 2706 1896 2760 in-

322 2796 587 2852 humatum
617 2813 738 2853 cum
767 2799 1057 2853 somniaret
1084 2797 1303 2863 audivit,
1332 2798 1636 2859 admonitus
1661 2806 1716 2853 et
1741 2812 1896 2869 roga-

323 2899 400 2941 tus
437 2898 493 2941 ut
530 2889 782 2957 sepeliret
820 2890 1130 2955 inventum;
1181 2899 1234 2944 et
1277 2890 1399 2961 quia
1447 2889 1500 2944 id
1543 2905 1727 2945 verum
1774 2903 1896 2945 esse

322 2980 592 3047 comperit,
617 2978 795 3033 credat
824 2980 944 3034 ideo
968 2988 1210 3041 mortuos
1226 2981 1457 3050 sepeliri,
1481 2990 1540 3035 ut
1564 2995 1747 3036 eorum
1773 2982 1894 3044 ani-

319 3087 415 3125 ma:
442 3072 507 3126 ad
536 3072 650 3127 loca
679 3082 968 3140 transeant,
999 3074 1137 3129 unde
1164 3075 1548 3145 insepultorum
1579 3074 1787 3128 animas
1810 3074 1894 3129 in-

321 3163 460 3217 ferna
490 3163 759 3235 prohiberi
790 3165 905 3235 lege
931 3166 1212 3220 somniavit
1237 3185 1249 3219 :
1279 3181 1454 3221 nonne
1482 3166 1579 3220 ista
1603 3166 1828 3222 credens
1848 3168 1891 3234 ',

322 3255 596 3325 plurimum
627 3271 657 3308 a
686 3256 896 3310 tramite
926 3257 1160 3311 veritatis
1186 3255 1486 3310 exorbitat?

382 3348 607 3404 CAPUT
640 3348 728 3403 XI.
750 3379 821 3389 ——
838 3350 924 3404 15.
967 3348 1197 3403 Visorum
1223 3349 1275 3403 in
1296 3349 1485 3403 somnis
1506 3347 1739 3419 exempla
1768 3348 1890 3405 duo.

320 3437 469 3500 Pater
493 3441 758 3511 defunctus
783 3451 991 3511 apparet
1026 3442 1155 3508 ﬁlio.
1194 3439 1499 3512 Augustinus
1534 3442 1641 3513 ipse
1682 3440 1733 3493 in
1771 3439 1897 3497 vivis

318 3549 464 3605 agens
490 3543 701 3602 apparet
720 3533 773 3586 in
795 3535 983 3588 somnis
1010 3531 1229 3604 Eulogio
1255 3533 1463 3598 rhetori,
1495 3542 1541 3587 et
1568 3533 1730 3587 lotum
1756 3531 1898 3587 Cice-

317 3626 448 3678 ronis
474 3625 697 3694 exponit.
736 3621 825 3679 Sic
861 3633 1037 3679 autem
1078 3623 1355 3678 infirmitas
1396 3625 1623 3677 humana
1651 3638 1770 3678 sese
1797 3622 1894 3676 lia-

318 3713 437 3781 bet,
466 3724 523 3769 ut
542 3731 663 3770 cum
696 3715 748 3775 in
775 3716 974 3770 somnis
1010 3715 1233 3791 quisque
1262 3714 1451 3770 viderit
1479 3723 1742 3768 mortuum
1767 3755 1782 3779 ,
1817 3713 1897 3784 ip-

317 3807 430 3859 sius
450 3808 682 3861 animam
713 3820 772 3861 se
796 3805 975 3867 videre
994 3806 1280 3860 arbitretur
1311 3820 1325 3873 ;
1357 3820 1476 3861 cum
1507 3814 1685 3860 autem
1715 3806 1894 3859 vivum

319 3898 559 3953 similiter
584 3900 954 3964 somniaverit,
995 3913 1096 3952 non
1136 3898 1252 3967 ejus
1279 3898 1509 3953 animatn
1534 3939 1549 3960 ,
1580 3913 1751 3968 neque
1776 3911 1897 3952 cor-

316 4007 411 4063 pus
432 4032 448 4057 ,
496 3992 592 4046 sed
631 3991 862 4046 hominis
900 3990 1295 4045 similitudinem
1325 3990 1423 4047 sibi
1453 3992 1762 4061 apparuisse
1789 4004 1896 4045 non

316 4068 520 4139 dubitet
550 4100 564 4135 :
594 4082 746 4153 quasi
772 4099 876 4137 non
915 4084 1122 4154 possint
1163 4090 1217 4137 et
1241 4090 1573 4136 mortuorum
1621 4082 1894 4137 hominum

320 4175 498 4230 eodem
528 4172 689 4228 modo
714 4174 1060 4229 nescientium
1085 4213 1101 4240 ,
1133 4189 1236 4228 non
1263 4173 1481 4238 animm,
1524 4172 1618 4228 sed
1653 4172 1899 4227 similitu-

316 4263 466 4319 dines
494 4278 753 4334 apparere
781 4262 1186 4318 dormientibus.
1220 4263 1325 4317 Pro
1369 4272 1520 4318 certo
1540 4262 1561 4293 ³
1585 4303 1600 4328 ,
1631 4278 1751 4317 cum
1782 4261 1897 4317 Mc-

318 4355 509 4411 diolani
536 4369 779 4411 essemus
802 4395 818 4422 ,
846 4354 1142 4411 audivimus
1165 4354 1305 4424 quod
1335 4369 1457 4409 cum
1481 4353 1720 4413 debitum
1747 4368 1900 4424 repe-

319 4458 518 4504 teretur
553 4462 584 4502 a
613 4447 838 4517 quodam
864 4486 878 4512 ,
906 4445 1142 4501 defuncti
1175 4446 1337 4516 patris
1365 4446 1610 4501 cautione
1649 4446 1852 4517 prolata
1877 4487 1894 4515 ,

317 4539 455 4607 quod
496 4537 607 4593 filio
648 4536 917 4593 nesciente
957 4552 986 4590 a
1014 4547 1164 4607 patre
1184 4537 1293 4606 jam
1321 4536 1491 4591 fuerat
1533 4537 1895 4607 persolutum,

317 4629 619 4683 contristari
649 4627 808 4682 homo
826 4627 1135 4697 gravissime
1155 4626 1336 4695 cmpit,
1358 4636 1515 4697 atque
1543 4628 1721 4685 mirari
1756 4627 1898 4698 quod

317 4724 363 4776 ei
394 4733 545 4791 pater
568 4721 803 4776 moriens
829 4734 935 4776 non
957 4720 1147 4775 dixerit
1168 4718 1293 4789 quid
1313 4719 1565 4783 deberet,
1596 4734 1715 4774 cum
1746 4720 1899 4775 fecis-

318 4823 398 4867 set
432 4811 594 4869 etiam
623 4818 1019 4867 testamentum.
1049 4810 1198 4887 Tunc
1221 4809 1269 4865 ei
1292 4809 1449 4864 nimis
1474 4809 1632 4869 anxio
1656 4811 1901 4885 apparuit

321 4906 458 4961 idem
506 4916 657 4976 pater
702 4907 819 4974 ejus
852 4905 902 4958 in
943 4904 1181 4969 somnis,
1228 4912 1282 4958 et
1309 4901 1396 4957 ubi
1438 4912 1580 4957 esset
1625 4911 1899 4963 recautum

322 5001 468 5069 qno‘
496 5000 585 5053 illa
629 4998 802 5052 cautio
828 5004 1047 5052 vacuata
1091 4994 1295 5061 fuerat,
1340 4993 1611 5048 indicavit.
1656 4993 1773 5062 Quo
1815 4994 1899 5048 in-

321 5100 475 5144 vento
491 5090 703 5161 juvenis
728 5099 887 5160 atque
910 5095 1223 5154 monstrato,
1254 5102 1359 5141 non
1390 5087 1559 5141 solum
1592 5084 1707 5141 falsi
1736 5083 1900 5141 debiti

319 5182 637 5247 calumniam
669 5180 1031 5252 propulsavit,
1073 5178 1166 5235 sed
1197 5179 1353 5234 etiam
1380 5187 1658 5251 paternum
1703 5177 1903 5247 recepit

389 5361 408 5394 ί
440 5360 547 5409 Bad.
572 5369 673 5408 Am.
700 5367 753 5409 et
774 5365 871 5421 tam,
892 5358 943 5409 hi
961 5358 1189 5409 homines.

394 5426 417 5454 ³
439 5423 546 5472 ω.
574 5429 673 5472 Αω.
699 5428 775 5471 Er.
802 5429 852 5471 et
875 5423 1083 5471 Vaticani
1106 5422 1202 5470 duo
1226 5428 1350 5480 Mss.,
1383 5433 1535 5470 nonne
1557 5420 1626 5471 ita
1648 5421 1866 5470 credens.

396 5483 419 5515 ³
441 5491 538 5534 Duo
558 5491 690 5543 Mss,
731 5492 882 5533 Porro
915 5488 1061 5534 certe.
1108 5488 1304 5545 septem
1344 5483 1443 5542 alii,
1468 5492 1650 5544 Porro;
1690 5484 1867 5532 omisso
1885 5516 1900 5542 ,

319 5551 467 5596 certe.

388 5606 414 5636 δ
444 5607 547 5655 Bad.
577 5616 676 5655 .tm.
703 5613 754 5674 et
774 5612 904 5674 hom,
926 5604 1186 5674 repositum
1207 5607 1367 5674 quod;
1392 5605 1653 5674 Meliust-1r.
1680 5613 1731 5655 et
1773 5612 1901 5665 Mss,

328 5675 573 5740 remum
595 5681 692 5740 quo
701 5681 725 5740 ,'_
741 5668 789 5717 id
810 5677 886 5718 est
919 5668 1149 5740 scriptum
1185 5668 1282 5740 quo
1320 5669 1401 5719 illa
1443 5670 1601 5721 cautio
1635 5675 1865 5723 «revocata
1886 5702 1901 5730 ο

325 5731 386 5779 iis
402 5741 431 5776 ε
454 5736 503 5778 ut
522 5730 600 5779 bic
610 5729 792 5779 dicitur
810 5766 826 5794 ,
850 5729 1044 5780 vacuata
1068 5729 1242 5781 fuerat.

1768 307 1968 364 LIBER
2009 305 2187 365 UNUS
2216 322 2225 335 '

2012 420 2459 492 chirographum,
2490 422 2635 493 quod
2682 432 2830 494 pater
2873 440 2979 480 non
3028 438 3334 497 receperat,
3378 431 3593 502 quando

2008 522 2090 567 est
2126 514 2388 583 persoluta
2429 516 2670 584 pecunia.
2700 516 2795 571 llic
2823 517 2999 587 itaque
3033 528 3244 588 putatur
3279 522 3458 579 anima
3487 523 3590 581 bo-

2008 605 2165 660 minis
2203 621 2381 661 curam
2419 607 2649 676 gessisse
2694 622 2791 677 pro
2836 608 2980 675 tilio,
3028 617 3084 663 et
3109 611 3341 667 ad'eum
3379 616 3592 673 venisse

2007 693 2380 759 dormientem,
2406 704 2461 750 ut
2485 695 2682 752 docens
2706 697 2847 768 quod
2876 699 3171 769 ignorabat,
3198 717 3231 757 a
3256 718 3441 774 magna
3465 721 3590 763 eum

2006 788 2247 843 molestia
2289 788 2559 845 liberaret.
2601 789 2705 845 Sed
2755 790 2943 846 eodem
2993 793 3108 862 ipso
3152 794 3318 851 ferme
3350 806 3590 868 tempore

2004 894 2111 949 quo
2132 879 2183 933 id
2200 879 2502 934 audivimus
2522 921 2537 946 ,
2581 881 2706 936 item
2737 884 2887 937 nobis
2907 885 3044 954 apud
3072 885 3427 943 Mediolanum
3450 905 3585 945 con-

2004 971 2233 1036 stitutis,
2289 969 2621 1043 Carthaginis
2665 974 2846 1029 rhetor
2888 976 3174 1047 Eulogius,
3222 978 3311 1049 qui
3340 994 3491 1035 meus
3534 982 3589 1039 in

2005 1061 2192 1116 eadem
2222 1071 2338 1117 arte
2382 1063 2672 1134 discipulus
2692 1064 2811 1132 fuit,
2852 1068 2989 1121 sicut
3034 1068 3164 1123 mihi
3210 1069 3347 1138 ipse,
3378 1080 3589 1140 postea-

2003 1168 2159 1222 quam
2188 1154 2239 1208 in
2269 1154 2499 1210 Africam
2527 1158 2913 1226 remeavimus,
2955 1160 3175 1226 retulit,
3206 1177 3326 1217 cum
3357 1163 3587 1220 rhetori-

2003 1259 2096 1299 cos
2116 1245 2383 1301 Ciceronis
2404 1246 2570 1303 libros
2599 1248 2868 1317 discipulis
2888 1250 2998 1305 suis
3021 1250 3269 1318 traderet,
3298 1269 3587 1312 recensens

2004 1334 2283 1390 lectionem
2320 1352 2477 1407 quam
2515 1338 2768 1407 postridie
2815 1338 2988 1395 fuerat
3020 1342 3343 1409 traditurus,
3390 1361 3584 1415 quem-

2004 1423 2125 1480 dam
2155 1425 2326 1482 locum
2374 1426 2593 1482 otl‘endit
2617 1428 2901 1485 obscurum
2950 1448 2963 1489 :
3000 1447 3108 1501 quo
3142 1448 3247 1487 non
3279 1435 3584 1505 intellecto,

2003 1517 2091 1571 vix
2141 1520 2308 1586 potuit
2346 1516 2579 1573 dormire
2610 1520 2912 1587 sollicitus;
2956 1538 3059 1592 qua
3105 1534 3260 1578 nocte
3299 1528 3587 1583 somnianti

2004 1621 2103 1677 ego
2133 1608 2207 1662 illi
2236 1608 2376 1677 quod
2402 1624 2507 1663 non
2533 1609 2859 1680 intelligebat
2885 1614 3105 1683 exposui
3136 1631 3152 1680 ;
3186 1615 3292 1670 imo
3314 1632 3419 1672 non
3446 1633 3583 1689 ego,

2004 1697 2094 1752 sed
2117 1698 2291 1768 imago
2317 1714 2455 1765 mea,
2479 1700 2750 1756 nesciente
2770 1717 2875 1769 me,
2894 1712 2948 1757 et
2972 1711 3078 1759 tam
3099 1704 3253 1777 longe
3271 1713 3417 1763 trans
3438 1724 3587 1766 mare

2001 1789 2197 1860 aliquid
2235 1790 2377 1845 aliud
2414 1792 2525 1847 sive
2566 1802 2789 1863 agente,
2829 1794 2941 1850 sive
2980 1796 3311 1865 somniante,
3352 1808 3407 1855 et
3450 1800 3586 1859 nihil

2002 1880 2070 1935 de
2098 1880 2238 1935 illius
2265 1881 2408 1936 curis
2444 1883 2662 1937 omnino
2695 1893 2933 1940 curante.
2975 1885 3252 1953 Quomodo
3281 1890 3408 1943 liant
3433 1888 3534 1945 ista
3561 1930 3581 1959 ,

2002 1973 2184 2027 nescio
2238 1990 2251 2027 :
2304 1972 2398 2027 sed
2450 1974 2850 2042 quomodolibet
2896 1975 3063 2044 ﬁant,
3104 1993 3198 2033 cur
3239 1994 3344 2034 non
3392 1982 3585 2037 eodem

2002 2063 2160 2117 modo
2196 2063 2310 2118 ﬁeri
2352 2063 2653 2130 credimus,
2697 2073 2756 2119 ut
2801 2066 2853 2121 in
2897 2068 3100 2123 somnis
3138 2069 3363 2139 quisque
3409 2071 3586 2128 videat

2002 2163 2268 2210 mortuum
2286 2196 2301 2220 ,
2336 2154 2602 2223 quomodo
2632 2156 2691 2210 fit
2719 2164 2779 2210 ut
2804 2156 2981 2213 videat
3006 2166 3061 2212 et
3080 2160 3255 2213 vivum
3276 2161 3299 2214 ?
3324 2160 3586 2219 ambobus

2002 2251 2183 2319 utique
2223 2251 2615 2317 nescientibus,
2664 2267 2836 2322 neque
2879 2254 3187 2311 curantibus
3215 2256 3336 2325 quis
3367 2256 3451 2312 vel
3493 2255 3585 2315 ubi

2003 2341 2087 2394 vel
2115 2340 2326 2409 quando
2353 2356 2538 2396 eorum
2563 2343 2820 2413 imagines
2848 2346 3097 2398 somniet.

2070 2430 2297 2487 CAPUT
2319 2430 2432 2486 Xll.
2456 2462 2527 2472 —
2552 2432 2637 2487 14.
2676 2429 2794 2486 Visa
2811 2433 3234 2503 plireneticorum.
3265 2434 3437 2488 Visum
3456 2434 3586 2490 (ἔω-η
3619 2420 3627 2429 ’

1999 2538 2097 2576 ma:
2136 2521 2364 2578 curialis.
2409 2523 2613 2581 Similia
2659 2534 2785 2583 sunt
2831 2533 3012 2580 autem
3064 2526 3287 2580 somniis
3331 2526 3584 2583 nonnulla

1999 2612 2159 2673 etiam
2200 2615 2309 2668 visa
2351 2614 2674 2684 vigilantium
2699 2656 2714 2683 ,
2747 2616 2837 2686 qui
2868 2615 3106 2672 turbatos
3136 2617 3333 2674 habent
3360 2633 3581 2687 sensus,

1998 2701 2136 2757 sicut
2160 2702 2471 2771 phrenetici,
2495 2705 2579 2759 vel
2608 2719 2943 2777 quocumque
2963 2707 3196 2764 furentes
3223 2708 3382 2763 modo
3415 2727 3429 2762 :
3458 2725 3584 2767 nam

1998 2800 2053 2846 et
2095 2791 2195 2861 ipsi
2236 2793 2527 2862 loquuntur
2564 2809 2744 2850 secum
2773 2799 2922 2867 quasi
2960 2812 3086 2854 vere
3118 2799 3466 2869 przesentibus
3504 2800 3585 2856 lo-

1997 2892 2247 2952 quantur,
2278 2892 2331 2938 et
2361 2893 2466 2939 tam
2489 2900 2608 2941 cum
2630 2886 2939 2943 absentibus
2959 2903 3118 2959 quam
3147 2903 3272 2948 cum
3303 2891 3584 2959 praesenti-

1998 2971 2097 3028 bus
2118 3013 2133 3040 ,
2163 2989 2387 3044 quorum
2416 2974 2671 3046 imagines
2696 2986 2955 3045 cernunt,
2986 2979 3097 3035 sive
3126 2980 3364 3037 vivorum
3395 2983 3437 3050 ί,
3466 2982 3580 3038 sive

1998 3074 2348 3121 mortuorum.
2390 3067 2496 3122 Sed
2526 3068 2983 3136 quemadmodum,
3003 3070 3039 3124 ii
3061 3071 3152 3140 qui
3183 3072 3384 3139 vivunt,
3413 3073 3480 3128 ab
3502 3074 3584 3130 eis

1998 3169 2058 3210 se
2079 3155 2268 3223 videri,
2297 3166 2352 3211 et
2367 3172 2488 3211 eum
2506 3156 2584 3213 eis
2605 3172 2663 3212 se
2691 3158 2918 3228 colloqui
2946 3159 3217 3226 nesciunt;
3248 3176 3418 3231 neque
3439 3162 3581 3218 enim

1997 3262 2183 3304 revera
2211 3248 2308 3318 ipsi
2335 3248 2559 3315 adsunt,
2596 3259 2687 3303 aut
2711 3250 2808 3320 ipsi
2838 3252 3261 3306 sermocinantur
3283 3293 3299 3317 ,
3343 3253 3438 3309 sed
3464 3262 3582 3310 tur-

1998 3339 2135 3395 batis
2176 3341 2421 3396 sensibus
2460 3340 2701 3397 homines
2741 3343 2859 3397 talia
2889 3344 2999 3398 visa
3030 3344 3335 3414 imaginaria
3370 3347 3583 3415 patiun-

2001 3440 2084 3486 tur
2116 3450 2130 3486 :
2158 3446 2222 3487 eo
2248 3431 2406 3486 modo
2429 3441 2482 3487 et
2507 3432 2541 3487 ii
2568 3433 2655 3503 qui
2686 3449 2753 3488 ex
2781 3432 2882 3488 bac
2908 3435 3012 3489 vita
3041 3435 3331 3504 migrarunt
3350 3476 3366 3503 ,
3395 3436 3472 3492 sic
3499 3436 3583 3491 af.

1998 3524 2148 3579 fectis
2176 3523 2478 3579 hominibus
2511 3525 2756 3580 videntur
2783 3527 2931 3596 quasi
2960 3537 3251 3597 prmsentes
3274 3571 3290 3596 ,
3323 3546 3440 3585 cutn
3469 3530 3580 3587 sint

1998 3615 2279 3679 absentes,
2323 3625 2376 3669 et
2414 3625 2590 3671 utrum
2630 3618 2819 3687 aliquis
2848 3633 2942 3673 eos
2984 3618 3332 3690 imaginaliter
3366 3621 3581 3690 videat,

1998 3706 2216 3761 omnino
2246 3706 2565 3761 nescientes.

2072 3798 2161 3852 l5.
2201 3796 2334 3852 Huic
2371 3797 2447 3851 rei
2484 3796 2657 3853 simile
2684 3805 2768 3853 est
2802 3798 2962 3853 etiam
2988 3799 3148 3866 illud,
3182 3816 3302 3855 cum
3339 3800 3584 3858 homines

1998 3890 2153 3945 altius
2182 3903 2338 3959 quam
2373 3888 2415 3942 si
2441 3889 2766 3955 dormirent,
2792 3891 3176 3947 subtrahuntur
3199 3894 3440 3964 corporis
3453 3909 3582 3952 sen-

1999 3981 2146 4036 sibus
2164 4022 2179 4047 ,
2209 3988 2262 4033 et
2289 3989 2614 4049 occupantur
2637 3982 2828 4037 talibus
2857 3983 3004 4037 visis.
3030 3984 3098 4039 Et
3136 3985 3218 4039 his
3242 3986 3385 4041 enim
3413 4001 3581 4057 appa-

1999 4080 2119 4129 rent
2147 4072 2398 4142 imagines
2437 4074 2677 4128 vivorum
2705 4084 2865 4145 atque
2902 4084 3231 4132 mortuorum
3264 4094 3281 4145 ;
3325 4079 3419 4135 sed
3455 4095 3581 4135 cum

2000 4164 2198 4220 fuerint
2224 4164 2470 4221 sensibus
2495 4165 2710 4232 redditi,
2736 4182 3097 4239 quoscumque
3122 4179 3361 4225 mortuos
3388 4172 3585 4228 vidisse

2000 4271 2059 4311 se
2086 4256 2317 4311 dixerint
2333 4296 2348 4321 ,
2369 4271 2497 4312 vere
2517 4272 2638 4312 cum
2660 4258 2738 4313 eis
2763 4258 2923 4314 fuisse
2946 4260 3236 4318 creduntur
3260 4280 3273 4317 :
3294 4278 3394 4318 nec
3411 4271 3586 4320 atten-

2001 4349 2157 4415 dunt,
2189 4350 2277 4418 qui
2305 4349 2421 4405 haec
2445 4350 2694 4419 audiunt,
2716 4352 2959 4409 similiter
2976 4354 3045 4408 ab
3071 4356 3152 4411 eis
3170 4354 3470 4411 absentium
3492 4366 3579 4412 at-

2001 4458 2106 4512 que
2152 4442 2502 4498 nescientium
2547 4444 2898 4513 quorumdam
2940 4447 3098 4501 etiam
3138 4447 3395 4517 imagines
3442 4448 3584 4505 visas

2002 4548 2120 4591 esse
2148 4535 2404 4589 vivorum.
2436 4534 2606 4590 llomo
2634 4536 2848 4606 quidam
2875 4538 3071 4593 Curma
3097 4539 3312 4595 nomine
3332 4541 3375 4606 ³,
3402 4541 3583 4595 muni-

2002 4626 2125 4695 cipii
2153 4626 2462 4691 Tulliensis,
2489 4627 2628 4697 quod
2653 4627 2882 4699 Hipponi
2906 4630 3200 4700 proximum
3229 4640 3347 4699 est,
3369 4633 3585 4690 curialis

2004 4733 2239 4789 pauper,
2268 4719 2354 4773 vix
2384 4719 2524 4774 illius
2552 4719 2650 4775 loci
2689 4721 3116 4778 duumviralitius
3162 4722 3240 4794 (a)
3276 4733 3330 4777 et
3375 4724 3585 4793 simpli-

2003 4812 2135 4869 citer
2165 4814 2481 4880 rusticanus,
2499 4828 2619 4870 cum
2648 4823 2951 4885 egrotaret,
2982 4815 3189 4872 ablatus
3208 4830 3239 4870 a
3260 4815 3505 4871 sensibus
3537 4815 3583 4883 ³,

2069 4972 2084 5003 ι
2115 4977 2235 5036 pcto
2256 4978 2510 5036 Mss.,Nam
2540 4978 2586 5025 et
2603 4970 2714 5036 ipsi
2738 4968 2993 5036 loquuntur
3015 4984 3142 5036 saepe
3162 4984 3290 5036 :um_
3310 4984 3419 5021 vere
3453 4984 3587 5035 pra:-

2003 5031 2229 5106 sentilgus,
2255 5034 2510 5106 loquwuur
2548 5031 2693 5104 etiam
2715 5031 2826 5083 cum
3155 5032 3291 5096 quasi
3326 5045 3437 5082 cum
3454 5031 3588 5096 pra-

2004 5093 2214 5157 muibus
2233 5093 2438 5156 quorum
2457 5093 2687 5157 itnogines
2709 5103 2925 5157 cernunt.

2071 5157 2089 5186 ²
2122 5153 2312 5205 Bad.’et
2334 5162 2465 5217 i.ov.,
2502 5153 2574 5217 de:
2587 5162 2745 5206 turma
2782 5156 2961 5207 (urina
2985 5155 3187 5217 nomine.
3231 5160 3285 5205 Et
3308 5153 3428 5204 infra
3469 5168 3586 5205 eou-

2005 5223 2192 5288 stanter
2214 5216 2413 5288 habent,
2453 5215 2648 5288 Cariae.
2682 5224 2736 5288 At
2752 5223 2859 5266 Mss.
2885 5219 3067 5288 ubique
3089 5216 3415 5288 fere,_§gtnna
3440 5218 3589 5288 :qui-

2005 5278 2098 5327 bus
2137 5278 2296 5329 hacin
2318 5292 2376 5327 re
2413 5279 2725 5328 consentiunt
2742 5287 2842 5327 Αω.
2872 5286 2923 5327 et
2947 5277 3040 5337 Eri;
3065 5277 3154 5326 sed
3174 5277 3416 5328 editiones
3440 5277 3588 5329 etiam

2004 5340 2112 5411 istae
2133 5338 2242 5411 duae
2271 5346 2409 5411 post,
2434 5349 2582 5389 Honto
2600 5337 2816 5411 quidam,
2842 5339 3024 5388 addunt
3045 5338 3106 5410 de
3133 5343 3294 5411 turma
3317 5352 3333 5388 :
3356 5339 3485 5411 quod
3504 5342 3590 5411 ab-

2008 5407 2085 5465 est
2105 5413 2132 5448 a
2153 5400 2576 5463 Mssfvideturque
2614 5400 2875 5462 irrepsisse
2901 5414 2929 5450 e
2952 5400 3172 5463 margine
3189 5434 3205 5461 ,
3250 5401 3299 5449 in
3322 5400 3419 5465 qua
3462 5402 3587 5450 forte

2008 5463 2165 5510 fuerat
2186 5469 2479 5519 annotatum,
2516 5480 2539 5508 ε
2560 5470 2629 5511 De
2651 5468 2836 5513 Curma.
2859 5478 2883 5505 ν

2073 5524 2094 5555 ³
2116 5524 2188 5572 sic
2207 5524 2422 5584 potiores
2451 5530 2558 5572 Mss.
2584 5530 2641 5573 At
2662 5522 2798 5583 editi,
2822 5520 2996 5575 ablatis
3009 5520 3245 5575 sensibus.

2071 5606 2144 5670 (a)
2577 5606 2707 5670 idem
2720 5613 2859 5656 sonat
2879 5606 3007 5670 quod
3029 5606 3361 5670 duumviralis,
3382 5608 3475 5657 hoc
3490 5612 3585 5670 est,

2009 5665 2093 5730 qui
2114 5665 2467 5742 dittuuviratum
2485 5669 2657 5742 gessit.
2681 5665 3256 5742 Duumvir'i.m_agistra_tus
3274 5665 3587 5731 municipales

2017 5726 2399 5792 appellabantur,
2423 5726 2551 5792 quod
2574 5730 2670 5779 duo
2695 5737 2879 5795 essent,
2899 5731 2966 5781 ait
2983 5726 3261 5782 Bﬁssonius.
3324 5764 3325 5767 η
