4102 6336
445 307 551 364 603

448 435 584 493 pene
625 426 864 475 mortuus
905 412 1069 485 iacuit
1093 410 1291 479 aliquot
1313 405 1499 461 diebus
1532 421 1545 456 :
1576 397 1917 493 tenuissimus
1945 393 2031 493 Ila-

452 485 535 570 ius
567 513 618 567 in
649 509 885 574 naribus,
916 506 1004 575 qui
1034 517 1191 557 manu
1219 498 1428 553 admota
1457 503 1743 562 utcumque
1770 485 2039 543 sentieba-

458 614 542 658 tur
579 611 633 657 et
654 608 786 655 'crat
810 598 1057 667 exiguum
1088 590 1312 647 viventis
1342 586 1590 642 indicium
1623 585 1638 614 ί
1662 623 1677 647 ,
1723 578 1936 649 sepeliri
1980 584 2038 667 ut

453 694 752 749 exanimem
784 665 1145 744 nonvsinebat.
1187 680 1371 735 Nullos
1397 686 1544 732 artus
1574 671 1854 733 movebat,
1896 665 2039 721 nulla

453 785 697 840 Sumebat
733 782 981 835 alimenta
1013 793 1027 843 ;
1060 773 1190 829 nihil
1218 770 1383 827 oculis
1403 810 1418 834 ,
1448 765 1575 820 nihil
1605 763 1712 817 ullo
1746 760 1853 814 alio
1879 771 2039 811 sensu

463 845 706 943 corporis
725 871 957 941 qualibet
984 870 1209 935 impacta
1238 860 1477 914 molestia
1503 854 1784 911 sentiebat.
1816 848 2042 943 Videbat

457 939 637 1022 tamen
664 939 826 1018 multa
855 961 1001 1015 velut
1027 960 1081 1012 in
1101 955 1304 1011 somnis
1324 995 1338 1018 ,
1365 966 1483 1021 quae
1514 947 1726 1003 tandem
1752 939 2042 1012 aliquando

458 1068 581 1131 post
613 1058 729 1113 dies
756 1053 1011 1126 plurimos
1039 1049 1190 1120 quasi
1217 1045 1471 1116 evigilans
1493 1084 1507 1103 ,
1536 1042 1647 1095 visa
1678 1036 1934 1131 narravit.
1969 1035 2045 1131 uc

457 1125 686 1221 primum
709 1189 725 1213 ,
752 1125 881 1200 mox
912 1152 967 1198 ut
1010 1140 1219 1211 aperuit
1242 1136 1426 1193 oculos
1456 1134 1594 1187 :Eat
1619 1130 1826 1199 aliquis,
1852 1125 2046 1221 inquit,

458 1215 527 1297 ad
554 1241 769 1295 domum
812 1234 1023 1291 Corma:
1067 1232 1196 1286 fabri
1235 1226 1479 1294 ferrarii,
1520 1233 1573 1279 et
1600 1222 1776 1277 videat
1818 1217 1943 1288 quid
1974 1215 2045 1269 ibi

457 1343 661 1404 agatur.
687 1328 804 1396 Quo
838 1318 961 1382 cum
1005 1327 1133 1380 itum
1174 1328 1349 1385 esset,
1377 1301 1628 1372 inventus
1668 1321 1766 1404 est
1792 1315 2047 1404 mortuus

460 1401 860 1487 cornamento,
907 1433 1013 1489 quo
1052 1417 1151 1471 iste
1192 1410 1364 1467 fuerat
1391 1408 1633 1464 sensibus
1679 1401 1948 1465 redditus,
1992 1405 2049 1453 et

463 1531 601 1586 pene
629 1529 661 1568 a
687 1520 858 1567 morte
899 1508 1184 1565 revixerat.
1225 1503 1377 1557 Tunc
1417 1496 1635 1554 intentis
1661 1494 1749 1564 qui
1788 1491 2048 1554 aderant,

462 1608 615 1664 illum
645 1602 1106 1671 exhiberijnssum
1135 1612 1255 1652 esse
1279 1592 1491 1666 quando
1518 1593 1630 1661 ipse
1655 1587 1903 1643 dimissus
1933 1591 2016 1639 est
2034 1622 2049 1648 ,

465 1696 759 1760 indicavit;
806 1709 968 1763 seque
1013 1692 1118 1745 illic
1156 1688 1297 1743 unde
1342 1684 1575 1740 redierat
1623 1678 1756 1735 dixit
1797 1676 2049 1742 audisse,

466 1788 610 1859 quod
641 1800 742 1841 non
773 1784 967 1839 Curma
997 1780 1249 1853 curialis,
1277 1776 1371 1832 sed
1401 1775 1594 1830 Curma
1631 1771 1781 1825 faber
1804 1766 2054 1859 ferrarius

465 1856 532 1934 ad
570 1878 683 1933 loca
724 1877 810 1931 illa
841 1881 1171 1929 mortuorum
1215 1875 1509 1939 prmeeptus
1536 1862 1723 1917 fuisset
1747 1858 1960 1913 adduci.
1998 1856 2055 1911 In

467 1971 573 2028 illis
607 1984 733 2039 ergo
754 1968 902 2033 visis,
928 1975 1175 2035 tanquam
1193 1960 1412 2018 somniis
1432 1957 1563 2023 suis,
1591 1956 1729 2009 inter
1749 1968 1840 2007 eos
1859 1953 1880 1982 ³
1907 1949 2058 2039 defu-

470 2070 646 2127 nctos,
661 2038 794 2129 quos
814 2056 1026 2111 videbat
1045 2069 1142 2124 pro
1164 2046 1528 2107 meritorumdi
1545 2043 1797 2099 versitate
1820 2038 2055 2103 tractari,

467 2149 685 2221 agnovit
736 2148 894 2203 etiam
938 2143 1224 2199 nonnullus
1259 2153 1392 2209 quos
1436 2140 1660 2193 noverat
1697 2136 1866 2186 vivos.
1913 2130 2060 2199 Ipsos

472 2251 650 2296 autem
675 2255 800 2294 vere
824 2239 844 2269 ³
867 2237 1089 2291 forsitan
1126 2232 1472 2289 credidissem
1494 2270 1509 2295 ,
1569 2227 1614 2280 si
1655 2240 1760 2279 non
1791 2226 1929 2277 inter
1970 2221 2060 2276 illa

473 2331 623 2402 quasi
667 2328 870 2384 somnia
900 2341 995 2380 sua
1030 2324 1252 2379 vidisset
1296 2320 1456 2375 etiam
1488 2315 1744 2388 quosdam
1789 2314 1878 2383 qui
1923 2325 2064 2366 nunc

473 2437 644 2493 usque
668 2420 842 2476 adhuc
876 2419 1091 2481 vivunt,
1119 2415 1343 2470 clericos
1370 2412 1619 2466 videlicet
1646 2409 1852 2479 aliquos
1887 2405 2062 2476 regio-

475 2513 560 2568 nis
601 2528 747 2579 snm,
790 2526 818 2565 a
849 2523 1075 2581 quorum
1117 2507 1188 2561 ibi
1216 2504 1529 2575 presbytero
1556 2500 1792 2563 audivit,
1841 2506 1898 2551 ut
1926 2494 2064 2565 apud

448 2603 772 2674 Hipponem
806 2600 1169 2670 baptizaretur
1196 2611 1244 2660 ,a
1278 2611 1364 2649 me
1388 2634 1401 2659 ,
1443 2591 1584 2663 quod
1628 2599 1683 2646 et
1724 2592 1917 2643 factum
1947 2600 2067 2642 esse

478 2695 713 2750 dicebat.
760 2692 979 2748 Viderat
1008 2693 1185 2760 itaque
1229 2687 1284 2742 in
1315 2686 1402 2740 illa
1432 2685 1637 2739 visione
1663 2682 2028 2753 presbyterum
2047 2717 2065 2745 ,

479 2789 740 2851 clericos,
769 2793 868 2841 tne
911 2786 1113 2855 ipsum,
1162 2781 1396 2837 nondum
1440 2778 1643 2835 scilicet
1682 2787 1955 2842 mortuos,
2009 2772 2064 2828 in

480 2895 583 2950 qua
613 2886 794 2949 postea
827 2875 957 2931 vidit
984 2884 1038 2931 et
1074 2881 1332 2929 mortuos.
1373 2868 1480 2925 Cur
1503 2884 1607 2923 non
1635 2868 1792 2923 etiam
1818 2865 1935 2920 illos
1962 2864 2068 2919 sie-

481 2981 544 3028 ut
587 2986 687 3027 nos
742 2969 938 3025 vidisse
975 2967 1251 3032 credatur,
1296 2974 1550 3033 utrosque
1586 2960 1789 3016 scilicet
1822 2958 2071 3011 absentes

482 3072 642 3133 atque
670 3060 970 3116 nescientes
999 3075 1014 3124 ;
1056 3071 1119 3112 ac
1148 3070 1243 3126 per
1274 3054 1374 3109 hoc
1413 3069 1519 3107 non
1551 3052 1729 3134 ipsos,
1760 3049 1855 3103 sed
1883 3046 2072 3102 simili-

482 3154 695 3210 tudines
717 3166 904 3207 eorum
921 3192 934 3213 ,
967 3149 1103 3204 sicut
1125 3146 1289 3203 etiam
1316 3145 1553 3199 locorum
1579 3142 1603 3195 ?
1625 3141 1754 3195 Nam
1781 3149 1834 3195 et
1854 3138 2072 3195 fundum

483 3242 621 3298 vidit
639 3242 727 3297 ubi
748 3250 863 3296 erat
881 3240 970 3294 ille
996 3252 1116 3293 cum
1139 3235 1348 3291 clericis
1369 3233 1667 3304 presbyter,
1698 3239 1751 3285 et
1773 3229 2071 3299 Hipponem

484 3334 577 3390 ubi
619 3349 648 3388 a
688 3349 776 3389 me
814 3332 965 3403 quasi
993 3330 1293 3400 baptizatus
1323 3334 1406 3381 est
1438 3344 1451 3379 :
1484 3325 1537 3379 in
1571 3323 1765 3395 quibus
1794 3321 1925 3378 locis
1952 3336 2074 3391 pro-

485 3424 626 3481 fecto
650 3439 756 3478 non
781 3430 895 3478 erat
917 3463 932 3488 ,
964 3418 1176 3491 quando
1203 3418 1311 3473 illic
1343 3415 1442 3471 sibi
1473 3428 1594 3469 esse
1621 3412 1915 3467 videbatur.
1941 3410 2075 3466 Nam

486 3518 614 3589 quid
645 3517 716 3571 ibi
756 3524 1001 3587 ageretur
1020 3528 1087 3569 eo
1118 3522 1389 3580 tempore,
1421 3506 1691 3563 nesciebat
1725 3523 1738 3559 :
1768 3504 1910 3574 quod
1938 3517 2073 3572 pro-

487 3608 575 3663 cui
612 3606 789 3662 dubio‘
818 3606 1014 3671 sciret,
1044 3604 1088 3658 si
1124 3617 1249 3657 vere
1291 3600 1363 3655 ibi
1391 3606 1551 3654 esset.
1587 3596 1709 3650 Visa
1746 3602 1869 3649 sunt
1918 3594 2077 3663 igitur

487 3698 588 3751 ista
613 3736 628 3762 ,
657 3711 775 3763 qua:
802 3709 905 3747 non
935 3700 1321 3760 prtesentantur
1350 3688 1372 3720 ’⁵
1399 3689 1454 3742 in
1486 3686 1615 3755 ipsis
1662 3684 1821 3739 rebus
1847 3690 1904 3736 ut
1930 3689 2074 3749 sunt,

489 3787 584 3843 sed
631 3787 686 3841 in
734 3783 1050 3855 quibusdam
1095 3796 1274 3837 rerum
1306 3779 1622 3849 imaginibus
1670 3774 2073 3830 adumbrantur.

490 3880 729 3950 Denique
771 3885 888 3948 post
917 3876 1080 3931 multa
1112 3888 1230 3945 qua:
1259 3871 1429 3937 vidit,
1469 3871 1627 3925 etiam
1672 3869 1723 3922 in
1774 3866 2077 3937 paradisum

490 3985 551 4027 se
601 3969 958 4025 introductum
1004 3980 1124 4021 esse
1153 3963 1419 4027 narravit,
1448 3959 1753 4028 dictumque
1791 3957 1890 4012 sibi
1917 3971 2037 4012 esse
2059 3998 2075 4022 ,

491 4074 612 4116 cum
642 4059 763 4113 inde
788 4057 1146 4112 dimitteretur
1172 4052 1439 4109 rediturus
1462 4049 1529 4105 ad
1557 4063 1684 4103 suos
1719 4065 1731 4100 :
1764 4046 1909 4101 Vade
1928 4086 1943 4111 ,
1977 4047 2077 4101 ba-

491 4152 695 4223 ptizare
720 4192 735 4216 ,
775 4150 820 4203 si
864 4149 946 4202 vis
969 4160 1090 4202 esse
1116 4146 1168 4199 in
1196 4144 1298 4198 isto
1322 4142 1442 4198 loco
1468 4142 1768 4196 beatorum.
1800 4136 1997 4192 Deinde
2022 4144 2080 4191 ut

492 4259 525 4296 u
568 4256 657 4295 me
686 4240 1044 4309 baptizaretur
1068 4235 1406 4301 admonitus,
1443 4232 1553 4303 iam
1591 4230 1787 4285 factum
1841 4244 1961 4283 esse
1985 4244 2077 4283 re-

497 4331 731 4402 spondit.
755 4330 850 4385 Cui
872 4344 1059 4384 rursus
1084 4329 1174 4384 ille
1199 4327 1289 4398 qui
1315 4341 1436 4382 cum
1464 4339 1529 4381 eo
1550 4322 1892 4394 loquebatur:
1914 4321 2077 4389 Vade,

497 4424 670 4494 inquit
691 4462 707 4485 ,
736 4437 860 4478 vere
882 4422 1153 4492 baptizare
1183 4436 1198 4486 ;
1226 4434 1347 4474 nam
1379 4417 1509 4474 illud
1548 4417 1600 4472 in
1638 4416 1843 4471 visione
1879 4415 2077 4471 vidisti.

497 4518 627 4573 Post
656 4517 753 4570 ista
782 4515 1082 4580 convaluit,
1128 4513 1362 4584 perrexit
1390 4512 1707 4582 Hipponem.
1742 4509 1942 4564 Pascha
1968 4509 2080 4580 jam

498 4605 888 4677 propinquabat
906 4646 920 4669 ,
943 4605 1092 4660 dedit
1115 4618 1309 4659 nomen
1340 4603 1480 4657 inter
1507 4602 1641 4656 alios
1665 4600 2042 4671 Competentes
2062 4642 2077 4667 ,

498 4700 697 4769 pariter
739 4714 862 4753 cum
901 4697 1142 4767 plurimis
1199 4695 1498 4765 incognitus
1542 4693 1694 4749 nobis
1737 4707 1751 4757 ;
1796 4706 1897 4747 nec
1938 4692 2081 4746 illam

495 4790 625 4843 mihi
675 4788 932 4844 visionem
953 4827 968 4850 ,
998 4800 1097 4841 nec
1122 4785 1367 4855 cuiquam
1413 4793 1714 4838 nostrorum
1739 4781 1974 4837 iudicare
1992 4796 2084 4837 cu-

498 4884 652 4937 ravit.
686 4881 991 4950 Baptizatus
1021 4887 1137 4946 est,
1169 4877 1398 4948 peractis
1426 4876 1613 4931 diebus
1645 4874 1844 4929 sanctis
1871 4889 2083 4929 remea-

495 4977 571 5030 vit
614 4972 681 5028 ad
719 4972 953 5043 propria.
996 4971 1215 5027 Biennio
1255 4970 1341 5025 vel
1383 4968 1612 5037 amplius
1654 4976 1953 5032 transacto,
1985 4982 2085 5037 ego

496 5072 687 5119 cuncta
713 5062 1095 5133 haeccognovi:
1127 5061 1298 5130 primo
1326 5074 1421 5130 per
1435 5057 1717 5129 quemdam
1746 5073 1922 5113 meum
1945 5058 2088 5128 ejus-

496 5170 599 5224 que
637 5154 867 5209 amicum
910 5154 963 5208 in
1003 5153 1247 5208 convivio
1299 5164 1419 5206 meo
1448 5190 1463 5215 ,
1504 5148 1632 5203 dum
1675 5148 1918 5219 quaedam
1965 5148 2085 5202 talia

500 5247 841 5315 loqueremur
869 5245 1099 5301 :deinde
1126 5244 1288 5297 institi
1322 5256 1384 5296 ac
1410 5241 1508 5296 feci
1540 5250 1596 5295 ut
1628 5241 1741 5295 haec
1771 5240 1899 5294 mihi
1938 5253 2080 5308 pra:-

567 5442 583 5473 ¹
620 5447 749 5501 Lov.,
770 5438 1004 5508 indicith
1026 5439 1153 5508 quod
1166 5438 1306 5508 illum
1339 5436 1551 5508 sepeliri.
1587 5435 2086 5508 Expttnximus,_quod

504 5502 658 5561 illum,
677 5502 803 5563 quod
820 5500 1067 5563 superﬂuo
1089 5502 1303 5550 additum
1326 5500 1427 5558 est,
1459 5514 1554 5549 nec
1573 5500 1821 5562 reperitur
1844 5500 1893 5546 in
1916 5504 2023 5547 Mss.

568 5565 590 5596 ί
621 5562 766 5621 aditi,
799 5562 890 5624 fuit
911 5562 1035 5614 utter
1054 5576 1149 5613 eos.
1176 5565 1338 5622 Abest,
1364 5562 1457 5624 fuit
1477 5600 1490 5623 ,
1517 5575 1546 5611 a
1580 5560 1801 5624 pluribus
1824 5568 1928 5610 mss.

569 5565 590 5596 ι
621 5564 771 5635 aditi,
799 5564 890 5636 fuit
911 5564 1035 5614 sua
1054 5576 1149 5613 eos.
1176 5565 1338 5622 Abest,
1364 5564 1457 5624 fuit
1477 5600 1490 5623 ,
1517 5575 1546 5611 a
1580 5564 1801 5625 pluribus
1824 5568 1928 5610 mss.

569 5624 859 5698 {modum
880 5637 992 5676 aere
1018 5631 1246 5676 mortuos.
1292 5625 1540 5675 nedundat
1561 5637 1675 5685 vos,
1721 5628 1957 5684 mortuos,
1997 5633 2090 5672 nec

507 5694 649 5740 estin
674 5694 780 5737 ΜΕ.

571 5755 590 5784 δ
623 5762 695 5802 διε
718 5757 821 5801 uss.
850 5756 903 5801 Αι
927 5746 1062 5811 editi,
1087 5752 1394 5801 m‘wstantur.

1226 292 1314 346 DE
1352 288 1536 344 CUM
1577 284 1709 339 PRO
1748 272 2047 336 MUR’I‘UIS
2087 273 2431 342 GERENDA,
2475 274 2531 329 S.
2577 272 2941 330 AUGUSTINI

3617 273 3719 330 60-!

2143 405 2267 446 sens
2291 390 2401 459 ipse
2425 402 2684 455 narraret,
2715 389 3083 446 attestantibus
3107 389 3342 447 honestis
3363 391 3567 447 civibus
3588 395 3719 457 suis,

2141 492 2194 534 et
2223 482 2290 536 de
2320 483 2541 536 mirabili
2568 484 2683 552 ejus
2708 482 3038 552 aegritudine,
3072 491 3129 536 ut
3151 482 3375 552 jacuerit
3410 498 3545 553 pene
3579 499 3722 537 mor-

2144 582 2265 628 tuus
2293 590 2388 644 per
2417 576 2530 631 dies
2565 577 2855 645 plurimos,
2882 585 2937 630 et
2970 576 3036 631 de
3069 577 3159 631 illo
3200 578 3304 633 alio
3340 579 3536 636 Curma
3573 581 3727 637 fabro

2145 666 2398 733 ferrario,
2429 669 2568 737 quod
2602 670 3011 724 commemoravi
3040 673 3304 741 superius,
3335 683 3388 728 et
3412 674 3480 730 de
3506 675 3588 731 his
3613 692 3728 730 om-

2146 762 2299 815 nibus
2346 778 2465 831 qu:e
2500 777 2619 816 eum
2668 764 2793 816 mihi
2825 764 3053 831 diceret,
3094 766 3252 819 etiam
3309 776 3432 820 tunc
3459 769 3525 823 ab
3553 769 3644 821 illo
3671 786 3731 824 se

2145 853 2357 907 audisse
2386 854 2687 908 rceolebaut
2712 864 2870 925 atque
2904 855 3205 911 ﬁrmabant.
3234 857 3588 925 Quamobrem
3621 862 3733 918 sic-

2146 955 2205 999 ut
2242 946 2371 1001 vidit
2414 947 2732 1019 baptismum
2761 964 2914 1004 suum
2939 990 2954 1016 ,
2995 960 3047 1004 et
3088 968 3174 1007 me
3202 953 3373 1020 ipsum
3395 997 3409 1020 ,
3442 966 3495 1009 et
3534 957 3737 1026 Hippo-

2149 1053 2269 1092 nem
2296 1079 2309 1102 ,
2348 1047 2402 1092 et
2433 1039 2746 1105 basilicam;
2784 1052 2837 1096 et
2880 1042 3242 1112 baptisterium
3270 1086 3285 1107 ,
3333 1061 3437 1100 non
3479 1048 3531 1101 in
3572 1048 3736 1103 rebus

2150 1130 2315 1199 ipsis,
2349 1130 2441 1185 scd
2486 1132 2538 1185 in
2564 1132 2878 1202 quibusdam
2920 1134 3355 1191 similitudinibus
3399 1154 3619 1204 rerum;
3662 1141 3737 1194 ita

2151 1228 2206 1275 et
2246 1221 2378 1275 alios
2423 1222 2681 1293 quosdam
2725 1225 2871 1280 vivos
2891 1268 2905 1290 ,
2935 1225 3138 1281 eisdem
3169 1227 3529 1284 nescientibus
3557 1231 3693 1286 vivis
3719 1248 3735 1284 :

2220 1310 2446 1368 CAPUT
2472 1312 2608 1368 XIII.
2631 1314 3037 1371 —Mortuorum
3066 1321 3248 1374 anima:
3279 1337 3379 1374 non
3401 1321 3644 1375 intersunt
3665 1338 3743 1377 re-

2152 1401 2244 1456 bus
2266 1403 2551 1468 viventium.
2585 1406 2690 1459 Cur
2716 1422 2818 1460 non
2850 1424 2977 1478 ergo
3004 1409 3074 1463 ita
3100 1418 3154 1464 et
3183 1410 3302 1466 illos
3328 1420 3568 1466 mortuos
3585 1452 3602 1478 ,
3628 1413 3741 1468 eis—

2154 1491 2274 1547 dem
2300 1494 2655 1549 nescientibus
2680 1498 2901 1552 mortuis
2929 1498 2953 1551 ‘i

2228 1584 2314 1638 16.
2338 1583 2446 1638 Cur
2470 1600 2575 1639 non
2611 1586 2738 1641 istas
2764 1588 3100 1657 operationes
3124 1590 3389 1661 angelicas
3413 1590 3679 1648 credimus
3698 1594 3755 1661 ιι

2158 1691 2253 1745 per
2281 1675 2731 1751 dispensationem
2776 1681 3121 1749 providentiae
3154 1683 3247 1737 Dei
3285 1684 3422 1740 bene
3451 1686 3649 1740 utentis
3687 1697 3749 1742 et

2153 1765 2312 1822 bonis
2340 1776 2394 1822 et
2423 1770 2597 1838 malis,
2642 1771 2936 1827 secundum
2976 1774 3368 1841 inscrutabilem
3406 1776 3761 1833 altitudinem

2155 1857 2477 1929 iudiciorum
2523 1876 2739 1916 suorum
2794 1862 2817 1916 ?
2866 1864 2977 1918 sive
3029 1864 3354 1920 instruantur
3409 1866 3534 1927 hinc
3588 1884 3750 1923 men-

2162 1961 2243 2007 tes
2275 1953 2574 2007 mortalium
2592 1996 2606 2018 ,
2638 1954 2747 2008 sive
2772 1954 3018 2009 fallantur
3045 1998 3058 2021 ,
3091 1957 3203 2011 sive
3228 1958 3606 2025 consolentur,
3633 1960 3759 2015 sive

2165 2052 2464 2098 terreantur
2507 2063 2520 2100 :
2553 2046 2686 2100 sicut
2710 2048 2988 2117 unicuique
3009 2051 3091 2102 vel
3120 2049 3401 2118 prtebenda
3435 2057 3517 2104 est
3544 2051 3757 2106 miseri-

2164 2135 2343 2189 cordia
2368 2178 2380 2200 ,
2408 2137 2489 2191 vel
2529 2138 2806 2208 irroganda
2832 2138 3058 2193 vindicta
3076 2181 3091 2205 ,
3121 2140 3190 2195 ab
3224 2140 3314 2194 illo
3340 2141 3424 2194 cui
3449 2141 3728 2197 misericor

2165 2226 2307 2281 diam
2338 2238 2391 2282 et
2413 2225 2669 2297 judicium
2702 2244 2809 2283 non
2836 2230 3060 2285 inaniter
3084 2241 3259 2289 cantat
3295 2230 3531 2286 Ecclesia
3558 2235 3573 2303 (
3602 2231 3765 2291 Psal-

2167 2335 2218 2383 c,
2248 2322 2336 2392 1).
2368 2320 2438 2377 Ut
2466 2322 2606 2376 volet
2631 2324 2854 2393 accipiat
2880 2325 3103 2393 quisque
3123 2323 3262 2394 quod
3291 2323 3482 2379 dicam.
3511 2325 3568 2380 Si
3588 2325 3761 2381 rebus

2166 2411 2454 2475 viventium
2505 2413 2824 2468 interessent
2875 2414 3067 2468 animus
3115 2424 3444 2470 mortuorum
3478 2458 3494 2482 ,
3540 2425 3592 2471 et
3624 2418 3761 2487 ipsa:

2169 2518 2267 2558 nos
2291 2547 2305 2569 ,
2338 2504 2551 2574 quando
2580 2521 2671 2560 eas
2702 2505 2974 2572 videmus,
3002 2506 3398 2577 alloquerentur
3426 2509 3477 2562 in
3516 2509 3721 2563 somnis
3740 2525 3769 2575 ;

2170 2604 2227 2649 ut
2255 2594 2323 2650 de
2348 2596 2465 2650 aliis
2507 2606 2745 2661 taceam,
2779 2613 2865 2652 me
2904 2598 3075 2668 ipsum
3113 2592 3207 2669 pia
3228 2609 3396 2655 mater
3429 2601 3571 2655 nulla
3601 2608 3791 2657 nocte'

2171 2686 2485 2753 desereret,
2520 2704 2636 2757 quae
2680 2698 2818 2743 terra
2849 2690 3087 2760 marique
3119 2700 3299 2746 secuta
3329 2701 3413 2747 est
3452 2700 3507 2745 ut
3546 2671 3765 2748 mecum

2170 2779 2393 2834 viveret.
2425 2779 2577 2835 Absit
2618 2782 2758 2835 enim
2803 2791 2859 2837 ut
2888 2781 3020 2837 facta
3062 2783 3131 2838 sit
3171 2784 3275 2838 vita
3304 2783 3537 2839 feliciore
3566 2785 3770 2841 crude-

2173 2873 2255 2938 lis,
2304 2889 2474 2944 usque
2503 2876 2637 2929 adeo
2681 2884 2737 2929 ut
2766 2876 2976 2947 quando
3013 2875 3210 2947 aliquid
3254 2877 3399 2947 angit
3435 2892 3528 2931 cor
3556 2892 3766 2942 meum,

2174 2975 2275 3020 nec
2322 2966 2525 3022 tristem
2574 2967 2739 3021 ﬁlium
2772 2968 3105 3033 consoletur,
3148 2983 3305 3039 quem
3344 2968 3538 3037 dilexit~
3567 2967 3775 3034 unice,

2175 3073 2335 3128 quem
2364 3074 2634 3130 nunquam
2662 3059 2827 3114 voluit
2852 3069 3101 3115 meastum
3134 3058 3332 3114 videre.
3366 3059 3470 3114 Sed
3513 3057 3771 3128 profecto

2176 3148 2316 3219 quod
2352 3166 2502 3205 sacer
2539 3150 2779 3207 Psalmus
2806 3160 3081 3221 personat,
3109 3166 3296 3205 verum
3322 3159 3406 3205 est
3451 3168 3464 3205 :
3507 3140 3775 3214 eroniam

2134 3316 2137 3323 ⁴
2178 3252 2321 3312 pater
2360 3260 2498 3297 meus
2543 3252 2591 3297 et
2634 3255 2792 3298 mater
2819 3261 2931 3297 mea
2968 3244 3338 3312 dereliquerunt
3369 3260 3447 3297 me
3473 3285 3487 3307 ,
3514 3242 3772 3298 Dominus

2177 3345 2342 3389 autem
2366 3336 2637 3405 assumpsit
2668 3351 2746 3388 me
2767 3336 2784 3405 (
2807 3333 2954 3389 Psal.
2989 3351 3130 3399 xxvr,
3164 3334 3231 3390 10
3251 3334 3292 3406 ).
3318 3335 3372 3391 Si
3402 3350 3530 3406 ergo
3566 3334 3773 3390 dereli-

2177 3436 2407 3497 querunt
2445 3442 2543 3482 nos
2572 3438 2819 3497 parentes
2849 3428 3053 3495 nostri,
3088 3428 3356 3498 quomodo
3391 3427 3588 3482 nostris
3620 3428 3781 3482 euris

2180 3526 2232 3571 et
2263 3518 2421 3571 rebus
2452 3518 2713 3574 intersunt
2739 3519 2763 3572 ?
2788 3518 2843 3574 Si
2870 3528 3045 3573 autem
3077 3528 3324 3589 parentes
3350 3534 3454 3574 non
3480 3520 3773 3584 intersunt,
3828 3576 3833 3581 ,

2180 3611 2269 3680 qui
2311 3620 2435 3665 sunt
2463 3612 2549 3665 alii
2580 3620 2915 3667 mortuorum
2956 3611 3045 3681 qui
3084 3614 3330 3666 noverint
3356 3611 3481 3682 quid
3507 3626 3725 3682 agamus
3750 3650 3773 3679 ,

2180 3702 2372 3773 quidve
2416 3703 2676 3772 patiamur
2704 3701 2727 3755 ?
2755 3702 2917 3758 Isaias
2955 3702 3209 3772 propheta
3240 3703 3369 3756 dicit
3400 3721 3412 3757 :
3453 3702 3527 3756 Tu
3551 3718 3602 3757 es
3634 3702 3777 3755 enim

2182 3804 2324 3866 pater
2348 3805 2512 3849 uoster
2543 3812 2563 3860 ;
2591 3795 2710 3866 quia
2731 3795 2985 3849 Abraham
3013 3795 3216 3848 nescivit
3245 3811 3335 3849 nos
3356 3838 3371 3860 ,
3400 3804 3445 3848 ct
3474 3793 3642 3849 Israel
3668 3810 3775 3848 non
3835 3862 3845 3872 ‘

2181 3887 2410 3957 cognovit
2438 3904 2529 3940 nos
2557 3886 2705 3958 (Isai.
2736 3904 2857 3942 mn
2877 3931 2891 3953 ,
2917 3888 3027 3959 16).
3060 3887 3115 3943 Si
3148 3889 3273 3942 tanti
3297 3887 3618 3943 Patriarclue
3642 3885 3776 3957 quid

2181 3995 2305 4048 erga
2345 3979 2594 4047 populum
2632 3995 2697 4034 es
2733 3978 2818 4034 his
2857 3989 3193 4050 procreatum
3223 3989 3469 4050 ageretur
3495 3980 3778 4049 ignorave-

2183 4080 2325 4135 runt,
2356 4069 2548 4140 quibus
2576 4069 2683 4126 Deo
2708 4069 3044 4126 credentibus
3066 4072 3295 4141 populus
3322 4072 3434 4141 ipse
3459 4069 3527 4125 de
3556 4070 3781 4125 illorum

2184 4164 2349 4231 stirpe
2380 4163 2672 4233 promissus
2697 4172 2779 4218 est
2821 4179 2835 4229 ;
2867 4162 3136 4233 quomodo
3176 4162 3368 4217 mortui
3407 4162 3648 4216 vivorum
3681 4176 3777 4217 re-

2183 4254 2281 4308 bus
2309 4264 2471 4324 atque
2513 4255 2717 4309 actibus
2756 4254 3140 4326 cognoscendis
3182 4253 3600 4325 adjuvandisque
3642 4253 3779 4308 mis-

2184 4355 2374 4401 centur
2403 4347 2427 4398 ?
2455 4345 2733 4413 Quomodo
2754 4346 2980 4402 dicimus
3005 4347 3084 4401 eis
3123 4345 3283 4400 fuisse
3311 4346 3640 4410 consultum,
3683 4346 3781 4415 qui

2184 4439 2431 4494 obierunt
2451 4448 2729 4510 antequam
2761 4439 3004 4494 venirent
3031 4439 3169 4493 mala
3190 4454 3310 4509 qua:
3331 4438 3543 4494 illorum
3569 4438 3778 4493 obitum

2184 4541 2469 4587 consecuta
2500 4542 2622 4587 sunt
2642 4573 2657 4599 ,
2683 4532 2726 4586 si
2754 4540 2807 4586 et
2836 4538 2958 4602 post
2985 4541 3210 4586 mortem
3240 4530 3778 4601 sentiuntqua‘cum-

2186 4627 2357 4696 queiu
2380 4626 2499 4679 vitre
2528 4625 2771 4680 humana:
2796 4625 3131 4680 ealamitate'
3159 4623 3510 4692 contingunt?
3531 4623 3613 4676 Au
3639 4622 3781 4679 forte

2188 4730 2303 4777 nos,
2323 4715 2552 4770 errando
2582 4715 2679 4769 ista
2725 4714 2951 4769 dicimus
2972 4756 2988 4781 ,
3032 4722 3083 4767 et
3113 4713 3211 4767 bos
3241 4723 3486 4782 putamus
3528 4712 3777 4783 quietos.

2188 4822 2321 4876 quos
2359 4806 2588 4875 inquieta
2623 4806 2723 4859 vita
2756 4804 2993 4859 vivorum
3032 4803 3325 4859 sollicitat?
3364 4800 3500 4869 Quid
3526 4809 3609 4856 est
3646 4815 3785 4871 ergo

2190 4897 2329 4967 quod
2363 4897 2599 4966 piissimo
2626 4898 2735 4967 regi
2759 4896 2918 4951 Josia:
2940 4910 3035 4966 pro
3060 4909 3253 4964 magno
3286 4890 3544 4948 beneﬁcio
3578 4891 3776 4961 promi-

2190 4993 2257 5047 sit
2281 4992 2419 5046 Deus
2437 5033 2451 5058 ,
2484 4988 2623 5060 quod
2650 4996 2791 5044 esset
2818 4997 2941 5043 ante
2968 4987 3286 5053 moriturus,
3313 5000 3381 5041 ne
3408 4984 3615 5040 videret
3635 4983 3778 5040 mala

2191 5103 2310 5157 quae
2336 5095 2557 5139 ventura
2589 5083 2660 5137 illi
2690 5082 2808 5137 loco
2832 5090 2887 5138 et
2925 5082 3121 5154 populo
3149 5077 3489 5135 minabatur?
3520 5077 3650 5143 Quae
3683 5076 3778 5130 Dei

2192 5176 2352 5231 verba
2406 5176 2505 5229 ista
2557 5183 2679 5229 sunt
2732 5193 2743 5228 :
2796 5174 2922 5230 Haec
2951 5172 3344 5229 dicit‘Dominus
3380 5168 3523 5224 Deus
3565 5167 3733 5221 Israel
3762 5182 3813 5221 εκ

2202 5268 2364 5322 Verba
2392 5284 2502 5321 mea
2531 5282 2643 5336 qua:
2670 5268 2887 5331 audisti,
2921 5277 2968 5321 et
2997 5265 3178 5319 veritus
3202 5279 3251 5317 es
3277 5279 3310 5315 a
3350 5261 3482 5331 [acie
3509 5276 3618 5314 mea
3662 5274 3783 5313 cum

2193 5361 2402 5429 audisti,
2424 5374 2537 5422 qua
2560 5359 2757 5415 locutus
2776 5375 2885 5413 sum
2907 5358 2970 5412 de
2995 5359 3088 5411 ista
3110 5357 3218 5410 loco
3240 5396 3254 5422 ,
3279 5365 3327 5409 et
3349 5355 3435 5425 qui
3461 5366 3777 5408 commoran-

2224 5615 2277 5689 ,ι
2313 5620 2441 5661 Unus
2463 5624 2493 5660 e
2518 5608 2751 5660 Vaticanis
2791 5614 2928 5665 Mss,
2978 5602 3216 5655 credimus
3251 5598 3366 5665 ﬁeri
3400 5611 3486 5663 per
3531 5582 3783 5662 άὶεραωέ

2197 5686 2444 5789 ⁸⁸⁰ῗἪιιε
2476 5750 2503 5785 e
2539 5732 2776 5783 Vaticanis
2816 5736 2955 5790 Mss,
3003 5728 3049 5778 in
3096 5728 3186 5779 rita
3213 5726 3421 5777 humana
3466 5721 3776 5774 calamitates.
