4102 6336
324 322 419 378 605

321 444 396 487 tur
421 434 474 487 in
500 448 581 496 eo,
614 439 666 484 ut
693 429 952 484 deseratur
979 435 1023 480 et
1050 426 1103 478 in
1129 420 1391 479 maledicto
1411 420 1474 475 sit
1503 437 1520 485 ;
1547 429 1590 473 et
1616 418 1900 472 conscidisu

321 526 604 578 vestimenta
631 533 715 575 tua
734 564 749 585 ,
783 529 829 573 et
857 517 1039 587 ﬂeuisti
1069 517 1120 569 in
1147 522 1421 583 conspectu
1454 527 1564 564 meo
1585 552 1600 575 ,
1629 518 1675 562 et
1698 525 1788 579 ego
1813 525 1906 561 au-

322 615 419 667 diri
439 655 452 677 ,
486 613 614 665 dixit
652 610 901 664 Dominus
929 605 1139 662 sabaotlt
1167 620 1185 658 :
1218 621 1318 657 non
1346 604 1417 656 sic
1437 642 1453 669 ,
1486 617 1596 654 ecce
1628 616 1718 670 ego
1746 615 1907 669 appo-

323 722 435 758 nam
465 716 512 757 te
544 703 611 756 ad
651 711 815 771 patres
846 710 957 752 tuos
982 740 996 762 ,
1019 706 1065 751 et
1087 695 1358 767 apponeris
1387 709 1503 746 cum
1540 708 1665 758 pace
1694 699 1780 753 ;et
1806 706 1907 743 non
1926 716 1937 726 -

323 798 550 850 ridebunt
573 794 704 848 oculi
733 792 804 846 tui
824 792 993 845 omnia
1018 788 1153 842 mala
1173 803 1285 859 qua:
1306 802 1393 856 ego
1418 784 1601 838 induco
1630 784 1645 813 ¹
1671 783 1719 835 in
1743 782 1909 835 locum

326 889 481 950 hunc,
504 896 550 938 et
575 885 660 948 qui
687 890 1060 937 commorantur
1084 881 1134 932 in
1157 895 1213 932 eo
1241 876 1327 947 (ιν
1361 874 1483 945 Reg.
1515 889 1665 938 xxu,
1694 871 1907 944 18-20).

326 977 562 1031 Territus
602 975 701 1028 iste
746 973 837 1026 Dei
888 968 1386 1024 comminationibus
1428 966 1679 1029 ﬂeverat,
1714 971 1763 1017 et
1817 976 1911 1015 sua

326 1068 636 1123 vestimenta
664 1063 1027 1125 consciderat;
1048 1070 1100 1115 et
1131 1061 1190 1114 ﬁt
1218 1059 1454 1114 omnium
1486 1056 1747 1111 malorum
1776 1053 1916 1106 futu-

328 1176 504 1215 rorum
545 1157 613 1212 de
645 1164 986 1227 properatum
1027 1163 1198 1207 morte
1240 1164 1494 1212 securus,
1524 1146 1665 1217 quod
1712 1146 1781 1199 ita
1826 1160 1914 1200 rc-

332 1253 605 1320 quieturus
648 1257 790 1302 esset
830 1248 882 1299 in
926 1260 1088 1314 pace,
1125 1252 1178 1297 ut
1212 1242 1301 1297 illa
1337 1241 1514 1295 omnia
1547 1254 1652 1293 non
1688 1236 1914 1291 videret.

336 1342 402 1397 lbi
447 1356 576 1411 ergo
614 1348 737 1393 sunt
777 1337 995 1408 spiritus
1038 1335 1410 1390 defunctorum
1433 1375 1448 1398 ,
1480 1331 1567 1386 ubi
1599 1345 1705 1385 non
1736 1328 1919 1383 vident

335 1447 677 1504 quaecumque
706 1438 934 1500 aguntur
973 1436 1063 1481 aut
1094 1426 1350 1481 eveniunt
1396 1424 1446 1478 in
1478 1424 1577 1478 ista
1607 1422 1711 1476 vita
1742 1418 1918 1474 homi-

337 1522 504 1579 nibus.
536 1520 814 1590 Quomodo
841 1533 966 1589 ergo
994 1518 1173 1572 vident
1200 1515 1432 1570 tumulos
1474 1527 1599 1567 suos
1619 1554 1635 1577 ,
1666 1521 1757 1565 aut
1789 1525 1915 1566 cor-

339 1630 459 1685 pora
502 1628 631 1677 sua,
665 1620 836 1665 utrum
867 1609 1073 1678 objecta
1108 1608 1354 1676 jaceant,
1384 1620 1452 1660 an
1488 1602 1737 1672 sepulta?
1773 1601 1921 1667 Quo-

339 1702 495 1759 modo
530 1703 794 1756 intersunt
826 1698 1056 1753 miseria:
1093 1697 1365 1760 vivorum,
1413 1708 1533 1747 cum
1572 1692 1655 1746 vel
1685 1706 1780 1747 sua
1822 1688 1922 1759 ipsi

340 1795 473 1851 mala
500 1792 801 1865 patiantur,
835 1790 877 1846 si
926 1790 1046 1843 talia
1084 1787 1272 1842 merita
1298 1792 1681 1840 contraxerunt
1715 1798 1729 1848 ;
1761 1781 1842 1837 vel
1870 1781 1924 1836 in

342 1902 467 1960 pace
509 1886 879 1955 requiescant,
912 1882 1049 1936 sicut
1093 1878 1217 1934 huic
1244 1878 1404 1934 Josize
1448 1876 1769 1947 promissum
1806 1882 1922 1941 est,

346 1981 428 2037 ubi
477 1980 615 2034 mala
658 1978 763 2032 ulla
806 1991 905 2031 nec
948 1972 1196 2044 patiendo
1224 1986 1323 2027 nec
1353 1967 1726 2039 compatiendo
1767 1966 1928 2022 susti-

347 2081 499 2127 neant
526 2112 541 2137 ,
596 2068 800 2124 liberati
846 2067 913 2120 ab
940 2065 1186 2119 omnibus
1231 2062 1383 2117 malis
1424 2077 1542 2133 quae
1588 2057 1837 2130 patiendo
1873 2066 1927 2113 et

346 2160 712 2232 compatiendo
732 2200 746 2225 ,
778 2173 898 2214 cum
933 2156 1017 2211 hic
1046 2157 1317 2217 viverent,
1351 2150 1729 2206 sustinebant?

418 2252 642 2310 CAPUT
681 2250 822 2306 XIV.
865 2277 940 2289 —
977 2249 1063 2301 17.
1108 2245 1333 2317 Objectio
1366 2244 1604 2296 adversm
1647 2238 1928 2310 superiora.

352 2346 549 2401 Dixerit
585 2344 777 2413 aliquis
809 2360 821 2396 :
866 2340 920 2395 Si
952 2339 1094 2394 nulla
1124 2346 1207 2394 cst.
1247 2334 1470 2390 mortuis
1514 2348 1640 2388 cura
1665 2331 1735 2386 de
1761 2329 1929 2397 vivis,

351 2435 613 2510 quomodo
645 2434 732 2489 ille
756 2433 903 2487 dives
933 2431 1020 2501 qui
1044 2427 1183 2501 apud
1216 2426 1416 2481 inferos
1442 2422 1808 2493 torquebatur,
1841 2434 1932 2475 ro-

321 2530 501 2599 ,gabat
523 2527 787 2582 Abraham
813 2531 1037 2595 patrem,
1062 2529 1119 2581 ut
1146 2521 1381 2575 mitteret
1406 2518 1662 2572 Lazarum
1686 2513 1752 2570 ad
1778 2514 1935 2584 quiu-

352 2636 449 2689 qne
479 2619 669 2672 fratres
697 2630 824 2671 suos
868 2612 1102 2668 nondum
1131 2620 1390 2672 mortuos,
1421 2616 1476 2663 et
1503 2614 1684 2677 ageret
1707 2620 1827 2659 cum
1855 2604 1935 2659 eis

354 2728 419 2766 ne
462 2711 709 2766 venirent
738 2717 793 2764 et
822 2708 919 2778 ipsi
949 2706 1000 2759 in
1022 2702 1270 2760 eumdem
1310 2708 1698 2756 tormentorum
1725 2697 1938 2752 locum?

353 2802 454 2859 Sed
472 2799 731 2871 numquid
748 2799 866 2868 quia
894 2797 995 2852 hoc
1013 2794 1271 2872 illedives
1295 2792 1446 2857 dixit,
1466 2791 1586 2845 ideo
1605 2787 1732 2860 quid
1748 2787 1940 2844 fratres

356 2903 569 2964 agerent
595 2892 679 2947 vel
717 2888 841 2961 quid
887 2894 1194 2958 paterentur
1220 2884 1314 2938 illo
1352 2892 1616 2952 tempore,
1645 2877 1834 2935 scivit?
1864 2878 1940 2933 Ita

358 2985 428 3041 illi
455 2983 550 3039 fuit
576 2997 702 3038 cura
730 2981 796 3035 de
833 2979 994 3044 vivis,
1027 2976 1270 3048 quamvis
1310 2973 1434 3044 quid
1461 2980 1681 3043 agerent
1723 2967 1940 3024 omnino

359 3079 617 3140 nesciret;
648 3072 1091 3145 quemadmodum
1127 3076 1211 3126 est
1247 3067 1401 3123 nobis
1429 3081 1557 3122 cura
1597 3064 1665 3120 de
1694 3061 1940 3129 mortuis,

361 3170 594 3241 quamvis
620 3167 743 3238 quid
770 3173 927 3236 agant
948 3166 1129 3233 utique
1150 3160 1468 3218 nesciamus.
1492 3156 1625 3211 Nam
1651 3155 1694 3211 si
1718 3153 1849 3209 nihil
1876 3152 1944 3208 de

362 3261 580 3318 mortuis
600 3273 929 3320 curaremus,
957 3270 1062 3309 non
1086 3252 1265 3322 utique
1290 3264 1389 3320 pro
1413 3248 1517 3305 illis
1539 3247 1647 3301 Deo
1674 3243 1944 3314 supplieav

362 3368 557 3408 remus.
585 3350 820 3418 Denique
845 3346 1114 3401 Abraham
1138 3358 1236 3398 nec
1254 3341 1513 3397 Lazarum
1535 3337 1698 3403 misit,
1726 3345 1780 3390 et
1803 3335 1948 3404 Moy-

361 3460 451 3500 sen
467 3447 488 3476 ‘
515 3460 575 3499 ac
603 3440 897 3513 Prophetas
926 3438 1012 3492 hic
1037 3452 1129 3492 eos
1152 3435 1349 3491 habere
1373 3430 1648 3501 respondit
1664 3470 1678 3493 ,
1703 3443 1837 3499 quos
1855 3442 1950 3481 au-

364 3537 474 3592 dire
505 3535 782 3599 deberent,
812 3542 869 3587 ut
898 3532 963 3586 ad
992 3531 1081 3589 illa
1109 3526 1366 3600 supplicia
1406 3539 1512 3580 non
1542 3522 1802 3581 venirent.
1848 3518 1949 3576 Ubi

279 3662 289 3670 -
367 3643 547 3684 rursus
590 3624 823 3681 occurrit
849 3621 1116 3703 quomodo
1144 3617 1272 3690 quid
1298 3617 1386 3675 hic
1412 3623 1657 3686 ageretur
1682 3609 1950 3666 Abraham
1994 3637 1998 3645 -

366 3731 515 3789 pater
541 3719 654 3788 ipse
683 3714 973 3777 nesciebat,
1007 3700 1093 3767 ubi
1123 3708 1323 3765 sciebat
1352 3720 1470 3762 csse
1494 3704 1710 3776 Moysen
1739 3711 1793 3757 et
1818 3700 1953 3755 Pro-

367 3813 587 3883 phetas,
616 3809 668 3864 id
711 3817 823 3873 est,
872 3807 1035 3861 libros
1062 3817 1245 3859 eorum
1266 3840 1282 3867 ,
1308 3798 1502 3870 quibus
1548 3795 1786 3851 homines
1827 3791 1956 3847 obe-

368 3904 559 3959 diendo
586 3909 845 3956 tormenta
874 3897 1077 3952 inferna
1103 3894 1123 3925 ³
1146 3893 1405 3949 evitarent
1429 3909 1441 3945 :
1470 3888 1559 3943 ubi
1588 3885 1814 3953 denique
1852 3899 1951 3936 no-

369 4004 515 4049 verat
544 3992 759 4047 divitem
805 3990 949 4044 illum
982 3987 1032 4041 in
1061 3983 1287 4047 deliciis,
1316 3993 1604 4053 pauperem
1635 3991 1763 4031 vero
1791 3973 1955 4030 Laza-

373 4102 485 4140 rum
517 4085 570 4139 in
611 4061 879 4137 laboribus
918 4076 1297 4146 doloribusque
1335 4072 1552 4127 vixisse.
1584 4069 1715 4124 Nam
1762 4077 1816 4121 et
1855 4065 1958 4121 hoc

374 4178 443 4232 illi
466 4177 542 4231 ait
562 4197 577 4228 ι
613 4174 884 4237 Memento,
917 4171 1013 4240 ﬁli,
1046 4168 1162 4236 quia
1190 4164 1456 4236 percepisti
1483 4163 1612 4216 bona
1635 4162 1688 4213 in
1719 4158 1957 4225 ritadua,

373 4270 600 4323 Lazarus
644 4277 809 4318 autem
855 4263 1009 4315 mala.
1051 4257 1264 4315 Sciebat
1289 4270 1417 4327 ergo
1459 4254 1595 4318 ὶιαξρ,
1627 4267 1743 4323 qute
1784 4250 1963 4318 utique

371 4358 509 4428 apud
537 4358 704 4417 vivos,
735 4369 840 4409 non
880 4350 1018 4422 apud
1058 4359 1294 4404 mortuos
1320 4353 1466 4417 gesta
1510 4343 1734 4398 fuerant.
1765 4338 1962 4394 Verum

376 4464 482 4502 non
512 4461 633 4501 cum
675 4452 959 4515 agerentur
989 4440 1043 4497 in
1071 4438 1206 4493 vivis
1230 4480 1245 4503 ,
1290 4435 1384 4491 sed
1414 4434 1494 4489 eis
1531 4431 1753 4488 mortuis
1795 4429 1966 4499 potuit

272 4586 291 4603 .
381 4539 579 4594 Lazaro
614 4536 883 4591 indicante
909 4545 1233 4603 cognoscere
1253 4570 1269 4596 ,
1310 4544 1376 4582 ne
1402 4525 1588 4580 falsum
1620 4523 1690 4578 sit
1716 4519 1858 4591 quod
1890 4518 1966 4575 ait

382 4634 668 4703 propheta,
700 4628 954 4682 Abraham
984 4624 1183 4679 nescivit
1214 4638 1323 4675 nos.

450 4723 677 4781 CAPUT
715 4720 827 4776 XV.
858 4749 929 4760 —
958 4718 1043 4773 18.
1078 4714 1268 4771 Mortui
1296 4709 1546 4783 quomodo
1566 4707 1724 4762 sciant
1750 4704 1872 4775 quid
1887 4703 1968 4757 hic

385 4829 580 4889 cgntur.
610 4811 839 4869 Proinde
864 4809 1132 4865 fatendum
1159 4815 1242 4860 est
1262 4802 1465 4858 nescire
1491 4798 1703 4869 quidem
1728 4804 1968 4850 mortuos

388 4909 507 4979 quid
535 4908 619 4961 hic
650 4915 859 4976 agatur,
891 4900 983 4956 sed
1006 4900 1130 4954 dum
1159 4897 1243 4951 hic
1274 4894 1447 4963 agitur
1474 4908 1487 4944 :
1520 4897 1701 4959 postea
1728 4901 1854 4942 vero
1878 4902 1970 4939 au-

390 4999 499 5053 dire
526 4998 594 5052 ab
625 4998 703 5052 eis
731 4995 818 5065 qui
852 4993 975 5047 hinc
1004 4990 1070 5045 ad
1110 5004 1202 5044 eos
1241 4982 1515 5041 moriendo
1557 4987 1816 5050 pergunt;
1864 4992 1970 5031 non

392 5090 599 5158 quidem
630 5087 825 5147 omnia,
857 5083 950 5137 sed
976 5096 1093 5152 qua:
1120 5079 1365 5133 sinuntur
1392 5074 1648 5135 indicare,
1675 5070 1761 5138 qui
1788 5068 1973 5121 sinun-

396 5189 471 5232 tur
501 5180 659 5234 etiam
691 5178 787 5230 ista
827 5171 1164 5233 meminisse;
1197 5176 1252 5223 et
1288 5182 1405 5236 qum
1446 5165 1595 5228 illos,
1624 5161 1813 5230 quibus
1859 5158 1974 5211 inec

362 5265 643 5335 'iudieant,
677 5275 887 5337 oportet
929 5263 1132 5320 audire.
1163 5261 1393 5315 Possunt
1422 5265 1476 5311 et
1519 5253 1585 5307 ab
1618 5251 1852 5321 Angelis,
1886 5248 1970 5318 qui

400 5363 551 5417 rebus
578 5376 696 5430 quae
725 5367 950 5427 aguntur
987 5354 1094 5419 hic,
1128 5360 1323 5424 pralsto
1353 5357 1469 5402 sunt
1495 5387 1509 5409 ,
1553 5344 1733 5397 audire
1776 5340 1972 5409 aliquid

403 5454 622 5519 mortui,
661 5450 801 5521 quod
840 5460 1266 5518 unumquemque
1309 5441 1516 5495 illorum
1560 5436 1742 5491 audire
1781 5433 1977 5487 debere

463 5592 480 5623 ⁸
514 5588 617 5640 sola
641 5588 749 5638 fere
782 5585 933 5636 editio
963 5591 1096 5639 t.ov.,
1122 5580 1368 5641 inducam.
1832 5630 1841 5641 .

349 5706 353 5711 ,
414 5712 419 5713 γ
463 5655 483 5683 ’
515 5634 765 5713 Sic—juxta
790 5634 915 5713 eam
944 5656 1058 5713 Am.‘
1086 5634 1163 5691 llr.
1208 5651 1258 5692 ct
1292 5639 1561 5713 plerosque
1609 5634 1971 5692 manuscriptos.

409 5712 509 5774 [nec
535 5704 763 5763 laxamus
805 5705 950 5765 misit,
974 5706 1058 5774 sed
1088 5704 1309 5774 arenam.)

469 5776 489 5811 ³
519 5775 626 5831 sola
648 5774 792 5826 editio
815 5779 945 5831 l.ov.,
971 5768 1160 5832 inferni.

1738 302 1937 359 LIBER
1978 302 2175 360 UNUS.

3490 309 3596 365 606

2006 416 2209 487 iudicat
2230 417 2314 473 cui
2338 428 2526 475 cuneta
2547 418 2784 490 subjecta
2813 429 2956 475 sunt.
2977 419 3089 475 Nisi
3109 422 3253 477 enim
3279 434 3457 479 essem
3479 426 3592 479 An-

2011 512 2117 581 geli
2147 513 2234 581 qui
2278 522 2493 581 possent
2535 514 2791 568 interesse
2820 523 2873 567 et
2901 515 3140 568 vivorum
3181 524 3232 569 et
3263 523 3593 571 mortuorum

2014 598 2165 667 locis,
2197 619 2302 657 non
2327 603 2548 657 dixisset.
2572 604 2825 658 Dominus
2839 603 2997 659 Jesus
3021 621 3034 655 :
3058 603 3275 675 Contigit
3298 617 3464 659 autem
3487 621 3598 660 mo-

2012 696 2059 748 ri
2082 697 2281 766 inopem
2304 695 2470 758 illum,
2502 705 2549 748 et
2577 696 2767 764 auferri
2793 696 2854 750 ab
2881 695 3087 764 Angelis
3111 696 3165 749 in
3194 697 3359 750 sinum
3384 697 3602 753 Abram!

2020 785 2167 857 (Luc.
2199 802 2308 851 xvi,
2335 784 2538 856 22-29).
2565 786 2716 842 Nunc
2734 802 2862 857 ergo
2890 788 2995 853 hic,
3022 802 3161 841 nunc
3187 787 3255 842 ibi
3278 802 3398 842 esse
3416 797 3607 856 potue-

2016 888 2171 940 runt.
2205 880 2293 948 qui
2333 878 2456 932 hinc
2494 878 2621 933 illnc
2655 894 2811 948 quem
2858 879 3000 934 Deus
3044 879 3209 934 voluit
3250 879 3600 934 abstulerunt.

2019 970 2248 1027 Possunt
2296 972 2454 1026 etiam
2498 971 2715 1041 spiritus
2754 980 3088 1026 mortuorum
3136 973 3309 1043 aliqua
3357 988 3475 1042 quae
3519 972 3605 1028 hic

2018 1071 2246 1133 aguntur
2272 1078 2391 1132 qua:
2421 1063 2779 1118 necessarium
2805 1073 2887 1117 εει
2911 1078 3007 1118 €08
3044 1077 3201 1117 "0580
3224 1105 3237 1128 ,
3266 1071 3321 1118 ει
3342 1077 3477 1133 quos
3506 1078 3604 1118 ne-

2020 1154 2309 1208 cessarium
2337 1163 2419 1207 est
2446 1169 2507 1207 ea
2557 1154 2753 1207 no‘sse‘
2784 1195 2798 1217 ,
2853 1170 2960 1208 non
3006 1154 3177 1208 solum
3226 1155 3494 1225 prmterita
3526 1155 3607 1209 vel

2021 1245 2325 1314 praesentia,
2367 1259 2552 1300 verum
2583 1246 2742 1301 etiam
2778 1244 2950 1299 futura
2976 1244 3175 1314 Spiritu
3210 1224 3299 1319 Dei
3334 1245 3609 1301 revelante
3684 1224 3687 1227 I

2022 1351 2347 1405 cognoscere
2375 1353 2389 1390 :
2417 1336 2555 1391 sicut
2578 1352 2685 1391 non
2705 1351 2893 1392 omnes
2920 1336 3181 1400 homines,
3213 1336 3305 1409 sed
3326 1335 3611 1405 Propheta:

2023 1426 2150 1483 dum
2189 1428 2274 1483 hic
2299 1427 2541 1482 viverent
2581 1429 2992 1498 cognoscebant,
3028 1443 3125 1483 nec
3153 1429 3251 1498 ipsi
3280 1429 3481 1495 omnia,
3513 1427 3611 1484 sed

2024 1533 2144 1587 qua:
2184 1518 2289 1573 illis
2326 1533 2447 1573 esse
2489 1519 2771 1573 revelanda
2810 1504 2902 1574 Dei
2945 1520 3272 1589 providentia
3318 1520 3611 1590 judicabat.

2026 1608 2160 1663 Mitti
2185 1623 2398 1678 quoque
2423 1608 2490 1664 ad
2520 1609 2667 1664 vivos
2686 1610 2892 1680 aliquos
2913 1625 2979 1665 ex
3001 1612 3250 1676 mortuis,
3277 1611 3414 1664 sicut
3436 1624 3468 1665 e
3486 1624 3617 1665 con-

2029 1701 2192 1756 trario
2212 1701 2405 1756 Paulus
2430 1718 2497 1757 ex
2517 1702 2653 1757 vivis
2676 1702 2729 1757 in
2760 1702 3061 1772 paradisum
3089 1711 3270 1772 raptus
3297 1712 3408 1769 est,
3436 1702 3617 1760 divina

2027 1794 2296 1863 Scriptura
2329 1804 2552 1850 testatur
2580 1794 2648 1868 (ll
2687 1794 2805 1849 Cor.
2848 1812 2944 1863 xu,
2974 1794 3052 1865 2).
3084 1795 3217 1850 Nam
3248 1795 3463 1851 Samuel
3495 1809 3619 1863 pro-

2028 1886 2187 1957 pheta
2216 1885 2495 1943 del‘unctus
2520 1889 2640 1943 vivo
2666 1887 2813 1944 Sauli
2844 1889 3003 1943 etiam
3035 1888 3147 1959 regi
3176 1887 3344 1943 futura
3372 1886 3620 1957 praedixit

2034 1978 2093 2048 (Ι
2122 1977 2250 2049 Reg.
2297 1995 2480 2044 xxvm,
2514 1978 2682 2048 7-19)
2718 1997 2731 2033 :
2764 1980 3004 2050 quamvis
3038 1978 3277 2034 nonnulli
3307 1995 3416 2034 non
3445 1981 3619 2049 ipsum

2032 2069 2197 2125 fuisse
2226 2072 2315 2141 qui
2345 2073 2604 2142 potuisset
2647 2072 2866 2141 magicis
2894 2072 3095 2126 artibus
3122 2070 3366 2137 evocari,
3395 2070 3490 2126 sed
3515 2070 3621 2125 ali-

2032 2178 2191 2235 quem
2221 2164 2463 2234 Spiritum
2492 2154 2598 2218 tam
2624 2165 2783 2219 malis‘
2803 2164 3053 2234 operibus
3075 2170 3456 2233 congruentem
3479 2161 3623 2217 illius

2033 2254 2340 2308 existiment
2358 2253 2762 2309 similitudinem
2787 2253 3042 2322 ﬂgurasse
3068 2253 3148 2322 (a)
3180 2269 3193 2306 :
3216 2267 3337 2307 cum
3367 2252 3503 2307 liber
3523 2250 3626 2307 Ec-

2035 2342 2384 2407 clesiasticus,
2412 2358 2572 2413 quem
2600 2342 2754 2397 .Iesus
2779 2341 2917 2396 illius
2940 2341 3127 2398 Sirach
3154 2341 3433 2410 scripsisse
3462 2339 3628 2396 tradi-

2037 2443 2142 2501 tur,
2169 2444 2225 2489 et
2259 2446 2475 2506 propter
2502 2435 2698 2505 eloquii
2736 2433 3045 2489 nonnullam
3086 2431 3488 2488 similitudinem
3523 2430 3627 2487 Sa-

2039 2526 2267 2586 lomonis
2295 2527 2666 2597 pronuntiatur
2698 2525 2791 2597 (ὁ),
2815 2528 3085 2581 contineat
3112 2527 3166 2580 in
3197 2524 3352 2579 laude
3384 2533 3621 2595 patrum,

2039 2622 2178 2690 quod
2226 2620 2439 2676 Samuel
2478 2621 2638 2675 etiam
2691 2629 2933 2674 mortuus
2976 2617 3373 2690 prophetaverit
3420 2613 3626 2688 (Eccli.

2040 2728 2189 2776 van,
2219 2711 2329 2781 25).
2362 2711 2469 2768 Sed
2513 2711 2557 2765 si
2587 2710 2709 2766 huic
2753 2711 2888 2765 libro
2915 2725 2979 2764 ex
3031 2709 3374 2765 Hebraeorum
3403 2707 3545 2779 (quia
3575 2708 3630 2763 in

2041 2818 2226 2858 eorum
2255 2818 2361 2857 non
2388 2802 2493 2873 est)
2518 2817 2724 2858 canone
2762 2789 3175 2866 contradicitur;
3207 2798 3333 2871 quid
3359 2798 3427 2854 de
3451 2798 3633 2870 Moyse

2043 2895 2236 2952 dicturi
2263 2910 2469 2962 sumus,
2497 2896 2586 2966 qui
2614 2904 2759 2950 certe
2784 2904 2840 2949 et
2863 2895 2915 2949 in
2948 2892 3360 2949 Deuteronomio
3388 2899 3633 2946 mortuus

2046 2986 2221 3059 (Deut.
2259 3002 2452 3053 xxxiv,
2473 2987 2552 3056 5),
2576 2995 2633 3041 et
2660 2987 2712 3041 in
2742 2985 3032 3055 Evangelio
3056 2998 3178 3038 eum
3207 2982 3349 3047 Elia,
3379 2981 3468 3052 qui
3491 2995 3635 3036 mor-

2048 3090 2169 3135 tuus
2195 3093 2300 3134 non
2346 3086 2462 3145 est,
2493 3078 2687 3149 legitur
2720 3077 3031 3147 apparuisse
3070 3072 3370 3128 viventibus
3398 3074 3417 3143 (
3442 3070 3631 3126 Matth.

2047 3187 2159 3228 xvn
2175 3213 2189 3236 ,
2218 3173 2316 3242 '5)?

2119 3262 2344 3317 CAPUT
2382 3260 2519 3316 XVI.
2547 3289 2621 3301 --
2646 3259 2713 3316 l9
2764 3258 3019 3330 Martyres
3052 3258 3227 3312 adesse
3252 3254 3510 3310 nonnullis
3538 3255 3635 3310 ad-

2043 3353 2305 3427 juvandis.
2335 3352 2596 3419 Quomodo
2622 3360 2867 3422 martyres
2895 3350 3062 3404 adsint
3091 3347 3512 3418 periclitantibus,
3542 3362 3640 3401 ne-

2051 3454 2135 3517 gat
2155 3461 2208 3499 se
2232 3460 2379 3515 posse
2395 3444 2624 3512 deﬁnire.
2652 3442 2785 3497 Hine
2807 3450 2859 3496 et
2882 3442 2968 3495 illa
2995 3439 3217 3494 solvitur
3239 3438 3482 3509 quaestio,
3506 3451 3642 3507 quo-

2053 3536 2215 3591 modo
2242 3544 2504 3606 martyres
2530 3534 2658 3604 ipsis
2684 3532 2956 3588 beneﬂciis
2979 3546 3099 3600 qua:
3118 3530 3314 3585 dantur
3340 3529 3638 3593 orantibus,

2056 3628 2292 3685 indicant
2318 3642 2380 3683 se
2405 3627 2662 3681 interesse
2688 3623 2847 3679 rebus
2868 3623 3138 3688 humanis,
3166 3621 3210 3676 si
3231 3621 3472 3676 nesciunt
3494 3634 3641 3674 mor-

2059 3721 2131 3775 tui
2157 3719 2284 3789 quid
2310 3726 2469 3789 agant
2491 3716 2621 3771 vivi.
2647 3715 2761 3771 Non
2787 3714 2930 3769 enim
2954 3712 3084 3767 solis
3106 3711 3486 3768 beneﬁciorum
3514 3707 3645 3766 ele-

2058 3812 2254 3875 ctibus,
2290 3824 2474 3864 verum
2501 3808 2660 3863 etiam
2692 3806 2825 3875 ipsis
2861 3804 3133 3858 hominum
3177 3800 3481 3872 aspectibus
3509 3812 3643 3855 con-

2061 3902 2319 3960 fessorem
2360 3899 2669 3970 apparuisse
2697 3896 2928 3951 Felicem
2946 3936 2961 3961 ,
2983 3895 3135 3963 cujus
3160 3891 3530 3962 inquilinatum
3556 3888 3645 3960 pie

2060 3993 2296 4063 diligis’,
2341 4005 2462 4045 cum
2493 4004 2524 4043 a
2556 3987 2806 4043 Barbarie
2838 3986 2968 4041 Nola
2998 3990 3416 4055 oppugnaretur,
3443 3979 3650 4035 audivi-

2064 4100 2200 4149 mus,
2226 4099 2329 4139 non
2370 4082 2584 4137 incertis
2611 4079 2934 4143 rumoribus,
2958 4077 3052 4132 sed
3082 4076 3306 4132 testibus
3330 4074 3514 4130 certis.
3547 4072 3648 4128 Ve-

2063 4192 2181 4233 rum
2210 4177 2307 4230 ista
2328 4174 2582 4229 divinitus
2611 4171 2949 4233 exhibentur,
2982 4169 3136 4237 longe
3160 4166 3314 4221 aliter
3338 4179 3495 4235 quam
3525 4177 3649 4220 sese

2065 4269 2226 4324 habet
2261 4266 2490 4320 usitatus
2532 4262 2666 4317 ordo
2699 4260 2919 4332 singulis
2963 4266 3325 4314 creaturarum
3367 4252 3654 4325 generibus

2066 4361 2368 4416 attributus.
2396 4358 2509 4413 Non
2535 4357 2675 4411 enim
2702 4355 2827 4423 quia
2852 4354 2905 4407 in
2933 4352 3115 4405 vinum
3138 4364 3296 4419 aqua,
3325 4362 3445 4402 cum
3475 4343 3649 4403 voluit

2069 4454 2343 4519 Dominus,
2369 4459 2588 4521 repente
2611 4460 2867 4503 conversa
2896 4454 2974 4499 est
2998 4442 3177 4515 (Joan.
3206 4456 3264 4504 ιι,
3291 4438 3370 4511 9),
3404 4439 3522 4494 ideo
3544 4451 3652 4496 non

2070 4546 2327 4601 debemus
2352 4585 2364 4607 ,
2397 4540 2524 4611 quid
2555 4554 2689 4609 aqua
2729 4537 2903 4592 valeat
2942 4536 2994 4590 in
3025 4534 3411 4589 elementorum
3464 4528 3659 4583 ordine

2071 4636 2305 4707 proprio,
2333 4633 2401 4687 ab
2424 4634 2576 4686 istius
2603 4630 2766 4685 divini
2797 4628 2974 4697 operis
2995 4626 3213 4681 raritate
3237 4625 3320 4677 vel
3347 4621 3521 4691 potius
3542 4620 3657 4673 sin-

2071 4726 2349 4797 gularitate
2375 4723 2685 4778 discernere
2716 4738 2729 4775 :
2761 4735 2860 4774 nec
2900 4718 3150 4788 quoniam
3195 4715 3427 4769 Lazarus
3470 4722 3656 4764 resur-

2074 4820 2210 4875 rexit
2250 4817 2373 4890 (id.
2420 4831 2495 4881 ιι,
2526 4814 2596 4868 44
2618 4812 2659 4884 ),
2693 4813 2812 4867 ideo
2840 4820 3079 4879 mortuus
3108 4806 3283 4862 omnis
3310 4800 3519 4872 quando
3546 4799 3660 4854 vult

2075 4912 2271 4981 surgit,
2300 4918 2393 4964 aut
2417 4923 2483 4963 eo
2519 4906 2678 4961 modo
2722 4902 2983 4960 exanimis
3010 4916 3039 4952 a
3070 4899 3299 4957 vivente,
3328 4890 3597 4964 quomodo
3626 4904 3659 4946 a

2078 5004 2324 5072 vigilante
2344 5001 2614 5056 dormiens
2640 4999 2919 5052 excitatur.
2948 4992 3048 5047 Alii
3072 4997 3195 5045 sunt
3214 4988 3565 5042 humanarum
3597 4982 3662 5035 li-

2078 5095 2234 5149 mites
2255 5108 2454 5158 rerum,
2478 5091 2577 5143 alia
2595 5088 2892 5143 divinarum
2915 5084 3064 5152 signa
3090 5081 3379 5139 virtutum;
3407 5072 3509 5128 alia
3535 5080 3662 5133 sunt

2145 5318 2159 5347 ι
2196 5316 2266 5363 sic
2282 5312 2640 5376 prmstantiores
2662 5316 2766 5358 Mss.
2794 5314 2848 5356 At
2871 5304 3006 5362 editi,
3030 5307 3074 5351 et
3098 5312 3210 5365 qum
3229 5294 3661 5349 necessariumnon

2080 5383 2243 5429 esteos
2265 5388 2357 5424 non
2374 5386 2525 5422 nosse.

2145 5418 2642 5495 (ibi?
2665 5428 2853 5495 felicem
2886 5424 3065 5495 civibus
3085 5422 3159 5475 uel
3457 5418 3536 5495 pie
3557 5429 3664 5495 nise

2083 5479 2502 5573 dilectislgymiiias
2519 5479 2675 5543 bene:
2689 5479 2747 5543 et
2768 5479 3122 5541 reluctantibus
3151 5479 3296 5536 editis
3315 5481 3424 5534 aliis
3459 5479 3517 5531 et.
3558 5479 3664 5543 ple-

2083 5566 2558 5685 "ﬁiexiitii'sum,
2586 5616 2672 5665 lib.
2688 5616 2735 5685 _2
2764 5615 2824 5666 ad
2856 5584 3583 5685 simnlittiannml‘qutest.

2173 5662 2275 5791 5381i
2290 5662 2647 5791 segetis;
2662 5662 2733 5741 λζ
2767 5662 2823 5729 Et
2858 5677 2921 5727 de
2955 5662 3173 5724 Doctrina
3206 5662 3483 5730 Chiistiana,
3509 5665 3594 5719 lib.
3616 5662 3668 5726 2,

2173 5766 2194 5791 ι.
2254 5778 2268 5791 .
2294 5758 2341 5791 n.
2429 5776 2441 5790 .

2089 5759 2194 5806 cap.
2220 5758 2268 5803 δ,
2294 5758 2341 5792 n.
2368 5758 2441 5791 to.
