4102 6336
408 318 512 375 607

408 443 528 497 quae
566 423 895 489 naturaliter,
926 420 1028 475 alia
1053 434 1169 490 qua!
1196 414 1506 473 mirabiliter
1530 411 1665 469 fiunt
1700 427 1714 463 :
1744 406 1989 479 quamvis

409 529 464 572 et
490 525 693 571 natura:
722 515 859 567 Deus
883 512 1024 566 adsit
1056 519 1114 565 ut
1139 509 1239 575 sit,
1270 516 1325 562 et
1360 505 1629 560 miraculis
1670 511 1857 558 natura
1884 514 1987 553 non

411 608 566 663 desit.
597 605 715 661 Non
756 605 914 675 igitur
942 602 1061 657 ideo
1098 598 1384 671 putandum
1425 604 1507 650 est
1551 596 1788 649 vivorum
1831 590 1992 645 rebus

411 698 675 770 quoslibet
709 696 969 751 interesse
996 707 1150 763 posse
1174 688 1476 751 defunctos,
1501 685 1750 755 quoniam
1777 680 1992 752 quibus-

412 788 537 844 dam
575 786 826 844 sanandis
865 783 955 839 vel
994 780 1303 853 adjuvandis
1342 788 1602 849 martyres
1637 774 1869 829 adsunt:
1898 770 1994 825 sed

416 880 537 937 ideo
564 880 742 949 potius
769 874 1165 946 intelligendum
1211 882 1295 927 est
1331 869 1473 941 quod
1509 883 1606 939 per
1632 867 1863 921 divinam
1898 878 1997 934 po-

417 968 637 1024 tentiam
664 976 927 1037 martyres
963 965 1203 1019 vivorum
1245 961 1404 1016 rebus
1430 960 1715 1021 intersunt,
1745 955 1995 1024 quoniam

418 1058 656 1114 defuncti
686 1073 783 1129 per
808 1064 1051 1111 naturam
1078 1054 1346 1125 pr0priam
1372 1051 1613 1106 vivorum
1639 1048 1798 1103 rebus
1828 1047 1995 1101 inter-

420 1164 542 1204 esse
567 1164 672 1203 non
698 1156 938 1218 possunt.

488 1238 580 1293 20.
619 1238 931 1308 Quanquam
954 1236 1052 1291 ista
1072 1234 1296 1305 quaestio
1316 1232 1457 1288 vires
1482 1229 1842 1300 intelligentia?
1865 1242 2000 1282 mere

420 1327 618 1394 vincit,
651 1325 1096 1397 quemadmodum
1122 1324 1446 1394 opitulentur
1484 1331 1748 1392 martyres
1778 1320 1842 1383 iis
1866 1332 2001 1388 quos

420 1432 516 1489 per
544 1432 638 1473 eos
668 1424 873 1472 certum
899 1425 980 1471 est
1008 1415 1275 1484 adjuvari;
1309 1424 1486 1467 utrum
1517 1412 1616 1481 ipsi
1647 1426 1743 1480 per
1772 1423 1831 1463 se
1858 1408 2002 1477 ipsos

418 1506 596 1563 adsint
624 1520 730 1560 uno
758 1516 997 1575 tempore
1023 1513 1130 1577 tam
1159 1493 1384 1559 diversis
1405 1502 1565 1567 locis,
1597 1510 1652 1555 et
1693 1508 1836 1554 tanta
1865 1499 2004 1553 inter

420 1614 482 1659 se
509 1597 896 1668 longinquitate
912 1596 1178 1662 discretis,
1206 1596 1318 1650 sive
1336 1595 1423 1649 ubi
1444 1602 1569 1648 sunt
1591 1607 1775 1648 eorum
1803 1605 2006 1645 memo-

423 1690 519 1745 riae
541 1729 557 1756 ,
603 1690 714 1744 sive
743 1698 938 1759 praeter
980 1703 1104 1743 suas
1142 1687 1427 1742 memorias
1463 1686 1780 1754 ubicumque
1818 1682 2006 1737 adesse

435 1779 736 1835 sentiuntur
762 1796 775 1833 :
806 1794 871 1832 an
903 1778 1031 1848 ipsis
1057 1778 1109 1833 in
1138 1778 1256 1832 loco
1285 1777 1397 1831 suis
1438 1776 1646 1831 meritis
1678 1788 1915 1844 congruo
1940 1772 2006 1827 ab

423 1870 569 1923 omni
596 1869 898 1923 mortalium
925 1868 1330 1923 conversatione
1358 1866 1597 1930 remotis,
1625 1874 1677 1920 et
1710 1874 1884 1918 tamen
1913 1878 2009 1933 ge-

424 1960 677 2016 neraliter
701 1958 978 2015 orantibus
1006 1974 1103 2029 pro
1133 1958 1433 2029 indigentiis
1458 1956 1848 2028 supplicantum
1876 1955 2007 2024 (sic-

425 2062 485 2107 ut
516 2068 613 2106 nos
642 2067 859 2107 oramus
888 2067 985 2121 pro
1022 2052 1279 2117 mortuis,
1310 2050 1501 2121 quibus
1526 2050 1707 2119 utique
1733 2064 1837 2103 non
1869 2064 2009 2118 prte-

424 2154 725 2217 sentamur,
760 2160 857 2200 nec
887 2144 975 2200 ubi
1015 2144 1122 2199 sint
1146 2145 1232 2200 vel
1259 2143 1385 2214 quid
1413 2153 1571 2214 agant
1596 2139 1838 2211 scimus),
1869 2141 2011 2196 Deus

429 2235 769 2304 omnipotens
795 2236 885 2305 qui
923 2243 1008 2290 est
1048 2235 1246 2305 ubique
1286 2250 1554 2305 praesens,
1586 2248 1686 2290 nec
1725 2243 2011 2289 concretus

430 2325 606 2389 nobis.
658 2340 758 2381 nec
804 2336 1043 2381 remotus
1086 2341 1116 2379 a
1162 2325 1347 2390 nobis,
1381 2325 1674 2381 exaudiens
1716 2334 2011 2395 martyrum

429 2432 617 2487 preces
637 2459 651 2483 ,
682 2433 777 2485 per
813 2418 1049 2487 angelica
1083 2418 1378 2473 ministeria
1419 2431 1797 2488 usquequaque
1823 2417 2013 2472 diffusa

430 2508 665 2580 prtebeat
690 2508 992 2564 hominibus
1020 2509 1119 2564 ista
1151 2509 1336 2564 solatia
1357 2548 1373 2574 ,
1402 2508 1593 2579 quibus
1622 2509 1675 2563 in
1704 2507 1863 2578 hujus
1892 2508 2014 2563 vita)

429 2601 646 2657 miseria
687 2601 889 2672 judicat
935 2616 1057 2657 esse
1103 2601 1424 2671 praebenda;
1460 2611 1514 2656 et
1558 2616 1775 2656 suorum
1825 2600 2014 2655 merita

431 2702 725 2764 martyrum
759 2694 849 2748 ubi
874 2693 1004 2760 vult,
1029 2692 1240 2764 quando
1263 2694 1394 2761 vult,
1428 2693 1700 2764 quomodo
1724 2692 1837 2748 vult
1854 2734 1870 2759 ,
1897 2706 2014 2747 ma-

431 2787 682 2857 ximeque
726 2803 822 2859 per
863 2803 1045 2843 eorum
1092 2787 1397 2853 memorias,
1426 2787 1674 2856 quoniam
1728 2785 1830 2841 hoc
1873 2784 2019 2840 novit

432 2877 689 2947 expedire
715 2878 869 2933 nobis
891 2878 956 2933 ad
985 2877 1352 2934 aedificandam
1375 2878 1531 2934 fidem
1552 2877 1773 2943 Christi,
1800 2892 1897 2948 pro
1923 2892 2018 2932 cu-

429 2971 520 3040 jus
557 2970 634 3026 illi
669 2970 1006 3037 confessione
1034 2979 1161 3025 sunt
1192 2971 1356 3041 passi,
1389 2970 1616 3025 mirabili
1638 2978 1799 3040 atque
1830 2968 2019 3023 ineffa-

435 3064 527 3119 bili
558 3072 824 3134 potestate
851 3078 914 3120 ac
941 3063 1177 3120 bonitate
1203 3061 1562 3118 commendet.
1587 3061 1696 3116 Res
1724 3062 1838 3115 luce
1861 3060 2021 3116 altior

436 3166 519 3212 est
544 3172 699 3226 quam
728 3164 785 3210 ut
810 3171 841 3210 a
883 3171 968 3211 me
994 3155 1163 3226 possit
1189 3155 1373 3225 attingi
1401 3196 1414 3220 ,
1445 3163 1498 3210 et
1524 3153 1824 3209 abstrusior
1858 3169 2018 3224 quam

438 3254 547 3303 uta
580 3260 665 3301 me
700 3245 873 3301 valeat
897 3247 1218 3316 perscrutari
1244 3264 1257 3300 :
1287 3254 1341 3301 et
1367 3245 1487 3301 ideo
1512 3244 1638 3315 quid
1669 3243 1859 3299 horum
1891 3245 2023 3300 duo-

438 3332 672 3411 rum'sit,
700 3350 768 3390 an
795 3351 922 3391 vero
947 3335 1189 3391 fortassis
1225 3345 1508 3406 utrumque
1533 3335 1620 3401 sit,
1652 3342 1711 3389 ut
1738 3335 2021 3406 aliquando

441 3429 542 3484 ista
570 3426 697 3481 fiant
722 3442 816 3495 per
839 3427 1005 3497 ipsam
1033 3426 1370 3496 prmsentiam
1393 3436 1707 3498 martyrum,
1740 3427 2023 3497 aliquando

445 3532 541 3581 per
581 3517 811 3587 Angelos
851 3517 1202 3586 suscipientes
1230 3531 1513 3586 personam
1544 3526 1856 3586 martyrum,
1886 3516 2023 3572 defl-

440 3606 555 3663 nire
580 3624 683 3662 uon
714 3609 886 3663 audeo
910 3624 924 3672 ;
958 3608 1166 3663 mallem
1192 3623 1221 3661 a
1245 3607 1537 3663 scientibus
1564 3608 1661 3661 ista
1688 3608 2021 3677 perquirere.

440 3697 624 3766 Neque
654 3699 793 3753 enim
821 3712 978 3752 nemo
1005 3706 1087 3753 est
1104 3698 1192 3767 qui
1220 3697 1334 3752 haec
1355 3697 1504 3761 sciat,
1529 3712 1635 3751 non
1653 3698 1742 3766 qui
1764 3696 1864 3751 sibi
1887 3697 2025 3754 scire

440 3787 746 3843 videaturet
763 3788 963 3842 nesciat
978 3805 991 3840 :
1007 3787 1146 3841 dona
1167 3788 1309 3841 enim
1324 3787 1418 3841 Dei
1438 3796 1581 3849 sunt,
1602 3787 1685 3840 his
1705 3787 1827 3853 alia,
1850 3796 1906 3841 et
1923 3789 2025 3845 illis

443 3882 543 3935 alia
557 3878 857 3951 largientis,
880 3877 1174 3933 secundum
1199 3876 1533 3947 Apostolum,
1560 3877 1649 3947 qui
1673 3877 1803 3933 dicit
1822 3880 2026 3933 unicui-

443 3983 549 4037 que
577 3968 689 4021 dari
720 3967 1197 4023 manifestationem
1227 3967 1456 4038 Spiritus
1480 3967 1548 4022 ad
1575 3968 1853 4023 utilitatem
1882 3986 1894 4021 :
1924 3969 2026 4022 Alii

443 4059 681 4131 quidem,
717 4059 925 4127 inquit,
957 4060 1112 4113 datur
1138 4076 1225 4128 per
1250 4058 1499 4129 Spiritum
1539 4076 1704 4114 sermo
1731 4061 2026 4131 sapientiae;

445 4149 536 4206 alii
557 4165 719 4202 sermo
744 4150 964 4203 scientia:
990 4150 1265 4203 secundum
1298 4148 1528 4204 eumdem
1555 4150 1802 4219 Spiritum
1825 4168 1844 4215 ;
1882 4152 2027 4206 alteri

446 4249 611 4293 autem
636 4239 763 4308 [idet
782 4239 834 4292 in
852 4239 1028 4293 eodem
1053 4240 1290 4310 Spiritu;
1312 4240 1458 4295 alteri
1484 4242 1689 4295 donatio
1714 4244 2027 4297 curationum

445 4331 499 4385 in
528 4347 626 4385 uno
655 4330 889 4401 Spiritu;
914 4331 1003 4385 alii
1031 4331 1345 4403 operatione:
1381 4333 1657 4398 virtutum;
1691 4333 1781 4386 alii
1810 4334 2028 4403 prophe-

446 4423 559 4486 tia;
588 4423 678 4476 alii
702 4422 999 4492 dijudicatio
1027 4424 1327 4492 spirituum;
1370 4425 1461 4479 alii
1493 4440 1676 4495 genera
1705 4424 2026 4495 linguarum;

446 4511 535 4568 alii
559 4513 901 4583 interpretatio
926 4530 1230 4567 sermonum.
1264 4513 1447 4568 Omnia
1474 4524 1644 4567 autem
1668 4515 1772 4568 haec
1792 4524 2029 4583 operatur

446 4617 578 4656 unus
619 4611 766 4672 atque
803 4602 938 4656 idem
969 4602 1227 4672 Spiritus,
1257 4605 1482 4658 dividens
1521 4605 1730 4675 prapria
1764 4607 2030 4678 unicuique

446 4702 595 4763 prout
623 4692 725 4746 uult
749 4691 935 4765 (l'Cor.
969 4709 1068 4757 xu,
1102 4695 1264 4763 7-H).
1292 4694 1493 4750 Horum
1517 4695 1753 4750 omnium
1781 4697 2030 4766 spiritua-

446 4782 573 4839 lium
604 4781 864 4837 donorum
884 4824 901 4851 ,
932 4799 1053 4855 qua:
1090 4785 1531 4840 commemoravit
1559 4786 1845 4855 Apostolus
1865 4829 1880 4855 ,
1908 4789 2027 4844 cui-

446 4887 673 4943 cumque
699 4872 820 4928 data
848 4884 930 4930 est
955 4875 1261 4946 dijudicatio
1302 4876 1614 4947 spirituum,
1636 4878 1767 4949 ipse
1804 4880 1906 4935 scit
1929 4881 2027 4937 ista

447 4967 586 5023 sicut
606 4967 820 5023 scienda
852 4978 996 5024 sunt.

518 5061 743 5118 CAPUT
783 5062 945 5119 XVII.
1071 5062 1162 5119 2i.
1194 5062 1274 5117 De
1310 5062 1511 5117 Joanne
1553 5066 1817 5119 monacho.
1846 5065 2025 5121 Talem

449 5151 610 5209 fuisse
657 5155 978 5210 credendum
1031 5165 1114 5211 est
1165 5156 1311 5210 illum
1359 5155 1616 5212 Joannem
1670 5157 2023 5223 monachum,

448 5258 606 5313 quem
630 5244 699 5300 de
724 5245 846 5300 belli
875 5247 1045 5301 civilis
1069 5254 1260 5302 eventu
1286 5248 1458 5317 major
1482 5246 1812 5303 Theodosius
1836 5262 2029 5303 consu-

449 5333 551 5389 luit
597 5337 926 5408 imperator:
960 5339 1186 5395 habebat
1224 5338 1418 5409 quippe
1464 5340 1625 5395 etiam
1672 5340 2023 5410 prophetiam.

449 5423 633 5494 Neque
663 5427 805 5482 enim
844 5430 1076 5501 singulos
1102 5430 1307 5501 singula
1338 5418 1616 5486 munerum
1656 5432 1900 5499 istorum,
1933 5433 2027 5489 sed

450 5515 609 5570 etiam
638 5522 787 5586 plura
806 5512 974 5573 unum
1000 5520 1197 5577 habere
1225 5537 1381 5593 posse
1405 5538 1512 5578 non
1542 5523 1770 5593 ambigo.
1798 5525 2029 5580 Joannes

450 5623 582 5679 ergo
614 5609 732 5675 iste,
758 5611 982 5681 quadam
1020 5613 1242 5670 muliere
1266 5615 1661 5686 religiosissima
1696 5619 2030 5687 impatienter

451 5715 573 5759 wm
602 5700 780 5760 videre
809 5703 1074 5775 cupiente,
1103 5715 1257 5777 atque
1277 5716 1333 5763 ut
1362 5708 1464 5765 hoc
1487 5706 1792 5781 impetraret
1812 5726 1905 5782 per
1926 5725 2028 5766 ma-

938 308 1025 364 DE
1063 303 1248 362 CURA
1288 300 1419 356 PRO
1458 295 1755 354 MORTUIS
1792 290 2138 355 GERENDA,
2179 290 2238 343 S.
2281 285 2655 345 AUGUSTINI,
2698 285 2904 341 LIBER
2942 284 3140 367 UNUS:

3565 282 3676 338 608

2096 401 2252 455 ritum
2296 414 2448 455 suum
2494 398 2833 454 vehementer
2881 398 3140 462 instante,
3182 414 3302 454 cum
3347 398 3438 453 ille
3480 400 3678 463 nollet,

2096 490 2348 558 quoniam
2392 488 2442 543 id
2479 505 2744 558 nunquam
2774 490 3087 558 permiserat
3119 488 3370 543 feminis:
3398 487 3564 553 Vade,
3596 488 3683 541 in-

2097 580 2233 649 quit,
2262 579 2347 635 die
2369 580 2521 633 uxori
2550 586 2675 644 tuae,
2706 579 2905 634 videbit
2931 594 3015 635 me
3042 589 3196 633 nocte
3224 579 3486 649 proxima,
3510 577 3603 632 sed
3630 579 3683 633 in

2099 670 2321 724 somnis.
2349 669 2417 723 Et
2445 669 2642 724 factum
2678 678 2761 725 est
2789 688 2800 723 :
2828 670 3138 740 monuitque
3169 669 3309 723 illam
3332 668 3586 738 quidquid
3621 668 3685 720 fi-

2100 760 2278 816 delem
2303 762 2635 832 conjugatam
2668 763 2870 816 moneri
2896 762 3193 831 oportebat.
3217 762 3346 829 Quae
3375 776 3494 816 cum
3520 759 3689 829 evigi-

2100 854 2280 920 lasset,
2310 856 2467 911 talem
2495 870 2553 909 se
2582 855 2777 910 vidisse
2802 854 3070 909 hominem
3094 855 3183 909 Dei
3205 854 3316 909 viro
3336 869 3452 917 suo,
3473 853 3690 922 qualem

2102 942 2193 998 ille
2227 959 2349 998 eum
2390 953 2631 1010 noverat,
2658 944 2865 1013 etquid
2895 943 2964 997 ab
3004 943 3096 997 illo
3132 942 3376 1008 audierit,
3410 942 3688 997 indicavit.

2103 1033 2204 1100 Qui
2236 1034 2339 1089 hoc
2378 1035 2445 1089 ab
2485 1034 2563 1089 eis
2598 1036 2878 1104 comperit,
2919 1034 3102 1089 retulit
3141 1034 3290 1098 mihi,
3324 1034 3405 1087 vir
3431 1035 3608 1104 gravis
3636 1040 3695 1088 et

2104 1126 2319 1189 nobilis,
2359 1134 2411 1180 et
2453 1125 2795 1196 dignissimus
2836 1126 3002 1181 credi.
3039 1125 3143 1181 Sed
3182 1124 3227 1179 si
3262 1124 3412 1179 illum
3446 1133 3692 1179 sanctum

2105 1216 2422 1269 monachum
2466 1217 2579 1285 ipse
2619 1216 2892 1283 vidissem,
2921 1216 3065 1286 quia,
3098 1216 3235 1271 sicut
3263 1215 3452 1281 fertur,
3486 1216 3694 1286 patien-

2106 1307 2310 1362 tissime
2348 1307 2769 1378 interrogabatur
2796 1316 2850 1361 et
2889 1307 3278 1377 sapientissime
3310 1307 3688 1375 respondebat,

2105 1396 2414 1465 quzesissem
2446 1396 2514 1451 ab
2542 1410 2608 1451 eo
2630 1395 2768 1466 quod
2790 1395 2855 1450 ad
2886 1396 3040 1451 istam
3069 1395 3294 1467 pertinet
3318 1396 3690 1466 quaestionem,

2108 1495 2282 1541 utrum
2313 1488 2424 1559 ipse
2448 1487 2515 1542 ad
2547 1488 2690 1543 illam
2721 1488 2969 1543 feminam
3005 1489 3238 1544 venisset
3279 1489 3329 1543 in
3365 1489 3599 1555 somnis,
3639 1489 3694 1543 id

2107 1586 2209 1644 est,
2235 1558 2453 1647 spiritus
2473 1558 2590 1648 ejus
2615 1579 2666 1633 in
2686 1578 2862 1650 effigie
2880 1581 3117 1650 corporis
3139 1580 3244 1646 sui,
3269 1580 3405 1634 sicut
3430 1567 3530 1635 nos.
3549 1582 3698 1650 ipsos

2110 1667 2163 1722 in
2202 1668 2377 1739 effigie
2409 1670 2652 1737 corporis
2692 1671 2859 1726 nostri
2901 1671 3259 1735 somniamus;
3288 1686 3353 1725 an
3396 1671 3511 1741 ipso
3551 1672 3699 1726 aliud

2110 1769 2318 1829 agente,
2359 1760 2465 1827 vel,
2499 1762 2542 1816 si
2587 1761 2904 1828 dormiebat,
2931 1761 3073 1816 aliud
3113 1762 3431 1829 somniante,
3460 1764 3571 1817 sive
3601 1779 3701 1833 per

2111 1851 2393 1920 angelum,
2434 1850 2552 1906 sive
2594 1867 2933 1921 quocumque
2980 1852 3085 1906 alio
3132 1851 3293 1907 modo
3346 1853 3398 1907 in
3451 1854 3701 1909 mulieris

2113 1942 2327 1996 somnio
2357 1940 2475 1995 talis
2503 1941 2638 1995 facta
2665 1941 2884 1996 sitvisio
2904 1958 2917 2008 ;
2940 1951 3097 2011 atque
3127 1942 3178 1997 id
3208 1941 3462 2007 futurum,
3497 1953 3551 1997 ut
3581 1943 3702 2012 ipse

2114 2034 2469 2102 promitteret,
2501 2034 2793 2104 prophetiae
2819 2032 3016 2103 Spiritu
3050 2035 3317 2091 revelante
3347 2037 3701 2107 pnesciverit.

2116 2122 2171 2178 Si
2203 2124 2343 2177 enim
2376 2124 2487 2193 ipse
2518 2122 2755 2179 interfuit
2785 2124 3089 2189 somnianti,
3121 2125 3348 2183 mirabili
3388 2127 3554 2198 gratia
3594 2127 3704 2181 uti-

2116 2230 2220 2284 que
2255 2214 2306 2268 id
2351 2216 2544 2283 potuit,
2583 2231 2687 2269 non
2716 2225 2938 2281 natura;
2971 2227 3025 2272 et
3054 2218 3145 2271 Dei
3174 2234 3413 2283 munere,
3440 2236 3542 2275 non
3576 2235 3704 2288 pro-

2118 2307 2231 2377 pria
2272 2306 2536 2362 facultate.
2572 2308 2627 2363 Si
2656 2319 2832 2364 autem
2874 2310 2989 2380 ipso
3017 2310 3158 2365 aliud
3188 2320 3400 2383 agente,
3434 2313 3543 2366 sive
3568 2311 3703 2366 dor-

2118 2400 2316 2455 miente
2356 2408 2411 2456 et
2450 2401 2576 2457 visis
2612 2403 2735 2458 aliis
2777 2413 3055 2475 occupato,
3093 2421 3213 2460 eum
3244 2406 3437 2461 mulier
3476 2405 3607 2460 vidit
3647 2405 3707 2462 in

2120 2494 2358 2558 somnis;
2390 2495 2625 2564 profecto
2661 2497 2765 2551 tale
2798 2497 2995 2566 aliquid
3038 2496 3232 2551 factum
3264 2505 3364 2562 est,
3392 2498 3546 2568 quale
3574 2497 3708 2552 illud

2120 2593 2206 2639 est
2233 2584 2373 2655 quod
2402 2585 2455 2638 in
2483 2585 2706 2640 Actibus
2730 2587 3106 2657 Apostolorum
3138 2588 3378 2658 legimus,
3410 2587 3505 2641 ubi
3520 2587 3708 2642 Domi-

2121 2691 2221 2730 nus
2242 2675 2396 2730 Jesus
2418 2676 2649 2747 loquitur
2664 2679 2882 2733 Ananiae
2904 2678 2970 2734 de
2990 2678 3174 2745 Saulo,
3197 2689 3250 2735 et
3275 2680 3472 2736 indicat
3490 2680 3540 2735 ei
3562 2680 3711 2751 quod

2120 2766 2309 2822 Saulus
2333 2766 2463 2822 vidit
2488 2768 2553 2823 ad
2579 2784 2637 2825 se
2659 2770 2958 2826 venientem
2985 2771 3266 2838 Ananiam,
3288 2786 3412 2827 cum
3440 2770 3539 2825 hoc
3561 2772 3710 2826 Ana-

2121 2859 2236 2913 nias
2266 2858 2378 2929 ipse
2408 2862 2635 2917 nesciret
2664 2862 2816 2935 (Act.
2848 2879 2920 2929 ix,
2948 2862 3113 2919 10-15
3136 2864 3175 2933 ).
3204 2861 3488 2931 Quodlibet
3516 2863 3711 2917 horum

2122 2949 2250 3005 mihi
2279 2951 2626 3020 responderet
2658 2953 2749 3008 ille
2772 2953 2931 3007 homo
2968 2953 3083 3019 Dei,
3110 2962 3167 3008 et
3193 2952 3259 3008 tle
3288 2952 3609 3022 martyribus
3638 2953 3715 3008 ab

2124 3041 2216 3095 illo
2254 3056 2527 3112 pergerem
2570 3056 2828 3112 quaerere,
2858 3052 3032 3096 utrum
3065 3042 3163 3113 ipsi
3192 3041 3363 3097 adsint
3393 3044 3444 3095 in
3475 3042 3713 3107 somnis,

2124 3133 2209 3187 vel
2234 3147 2570 3202 quocumque
2598 3133 2704 3188 alio
2724 3134 2882 3188 modo
2901 3134 3198 3189 videntibus
3219 3149 3310 3190 eos
3335 3134 3389 3188 in
3412 3148 3512 3203 qua
3538 3132 3712 3203 figura

2125 3225 2421 3289 voluerint;
2450 3232 2503 3280 et
2533 3226 2761 3280 maxime
2790 3224 3004 3295 quando
3028 3225 3096 3280 ab
3123 3227 3203 3281 eis
3232 3239 3291 3280 se
3320 3224 3552 3296 torqueri
3594 3224 3715 3279 dae-

2127 3328 2314 3371 mones
2340 3317 2393 3370 in
2421 3314 2724 3371 hominibus
2746 3317 3086 3383 confitentur,
3111 3326 3164 3373 et
3185 3325 3369 3388 rogant
3399 3330 3492 3370 eos
3513 3326 3569 3369 ut
3589 3330 3717 3385 par-

2126 3416 2250 3463 eant
2287 3408 2388 3463 sibi
2414 3426 2427 3462 :
2455 3423 2522 3463 an
2564 3410 2665 3463 ista
2706 3409 2832 3464 fiant
2861 3410 2955 3465 Dei
2986 3422 3114 3465 nutu
3141 3427 3237 3480 per
3265 3409 3530 3480 angelieas
3558 3420 3717 3477 pote-

2129 3509 2312 3566 states,
2355 3501 2407 3553 in
2451 3499 2707 3562 honorem
2748 3501 3370 3571 commendationemque
3405 3507 3722 3554 sanctorum

2126 3591 2193 3645 ad
2224 3592 2508 3647 utilitatem
2537 3592 2831 3659 hominum,
2856 3594 2961 3648 illis
2986 3594 3039 3648 in
3069 3608 3276 3648 summa
3301 3594 3478 3664 quiete
3502 3591 3723 3662 positis,

2128 3693 2183 3740 ct
2222 3686 2287 3738 ad
2327 3684 2434 3740 alia
2475 3686 2632 3757 longe
2671 3687 2890 3742 meliora
2919 3688 3030 3741 visa
3059 3686 3370 3741 vacantibus
3410 3700 3651 3740 seorsum
3683 3701 3716 3737 a

2130 3778 2303 3843 nobis,
2342 3779 2721 3848 orantibusque
2765 3794 2863 3850 pro
2903 3779 3074 3834 nobis.
3105 3778 3235 3833 Nam
3263 3777 3543 3832 Mediolani
3574 3776 3725 3846 apud

2131 3879 2345 3925 sanctos
2377 3871 2678 3926 Protasium
2718 3883 2772 3927 et
2809 3873 3119 3929 Gervasium
3148 3881 3431 3945 martyres,
3461 3886 3723 3942 expresso

2132 3964 2369 4029 nomine,
2399 3962 2535 4018 sicut
2563 3962 2934 4020 defunctorum
2976 3979 3109 4035 quos
3143 3964 3331 4019 eodem
3374 3963 3531 4017 modo
3569 3978 3724 4017 com-

2131 4055 2520 4123 memorabant,
2550 4056 2725 4113 adhuc
2754 4058 2932 4111 vivum
2962 4057 3234 4111 daemones
3260 4057 3563 4126 episcopum
3587 4070 3719 4111 con~

2131 4145 2414 4201 litcbantur
2449 4148 2810 4214 Ambrosium,
2840 4156 2999 4221 atque
3028 4156 3088 4203 ut
3130 4147 3231 4202 sibi
3272 4155 3511 4217 parceret
3553 4146 3720 4201 obse-

2131 4235 2369 4301 orabant,
2420 4235 2513 4292 illo
2559 4238 2700 4293 aliud
2744 4248 2956 4308 agente,
2985 4246 3144 4309 atque
3172 4237 3273 4291 hoc
3309 4252 3428 4293 cum
3469 4244 3725 4306 ageretur

2132 4328 2350 4383 omnino
2410 4331 2703 4386 nesciente.
2761 4332 2842 4385 Au
2893 4346 3023 4386 vero
3078 4330 3361 4400 aliquando
3404 4346 3499 4399 per
3546 4330 3721 4400 ipsam

2131 4419 2469 4489 praesentiam
2499 4431 2793 4494 martyrum
2818 4420 2964 4487 fiant,
2994 4421 3092 4476 ista
3118 4420 3403 4491 aliquando
3430 4435 3523 4490 per
3544 4423 3725 4490 Ange-

2133 4509 2339 4575 lorum;
2373 4519 2426 4565 et
2463 4519 2639 4565 utrum
2671 4514 2894 4582 possint,
2922 4512 3003 4567 vel
3042 4512 3233 4583 quibus
3262 4512 3426 4583 signis
3453 4511 3658 4581 possint
3686 4526 3722 4566 a

2133 4602 2287 4658 nobis
2316 4603 2421 4658 duo
2463 4605 2561 4659 ista
2595 4604 2863 4670 discerni;
2890 4620 2955 4659 an
2984 4620 3043 4659 ea
3085 4605 3285 4661 sentire
3323 4620 3384 4660 ac
3425 4603 3726 4674 dijudicare

2134 4711 2241 4751 non
2268 4698 2454 4760 valeat,
2488 4697 2589 4752 nisi
2615 4698 2705 4767 qui
2736 4698 2894 4753 habet
2923 4697 3050 4751 illud
3079 4696 3276 4751 donum
3305 4711 3399 4767 per
3425 4696 3517 4751 Dei
3543 4694 3724 4767 Spiri-

2133 4796 2244 4843 tum
2274 4789 2597 4844 dividentem
2628 4792 2839 4860 propria
2869 4791 3151 4861 unicuique
3179 4800 3333 4861 prout
3361 4789 3472 4844 vult
3498 4807 3511 4843 :
3543 4789 3722 4845 disse-

2132 4887 2276 4934 reret
2300 4880 2449 4946 mihi,
2472 4890 2529 4935 ut
2551 4882 2801 4945 arbitror,
2830 4882 2942 4953 ipse
2966 4882 3197 4937 Joannes
3222 4882 3337 4939 hzrc
3357 4882 3556 4949 omnia,
3579 4880 3724 4939 sicut

2132 4972 2359 5037 vellem;
2392 4981 2449 5027 ut
2472 4982 2562 5027 aut
2590 4988 2655 5039 eo
2680 4972 2905 5027 docente
2939 4972 3221 5038 discerem,
3250 4982 3302 5029 et
3326 4989 3387 5028 ea
3417 4988 3535 5044 quae
3567 4972 3727 5027 audi-

2133 5079 2247 5120 rem
2281 5080 2403 5119 vera
2441 5073 2495 5120 et
2522 5074 2668 5119 certa
2698 5080 2816 5120 esse
2844 5080 3258 5136 cognoscerem;
3286 5075 3378 5121 aut
3404 5081 3503 5137 ego
3530 5065 3726 5120 crede-

2134 5173 2246 5213 rem
2282 5174 2399 5228 qure
2436 5158 2696 5213 nescirem
2718 5200 2731 5223 ,
2765 5157 2855 5213 illo
2882 5158 3093 5214 dicente
3121 5175 3239 5230 quae
3268 5160 3448 5214 sciret.
3478 5158 3633 5227 Quod
3674 5159 3725 5215 si

2133 5248 2264 5304 mihi
2294 5248 2511 5303 forsitan
2536 5248 2602 5303 de
2624 5259 2804 5304 sancta
2828 5250 3095 5321 Scriptura
3126 5250 3475 5319 responderet
3494 5265 3557 5304 ac
3574 5250 3724 5306 dice-

2134 5352 2235 5409 ret,
2264 5343 2455 5397 Altiora
2483 5354 2529 5397 te
2554 5360 2616 5398 ne
2644 5345 2922 5417 quaesieris,
2953 5354 2998 5397 et
3030 5345 3241 5415 fortiora
3282 5353 3327 5397 te
3367 5364 3432 5397 ne
3465 5353 3729 5402 scrutatus

2134 5436 2328 5507 fueris;
2355 5437 2442 5489 sed
2466 5453 2576 5507 qua:
2607 5437 2845 5507 pracepit
2875 5435 2962 5489 tibi
2990 5433 3257 5500 Dominus,
3282 5434 3374 5489 illa
3402 5434 3564 5505 cogita
3588 5450 3720 5487 sem-

2135 5544 2221 5596 per
2252 5526 2271 5598 (
2306 5527 2463 5581 Eccli.
2497 5545 2569 5593 ,
2598 5528 2743 5595 22);
2786 5528 2836 5583 id
2880 5529 3038 5583 etiam
3082 5535 3353 5597 gratanter
3393 5524 3717 5593 acciperem.

2134 5620 2250 5675 Non
2283 5620 2424 5676 enim
2455 5637 2646 5690 parvus
2673 5631 2755 5676 est
2783 5623 3001 5685 fructus,
3029 5621 3072 5674 si
3103 5620 3277 5690 aliqua
3306 5619 3533 5674 obscura
3558 5623 3612 5670 et
3638 5617 3720 5669 in,

2140 5722 2305 5781 certa,
2336 5728 2454 5785 qua:
2484 5711 2937 5785 comprehendere
2968 5726 3071 5768 non
3099 5710 3352 5778 valemus,
3375 5708 3578 5765 clarum
3607 5707 3718 5763 sat-
