4102 6336
360 362 456 418 609

358 488 458 532 tem
485 487 805 551 certmuque
837 481 905 535 sit
932 481 1087 537 nobis
1115 496 1221 537 non
1242 496 1363 539 esse
1384 485 1702 554 quaerenda;
1729 496 1781 541 et
1802 485 1940 556 quod

354 571 716 643 unusquisque
757 574 867 627 vult
908 573 1134 639 discere,
1179 582 1368 644 putans
1410 575 1665 646 prodesse
1704 579 1748 633 si
1787 579 1941 642 sciat,

354 659 523 716 discat
554 679 661 717 non
689 663 880 719 obesse
910 664 954 719 si
982 668 1204 720 nesciat.

421 752 649 809 CAPUT
688 755 875 811 XVIII.
906 787 975 797 —
1001 757 1092 811 2‘2.
1126 756 1375 829 Obsequio
1404 760 1649 815 solemnia
1678 761 1942 832 defuncto-

352 861 484 908 rum,
517 845 726 909 altaris,
762 848 1047 901 orationum
1095 858 1141 902 et
1188 850 1618 921 eleemosynarum
1666 853 1936 920 sacriﬁcia.

357 934 646 1005 Sepultum
676 936 913 1005 ofﬁcium.
936 936 1065 1003 Qua:
1100 953 1220 993 cum
1264 940 1336 994 ita
1372 940 1499 1005 sint,
1529 956 1632 994 non
1664 942 1938 998 existime-

351 1041 468 1080 mus
494 1026 561 1080 ad
602 1038 861 1094 mortuos,
895 1042 992 1099 pro
1021 1027 1212 1101 quibus
1245 1046 1429 1087 curam
1469 1030 1719 1103 gerimus,
1746 1050 1937 1104 perve-

349 1118 484 1184 nire,
522 1120 623 1173 nisi
665 1120 805 1190 quod
850 1135 947 1191 pro
985 1121 1063 1176 eis
1100 1123 1212 1177 sive
1245 1123 1447 1191 altaris,
1476 1125 1589 1181 sive
1614 1127 1937 1194 orationum,

349 1209 460 1265 sive
498 1210 962 1281 eleemosynarum
1009 1212 1284 1269 sacrificiis
1324 1212 1638 1271 solemniter
1674 1218 1935 1287 supplica-

348 1314 466 1354 mus
491 1318 505 1356 :
531 1302 773 1369 quamvis
804 1316 906 1356 non
935 1317 1030 1373 pro
1059 1304 1253 1373 quibus
1278 1303 1411 1359 fiunt
1438 1306 1684 1361 omnibus
1707 1308 1933 1377 prosint,

347 1394 439 1448 sed
466 1394 530 1448 iis
558 1403 759 1448 tantum
786 1395 978 1465 quibus
1004 1395 1128 1451 dum
1155 1382 1340 1452 vivunt
1364 1408 1701 1468 comparatur
1730 1409 1788 1454 ut
1817 1416 1937 1469 pro-

347 1484 471 1538 sint.
503 1483 612 1539 Sed
653 1483 773 1554 quia
807 1502 909 1540 nou
939 1484 1295 1542 discernimus
1335 1489 1424 1558 qui
1464 1489 1588 1557 sint,
1626 1498 1836 1559 oportet
1872 1506 1934 1545 ea

349 1590 441 1644 pro
469 1577 799 1644 regeneratis
822 1576 1068 1631 omnibus
1094 1575 1292 1643 facere,
1319 1587 1376 1633 ut
1396 1580 1568 1633 nullus
1588 1595 1772 1635 eorum
1797 1595 1934 1650 prsc-

347 1667 691 1733 termittatur,
715 1666 781 1721 ad
804 1682 937 1737 quos
965 1669 1077 1723 haec
1108 1668 1363 1724 beneﬁcia
1394 1671 1599 1739 possint
1624 1680 1676 1725 et
1704 1671 1935 1727 debeant

346 1756 641 1825 pervenire.
666 1756 852 1812 Melius
878 1759 1019 1812 enim
1051 1768 1367 1829 supererunt
1392 1761 1488 1814 ista
1517 1762 1593 1815 eis
1618 1761 1812 1833 quibus
1834 1778 1932 1818 nec

344 1846 536 1901 obsunt
561 1863 659 1901 nec
684 1858 922 1917 prosunt,
946 1864 1103 1919 quam
1129 1850 1207 1904 eis
1227 1848 1452 1904 deerunt
1474 1852 1665 1920 quibus
1690 1863 1926 1921 prosunt.

346 1934 657 2008 Diligentius
697 1945 872 1993 tamen
917 1939 1041 1993 facit
1080 1939 1195 1994 hmc
1220 1938 1445 2010 quisque
1482 1955 1578 2011 pro
1612 1944 1928 1997 necessariis

340 2029 465 2093 suis,
490 2044 597 2099 quo
625 2044 720 2099 pro
749 2030 839 2084 illo
867 2034 992 2085 tiaut
1019 2030 1264 2086 similiter
1292 2046 1321 2085 a
1347 2031 1478 2085 suis.
1502 2031 1721 2101 Corpori
1748 2043 1924 2088 autem

343 2119 614 2176 humaudo
657 2121 910 2192 quidquid
960 2123 1306 2193 impenditur,
1351 2138 1455 2178 non
1500 2133 1581 2179 est
1623 2124 1925 2195 prmsidium

340 2210 544 2278 salutis,
575 2211 669 2267 sed
701 2211 1045 2268 humanitatis
1073 2213 1328 2281 ofﬁcium,
1359 2215 1652 2271 secundum
1678 2216 1923 2274 affectum

339 2319 443 2373 quo
468 2321 629 2360 nemo
659 2322 888 2377 unquam
916 2322 1131 2363 carnem
1162 2323 1312 2364 suam
1341 2309 1465 2365 odio
1493 2310 1652 2366 habet
1681 2312 1699 2378 (
1729 2310 1921 2383 Ephes.

336 2411 387 2458 ι.
407 2394 521 2467 29).
548 2396 699 2453 Unde
725 2408 937 2469 oportet
966 2409 1023 2454 ut
1043 2416 1200 2470 quam
1224 2409 1398 2472 potest
1427 2418 1523 2473 pro
1546 2418 1707 2459 carne
1738 2405 1921 2475 prosi-

337 2486 406 2539 ιιιὶ
429 2502 610 2543 curam
632 2498 803 2561 gerat,
831 2505 951 2545 cum
969 2490 1057 2546 ille
1079 2490 1201 2547 inde
1222 2494 1505 2549 recesserit
1524 2494 1615 2567 qui
1638 2494 1857 2566 gerebat
1879 2496 1917 2550 ⁸.

393 2618 409 2647 ι
443 2619 516 2667 sic
534 2626 640 2670 uss.
665 2619 784 2671 aditi
810 2635 945 2683 vero,
971 2622 1182 2689 regebat.

1383 368 1753 427 ADMONITIO
1792 368 1856 427 IN
1882 365 2137 428 LIBRUM
2182 374 2266 429 DE
2308 368 2692 435 ΡΑΤΙΕῨΙἹᾹ.

3530 390 3637 450 (10

2054 487 2119 541 Ει
2146 490 2187 542 si
2223 491 2333 547 Ιιωε
2360 492 2555 548 faciunt
2584 498 2671 565 qui
2698 495 2872 551 carnis
2904 503 3343 559 resurrectionem
3373 520 3475 561 nou
3504 524 3632 564 cre-

2050 581 2201 646 dunt,
2227 594 2421 653 quanto
2447 589 2613 655 magis
2638 588 2831 643 debent
2859 589 3031 645 facere
3053 594 3142 661 qui
3165 595 3408 661 credunt,
3433 610 3491 652 ut
3514 615 3634 653 cor—

2049 674 2165 742 pori
2197 686 2422 743 mortuo,
2449 679 2542 733 sed
2577 689 2750 736 tamen
2782 693 3149 739 resurrecturo
3175 697 3229 741 et
3270 688 3320 741 in
3359 694 3628 746 aeternita-

2048 772 2153 816 tem
2186 781 2436 821 mansuro
2466 769 2762 837 impensum
2794 774 3050 840 ejusmodi
3079 775 3308 832 officium
3328 822 3341 843 ,
3372 781 3441 834 sit
3467 783 3627 839 etiam

2046 856 2437 926 quodammodo
2471 862 2707 930 ejusdem
2740 865 2858 921 lldei
2900 870 3294 924 testimonium?
3318 871 3469 940 Quod
3503 891 3628 929 vero

2045 948 2268 1017 quisque
2290 952 2425 1019 apud
2454 956 2740 1008 memorias
2768 967 3057 1028 martyrum
3086 962 3359 1029 sepelitur,
3387 963 3486 1018 huc
3515 976 3631 1020 tan-

2045 1039 2157 1092 tum
2189 1038 2315 1093 mihi
2344 1041 2549 1096 videtur
2574 1045 2829 1113 prodesse
2855 1047 3128 1113 defuncto,
3160 1060 3217 1105 ut
3243 1056 3629 1113 commendans

2042 1144 2165 1184 eum
2211 1133 2371 1186 etiam
2421 1148 2711 1207 martyrum
2768 1142 3080 1208 patrocinio,
3122 1143 3345 1212 allectus
3393 1162 3489 1216 pro
3536 1149 3628 1204 illo

2041 1221 2444 1289 supplicationis
2472 1237 2747 1295 augeatur.

2111 1309 2201 1365 23.
2246 1312 2417 1367 llabes
2445 1314 2508 1369 ad
2537 1332 2597 1370 ea
2629 1332 2746 1387 qua:
2774 1333 2804 1373 a
2837 1335 2920 1374 me
2947 1323 3138 1390 putasti
3169 1338 3289 1379 esse
3314 1328 3622 1395 quaerenda,

2040 1404 2248 1472 qualem
2296 1408 2459 1474 potui.
2483 1408 2705 1464 reddere
2748 1413 3149 1481 responsionem
3191 1433 3361 1472 meam
3390 1438 3401 1473 :
3430 1437 3548 1490 qua:
3578 1424 3623 1476 si

2040 1495 2172 1548 ultra
2205 1513 2360 1567 quam
2392 1500 2520 1553 satis
2547 1510 2629 1554 est
2660 1502 2861 1570 prolixa
2888 1515 2991 1570 εει,
3027 1505 3091 1559 da
3122 1509 3366 1573 veniam;
3394 1509 3445 1564 id
3476 1512 3620 1566 enim

2039 1587 2233 1642 factum
2262 1599 2345 1645 est
2373 1606 2555 1647 amore
2586 1592 2785 1650 diutius
2811 1596 3064 1666 loquendi
3096 1609 3289 1655 tecum.
3321 1603 3470 1659 Ilunc
3493 1622 3622 1677 ergo

2037 1676 2229 1732 librum
2257 1681 2701 1748 quemadmodum
2741 1689 3006 1755 acceperit
3044 1692 3362 1746 venerabilis
3400 1676 3621 1749 Dilectio

2037 1776 2146 1833 tua,
2185 1782 2307 1840 peto
2346 1771 2618 1844 rescriptis
2660 1777 2762 1831 tuis
2793 1777 3051 1845 noverim,
3074 1796 3231 1850 quem
3264 1783 3354 1837 tibi
3387 1785 3621 1852 perlator

2035 1859 2150 1929 ejus
2198 1859 2353 1917 faciet
2393 1865 2509 1918 sine
2553 1864 2714 1920 dubio
2758 1868 3063 1937 gratiorem,
3110 1871 3274 1925 frater
3318 1873 3521 1927 scilicet
3560 1882 3619 1929 et

2033 1952 2433 2026 compresbyter
2460 1965 2643 2011 noster
2664 1956 3042 2027 Cantlidiauus,
3066 1976 3222 2030 quem
3255 1977 3349 2031 per
3379 1973 3494 2018 tuas
3523 1964 3614 2019 lita

2033 2052 2173 2098 teras
2200 2046 2466 2115 cognitum
2499 2055 2609 2102 toto
2638 2048 2798 2104 corde
2825 2051 3055 2120 suscepi,
3086 2051 3385 2123 invitusque
3412 2052 3612 2108 dimisi.

2032 2135 2248 2191 Multum
2280 2140 2421 2195 enim
2452 2153 2551 2195 nos
2591 2139 2643 2195 in
2682 2140 2937 2197 cbaritate
2964 2143 3159 2198 Christi
3199 2159 3291 2198 sua
3333 2148 3613 2215 prtesentia

2028 2229 2333 2284 consolatus
2372 2238 2475 2298 est,
2504 2240 2578 2298 et,
2608 2232 2748 2303 quod
2768 2231 3033 2288 fatendum
3076 2244 3177 2300 est,
3212 2235 3329 2304 ejus
3365 2236 3613 2291 instantia

2030 2316 2123 2373 tibi
2163 2319 2334 2389 parui.
2362 2318 2493 2375 Nam
2519 2335 2615 2375 cor
2652 2337 2828 2377 meum
2861 2331 3003 2377 tanta
3043 2324 3368 2391 distendunt,
3407 2334 3465 2380 ut
3508 2327 3611 2382 nisi

2027 2411 2146 2483 ipso
2186 2412 2399 2469 assidue
2437 2426 2812 2471 commonente
2841 2432 2926 2471 me
2959 2433 3063 2472 non
3107 2419 3312 2473 sinerer
3350 2418 3611 2489 oblivisci,
3664 2426 3667 2427 '

2026 2504 2266 2574 profecto
2305 2506 2706 2581 interrogationi
2735 2517 2837 2565 tuae
2865 2524 2982 2566 mea
3025 2513 3303 2583 re5ponsio
3328 2511 3607 2569 defuisset.

768 2845 1412 2920 ADMONITIO
1497 2851 1617 2923 ΙΝ
1693 2852 2151 2925 LIBRUM
2229 2853 2372 2923 DE
2461 2849 3141 2923 ΡΑΤΙΕΝΤΙΑ.

1752 3005 2175 3060 me

392 3126 554 3182 Sumn
586 3128 836 3182 Erasmus
873 3125 937 3181 de
964 3125 1200 3201 Opusculi
1230 3124 1396 3201 hujus
1426 3135 1639 3201 auctore
1660 3127 1915 3201 judicium
1953 3128 2169 3201 iulitnin
2215 3128 2329 3201 lucc
2358 3126 2517 3201 verba
2548 3128 2860 3201 :_.4ugustt'ni
2897 3144 2998 3201 non
3025 3145 3132 3185 esse
3158 3130 3362 3199 phrasis
3385 3134 3557 3201 arguit
3585 3175 3603 3201 ,

325 3215 601 3268 congruens
630 3214 742 3268 cum
769 3213 828 3250 ea
852 3213 1006 3268 quam
1034 3198 1214 3251 habent
1243 3198 1396 3251 libelli
1419 3199 1722 3268 superiores.
1754 3198 1923 3254 Porro
1952 3199 2111 3254 libelli
2148 3197 2452 3266 superiores
2479 3198 2532 3251 in
2558 3197 2864 3268 Erasiniana
2895 3199 3130 3255 editione
3151 3197 3293 3263 sunt.
3323 3202 3391 3256 de
3414 3197 3603 3259 (inuti;

329 3267 520 3343 uentis,
549 3270 618 3324 de
631 3267 943 3343 Substatitia
970 3267 1294 3343 dilectionis,
1321 3267 1389 3343 de
1418 3267 1548 3322 Fide
1582 3282 1757 3343 rerum
1785 3268 2152 3343 invisibilium.
2180 3278 2308 3343 etc.,
2333 3283 2468 3337 quos
2500 3267 2851 3343 ipselibellus
2869 3270 3084 3343 perinde
3113 3270 3182 3324 ob
3213 3272 3447 3343 plirasim
3475 3274 3601 3343 reji-

324 3340 537 3393 ciendos
551 3348 609 3393 et
628 3338 830 3408 Hugoni
856 3337 1127 3393 Victorino
1150 3338 1456 3393 tribuendos
1475 3337 1703 3393 censuit.
1720 3339 1884 3394 Stilus
1904 3339 2117 3409 quidem
2142 3339 2297 3409 hujus
2324 3340 2561 3409 opusculi
2585 3337 2723 3391 idem
2745 3348 2847 3405 est,
2873 3338 3117 3409 fatemur,
3146 3337 3349 3396 ac'libri
3372 3343 3437 3398 de
3459 3337 3597 3399 Con-

328 3410 566 3473 tinentia,
601 3420 654 3463 et
681 3409 1055 3480 sententimac
1086 3408 1197 3480 loca
1210 3409 1421 3480 passim
1452 3416 1573 3462 sunt
1599 3424 1755 3476 quam
1797 3408 2088 3464 simillima.
2133 3408 2219 3463 At
2241 3417 2387 3463 certe
2424 3408 2731 3479 pta-dictum
2763 3410 2829 3463 de
2867 3409 3202 3464 Continentia
3232 3411 3424 3466 librum
3450 3456 3464 3480 ,
3510 3415 3598 3471 cui

325 3480 633 3551 opusculum
665 3479 731 3533 de
758 3478 1017 3551 Patientia
1045 3478 1183 3551 apud
1208 3477 1756 3551 Erasinumprosime
1782 3480 2135 3551 subjungitur.
2168 3477 2446 3551 Augustini
2464 3493 2593 3551 esse
2616 3480 3013 3551 demonstratur
3035 3496 3215 3551 supra,
3258 3484 3309 3535 in
3337 3477 3594 3539 Admoni-

326 3552 465 3622 tione
493 3550 706 3617 puellm
726 3550 897 3605 eidem
918 3549 1465 3622 libro,cnl.'547-5l8.
1482 3549 1633 3616 Quod
1660 3549 1732 3622 ibi
1752 3548 2115 3622 observamus,
2134 3550 2327 3622 librum
2355 3550 2422 3622 de
2447 3548 3116 3622 Continentiusermoneni
3142 3553 3425 3622 quemdam
3450 3570 3595 3618 esse,

325 3621 372 3673 id
397 3615 557 3697 etiam
582 3621 730 3688 juvat
756 3630 1010 3697 animare
1035 3619 1101 3673 de
1127 3620 1485 3688 subsequente
1510 3615 1922 3697 opusculo,‘snb
1946 3620 2097 3697 cujus
2119 3621 2324 3697 initium
2346 3615 2760 3697 Augustinusita
2789 3619 3039 3697 loquitur.
3067 3615 3184 3697 cap".
3217 3624 3240 3697 l_
3275 3641 3285 3675 :
3317 3621 3472 3697 Nunc
3498 3615 3595 3678 ita;

323 3708 414 3758 que
436 3692 660 3771 humana
690 3691 1333 3771 patientiamquamncapere
1361 3706 1625 3771 possumus
1652 3699 1703 3771 _et
1724 3688 1908 3771 habere
1931 3691 2192 3771 debemus,
2211 3688 2496 3771 cujusiiio'di
2516 3691 2697 3771 νήια-...π
2726 3694 2967 3771 quantuni
2996 3688 3185 3771 patitur
3221 3691 3433 3771 brevitas
3457 3711 3593 3771 prta:

324 3762 472 3814 sentis
515 3759 758 3814 sermonis
795 3761 1078 3829 expediam.
1122 3760 1186 3813 Et
1214 3759 1368 3824 infra,
1397 3776 1495 3829 cap

1539 3761 1609 3814 ὃς
1641 3759 1942 3815 lntueamur
1965 3777 2102 3831 ergo,
2142 3762 2443 3832 charissimi,
2473 3770 2576 3815 etc.
2620 3759 2765 3832 Hinc
2791 3759 3099 3832 intelligitur
3123 3777 3288 3832 quare
3327 3759 3593 3832 ejusmodi

324 3833 575 3899 opuscula
610 3833 659 3884 in
688 3846 782 3885 eos
804 3844 938 3900 quos
960 3830 1216 3901 habemus
1235 3830 1690 3886 Retractationum
1713 3832 1876 3886 libros
1905 3830 2282 3887 non’retulerit
2308 3832 2653 3897 Augustinus,
2682 3831 2771 3901 qui
2796 3830 3038 3886 videlicet
3061 3830 3204 3887 aliud
3235 3830 3592 3890 Retractatio-

326 3919 448 3955 unm
479 3917 614 3971 opus
652 3902 718 3954 ad
751 3900 1105 3971 recensendos
1129 3900 1415 3955 Sermones
1457 3917 1582 3955 suos
1605 3910 1659 3955 et
1685 3901 1949 3971 Epistolas
1979 3903 2352 3957 meditabatur.

2384 3902 2494 3971 Qua
2533 3902 2601 3957 de
2631 3918 2688 3955 re
2718 3901 2769 3955 iu
2808 3902 3031 3972 epistola
3063 3904 3166 3957 2‘25
3195 3903 3263 3957 ad
3289 3904 3589 3972 Quodvult-

325 3969 587 4037 deumpu.
615 3971 668 4037 2,
700 3972 927 4042 scribit:
960 3969 1078 4023 Duo
1108 3971 1362 4042 volumina
1378 3973 1491 4040 jam
1517 3969 1847 4035 absolvet-am,
1880 3975 2161 4027 retractatis
2190 3969 2424 4027 omnibus
2443 3972 2582 4025 libris
2609 3973 2747 4035 meis,
2776 3969 2885 4042 etc.
2919 3971 3191 4027 Restabant
3222 3969 3464 4042 epistolas,
3498 3974 3591 4029 de-

324 4043 438 4096 inde
468 4053 711 4097 tractatus
743 4041 1031 4111 papillares,
1065 4057 1190 4110 quas
1217 4039 1387 4094 Graeci
1406 4042 1641 4095 homilias
1670 4052 1864 4097 vocant.
1898 4043 2090 4099 Verum
2118 4043 2428 4112 opusculum
2454 4052 2734 4112 utrumque
2754 4041 2820 4096 de
2849 4041 3180 4098 Coutinentia
3208 4039 3262 4097 et
3282 4043 3348 4099 de
3378 4039 3592 4099 Patien-

325 4114 393 4167 tia
421 4121 686 4168 memorat
711 4112 1054 4182 Augustinus.
1086 4126 1346 4179 suumque
1371 4126 1490 4167 esse
1514 4113 1752 4182 agnoscit
1782 4115 1835 4167 in
1865 4115 2085 4182 epistola
2114 4115 2213 4169 231
2240 4154 2255 4177 ,
2300 4128 2354 4166 n.
2389 4115 2439 4177 7,
2469 4114 2534 4166 ad
2566 4114 2801 4167 Darium.
2833 4113 2944 4167 Hoc
2973 4115 3202 4169 maxime
3229 4116 3592 4170 testimonium

323 4184 603 4254 Augustini
633 4183 798 4252 ipsius
829 4181 1072 4254 prohibet
1101 4197 1169 4236 ne
1196 4181 1448 4254 ingdubiis
1476 4184 1747 4252 opusculis
1784 4181 2125 4239 numeremus
2167 4184 2363 4253 subseq

2368 4194 2579 4238 uentem
2613 4183 2826 4246 librum.
2856 4183 2908 4237 iu
2936 4185 3086 4254 cujus
3114 4186 3237 4239 stilo
3264 4200 3360 4239 nos
3402 4202 3589 4243 revera

320 4252 427 4309 non
455 4269 643 4337 parum
674 4252 1109 4337 ttiuvebatgepus
1133 4252 1772 4337 orati.onis,‘qua:.desiuit_
1791 4256 2096 4337 plerumque
2120 4270 2183 4337 ac
2202 4252 2435 4337 studiuse
2460 4254 2743 4337 admodum
2776 4252 3087 4337 terminatur
3111 4256 3587 4337 similiuverborum

316 4321 471 4406 sono.
508 4324 768 4406 Exemplo
797 4324 862 4377 sit
894 4321 1127 4406 iiiudex
1157 4322 1327 4406 capite
1360 4321 1566 4406 lyubi
1594 4339 1715 4406 cum
1747 4321 1926 4406 Atia-nr
1944 4321 2044 4379 Job
2071 4325 2562 4406 ita'comparuturuz.
2582 4325 2789 4406 Cautior
2816 4326 2912 4394 fuit
2930 4325 3023 4406 iste
3046 4326 3097 4378 in
3130 4325 3404 4406 doloribus.
3432 4338 3587 4397 quam

317 4396 405 4448 ille
430 4396 484 4448 in
512 4394 795 4448 nemoribus
826 4409 844 4447 :
886 4394 973 4446 ille
1001 4393 1158 4447 victus
1191 4393 1262 4447 est
1302 4394 1354 4448 in
1382 4393 1603 4461 deliciis,
1633 4396 1727 4449 iste
1767 4396 1883 4449 vicit
1908 4396 1960 4449 in
1996 4396 2191 4466 poenis;
2218 4393 2466 4449 consensit
2501 4395 2589 4449 ille
2621 4393 3018 4465 oblecyntentis,
3065 4412 3164 4450 non
3193 4397 3336 4450 cessit
3362 4393 3456 4450 iste
3482 4407 3588 4451 tor-

316 4467 515 4521 ruentis.

388 4537 658 4591 Caeterum
689 4535 776 4590 hic
806 4535 940 4616 liber
960 4534 1562 4616 doctrinamnAugustini
1592 4551 1901 4616 germanam
1926 4537 2106 4601 refert,
2140 4536 2374 4616 nihilque
2406 4536 2616 4616 peniius
2645 4536 2801 4590 habet
2828 4543 2920 4589 aut
2946 4536 3268 4616 contrarium
3296 4546 3386 4616 aut
3411 4538 3589 4595 minus

317 4609 365 4662 ei
396 4617 833 4676 consentaneum.
864 4606 918 4660 In
950 4606 1122 4673 capite
1146 4606 1231 4671 l3,
1262 4605 1550 4676 Donatistae
1582 4607 1680 4660 sibi
1723 4607 1851 4675 ipsis
1880 4618 2103 4661 mortem
2126 4605 2408 4662 aﬂerentes
2446 4605 2604 4676 tacito
2632 4622 2815 4659 eorum
2846 4606 3058 4660 nomine
3088 4607 3585 4676 reprehenduntur:

315 4693 423 4747 quo
445 4678 563 4731 loco
588 4674 633 4730 si
661 4676 873 4747 quidem
902 4690 1005 4729 non
1048 4674 1399 4747 respondetur
1427 4675 1490 4729 ad
1527 4676 1701 4729 Razim
1727 4674 2060 4746 exemplum,
2096 4677 2236 4745 quod
2274 4692 2337 4731 ex
2369 4677 2502 4729 libro
2532 4675 2953 4731 Machabaaorum
2982 4674 3216 4732 secundo
3249 4679 3485 4747 proferre
3513 4680 3586 4734 illi

314 4746 598 4820 creperum
621 4762 763 4820 anno
788 4746 910 4813 420,
939 4746 1238 4820 conjectare
1269 4746 1390 4820 hinc
1416 4746 1535 4820 licet
1556 4747 1792 4802 habitum
1819 4763 1939 4820 esse
1980 4762 2283 4820 sermonem
2323 4758 2445 4820 ante
2472 4747 2523 4801 id
2553 4757 2783 4817 tempus.
2814 4747 3003 4820 Postea
3027 4750 3189 4803 etiam
3221 4746 3272 4820 in
3299 4750 3471 4820 capite
3500 4751 3585 4813 l5,

316 4816 415 4889 ubi
434 4828 620 4873 contra
645 4818 838 4871 divinae
867 4818 1048 4889 gratiae
1073 4817 1406 4889 adversarios
1446 4816 1765 4889 disputatur,
1798 4819 2032 4888 parcitur
2054 4818 2227 4873 adhuc
2252 4816 2675 4888 Pelagianorum
2695 4819 2925 4881 nomini;
2960 4833 3093 4889 quos
3117 4818 3330 4889 quidem
3358 4816 3425 4873 ab
3448 4834 3590 4872 anno

316 4888 421 4944 418
447 4891 585 4944 solet
605 4889 927 4951 Augustinus
959 4888 1130 4956 palam
1162 4887 1551 4957 etnominatim
1577 4887 1820 4957 arguere.

389 4957 443 5013 In
476 4960 649 5028 capite
676 4958 768 5023 26.
802 4958 1045 5029 harsitare
1072 4956 1327 5027 quosdam
1360 4956 1722 5029 intelligimus.
1753 4960 1873 5028 quia
1908 4957 2103 5014 dicitur
2132 4957 2390 5013 laudanda
2416 4957 2739 5014 schismatici
2770 4958 3051 5029 patientia,
3090 4960 3179 5029 qui
3208 4974 3312 5012 non
3340 4970 3406 5014 ex
3448 4956 3584 5013 clra-

318 5029 499 5095 ritate,
527 5027 622 5085 sed
646 5034 717 5083 ex
747 5031 935 5084 timore
954 5027 1211 5099 gelieutne
1236 5030 1456 5099 patitur.
1490 5043 1555 5099 ne
1578 5027 1845 5083 Christum
1873 5040 2047 5099 neget,
2076 5039 2234 5099 atque
2261 5031 2373 5084 haec
2399 5039 2611 5099 putatur
2640 5030 2737 5098 ipsi
2767 5027 3003 5083 nonnihil
3034 5027 3331 5098 profutura.
3364 5038 3420 5082 ut
3454 5030 3598 5084 tole-

316 5100 535 5157 rabilior
560 5101 630 5154 sit
662 5100 779 5166 ejus
812 5098 1105 5153 damnatio.
1147 5097 1250 5152 Sed
1282 5099 1383 5154 hoc
1411 5098 1655 5223 profecto
1685 5097 2016 5170 nequaquam
2045 5097 2275 5154 alienum
2302 5097 2475 5155 est'ab
2505 5097 2824 5170 AuguStino,
2859 5101 2948 5169 qui
2997 5097 3065 5154 de
3113 5100 3236 5181 ipso.
3256 5099 3453 5181 inﬁdeli
3488 5099 3585 5155 Fa-

320 5168 475 5223 britio
501 5173 553 5223 itt
578 5171 671 5223 lib.
696 5171 729 5223 4
753 5180 935 5223 contra
956 5168 1245 5223 lulianum.
1269 5184 1384 5223 can.
1450 5212 1465 5223 .
1489 5169 1614 5223 dicit
1639 5186 1651 5222 :
1690 5164 1862 5223 Minus
1884 5172 2013 5223 enim
2041 5168 2298 5223 Fabritius
2318 5187 2471 5223 quam
2494 5169 2716 5223 Catilina
2743 5172 2996 5223 punietur.
3024 5186 3124 5223 non
3150 5187 3268 5223 auia
3290 5181 3380 5223 iste
3400 5170 3582 5223 bonus.

1450 5212 1465 5235 ⁷

320 5168 475 5224 britio
501 5173 553 5225 itt
578 5171 671 5225 lib.
696 5171 729 5225 4
753 5180 935 5224 contra
956 5168 1245 5229 lulianum.
1269 5184 1384 5238 cap.

1489 5169 1614 5224 dicit
1639 5186 1651 5222 :
1690 5164 1862 5223 Minus
1878 5164 2013 5224 enim
2041 5168 2298 5225 Fabritius
2318 5187 2471 5239 quam
2494 5164 2716 5225 Catilina
2741 5164 2996 5240 punietur,
3024 5164 3268 5238 non-quia
3290 5171 3380 5223 iste
3400 5170 3582 5236 bonus.

317 5241 407 5293 sed
427 5242 545 5311 quia
575 5241 662 5321 ille
690 5242 850 5321 magis
875 5239 1066 5321 multis,
1170 5240 1344 5321 minus
1361 5240 1544 5321 impius
1572 5257 1723 5321 quam
1750 5241 1968 5321 Catilina
1994 5240 2401 5321 FabritiusLLton
2428 5258 2567 5321 veras
2593 5239 2793 5321 virtutes
2816 5241 3063 5321 habendo,
3091 5240 3179 5321 sed
3206 5257 3240 5321 a_
3263 5242 3390 5321 ueris
3429 5243 3587 5294 virtu-

318 5309 447 5365 tibus
473 5328 575 5365 non
606 5309 879 5379 plurimum
908 5310 1171 5381 deviando.
1203 5309 1269 5364 Et
1294 5310 1384 5363 lih.
1412 5310 1478 5363 de
1507 5310 1703 5377 Spiritu
1744 5321 1797 5365 et
1826 5311 2024 5366 Littera
2048 5354 2061 5373 .
2105 5326 2222 5381 cap.
2263 5311 2355 5371 27,
2384 5312 2657 5379 explicans
2694 5312 2863 5365 locum
2897 5310 3133 5378 Apostoli
3177 5311 3241 5364 ad
3280 5310 3549 5366 Romanos
3569 5352 3585 5377 ,

318 5395 435 5450 cap.
461 5382 517 5453 ξ,
567 5383 600 5450 ᾗ
646 5383 710 5453 14
735 5399 747 5434 :
782 5382 842 5435 Si
867 5392 1054 5443 autem.
1086 5380 1359 5453 inqttit.lti
1382 5382 1467 5450 qui
1492 5383 1789 5435 naturaliter
1807 5398 1919 5452 qua:
1947 5383 2070 5453 legis
2098 5380 2211 5436 sunt
2239 5383 2452 5450 faciunt,
2481 5382 2713 5453 nondum
2727 5389 2841 5434 sunt
2869 5381 3085 5434 habendi
3105 5381 3157 5433 in
3186 5398 3392 5435 numero
3416 5399 3587 5436 eorum

319 5467 441 5520 quos
465 5451 658 5507 Christi
675 5452 926 5522 justi/ient
966 5452 1163 5525 gratia,
1208 5452 1295 5505 sed
1321 5452 1568 5525 iit-eorum
1596 5454 1762 5525 potius
1787 5451 2007 5518 quorum
2027 5456 2175 5506 etiam
2207 5454 2517 5525 impiorum,
2551 5469 2637 5505 nec
2680 5451 2840 5525 licunt
2890 5466 3059 5525 verum
3098 5453 3338 5525 veraciter
3351 5454 3587 5525 justeque

320 5521 587 5576 colentium
607 5566 622 5588 ,
657 5520 889 5593 (incedam
914 5520 1079 5575 tamen
1108 5523 1243 5590 facta
1265 5520 1343 5574 vel
1368 5520 1603 5592 legimus,
1632 5522 1709 5577 vel
1733 5526 1979 5587 novimus,
2011 5525 2085 5577 vel
2109 5520 2365 5585 audimus.
2390 5538 2502 5592 qua:
2522 5521 2793 5593 secundum
2809 5522 3026 5592 justitite
3048 5523 3275 5593 regulam
3302 5520 3401 5577 non
3424 5520 3588 5577 solum

321 5596 601 5662 vituperare
620 5591 723 5646 non
751 5609 1034 5664 possumus,
1056 5608 1225 5664 verum
1251 5593 1401 5664 etiam
1419 5591 1602 5664 interito
1630 5605 1855 5663 recteque
1880 5594 2147 5647 laudamus
2165 5610 2183 5648 :
2200 5591 2484 5661 qumquam
2506 5593 2547 5645 si
2583 5591 2881 5646 discutiatur
2904 5608 3002 5663 quo
3024 5591 3126 5663 ﬁne
3155 5592 3283 5664 ﬁant
3300 5636 3314 5663 ,
3341 5594 3425 5650 vix
3452 5595 3585 5650 inse-

320 5674 525 5718 rmtntur
551 5679 665 5735 qua
682 5664 895 5733 justitia:
923 5663 1136 5717 debitam
1171 5662 1373 5717 laudem
1401 5662 1798 5733 defensionemve
1824 5674 2124 5728 mereantur,
2155 5672 2261 5719 etc.
