4102 6336
501 383 630 392 ν-
1063 471 1208 585 s.
2105 461 3099 576 nueus'ruvr
3678 382 3687 385 λ

1633 653 2145 720 HlPPONENSIS
2184 652 2536 716 EPISCOPI

469 1079 473 1083 _
673 827 1136 1048 DE
1372 821 3503 1043 PATIENTIA

1474 1156 1954 1271 LIBER
2043 1156 2455 1267 U'NUS
2522 1159 2647 1268 (α).

1739 1359 2426 1400 ...αι-θοοῦ-

511 1474 743 1537 Principio
759 1472 1012 1537 distinguit
1032 1462 1321 1537 Augustinus
1344 1467 1625 1537 patientiam
1645 1478 1811 1537 veram
1832 1477 1860 1513 a
1878 1464 2013 1537 falsa.
2027 1465 2468 1537 ⁸Ηοιξιέιιιιιιξιειίηᾴεξ
2492 1466 2550 1515 ad
2575 1478 2685 1515 eam
2712 1476 2823 1537 qua!
2845 1470 3087 1537 veraest,
3114 1476 3205 1537 per
3226 1477 3373 1537 quam
3408 1477 3495 1527 pro
3526 1471 3720 1537 eterna

450 1524 639 1588 vitaet
652 1524 725 1586 ex
748 1535 833 1583 Dei
863 1524 1027 1581 amore
1049 1524 1173 1580 mala
1195 1524 1507 1585 suii‘eruntur,
1532 1527 1810 1589 patientiam
1834 1524 2237 1589 amplectendam.
2274 1533 2420 1576 Docet
2461 1536 2705 1589 postremo

449 1587 635 1649 arbitrii
654 1597 852 1655 viribus,
878 1593 966 1644 sed
987 1593 1161 1642 divina
1184 1591 1354 1654 gratiae
1375 1587 1611 1652 adjutorio
1632 1587 1938 1637 tribuendam
1963 1598 2097 1635 esse.

523 1724 746 1781 CAPUT
766 1720 1045 1779 PRIMUM.
1062 1720 1202 1774 —i.
1235 1717 1491 1772 Patientia
1517 1715 1612 1771 Dei
1636 1716 1813 1787 qualis.
1845 1715 2022 1770 Virtus

452 1817 616 1875 animi
632 1832 751 1887 quze
778 1814 1033 1869 Patientia
1058 1812 1269 1873 dicitur,
1299 1819 1405 1865 tam
1434 1825 1678 1879 magnum
1702 1808 1797 1863 Dei
1824 1808 2022 1862 donum

451 1918 553 1977 est,
578 1917 635 1963 ut
660 1908 817 1962 etiam
838 1905 1000 1976 ipsius
1020 1904 1109 1973 qui
1138 1902 1289 1957 nobis
1308 1916 1426 1956 eam
1453 1900 1695 1971 largitur,
1719 1911 1820 1969 qua
1854 1898 2023 1952 malos

450 2008 509 2055 ut
544 1998 876 2068 corrigantur
917 2002 1228 2063 exspectat,
1273 1990 1535 2063 patientia
1563 1989 1898 2060 prmdicetur.
1947 1989 2023 2042 Ita

448 2089 690 2161 quamvis
712 2088 850 2141 Deus
878 2085 1007 2139 nihil
1030 2084 1136 2154 pati
1165 2082 1330 2153 possit
1362 2084 1403 2148 ³,
1432 2080 1683 2151 patientia
1714 2094 1838 2134 vero
1868 2094 1896 2132 a
1927 2094 2021 2149 pa-

449 2178 629 2234 tiendo
657 2190 851 2232 nomen
876 2174 1162 2243 acceperit,
1191 2172 1476 2241 patientem
1507 2178 1684 2227 tamen
1716 2169 1883 2224 Deum
1913 2184 2023 2223 non

449 2269 609 2326 modo
659 2267 886 2323 fideliter
933 2265 1234 2329 credimus,
1300 2277 1485 2317 verum
1535 2262 1697 2317 etiam
1742 2261 2026 2316 salubriter

448 2360 781 2417 conﬁtemur.
814 2356 919 2412 Sed
951 2356 1044 2410 Dei
1087 2354 1336 2425 patientia
1382 2353 1554 2425 qualis
1581 2362 1635 2407 et
1677 2363 1870 2423 quanta
1915 2353 2021 2421 sit,

450 2466 609 2523 quem
637 2449 767 2505 nihil
806 2447 1127 2519 patientem,
1160 2460 1258 2500 nec
1284 2453 1459 2500 tamen
1491 2444 1849 2515 impatientem
1873 2485 1887 2509 ,
1920 2443 2026 2497 imo

449 2544 609 2599 etiam
639 2541 1075 2613 patientissimum
1113 2538 1338 2593 dicimus
1357 2579 1373 2602 ,
1399 2536 1576 2591 verbis
1602 2538 1866 2606 explicare
1907 2536 2026 2606 quis

451 2633 655 2701 possit?
682 2630 963 2685 lnell'abilis
990 2638 1072 2684 est
1108 2642 1234 2697 ergo
1257 2628 1343 2681 illa
1375 2627 1623 2696 patientia
1653 2628 1695 2693 ',
1725 2627 1860 2681 sicut
1881 2626 2026 2682 zelus

451 2723 568 2791 ejus
587 2763 600 2787 ,
631 2722 768 2777 sicut
794 2722 872 2775 ira
900 2721 1015 2789 ejus
1034 2758 1048 2785 ,
1072 2726 1124 2774 et
1148 2720 1192 2772 si
1221 2717 1344 2786 quid
1370 2717 1670 2786 hujusmodi
1689 2726 1792 2772 est.
1823 2716 1954 2772 Nam
1980 2717 2026 2771 si

451 2822 702 2882 tanquam
729 2821 910 2865 nostra
936 2811 1035 2864 ista
1054 2809 1373 2879 cogitemus,
1409 2808 1460 2862 in
1493 2808 1589 2862 illo
1608 2809 1749 2862 nulla
1771 2818 1913 2863 sunt.
1937 2808 2028 2862 Ni-

451 2903 525 2957 hil
554 2902 698 2959 enim
738 2902 928 2956 horum
974 2914 1070 2953 nos
1113 2901 1229 2953 sine
1272 2898 1513 2952 molestia
1556 2898 1854 2952 sentimus:
1891 2896 2028 2951 absit

449 3002 627 3050 autem
676 3002 733 3048 ut
774 2990 1151 3061 impassihilem
1196 2990 1287 3044 Dei
1337 2998 1579 3043 naturam
1625 2989 1826 3058 perpeti
1868 2988 2027 3042 ullam

450 3085 747 3143 molestiam
774 3084 1118 3153 suspicemur.
1148 3081 1296 3137 Sicut
1337 3089 1514 3138 autem
1542 3081 1682 3135 zelat
1709 3080 1824 3134 sine
1848 3080 2027 3148 aliquo

450 3175 619 3231 livore
636 3216 650 3240 ,
680 3174 924 3229 irascitur
943 3174 1058 3228 sine
1084 3171 1255 3241 aliqua
1282 3172 1680 3241 perturbatione
1698 3206 1714 3234 .
1746 3169 2029 3225 miseretur

452 3270 570 3324 sine
609 3267 787 3337 aliquo
810 3265 1026 3331 dolore,
1056 3265 1279 3335 paenitet
1323 3278 1444 3318 eum
1495 3263 1611 3318 sine
1654 3262 1877 3331 alicujus
1918 3275 2030 3315 suae

449 3358 727 3431 pravitatis
752 3356 1084 3413 correctione
1114 3372 1126 3408 :
1160 3355 1230 3409 ita
1255 3363 1337 3408 est
1373 3354 1580 3423 patiens
1621 3352 1736 3408 sine
1762 3351 1865 3406 ulla
1902 3366 2029 3422 pas-

452 3452 623 3505 sione.
656 3448 804 3503 Nunc
830 3448 1007 3516 itaque
1034 3446 1262 3502 humana
1308 3446 1586 3515 patientia,
1634 3458 1793 3515 quam
1839 3460 2030 3514 capere

452 3553 734 3609 possumus
752 3580 767 3605 ,
798 3545 854 3592 et
882 3537 1078 3591 habere
1103 3535 1358 3591 debemus
1378 3576 1393 3601 ,
1416 3536 1707 3606 cnjusmodi
1735 3537 1839 3602 sit,
1864 3551 2030 3607 quan-

452 3638 566 3683 tum
608 3629 863 3683 Dominus
904 3627 1119 3693 tribuit,
1164 3634 1217 3681 et
1256 3635 1512 3696 quantum
1558 3627 1753 3697 patitur
1800 3626 2031 3682 brevitas

454 3720 728 3789 praesentis
753 3716 1013 3772 sermonis
1032 3715 1327 3786 expediam.

522 3808 747 3863 CAPUT
787 3807 849 3861 ll.
874 3836 946 3847 —-
969 3806 1023 3860 2.
1054 3805 1307 3861 Patientia
1347 3816 1480 3860 recta
1520 3821 1749 3876 quamam
1786 3815 1833 3860 et
1879 3822 2029 3876 quam

459 3901 618 3955 utilis.
660 3898 921 3954 Patientia
951 3897 1207 3963 hominis,
1239 3913 1355 3966 qua)
1386 3906 1527 3951 recta
1560 3904 1642 3951 est
1665 3905 1822 3967 atque
1847 3897 2031 3952 lauda-

458 3992 582 4048 bilis
626 4001 680 4046 et
716 3990 973 4045 vocabulo
1001 3989 1154 4058 digna
1187 3989 1394 4043 virtutis
1415 4031 1429 4053 ,
1477 4004 1539 4044 ea
1590 3987 1893 4059 perhibetur
1928 4005 2028 4060 qua

459 4098 612 4153 aquo
635 4082 814 4136 animo
839 4082 976 4135 mala
1004 4082 1320 4145 toleramus,
1353 4097 1419 4135 ne
1460 4080 1638 4135 animo
1677 4082 1856 4151 iniquo
1893 4083 2031 4139 bona

460 4175 770 4230 deseramus
790 4172 832 4239 ³,
862 4188 958 4240 per
986 4186 1103 4241 qua:
1131 4170 1195 4224 ad
1226 4172 1442 4225 meliora
1467 4172 1856 4241 perveniamus.
1882 4173 2029 4241 Qua-

462 4274 675 4337 propter
697 4262 1031 4333 impatientes
1059 4261 1183 4317 dum
1215 4261 1351 4316 mala
1383 4262 1487 4331 pati
1528 4263 1746 4329 nolunt,
1780 4263 2030 4334 nonem-

458 4360 603 4413 ciunt-
632 4367 688 4411 ut
716 4372 744 4410 a
775 4356 924 4410 malis
952 4362 1222 4418 eruantur,
1253 4351 1350 4441 sed
1391 4362 1449 4407 ut
1488 4354 1623 4409 mala
1652 4355 1887 4425 graviora
1931 4371 2027 4425 pa-

458 4448 673 4502 tiantur.
704 4446 976 4501 Patientes
999 4453 1172 4499 autem
1210 4443 1296 4514 qui
1339 4445 1472 4498 mala
1516 4446 1719 4500 malunt
1745 4461 1849 4500 non
1880 4462 2027 4502 com-

462 4536 721 4593 mittendo
762 4536 929 4600 ferre,
980 4550 1134 4604 quam
1179 4551 1283 4588 non
1329 4534 1548 4589 ferendo
1589 4537 1950 4605 committere,
1976 4546 2030 4593 et

458 4628 651 4684 leviora
702 4626 897 4680 faciunt
949 4641 1066 4694 qua:
1097 4623 1118 4655 ⁸
1155 4640 1250 4694 per
1287 4624 1591 4695 patientiam
1642 4627 1932 4696 patiuntur,
1976 4637 2029 4684 et

458 4720 638 4789 pejora
668 4715 899 4773 evadunt
941 4716 1131 4785 quibus
1173 4730 1267 4785 per
1304 4717 1681 4785 impatientiam
1720 4733 2026 4789 mergeren-

2823 1540 2851 1576 c
2890 1525 3136 1590 patientia:
3160 1525 3528 1587 virtutem,'non
3568 1525 3720 1575 liberi

2134 1723 2221 1770 tur
2251 1715 2292 1768 ί.
2326 1715 2471 1770 Bona
2496 1731 2622 1771 vero
2643 1726 2841 1772 interna
2872 1726 2927 1773 et
2952 1733 3140 1787 magna
3168 1733 3272 1772 non
3304 1715 3561 1788 perdunt,
3591 1714 3721 1771 dum

2130 1806 2285 1860 malis
2323 1808 2704 1878 temporalibus
2750 1808 3106 1878 brevibusque
3150 1823 3257 1864 non
3293 1808 3491 1863 cedunt
3535 1824 3549 1861 :
3588 1822 3725 1878 quo-

2129 1898 2273 1953 niam
2307 1914 2407 1953 non
2435 1909 2553 1954 sunt
2579 1900 2842 1971 condigna
2871 1901 3124 1970 passiones
3152 1900 3305 1970 hujus
3330 1899 3591 1970 temporis,
3617 1899 3721 1952 sic-

2130 1997 2189 2043 ut
2228 1990 2510 2059 Apostolus
2559 1990 2686 2047 dicit
2707 2032 2723 2056 .
2753 1992 2822 2045 ad
2850 1996 3079 2063 futuram
3105 1980 3320 2062 gloriam
3344 2006 3458 2061 qua:
3484 1989 3729 2043 revelabia-

2131 2087 2213 2133 tur
2240 2080 2292 2133 in
2320 2080 2460 2135 nobis
2500 2079 2672 2151 (Rom.
2700 2097 2822 2147 vm,
2855 2080 2967 2152 18).
2996 2080 3066 2135 Ει
3091 2080 3284 2137 iterum
3326 2081 3401 2134 ait
3429 2098 3442 2133 :
3474 2078 3624 2145 Quod
3652 2088 3726 2133 est

2132 2171 2408 2240 temporale
2435 2181 2484 2225 et
2513 2171 2616 2225 leve
2644 2170 2979 2226 tribulationis
3003 2181 3188 2226 nostra:
3212 2214 3227 2239 ,
3275 2172 3329 2225 in
3372 2169 3725 2225 incredibilem

2132 2260 2340 2315 modum
2354 2272 2605 2317 aeternum
2625 2264 2804 2337 ρίου-ἕω
2822 2264 3019 2335 pondus
3038 2274 3273 2335 aperatur
3296 2264 3437 2317 nobis
3464 2265 3483 2295 ²
3513 2262 3580 2334 (ll
3601 2262 3720 2317 Cor.

2133 2365 2213 2418 iv,
2247 2352 2359 2418 i7).

2201 2439 2427 2497 CAPUT
2471 2439 2556 2495 ΠΙ.
2584 2473 2658 2485 -
2682 2442 2736 2496 '5.
2768 2440 3022 2496 Patientia
3045 2442 3332 2513 iniquorum
3375 2452 3583 2514 quanta.
3631 2441 3721 2496 ln-

2133 2541 2377 2588 tueamur
2398 2549 2524 2604 ergo
2544 2576 2558 2600 ,
2587 2534 2902 2600 charissimi,
2936 2541 3130 2603 quanta
3163 2534 3215 2588 in
3244 2534 3512 2589 laboribus
3541 2542 3597 2589 et
3621 2533 3723 2588 dos
3812 2542 3823 2549 '

2130 2626 2331 2681 toribus
2357 2626 2600 2680 homines
2620 2626 2749 2680 dura
2781 2626 3113 2693 sustineant,
3155 2640 3253 2695 pro
3290 2625 3453 2681 rebus
3487 2641 3619 2696 quas
3638 2626 3726 2680 via-

2133 2721 2268 2776 tiose
2288 2721 2548 2790 diligunt,
2579 2728 2635 2775 et
2665 2729 2864 2790 quanto
2887 2733 2949 2775 se
2970 2719 3054 2774 bis
3079 2718 3348 2775 feliciores
3372 2719 3486 2774 fieri
3513 2728 3721 2789 putant,

2132 2820 2281 2867 tanto
2312 2811 2575 2867 infelicius
2604 2812 3005 2881 concupiscunt.
3052 2811 3257 2879 Quanta
3290 2825 3388 2881 pro
3411 2810 3560 2865 falsis
3582 2811 3723 2866 divi-

2134 2902 2220 2957 tiis
2242 2911 2458 2973 ,quanta
2489 2917 2586 2972 pro
2614 2902 2763 2957 vanis
2787 2901 3093 2969 honoribus,
3116 2912 3310 2972 quanta
3343 2917 3437 2971 pro
3465 2901 3683 2957 ludicris
3701 2902 3723 2933 ³

2132 2992 2503 3048 affectionibus
2549 2993 2990 3064 periculosissima
3020 3002 3075 3048 et
3099 2992 3472 3048 molestissima
3517 2994 3725 3063 patien-

2133 3082 2338 3137 tissime
2376 3084 2705 3137 tolerantur!
2738 3082 3016 3147 Pecuniae,
3063 3084 3246 3154 gloriae
3266 3123 3281 3149 ,
3313 3083 3540 3137 lasciviae
3565 3085 3711 3155 cupi-
3780 3090 3793 3097 ‘

2134 3171 2233 3228 dos
2273 3173 2516 3228 videmus
2537 3214 2553 3237 ,
2595 3182 2651 3228 ut
2678 3173 2743 3229 ad
2771 3172 3075 3228 desiderata
3106 3173 3441 3243 perveniant,
3479 3172 3722 3243 adeptisa

2133 3276 2239 3333 que
2279 3276 2384 3315 non
2413 3271 2659 3326 careant,
2688 3262 2857 3329 soles,
2887 3262 3120 3327 imbres,
3148 3262 3360 3332 glacies,
3390 3261 3582 3317 tinctus
3606 3302 3624 3327 ,
3667 3274 3725 3319 et

2136 3353 2611 3423 procellosissimas
2642 3362 3019 3423 tempestates,
3058 3368 3245 3423 aspera
3275 3362 3329 3407 et
3358 3354 3556 3408 incerta
3602 3355 3721 3409 bet-‘-

2135 3446 2308 3501 lorum
2335 3488 2350 3512 ,
2379 3446 2687 3502 immanium
2731 3446 3001 3517 plagarum
3032 3445 3198 3512 ictus,
3243 3450 3299 3502 et
3337 3447 3550 3502 vulnera
3592 3446 3722 3501 hor-

2134 3540 2335 3607 renda,
2366 3556 2471 3595 non
2501 3538 2790 3595 inevitabili
2822 3539 3167 3602 necessitate.
3205 3539 3299 3594 sed
3336 3539 3580 3609 culpabili
3623 3555 3724 3592 vo-

2140 3630 2344 3686 luntate
2409 3629 2668 3699 perferre.
2718 3630 2914 3686 Verum
2961 3630 3044 3685 hae
3088 3630 3246 3686 licitae
3291 3629 3519 3700 quodam
3563 3629 3724 3685 modo

2133 3723 2385 3778 videntur
2416 3724 2653 3777 insanire.

2208 3810 2433 3871 CAPUT
2460 3812 2551 3868 ιν.
2578 3845 2651 3856 --
2671 3812 2799 3869 Htee
2821 3830 2852 3868 a
2876 3815 3019 3869 vanis
3039 3813 3300 3869 laudatur.
3328 3812 3567 3884 Namque
3590 3824 3721 3868 ava-

2134 3905 2289 3971 ritia,
2342 3904 2601 3967 ambitio,
2655 3904 2890 3971 luxuria,
2934 3910 2989 3959 et
3016 3905 3284 3959 variorum
3329 3905 3721 3961 oblectamenta

2135 3995 2402 4060 ludorum,
2424 3994 2523 4050 nisi
2560 3984 2773 4064 propter
2794 3995 2882 4049 illa
2913 3994 3115 4049 facinus
3152 3995 3363 4064 aliquod
3389 3996 3721 4062 admittatur,-

2136 4085 2249 4140 sive
2278 4085 2533 4155 ﬂagitium
2575 4085 2719 4155 quod
2744 4085 2947 4155 legibus
2987 4086 3294 4155 prohibetur
3318 4085 3593 4153 humanis,
3626 4102 3725 4157 pn-

2137 4185 2317 4231 tantur
2343 4175 2410 4231 ad
2443 4176 2794 4231 innocentiam
2821 4176 3088 4247 pertinere
3119 4193 3133 4229 :
3164 4176 3272 4230 imo
3299 4177 3460 4233 etiam
3487 4177 3579 4247 qui
3603 4179 3725 4234 sine

2134 4267 2320 4322 fraude
2343 4266 2681 4338 cujusquam,
2704 4275 2795 4322 aut
2822 4281 2918 4337 pro
2949 4264 3189 4322 habenda
3225 4268 3308 4323 vel
3349 4269 3591 4337 augenda
3620 4284 3723 4338 pe-

2135 4360 2290 4413 cunia
2313 4401 2329 4425 ,
2356 4368 2444 4412 aut
2469 4374 2566 4428 pro
2587 4358 2939 4429 adipiscendis
2964 4358 3045 4413 vel
3078 4358 3368 4413 retinendis
3399 4359 3721 4431 honoribusr

2135 4459 2225 4503 aut
2260 4450 2312 4502 in
2341 4464 2511 4517 agone
2547 4449 2800 4503 certando
2844 4464 2937 4503 seu
2968 4449 3243 4513 venando,
3277 4466 3368 4504 seu
3399 4452 3720 4509 theatricum

2135 4540 2330 4611 aliquid
2365 4542 2713 4609 plausibiliter
2742 4540 3041 4595 exhibendo
3070 4556 3289 4610 magnos
3324 4541 3534 4596 lahnres
3564 4543 3723 4596 dolo-

2135 4648 2325 4702 resque
2360 4632 2668 4701 pertulerit,
2700 4646 2884 4701 parum
2920 4639 3001 4686 est
3042 4631 3182 4701 quod
3222 4632 3460 4701 populari
3491 4634 3726 4688 vanitate

2140 4726 2302 4779 nullis
2329 4724 2830 4794 reprehensionibus
2854 4724 3153 4794 cohibetur,
3185 4724 3279 4779 sed
3311 4725 3525 4794 insuper
3554 4729 3726 4782 extol-

1635 4846 1919 4888 ADIIONITIO
1949 4851 2027 4889 PP.
2068 4852 2542 4893 BEIEDICTINORUI.

514 4920 655 4974 Liber
674 4922 991 4993 deumtientia
1012 4922 1285 4993 recensitus
1308 4929 1385 4993 est
1404 4923 1454 4971 in
1616 4922 1866 4993 Gallicanis
1886 4926 2188 4993 quindecim;
2234 4928 2506 4993 colhertino
2525 4965 2540 4990 ,
2558 4927 2828 4993 sorbonieo,
2854 4929 3107 4993 \jictorino,
3133 4931 3468 4993 Augustinensi
3490 4933 3728 4981 Fremita‘

456 4992 564 5059 ξιιῐῐμ
596 4985 1408 5059 ωιὶοτβέξοξιγθξιιμξδηνξτξίδξθοξίδ
1428 5018 1454 5059 υ,
1485 4985 1815 5059 (ἔξδιθτϐἰϐηξίρ
1862 4985 2273 5059 ii_egio-tnontensi
2296 5026 2310 5050 ,
2343 4985 2671 5059 Floriaee_nsi,_
2700 4985 3366 5059 \indocinensi,_t’rat5I|etisi
3386 5026 3400 5049 ,
3422 4993 3727 5059 Michaelino.

459 5044 759 5115 sudoene'nsi
776 5080 789 5104 ,
807 5044 1140 5115 Divionepsis.
1167 5045 1360 5115 Benigni
1380 5079 1393 5103 ,
1436 5046 1767 5115 Andegavensi
1789 5056 1832 5095 δ.
1854 5044 2021 5115 Albini,
2048 5053 2248 5115 \tetensi
2271 5044 2313 5099 δ’.
2337 5050 2560 5115 Αιζηιιιμιί
2586 5078 2600 5107 ,
2628 5044 2680 5097 et
2721 5050 2888 5115 codice
2910 5044 3115 5115 abhatiae
3150 5054 3324 5102 Casalis
3362 5044 3634 5113 Benedicti;
3678 5056 3728 5103 in

458 5106 671 5177 immanis
692 5115 898 5177 quatuor
919 5104 1224 5155 bibliothecae
1244 5104 1493 5177 vatieante,
1518 5104 1825 5177 cuin-quibus
1850 5111 1994 5157 etiam
2011 5104 2213 5162 collatae
2251 5119 2364 5162 sunt
2386 5104 2627 5161 lectiones
2648 5111 2889 5160 variantes
2911 5112 3209 5174 Belgicorum
3226 5121 3431 5175 quatuor
3468 5121 3575 5164 Mss.
3601 5104 3730 5177 quos

458 5169 681 5218 Viderunt
703 5168 1039 5227 bovanienses,
1066 5180 1253 5216 necnon
1278 5168 1513 5229 primariae
1533 5168 1772 5218 editiones
1794 5176 1865 5217 lar.
1892 5178 1943 5219 et
1966 5178 2073 5221 [λον.

523 5271 1031 5350 Comparavimus
1051 5278 1348 5349 praterea
1375 5289 1473 5330 eas
1504 5289 1705 5331 omnes
1732 5271 2030 5333 editiones
2065 5273 2252 5336 initio
2280 5274 2452 5335 Retr.
2482 5280 2537 5333 et
2560 5269 2845 5335 Confess.
2886 5280 2933 5334 t.
2965 5272 3023 5350 1,
3050 5284 3439 5339 memoratas.
3527 5276 3615 5341 Μ.

520 5416 536 5472 ξ
573 5410 829 5472 Duodecim
844 5417 974 5468 Mss,
992 5408 1113 5458 nihil
1133 5408 1248 5472 mali
1270 5407 1370 5472 pati
1394 5409 1553 5469 possit.

521 5471 542 5529 ἓ
576 5472 657 5520 ttic
677 5470 902 5519 undecim
923 5479 1030 5519 Mss.
1056 5470 1252 5529 addunt,
1271 5469 1369 5519 non
1392 5478 1547 5520 tamen
1569 5469 1719 5519 nulla.

521 5525 541 5563 ³
574 5539 682 5581 ων.
707 5544 815 5596 cum
832 5539 1130 5596 unntantum
1154 5525 1255 5592 Ms,
1280 5544 1365 5581 nec
1390 5532 1547 5582 animo
1572 5532 1733 5596 iniquo
1755 5533 1874 5585 bona
1898 5534 2026 5585 desi-

463 5588 687 5641 tieraimts
709 5606 727 5641 :
750 5594 909 5641 minus
930 5594 1077 5640 bene.

522 5655 542 5683 ⁸
574 5662 703 5713 Lov.,
740 5666 883 5716 quam
906 5666 1029 5713 (μίαν.
1058 5655 1228 5714 Abest,
1252 5667 1394 5717 quam
1411 5692 1424 5715 ,
1457 5658 1517 5705 ah
1542 5658 1684 5707 editis
1704 5657 1811 5708 aliis
1852 5666 1903 5709 et
1924 5666 2027 5707 Mss.

522 5738 594 5801 (α)
616 5739 824 5800 Scriptus
841 5736 964 5786 forte
988 5744 1102 5784 ante
1126 5750 1302 5787 annum
1321 5739 1426 5788 “8.

2201 5413 2218 5485 ξ
2252 5418 2494 5485 Baptism,
2763 5425 2873 5485 qua:
2895 5427 2982 5485 per
3002 5414 3348 5481 impatientiam
3368 5428 3689 5473 mererentur.

2138 5474 2388 5584 Arzsttigliiti,
2411 5474 2464 5524 in
2502 5474 2651 5525 nobis.
2690 5474 2872 5536 Abest,
2895 5474 3001 5538 'in,
3040 5474 3229 5542 a'itss.,
3268 5488 3369 5533 ets
3392 5496 3553 5546 graeco
3578 5492 3724 5536 textu

2175 5549 2461 5646 ῐλῗδξδὲἐίωηί
2484 5597 2580 5648 duo
2595 5604 2721 5659 Mss,
2750 5597 2966 5651 lubricis.
