4102 6336
294 354 390 412 διδ
1189 348 1274 404 DE
1314 346 1693 414 PATIENTIA,
1728 346 1784 403 s.
1816 346 2175 403 AUGUSTINI
2206 347 2405 402 LIBER
2437 343 2637 404 usus.
3463 355 3568 411 διε

294 473 411 528 titur
437 468 692 525 laudibus
717 486 731 522 :
755 468 1006 533 Quoniam
1036 466 1295 529 laudatur,
1327 465 1464 519 sicut
1490 466 1743 534 scriptum
1764 470 1865 527 est,

294 573 520 636 peccator
556 564 611 616 in
648 562 909 617 desideriis
953 561 1138 613 anima:
1176 574 1282 612 sua
1320 556 1493 621 (Psal.
1542 573 1614 625 ix,
1660 557 1737 626 5).
1782 556 1877 610 Vis

293 659 429 713 enim
450 655 840 711 desideriorum
866 653 1348 709 facit-tolerantiam
1377 650 1615 705 laborum
1647 658 1701 705 et
1727 649 1877 703 dolo.

293 763 405 804 rum
436 764 451 800 :
481 756 538 801 et
565 760 725 800 nemo
753 746 852 799 nisi
880 759 976 815 pro
1004 758 1070 798 eo
1093 741 1233 812 quod
1260 741 1511 806 delectat,
1545 750 1737 809 sponte
1758 753 1876 792 sus-

297 838 423 907 cipit
453 838 597 892 ferre
642 836 785 906 quod
814 836 1035 890 cruciat.
1069 834 1174 889 Sed
1203 834 1337 898 istm,
1359 842 1418 886 ut
1441 831 1551 885 dixi
1571 872 1586 895 ,
1615 830 1874 900 cupidita-

293 942 400 995 tes,
439 939 658 1000 propter
685 942 818 999 quas
843 926 1131 996 explendas
1159 926 1247 995 qui
1279 926 1358 978 eis
1397 924 1623 993 ﬂagrant
1646 964 1660 988 ,
1708 923 1874 978 multa

289 1020 417 1073 dura
442 1028 498 1074 et
525 1019 715 1074 acerba
756 1017 1143 1088 patientissime
1180 1016 1477 1081 sustinent,
1510 1014 1668 1069 licitae
1691 1012 1875 1069 existi-

289 1118 502 1165 mantur
524 1110 847 1179 legibusque
872 1123 1164 1162 concessae.

357 1202 443 1257 CA
454 1201 537 1258 PU
546 1202 586 1256 Τ
606 1201 646 1255 ν
657 1243 670 1256 .
681 1231 755 1242 -
770 1202 822 1255 4.
845 1200 1089 1254 Immanis
1106 1199 1372 1254 tolerantia
1390 1198 1620 1252 Catilina
1635 1214 1694 1251 ac
1711 1198 1873 1252 latro-

287 1311 427 1349 num.
448 1294 583 1362 Quid
612 1294 753 1362 quod
769 1294 926 1349 etiam
951 1308 1046 1363 pro
1069 1293 1267 1363 apertis
1296 1292 1605 1358 sceleribus,
1624 1307 1729 1346 non
1744 1298 1873 1346 utea

285 1385 530 1455 puniant,
550 1384 647 1439 sed
669 1391 726 1438 ut
747 1391 1072 1454 perpetrent,
1104 1383 1267 1438 multa
1295 1382 1537 1438 homines
1561 1382 1872 1453 gravissima

284 1474 597 1545 perferunt?
617 1474 805 1530 Nonne
820 1475 887 1529 de
906 1474 1132 1545 quodam
1157 1474 1485 1528 nobilissimo
1505 1474 1688 1543 patria:
1706 1473 1876 1542 parri-

283 1566 398 1620 cida
427 1564 760 1619 smenlarium
785 1564 1082 1618 litterarum
1109 1563 1397 1634 loquuntur
1429 1572 1698 1626 auctores,
1731 1561 1871 1632 quod

283 1656 504 1721 famem,
523 1657 685 1720 sitim,
707 1655 872 1726 frigus
888 1655 1028 1711 ferre
1053 1663 1286 1725 poterat,
1316 1654 1537 1725 ejusque
1551 1665 1871 1723 eratcorpus

281 1746 489 1814 patiens
504 1745 696 1801 inediae
714 1786 729 1811 ,
764 1745 980 1816 algoris,
1000 1746 1189 1815 vigiliae
1207 1787 1223 1813 ,
1253 1760 1410 1814 supra
1440 1761 1595 1815 quam
1625 1746 1869 1815 cuiquam

280 1836 537 1892 credibile
561 1845 643 1892 est
672 1835 935 1909 (Sallust.,
967 1835 1117 1891 Catil.
1148 1852 1259 1908 cap.
1283 1837 1379 1907 5)?
1403 1836 1537 1902 Quid
1560 1836 1627 1891 de
1653 1836 1872 1891 latroni-

285 1927 387 1981 bus
411 1926 609 1990 dicam,
635 1941 861 1997 quorum
903 1942 1090 1982 omnes
1117 1928 1133 1959 ⁸
1163 1942 1283 1982 cum
1317 1927 1630 1981 insidiantur
1658 1927 1871 1981 viatori-

279 2019 399 2084 bus,
418 2027 604 2075 noctes
621 2020 1296 2091 perpetiunturinsomnes,
1324 2028 1481 2090 atque
1507 2029 1563 2073 ut
1594 2031 1868 2074 transeun-

282 2119 368 2166 tes
382 2110 653 2182 excipiant
683 2110 1011 2176 innocentes,
1029 2111 1127 2165 sub
1160 2111 1395 2179 qualibet
1427 2112 1545 2165 caeli
1583 2110 1869 2180 asperitate
1918 2118 1921 2121 λ

280 2209 572 2258 nocentem
596 2203 834 2256 animum
863 2216 1161 2272 corpusque
1189 2201 1462 2272 deligunt?
1489 2202 1713 2269 Quidam
1739 2214 1868 2257 vero

277 2306 469 2347 eorum
500 2292 727 2347 invicem
754 2300 1002 2363 torquere
1032 2292 1398 2362 perhibentur,
1433 2293 1503 2346 ita
1530 2302 1587 2346 ut
1613 2294 1870 2348 exercita-

278 2384 352 2438 tio
381 2392 569 2439 contra
601 2399 787 2455 pennas
822 2385 951 2439 nihil
977 2385 1134 2439 distet
1156 2400 1185 2438 a
1215 2385 1408 2454 poenis.
1438 2383 1555 2439 Non
1579 2385 1720 2439 enim
1754 2395 1870 2439 tan-

278 2486 390 2530 tum
427 2476 670 2532 fortassis
709 2477 1082 2531 excruciantur
1106 2490 1135 2530 a
1171 2476 1350 2546 judice
1398 2485 1456 2529 ut
1499 2489 1529 2529 a
1564 2475 1866 2531 dolentibus

274 2568 474 2621 veritas
503 2567 820 2637 inquiratur,
863 2576 1119 2636 quantum
1146 2582 1174 2619 a
1202 2567 1312 2620 suis
1338 2566 1497 2620 sociis
1527 2576 1582 2620 ut
1606 2581 1635 2620 a
1665 2567 1870 2636 patien-

276 2659 419 2715 tibus
462 2674 573 2713 non
617 2659 871 2727 prodatur
898 2660 939 2711 ’.
981 2658 1048 2713 Et
1076 2668 1251 2713 tamen
1292 2658 1344 2712 in
1384 2657 1468 2712 his
1495 2658 1741 2713 omnibus
1767 2659 1868 2713 mi-

282 2750 450 2807 nuda
476 2759 560 2806 est
585 2751 763 2830 potius
788 2766 946 2822 quam
978 2751 1238 2806 laudanda
1276 2750 1526 2821 patientia
1573 2769 1586 2805 :
1631 2751 1738 2805 imo
1768 2766 1868 2806 nec

280 2840 525 2896 miranda
554 2858 653 2897 nec
680 2843 938 2897 laudanda
965 2884 979 2909 ,
1027 2858 1145 2913 qua:
1174 2843 1315 2897 nulla
1354 2852 1436 2898 est
1460 2860 1474 2909 ;
1506 2842 1599 2899 sed
1626 2842 1864 2899 miranda

274 2933 491 2999 duritia,
525 2935 768 3006 neganda
799 2936 1047 3005 patientia
1080 2954 1093 2990 :
1122 2935 1252 2991 nihil
1280 2947 1456 2991 autem
1485 2936 1591 2991 illic
1614 2935 1733 3006 jure
1754 2937 1870 2990 lau-

274 3027 510 3083 dandum
531 3070 546 3093 ,
580 3027 709 3082 nihil
738 3030 937 3083 utiliter
963 3029 1273 3083 imitandum
1304 3029 1325 3061 ³
1349 3045 1363 3095 ;
1396 3038 1646 3101 tantoque
1670 3032 1865 3086 rectius

276 3120 479 3188 tttajore
507 3119 771 3189 supplicio
792 3120 1011 3190 dignum
1032 3120 1355 3189 judicaveris
1380 3121 1637 3187 animum,
1665 3131 1864 3192 quanto

274 3210 449 3278 magis
488 3210 632 3264 vitiis
676 3210 855 3264 subdit
900 3211 1249 3266 instrumenta
1285 3213 1560 3266 virtutum.
1605 3212 1862 3267 Patientia

274 3314 460 3354 mutes
497 3309 582 3355 est
624 3302 931 3371 sapientiae,
977 3319 1082 3359 non
1126 3301 1323 3359 famula
1370 3305 1861 3375 concupiscentiae:

274 3390 529 3461 patientia
580 3394 748 3447 amica
796 3403 877 3448 est
922 3394 1075 3449 bona:
1104 3395 1446 3451 conscientia:
1471 3438 1486 3464 ,
1516 3411 1618 3451 non
1652 3397 1861 3452 inimica

272 3484 613 3539 innocentia

336 3576 571 3634 CAPUT
598 3576 689 3633 Vl.
718 3608 790 3621 --
815 3580 867 3635 5.
903 3579 1209 3659 Patientiqm
1234 3598 1401 3635 veram
1439 3598 1470 3635 a
1520 3582 1651 3653 falsa
1678 3582 1861 3636 distiu-

272 3670 384 3740 guit
406 3685 563 3723 causa
588 3670 829 3741 patiendi.
862 3671 994 3725 Cum
1024 3686 1152 3741 ergo
1183 3672 1378 3726 videris
1408 3688 1723 3743 quemquam
1766 3690 1862 3744 pa-

274 3761 471 3815 tienter
494 3759 691 3831 aliquid
720 3763 849 3831 pati,
880 3762 985 3817 noli
1014 3765 1268 3819 continuo
1294 3764 1511 3819 laudare
1534 3765 1859 3834 patientiam,

273 3864 433 3919 quam
483 3864 591 3906 non
620 3850 854 3907 ostendit
888 3853 987 3907 nisi
1034 3868 1193 3909 causa
1236 3854 1492 3924 patiendi.
1521 3855 1742 3921 Quando
1773 3856 1861 3911 illa

274 3941 410 3997 bona
436 3951 542 4007 est,
572 3950 697 3998 tunc
725 3944 824 3998 ista
855 3960 979 4000 vera
1018 3953 1100 4000 est
1133 3962 1145 3997 :
1175 3946 1388 4015 quando
1414 3947 1499 4000 illa
1532 3944 1636 4000 non
1667 3948 1863 4018 pollui-

275 4041 359 4088 tur
383 4034 678 4104 cupiditate
699 4078 713 4102 ,
744 4044 868 4091 tunc
898 4052 926 4090 a
957 4037 1186 4093 falsitate
1214 4039 1312 4093 ista
1344 4038 1699 4110 distinguitur.
1722 4040 1857 4095 Cum

274 4140 407 4180 vero
442 4126 530 4180 illa
567 4134 779 4182 tenetur
804 4127 856 4182 in
896 4128 1118 4184 crimine
1138 4171 1151 4194 ,
1184 4138 1309 4184 tunc
1336 4129 1494 4200 hujus
1519 4132 1740 4185 multum
1772 4147 1861 4187 er-

275 4227 423 4272 ratur
468 4218 521 4272 in
572 4218 807 4274 nomine.
835 4219 948 4275 Non
977 4222 1120 4276 enim
1164 4222 1300 4276 sicut
1326 4237 1513 4277 omnes
1557 4224 1645 4293 qui
1689 4225 1865 4279 sciunt

276 4317 396 4363 sunt
444 4309 731 4380 participes
773 4311 1041 4377 scientiae,
1098 4312 1173 4367 ita
1223 4327 1409 4367 omnes
1456 4313 1565 4383 qui‘
1595 4315 1864 4384 patiuntur

277 4410 399 4454 sunt
444 4400 731 4471 participes
780 4402 1047 4470 patientia:
1094 4419 1107 4454 :
1153 4401 1247 4457 sed
1284 4404 1377 4473 qui
1423 4405 1667 4473 passione
1718 4415 1863 4460 recte

278 4502 522 4559 utuntur,
556 4492 607 4545 hi
637 4493 905 4563 patientiae
927 4492 1152 4549 veritate
1182 4492 1484 4560 laudantur,
1509 4494 1561 4549 hi
1595 4496 1863 4564 patientia:

277 4598 498 4639 munere
523 4593 869 4638 coronantur.

345 4674 576 4731 CAPUT
600 4675 709 4729 VII.
730 4704 805 4715 —-
822 4676 875 4730 6.
907 4674 1012 4730 Pro
1036 4686 1223 4731 (eterna
1251 4677 1411 4730 salute
1437 4686 1627 4746 quanta
1654 4677 1866 4745 sufferre

280 4765 455 4820 debent
487 4767 588 4834 pii,
628 4767 672 4821 si
703 4775 844 4820 tanta
871 4782 962 4838 pro
1001 4768 1266 4836 temporali
1296 4769 1395 4820 vita
1430 4768 1692 4838 patiuntur
1717 4770 1859 4821 mali.

280 4854 401 4909 Non
435 4858 620 4911 animae
646 4867 840 4911 tantum
861 4900 876 4924 ,
908 4859 996 4912 sed
1021 4858 1118 4929 ipsi
1138 4873 1333 4927 quoque
1358 4859 1559 4927 corpori
1586 4858 1864 4912 consulitur

280 4952 484 5022 ferendo
510 4961 716 5005 mortem
746 4961 794 5007 et
819 4952 1035 5005 dolores.
1066 4949 1440 5006 Verumtamen
1467 4966 1585 5005 cum
1614 4966 1712 5021 pro
1741 4951 1863 5005 libi-

279 5045 510 5108 dinibus,
558 5044 641 5098 vel
686 5045 844 5098 etiam
885 5043 1195 5110 sceleribus,
1227 5058 1347 5097 cum
1375 5044 1604 5113 denique
1635 5059 1729 5112 pro
1761 5043 1860 5098 ista

282 5139 559 5208 temporali
589 5139 691 5191 vita
722 5152 783 5191 ac
813 5137 983 5191 salute
1010 5136 1171 5189 multa
1203 5135 1446 5191 homines
1472 5136 1735 5190 horrenda
1764 5136 1864 5189 mi-

280 5230 523 5286 rabiliter
552 5229 847 5294 sufferunt;
873 5227 1003 5282 satis
1034 5243 1131 5281 nos
1158 5228 1441 5281 admouent
1473 5236 1665 5296 quanta
1696 5226 1862 5281 suile-

284 5322 444 5376 renda
472 5323 579 5376 sint
605 5336 703 5391 pro
729 5321 833 5375 vita
864 5320 1000 5373 bona
1020 5361 1033 5383 ,
1062 5329 1119 5372 ut
1148 5322 1304 5373 etiam
1335 5328 1515 5387 postea
1550 5319 1716 5388 possit
1743 5333 1863 5373 esse

280 5424 506 5477 aeterna,
537 5420 593 5466 ct
629 5413 746 5465 sine
777 5412 883 5464 ullo
912 5411 1167 5480 temporis
1202 5410 1450 5471 termino,
1483 5411 1598 5464 sine
1624 5410 1863 5464 utilitatis

236 5530 241 5533 ι
282 5507 439 5562 Illius
463 5507 781 5562 detrimento
806 5520 929 5559 vera
951 5503 1201 5559 felicitate
1226 5518 1431 5559 secura.
1463 5503 1716 5558 Dominus
1746 5503 1819 5555 ait
1844 5544 1858 5569 ,

347 5682 365 5711 ν
401 5687 518 5729 Tres
535 5687 723 5729 tantum
752 5686 882 5738 Mss,
904 5677 985 5742 qui
1004 5690 1184 5728 anates.

346 5745 369 5804 ξ
404 5744 473 5790 sic
494 5750 599 5804 uss.
629 5747 681 5789 At
698 5742 833 5804 editi,
857 5741 1141 5804 prodantur.

349 5802 373 5833 ²
407 5801 621 5853 nonnulli
643 5810 768 5863 Mss,
794 5797 1091 5852 laudandum
1114 5800 1193 5851 ubi
1216 5799 1334 5850 ni‘n‘l
1360 5799 1535 5850 utiliter
1553 5797 1854 5849 imitandum.

1985 462 2052 516 In
2090 473 2253 517 uestra
2298 463 2539 533 patientia
2581 464 2895 536 possidebitit
2937 468 3131 524 artiums
3182 480 3365 525 uestras
3412 473 3564 545 (Luc.

1982 574 2101 624 ut,
2138 557 2269 631 l9):
2302 574 2409 614 non
2456 560 2564 626 ait,
2612 562 2766 617 villas
2812 572 3049 630 vestras,
3097 565 3279 621 laudes
3325 579 3565 633 vostras,

1982 651 2219 706 luxurias
2258 660 2496 719 vestras;
2537 655 2630 709 sed
2653 696 2666 721 ,
2707 657 2904 711 animas
2931 668 3140 712 vestras.
3169 658 3225 712 Si
3250 674 3378 728 ergo
3418 669 3564 717 tanta

1982 740 2167 796 suffert
2191 743 2366 797 anima
2397 752 2454 798 ut
2478 745 2744 813 possideat
2769 747 2908 801 unde
2932 756 3152 818 pereat,
3184 759 3377 819 quanta
3406 750 3565 807 debet

1981 831 2207 887 sutl‘erre
2237 849 2304 888 ne
2327 834 2545 904 pereat?
2573 835 2775 891 Deinde
2794 878 2809 899 ,
2843 847 2900 892 ut
2926 838 3052 894 illud
3078 838 3253 894 dicam
3276 840 3416 910 quod
3446 840 3565 895 cul-

1979 922 2156 993 pabile
2185 939 2291 977 non
2322 932 2406 980 est
2425 966 2440 990 ,
2468 926 2510 980 si
2545 935 2685 981 tanta
2715 926 2901 983 suﬂ‘ert
2926 944 3024 998 pro
3052 931 3224 985 salute
3250 932 3430 985 carnis
3452 946 3567 988 sum

1981 1013 2121 1067 inter
2164 1029 2353 1070 manus
2397 1018 2691 1071 secantium
2738 1019 2852 1075 sive
2893 1021 3158 1075 urentium
3198 1020 3563 1086 medicorum,

1980 1113 2175 1174 quanta
2201 1105 2360 1161 debet
2388 1106 2612 1165 suﬂ‘erre
2657 1125 2753 1179 pro
2788 1111 2963 1167 salute
3004 1126 3100 1167 sua
3132 1113 3148 1143 ¹
3177 1112 3316 1168 inter
3356 1112 3567 1169 furores

1980 1196 2337 1263 quorumlibet
2381 1197 2754 1253 inimicorum?
2796 1200 2931 1255 Cum
2977 1201 3203 1268 medici,
3255 1218 3323 1257 ne
3369 1218 3565 1273 corpus

1980 1285 2258 1351 moriatur,
2301 1302 2395 1356 per
2420 1303 2604 1359 poenas
2631 1291 2839 1360 corpori
2868 1292 3185 1358 consulant;
3222 1293 3422 1350 inimici
3462 1308 3563 1348 au-

1981 1382 2088 1430 tem
2158 1390 2344 1446 pmnas
2393 1386 2448 1433 et
2496 1388 2723 1434 mortem
2779 1382 2991 1451 corpori
3043 1382 3449 1450 comminando,
3503 1391 3564 1439 ut

1977 1468 2152 1522 anima
2177 1478 2232 1523 et
2259 1484 2455 1539 corpus
2482 1470 2533 1524 in
2563 1470 2805 1542 gehenna
2824 1473 3098 1529 occidatur
3122 1474 3416 1543 impellant.

2049 1561 2099 1615 7.
2128 1561 2441 1632 Quanquam
2457 1573 2511 1618 et
2536 1564 2632 1634 ipsi
2656 1566 2865 1636 corpori
2890 1576 3015 1622 tunc
3041 1567 3405 1636 providentius
3430 1582 3565 1624 con-

1977 1654 2199 1717 sulatur,
2224 1654 2270 1709 si
2294 1658 2598 1726 temporalis
2618 1658 2762 1714 salus
2785 1659 2901 1728 ejus
2920 1674 3018 1729 pro
3032 1660 3235 1729 justitia
3249 1670 3561 1716 contemna-

1977 1752 2063 1798 tur
2085 1786 2100 1810 ,
2126 1753 2181 1800 et
2208 1759 2365 1815 pinna
2396 1747 2481 1801 vel
2516 1762 2663 1803 mors
2681 1750 2796 1817 ejus
2821 1750 3206 1819 patientissime
3235 1766 3332 1821 pro
3354 1751 3561 1821 justitia

1977 1834 2279 1890 sull‘eratur.
2328 1836 2403 1891 De
2445 1840 2688 1908 corporis
2728 1840 2925 1911 quippe
2963 1840 3330 1911 redemptione
3354 1857 3473 1912 quae
3504 1842 3561 1898 in

1976 1926 2079 1980 ﬁne
2117 1927 2286 1982 futura
2315 1936 2433 1994 est,
2474 1930 2709 2000 loquitur
2742 1932 3027 2001 Apostolus
3048 1974 3064 2000 ,
3097 1933 3185 1990 ubi
3218 1933 3334 1988 ait:
3368 1932 3436 1987 Et
3458 1932 3561 2004 ipsi

1974 2020 2027 2072 in
2048 2020 2413 2090 nobismetipsis
2431 2022 2824 2094 ingentisclmus,
2844 2025 3164 2094 adoptiuum:
3185 2025 3441 2094 ﬁliorum’
3470 2039 3563 2079 e3-

1972 2121 2253 2178 speetantes
2308 2113 2697 2183 redemptionem
2720 2117 2945 2184 corporis
2974 2116 3149 2170 nostri.
3183 2115 3383 2170 Deinde
3431 2114 3561 2169 sub-

1968 2201 2143 2271 junin
2176 2221 2188 2256 :
2222 2203 2329 2273 Spe
2357 2205 2492 2258 enim
2533 2207 2660 2259 salvi
2695 2207 2817 2277 facti
2858 2222 3053 2262 sumus.
3100 2206 3230 2277 Spes
3253 2218 3419 2262 autem
3444 2220 3559 2275 qua

1973 2296 2167 2349 videtur
2189 2337 2204 2361 ,
2254 2313 2354 2351 non
2382 2306 2456 2351 est
2482 2313 2595 2367 spes
2621 2314 2640 2351 :
2662 2298 2796 2366 quod
2824 2298 2959 2352 enim
2994 2298 3125 2352 videt
3165 2297 3277 2367 quis
3296 2338 3311 2363 ,
3350 2297 3473 2366 quid
3509 2308 3560 2352 et

1971 2395 2139 2454 sperat
2169 2386 2228 2438 ’Ἰ
2258 2387 2322 2441 Si
2361 2395 2527 2440 autem
2561 2387 2698 2458 quod
2738 2403 2841 2442 non
2880 2389 3104 2442 uiderint:
3140 2403 3402 2457 speramus
3425 2428 3439 2452 ,
3469 2403 3559 2458 per

1974 2478 2265 2547 patientiam
2292 2488 2637 2547 exspectamus
2665 2476 2838 2550 (Rom.
2867 2494 2983 2545 vni,
3008 2476 3219 2549 25-25).

2040 2565 2265 2623 CAPUT
2290 2566 2421 2622 Vlll.
2449 2597 2523 2609 --
2551 2566 2822 2623 Patientia
2844 2585 2964 2622 usus
2983 2568 3038 2623 in
3074 2568 3244 2622 animo
3272 2578 3319 2623 et
3356 2570 3411 2622 in
3439 2585 3554 2624 cor-

1972 2675 2110 2727 pore.
2137 2658 2269 2714 Cum
2300 2675 2427 2731 ergo
2457 2670 2704 2729 torquent
2731 2661 2902 2731 aliqua
2933 2662 3092 2728 mala,
3126 2660 3219 2717 sed
3247 2675 3353 2716 non
3374 2671 3558 2720 extor-

1970 2759 2136 2818 quent
2177 2765 2340 2819 opera
2365 2751 2503 2805 mala
2525 2792 2539 2815 ,
2584 2766 2691 2805 non
2720 2751 2893 2807 solum
2923 2752 3099 2806 anima
3129 2768 3224 2821 per
3251 2753 3555 2823 patientiam

1971 2838 2301 2909 possidetur;
2356 2857 2539 2895 verum
2589 2843 2748 2896 etiam
2793 2858 2913 2897 cum
2954 2858 3048 2912 per
3085 2843 3392 2913 patientiam
3434 2858 3560 2900 cor-

1971 2944 2071 2999 pus
2096 2930 2268 3001 ipsum
2289 2930 2355 2985 ad
2386 2939 2594 3001 tempus
2618 2932 2868 3003 afﬂigitur
2898 2933 2979 2986 vel
3006 2934 3295 3001 amittitur,
3324 2934 3375 2989 in
3396 2944 3556 2991 teter-

1970 3035 2092 3075 nam
2139 3022 2478 3078 stabilitatem
2525 3022 2855 3092 salutemque
2904 3024 3226 3091 resumitur,
3275 3034 3330 3079 et
3365 3024 3415 3079 ei
3464 3039 3561 3094 per

1969 3111 2211 3167 dolorem
2247 3121 2303 3167 et
2345 3122 2571 3167 mortem
2615 3113 2933 3168 inviolabilis
2974 3114 3175 3168 sanitas
3203 3122 3259 3169 et
3287 3113 3410 3169 felix
3449 3114 3554 3169 ini-

1969 3204 2264 3259 mortalitas
2308 3213 2666 3273 comparatur.
2710 3204 2860 3260 Unde
2904 3204 3163 3260 Dominus
3187 3204 3343 3261 Jesus
3368 3205 3434 3260 ad
3460 3221 3557 3277 pa-

1970 3296 2206 3350 tientiam
2245 3297 2535 3351 exhortans
2575 3305 2836 3368 martyres
2861 3313 3015 3364 suos,
3055 3298 3214 3353 etiam
3248 3300 3410 3370 ipsius
3429 3314 3556 3356 cor-

1970 3387 2115 3456 poris
2170 3386 2529 3457 integritatem
2584 3387 2814 3441 futuram
2868 3389 2985 3443 sine
3035 3388 3389 3459 cujusquam,
3446 3406 3556 3446 nou

1968 3478 2143 3535 dicam
2171 3479 2417 3544 membri,
2451 3478 2543 3534 sed
2572 3478 2743 3548 capilli
2771 3479 3078 3545 amissione,
3108 3480 3367 3549 promisit.
3395 3482 3557 3536 Anien

1968 3569 2083 3622 dico
2107 3571 2245 3623 vobis
2270 3611 2284 3636 ,
2327 3569 2533 3639 inquit,
2571 3568 2787 3639 capillus
2829 3571 3012 3639 capitis
3057 3572 3207 3624 vestri
3235 3588 3336 3625 non
3378 3571 3556 3642 peribit

1973 3658 2123 3731 (Luc.
2150 3675 2266 3727 χχι,
2302 3660 2410 3732 l8).
2441 3659 2512 3715 Ut
2532 3661 2779 3731 quoniam
2809 3678 2953 3715 nemo
2981 3678 3222 3733 unquam,
3251 3662 3389 3718 sicut
3417 3664 3559 3729 Apo-

1968 3751 2138 3806 stolus
2161 3751 2321 3817 dicit,
2352 3767 2556 3805 carnem
2579 3768 2725 3806 suam
2751 3752 2868 3806 odio
2891 3752 3066 3806 habuit
3095 3752 3312 3824 (Epltes.
3342 3770 3408 3821 v,
3434 3754 3552 3827 29),

1970 3845 2137 3915 magis
2167 3844 2328 3899 homo
2369 3845 2542 3900 ﬁdelis
2582 3862 2675 3914 per
2706 3847 3009 3915 patientiam
3040 3862 3201 3917 quam
3239 3863 3336 3917 per
3379 3848 3552 3918 impa-

1971 3936 2206 3990 tientiam
2257 3952 2354 4005 pro
2401 3946 2540 3991 statu
2586 3953 2696 3992 sum
2727 3940 2905 3992 carnis
2948 3939 3219 4008 invigilet,
3269 3950 3323 3995 et
3367 3940 3557 3997 futura:

1970 4028 2382 4097 incorruptionis
2412 4028 2760 4083 inaestimabili
2788 4029 2939 4083 lucro
2951 4030 3279 4100 quantalibet
3293 4030 3408 4101 ejus
3424 4046 3558 4102 pm.»

1969 4121 2136 4174 sentia
2162 4120 2354 4174 damna
2383 4129 2709 4190 compenset.

2040 4211 2093 4265 8.
2121 4209 2373 4277 Quamvis
2398 4221 2574 4264 autem
2604 4211 2853 4281 patientia
2879 4198 3048 4269 virtus
3077 4213 3145 4268 sit
3182 4213 3343 4268 animi
3369 4255 3384 4280 ,
3429 4230 3554 4284 par-

1969 4302 2063 4356 tim
2107 4311 2283 4357 tamen
2312 4318 2372 4357 ea
2404 4304 2568 4359 utitur
2591 4306 2799 4359 animus
2840 4305 2893 4360 in
2935 4320 2995 4361 se
3023 4307 3140 4375 ipso
3161 4348 3174 4370 ,
3205 4310 3392 4377 partim
3424 4324 3555 4364 vero

1969 4394 2021 4447 in
2058 4408 2285 4463 corpore
2324 4409 2441 4449 suo.
2488 4395 2544 4449 In
2575 4410 2634 4450 se
2674 4397 2789 4465 ipso
2816 4397 2979 4450 utitur
3009 4398 3291 4465 patientia,
3339 4401 3555 4469 quando

1970 4484 2139 4539 illaaso
2168 4492 2222 4539 ct
2264 4484 2463 4538 intacto
2495 4499 2718 4553 corpore
2757 4486 2956 4554 aliquid
2995 4488 3136 4556 quod
3168 4505 3275 4543 non
3305 4491 3556 4561 expediat

1968 4577 2053 4631 vel
2083 4591 2185 4631 non
2212 4576 2398 4631 deceat
2422 4617 2435 4639 ,
2484 4576 2661 4631 facere
2689 4586 2777 4631 aut
2806 4577 2984 4633 dicere
3010 4581 3331 4648 quibuslibet
3360 4582 3554 4637 adver-

1970 4670 2213 4724 sitatibus
2242 4678 2333 4722 aut
2361 4667 2692 4723 fatuitatibus
2722 4685 2897 4723 rerum
2928 4684 3024 4725 seu
3051 4672 3335 4728 verborum
3368 4674 3556 4727 stimuo

1969 4763 2033 4817 lis
2062 4763 2306 4817 incitatur
2331 4761 2352 4792 ⁸
2373 4804 2386 4828 ,
2431 4769 2485 4816 et
2514 4762 2774 4831 patienter
2818 4765 2953 4817 mala
2982 4765 3157 4817 omnia
3202 4766 3430 4833 tolerat,
3480 4781 3556 4821 ne

1970 4858 2083 4927 ipse
2109 4856 2234 4909 mali
2260 4856 2454 4923 aliquid
2480 4870 2642 4925 opere
2670 4856 2749 4908 vel
2777 4870 2871 4909 ore
2893 4856 3210 4911 committat.

2038 4948 2265 5006 CAPUT
2309 4948 2396 5004 IX.
2439 4981 2509 4991 -—
2552 4949 2809 5003 Patientia
2837 4951 3013 5002 animi.
3055 4950 3157 5003 Per
3186 4949 3323 5003 hanc
3344 4950 3556 5018 patien-

1973 5043 2095 5096 tiam
2141 5043 2498 5105 sustinemus,
2547 5044 2706 5095 etiam
2753 5040 2876 5094 dum
2920 5054 3145 5109 corpore
3188 5039 3302 5093 sani
3342 5052 3555 5104 sumus,

1969 5134 2107 5203 quod
2154 5133 2290 5187 inter
2338 5134 2491 5203 hujus
2534 5132 2713 5186 smculi
2760 5130 3007 5183 scandala
3055 5129 3323 5183 beatitudo
3371 5139 3556 5185 ucstra

1970 5225 2212 5279 differtur
2246 5245 2258 5279 :
2288 5226 2427 5279 unde
2468 5224 2665 5278 dictum
2693 5232 2771 5275 est
2804 5222 2944 5291 quod
2975 5221 3133 5289 paulo
3163 5230 3284 5275 ante
3313 5236 3555 5277 commee

1970 5319 2172 5373 moravi
2194 5362 2208 5383 ,
2255 5319 2314 5374 Si
2349 5318 2482 5386 quod
2515 5334 2615 5370 non
2640 5318 2863 5370 ridemus
2899 5332 3161 5385 speramus
3182 5357 3193 5379 ,
3237 5333 3325 5385 per
3359 5317 3557 5385 patiens

1971 5412 2092 5463 tiam
2127 5420 2492 5481 exspectamus.
2544 5409 2653 5462 llac
2690 5408 2942 5478 patientia
2972 5414 3189 5461 sanctus
3230 5408 3391 5463 David
3426 5423 3556 5463 cuna

2037 5614 2052 5646 ί
2086 5610 2204 5661 Editi
2219 5610 2462 5668 omittunt,
2486 5620 2574 5669 pro
2596 5605 2757 5669 salute
2773 5618 2877 5655 sua.
2904 5604 3187 5669 Restituitur
3211 5618 3275 5655 ex
3303 5614 3408 5656 MSS.

2032 5679 2055 5705 ι
2087 5680 2136 5721 tn
2162 5673 2321 5729 editis,
2346 5665 2559 5735 ﬁliorum
2582 5668 2686 5717 Dei.
2713 5668 2876 5735 abest,
2905 5665 3010 5735 Dei,
3032 5680 3060 5715 a
3081 5673 3189 5716 Mss.

2032 5737 2055 5800 ξ
2085 5741 2161 5783 Er.
2186 5727 2331 5797 Lugd.
2346 5727 2478 5800 'ven.
2499 5738 2629 5788 Lov.,
2652 5727 2771 5800 quid
2791 5734 2953 5800 speer
2977 5727 3005 5800 ξ
3064 5736 3119 5800 ξς.

2035 5798 2056 5829 ⁸
2089 5803 2216 5857 Mss,
2234 5786 2319 5847 s‘éu
2333 5793 2579 5846 verborum
2600 5786 2739 5857 quasi
2760 5786 2964 5841 stintulis
2983 5786 3228 5841 incitatur.
