4102 6336
493 347 598 406 615

495 466 737 525 viciantis
779 461 1069 538 approbria
1111 458 1395 526 toleravit,
1446 466 1495 514 et
1538 470 1656 511 cum
1706 454 1856 510 facile
1901 461 2081 524 posset

497 558 714 627 ulcisci,
764 572 870 614 non
928 553 1102 612 solum
1137 568 1245 608 non
1284 550 1438 617 fecit,
1485 563 1669 603 verum
1699 556 1753 602 et
1793 547 1953 601 alium
1984 558 2081 615 pro

498 666 558 706 se
594 650 864 705 dolentem
900 652 1331 712 commotumque
1355 638 1685 709 compescuit
1722 636 1937 707 (IlReg.
1966 650 2076 702 xvi,

497 739 690 811 5-12);
740 746 795 794 et
831 744 1145 809 potestatem
1189 732 1388 803 regiam
1434 730 1601 800 magis
1639 727 1877 782 adhibuit
1904 726 2081 797 prohi-

496 834 707 900 bendo,
748 845 909 902 quam
952 826 1251 884 exercendo
1300 823 1583 878 vindictam
1633 822 1672 873 ¹.
1726 820 1908 890 Neque
1955 829 2081 874 tunc

493 926 607 996 ejus
633 937 827 993 corpus
869 922 1048 991 aliquo
1090 917 1279 972 morbo
1329 914 1665 984 affligebatur
1704 920 1796 966 aut
1831 911 2075 977 vulnere,

492 1014 586 1071 sed
616 1012 927 1068 humilitatis
955 1017 1164 1078 tempus
1194 1004 1582 1077 agnoscebatur
1600 1044 1615 1069 ,
1660 1016 1723 1056 ac
1760 1000 2030 1056 ferebatur
2056 1002 2077 1031 ⁸

490 1110 737 1163 voluntas
785 1104 919 1170 Dei,
973 1109 1189 1171 propter
1241 1113 1401 1168 quam
1458 1094 1849 1166 patientissimo
1895 1092 2078 1147 animo

494 1194 794 1253 amaritudo
836 1190 1176 1248 contumeliae
1224 1188 1522 1243 bibebatur;
1574 1185 1721 1239 Hanc
1766 1183 2076 1254 patientiam

495 1289 754 1346 Dominus
777 1284 996 1351 docuit,
1021 1280 1234 1353 quando
1261 1278 1542 1335 commotis
1565 1278 1586 1309 ³
1603 1276 1925 1332 zizaniorum
1950 1290 2077 1345 per-

496 1381 753 1438 mixtione
814 1376 984 1432 servis
1014 1415 1030 1439 ,
1074 1382 1128 1429 et
1181 1371 1480 1427 volentibus
1517 1384 1580 1425 ea
1616 1369 1904 1439 colligere,
1946 1366 2079 1421 dixit

493 1470 836 1543 respondisse
876 1464 1344 1547 patremfamilias,
1398 1462 1566 1519 Sinite
1609 1471 1821 1531 utraque
1860 1475 2079 1515 crescere

492 1581 650 1635 usque
672 1562 741 1616 ad
772 1576 979 1615 messem
1009 1557 1222 1628 (.‘datth.
1254 1573 1350 1611 xni
1370 1598 1384 1623 ,
1416 1555 1530 1626 ‘50).
1567 1553 1790 1624 Oportet
1814 1552 1955 1607 enim
1981 1566 2078 1622 pa-

495 1655 688 1710 tienter
743 1652 899 1717 ferri,
939 1649 1079 1721 quod
1130 1648 1441 1704 festinanter
1488 1660 1594 1701 non
1643 1652 1851 1714 oportet
1901 1643 2078 1698 aufer-

495 1743 562 1799 ri.
619 1743 788 1813 Hujus
823 1750 879 1797 et
920 1740 1035 1810 ipse
1068 1739 1332 1809 patientiae
1357 1736 1578 1807 praebuit
1616 1744 1671 1789 et
1696 1726 2079 1789 demonstravit

496 1834 840 1905 exemplum,
895 1830 1109 1902 quando
1154 1839 1278 1884 ante
1325 1828 1628 1898 passionem
1682 1825 1921 1895 corporis
1968 1823 2073 1890 sui,

495 1925 816 1996 discipulum
850 1922 873 1955 ⁸
902 1922 1090 1977 Judam
1142 1919 1448 1990 priusquam
1496 1915 1802 1972 ostenderet
1855 1914 2076 1969 tradito-

491 2032 630 2082 rem,
657 2014 875 2086 pertulit
900 2013 1071 2068 furem
1101 2010 1278 2082 (Joan.
1311 2024 1407 2074 xu,
1435 2008 1490 2075 6,
1513 2016 1561 2061 et
1585 2021 1698 2072 χιιι,
1721 2004 1844 2074 29);
1875 2013 1929 2060 et
1951 2013 2075 2060 ante

490 2108 913 2178 experimentum
943 2104 1270 2159 vinculorum
1301 2111 1356 2157 et
1384 2101 1558 2156 crucis
1581 2109 1636 2155 et
1663 2099 1849 2153 mortis
1872 2140 1887 2164 ,
1921 2097 2074 2153 labiis

489 2198 605 2268 ejus
627 2196 828 2251 dolosis
858 2208 962 2251 non
994 2194 1204 2264 negavit
1227 2192 1467 2247 osculum
1495 2190 1639 2260 pacis
1670 2187 1882 2259 (Matth.
1914 2202 2069 2251 xxvi,

486 2287 604 2357 39).
637 2287 763 2341 Haec
792 2285 969 2340 omnia
991 2324 1005 2349 ,
1051 2292 1106 2339 et
1130 2284 1177 2337 si
1203 2298 1305 2352 qua
1336 2282 1437 2336 alia
1458 2290 1721 2350 suntquae
1750 2291 2077 2334 commemo-

487 2390 613 2433 rare
636 2376 850 2447 longum
879 2382 982 2441 est,
1012 2373 1081 2428 ad
1100 2388 1223 2428 eum
1246 2370 1511 2442 patientiae
1537 2370 1755 2426 modum
1784 2369 2069 2440 pertinent,

487 2484 596 2540 quo
619 2469 827 2524 animus
856 2481 962 2522 non
986 2480 1080 2519 sua
1106 2471 1343 2536 peccata,
1372 2462 1471 2519 sed
1494 2476 1844 2532 quaecumque
1869 2460 2073 2514 extrin-

488 2577 648 2619 secus
673 2561 809 2617 mala
833 2559 1093 2630 patienter
1116 2556 1343 2613 sustinet
1366 2555 1419 2610 in
1451 2568 1510 2610 se
1537 2554 1653 2624 ipso
1675 2595 1690 2620 ,
1726 2567 1823 2608 suo
1854 2565 2072 2623 prorsus

484 2668 713 2725 corpore
731 2652 917 2706 illacso.

559 2741 785 2800 CAPUT
823 2741 893 2797 Χ.
933 2770 1004 2781 --
1054 2737 1313 2793 Patientia
1360 2737 1414 2790 in
1461 2735 1679 2790 externis
1719 2733 2067 2788 incommodis.

498 2834 721 2906 Utraque
750 2833 989 2905 patientia
1024 2832 1078 2884 in
1106 2828 1439 2900 Martyribus.
1483 2825 1753 2880 Patientia:
1776 2826 1942 2895 majus
1960 2841 2071 2879 cer-

491 2936 659 2981 tamen
682 2924 884 2979 diabolo
908 2924 1156 2978 saeviente.
1183 2920 1331 2975 Alius
1357 2928 1439 2975 est
1466 2926 1643 2973 autem
1675 2916 1940 2988 patientia:
1966 2930 2074 2971 mo-

490 3017 627 3083 dus,
669 3029 777 3085 quo
814 3013 954 3068 idem
998 3012 1112 3083 ipse
1141 3011 1352 3065 animus
1379 3022 1728 3079 quaecumque
1772 3006 1993 3061 molesta
2019 3014 2074 3061 et

485 3107 665 3179 gravia
694 3106 749 3160 in
784 3104 867 3159 sui
894 3102 1135 3173 corporis
1164 3101 1501 3171 passionibus
1532 3098 1761 3169 perfert;
1806 3112 1910 3152 non
1937 3098 2072 3153 sicut

492 3197 640 3255 stulti
666 3198 748 3253 vel
773 3195 989 3266 maligni
1010 3194 1256 3249 homines
1273 3235 1289 3259 ,
1315 3202 1538 3263 propter
1566 3188 1907 3259 adipiscenda
1937 3204 2071 3243 vana

488 3290 573 3347 vel
598 3288 804 3345 scelera
838 3282 1189 3358 perpetranda
1213 3299 1229 3349 ;
1269 3282 1364 3338 sed
1409 3282 1545 3337 sicut
1569 3297 1600 3336 a
1628 3280 1854 3335 Domino
1880 3279 2071 3335 defini-

488 3387 599 3436 tum
615 3385 715 3442 est,
739 3386 943 3447 propter
949 3375 1200 3448 justitiam
1218 3371 1431 3443 (Matth.
1450 3386 1506 3438 v,
1524 3371 1634 3441 I0).
1652 3370 1889 3440 Utroque
1914 3368 2072 3425 modo

489 3470 658 3528 sancti
687 3479 949 3540 martyres
972 3472 1330 3523 certaverunt.
1358 3463 1487 3518 Nam
1509 3471 1561 3518 et
1582 3462 1862 3532 impiorum
1885 3475 2072 3531 oppro-

494 3561 621 3617 briis
648 3559 870 3616 saturati
898 3566 1055 3623 sunt,
1084 3555 1174 3611 ubi
1202 3554 1415 3610 animus
1443 3568 1669 3623 corpore
1696 3554 1895 3608 intacto
1919 3566 2071 3623 quas-

490 3652 613 3708 dam
653 3651 819 3707 veluti
863 3650 1043 3720 plagas
1077 3662 1202 3703 suas
1240 3648 1444 3718 integer
1471 3646 1738 3711 sustinet;
1781 3653 1837 3701 et
1868 3645 1921 3699 in
1948 3660 2070 3700 cor-

495 3742 715 3813 poribus
748 3740 907 3795 vincti
935 3747 1057 3794 sunt
1079 3780 1094 3806 ,
1127 3738 1318 3793 inclusi
1346 3744 1503 3802 sunt,
1528 3735 1667 3791 fame
1691 3750 1755 3790 ac
1783 3735 1870 3790 siti
1893 3734 2069 3791 affecti

495 3843 655 3899 sunt,
688 3832 813 3887 torti
847 3839 1009 3897 sunt,
1052 3829 1183 3885 secti
1208 3835 1361 3894 sunt,
1410 3827 1645 3883 dilaniati
1673 3835 1825 3901 sunt,
1865 3827 2069 3883 incensi

491 3931 655 3987 sunt,
701 3921 947 3977 trucidati
973 3929 1098 3976 sunt
1124 3938 1137 3975 :
1167 3928 1222 3975 et
1252 3920 1447 3991 pietate
1486 3918 1746 3974 immobili
1772 3919 1794 3951 ⁸
1819 3918 2071 3974 subdide-

492 4023 619 4069 runt
643 4014 754 4069 Deo
777 4021 1031 4079 mentem,
1056 4027 1178 4067 cum
1209 4019 1520 4082 paterentur
1545 4011 1597 4065 iu
1624 4025 1786 4068 carne
1814 4011 2070 4083 quidquid

495 4104 792 4174 exquirenti
816 4102 1114 4159 crudelitati
1143 4102 1285 4155 venit
1312 4100 1364 4155 in
1389 4109 1645 4156 mentem.

564 4194 620 4251 9.
651 4193 819 4264 Majus
843 4208 972 4247 sane
1001 4192 1269 4262 patientiae
1292 4201 1560 4247 certamen
1590 4201 1701 4258 est,
1725 4193 1936 4262 quando
1963 4209 2069 4250 non

492 4285 718 4342 visibilis
752 4285 997 4339 inimicus
1022 4282 1391 4353 persequendo
1426 4292 1585 4352 atque
1627 4283 1896 4339 saeviendo
1922 4293 2072 4355 urget

489 4378 543 4430 in
563 4376 734 4444 nefas,
766 4376 854 4447 qui
881 4375 1053 4444 palam
1080 4380 1137 4428 et
1160 4382 1342 4443 aperte
1368 4388 1398 4427 a
1430 4387 1535 4428 non
1558 4375 1923 4430 consentiente
1953 4376 2070 4429 vin-

488 4477 643 4522 catur
667 4483 682 4533 ;
708 4466 801 4522 sed
829 4465 941 4537 ipse
963 4464 1227 4527 diabolus,
1252 4464 1343 4533 qui
1368 4464 1528 4519 etiam
1559 4479 1653 4534 per
1678 4464 1814 4519 filios
1844 4465 2071 4520 infideli-

498 4560 654 4626 tatis,
696 4567 945 4627 tanquam
975 4572 1069 4625 per
1092 4570 1187 4610 sua
1221 4569 1345 4609 vasa
1371 4594 1386 4619 ,
1430 4555 1566 4609 filios
1596 4554 1727 4610 lucis
1756 4554 2070 4625 insequitur,

498 4666 592 4721 per
615 4665 673 4705 se
693 4649 864 4719 ipsum
890 4646 1127 4702 occultus
1153 4646 1445 4715 impugnat,
1494 4645 1761 4700 saeviendo
1787 4646 1989 4703 instans
2013 4655 2072 4701 ut

491 4748 675 4799 contra
705 4741 869 4795 Deum
899 4738 990 4792 fiat
1012 4735 1212 4805 aliquid
1238 4737 1320 4791 vel
1347 4736 1576 4792 dicatur.

569 4830 798 4888 CAPUT
826 4830 1007 4885 XL—
1044 4827 1300 4882 Patientia
1332 4829 1491 4883 sancti
1526 4827 1647 4883 Job.
1694 4829 1877 4886 Talem
1921 4831 2070 4887 illum

495 4923 598 4981 Job
622 4929 836 4978 sanctus
865 4928 1113 4990 expertus
1132 4928 1214 4975 est
1229 4958 1245 4985 ,
1266 4927 1488 4990 utraque
1512 4922 1802 4977 tentatione
1826 4932 2066 4991 vexatus,

495 5014 591 5071 sed
621 5016 673 5072 in
703 5023 925 5084 utraque
950 5012 1125 5067 stabili
1157 5011 1424 5081 patientiae
1461 5013 1655 5069 robore
1681 5024 1735 5069 et
1757 5016 1923 5070 armis
1955 5017 2069 5085 pie-

493 5109 618 5163 tatis
652 5106 898 5161 invictus.
940 5104 1075 5160 Nam
1106 5103 1253 5174 prius
1280 5104 1445 5160 illacso
1480 5119 1706 5175 corpore
1730 5116 1919 5161 cuncta
1947 5123 2069 5177 quae

494 5198 721 5255 habebat
745 5196 945 5264 amisit,
968 5205 1026 5252 ut
1048 5196 1255 5252 animus
1275 5204 1399 5252 ante
1422 5211 1533 5252 sua:
1553 5197 1727 5253 carnis
1750 5199 2067 5267 cruciatum,

551 5393 577 5451 ⁸,
602 5389 846 5442 Casallnns
877 5399 981 5451 Ms,
1013 5393 1281 5442 emendo
1301 5391 1576 5442 uindictam.

557 5452 580 5516 ξ
609 5451 715 5501 sola
738 5452 885 5502 editio
908 5459 1040 5516 l._ov.,
1064 5452 1377 5516 referebatur.

557 5513 740 5585 (μοι,
780 5512 972 5585 quando
1014 5512 1321 5566 com'mmitus
1344 5516 1422 5565 de.
1461 5521 1556 5575 En,
1582 5514 1773 5579 quando
1789 5524 2065 5569 commotus.

493 5580 1061 5703 i‘gt‘gaﬁigmegempﬁm
1082 5644 1186 5686 Mss-
1202 5672 1218 5699 ,
1262 5637 1520 5689 diabolum.
1539 5641 1745 5691 Vaticani
1782 5647 1914 5703 tres,
1965 5642 2069 5693 dia-

493 5696 847 5809 bogmc'aSahnus
876 5767 938 5808 Ms
963 5794 974 5821 δ
999 5758 1172 5823 pietate
1205 5759 1506 5811 interrasilem.

1622 328 1709 391 DE
1748 332 2136 401 PATIENTIA,
2179 332 2239 389 S.
2277 326 2646 393 AUGUSTINI

3668 338 3774 397 M6

2190 454 2476 513 subtractis
2507 463 2667 515 rebus
2686 476 2817 531 quas
2840 461 3015 532 magni
3045 461 3280 532 pendere
3301 459 3549 518 homines
3573 462 3775 529 solent,

2185 546 2555 619 frangeretur,
2600 561 2653 608 et
2695 553 2952 609 adversus
2992 554 3157 609 Deum
3204 554 3507 625 loqueretur
3544 554 3769 626 aliquid,

2183 640 2267 694 nis
2315 643 2524 698 amissis
2576 655 2792 715 propter
2853 662 2972 716 quae
3037 648 3181 701 illum
3228 647 3405 703 colere
3464 649 3770 718 putabatur.

2183 732 2475 787 Percussus
2502 745 2583 789 est
2611 737 2769 789 etiam
2796 738 3033 791 omnium
3054 738 3224 793 subita
3256 739 3487 795 orbitate
3514 740 3769 807 filiorum,

2184 832 2241 876 ut
2267 837 2401 890 quos
2441 824 2744 893 singillatim
2775 837 3117 897 susceperat,
3163 829 3322 883 simul
3353 830 3619 897 perderet,
3650 840 3773 887 tan-

2183 928 2339 982 quam
2361 929 2544 969 eorum
2572 918 2927 972 numerositas
2947 959 2963 983 ,
2992 933 3096 972 non
3126 919 3267 974 unde
3291 918 3517 974 felicitas
3543 936 3774 977 ornare-

2183 1010 2269 1057 tur
2313 1004 2611 1073 exstiterit,
2657 1006 2753 1061 sed
2800 1007 2937 1063 unde
2979 1009 3257 1064 calamitas
3305 1020 3610 1079 augeretur.
3664 1010 3771 1068 Ubi

2180 1102 2357 1148 autem
2393 1094 2491 1149 ista
2535 1110 2819 1166 perpessus
2858 1098 2911 1152 in
2944 1099 3054 1153 Deo
3081 1113 3181 1154 suo
3222 1103 3419 1156 mansit
3453 1102 3766 1168 immobilis,

2182 1184 2297 1252 ejus
2321 1184 2514 1239 affixus
2539 1196 2621 1241 est
2646 1188 2902 1243 Voluntati
2928 1222 2943 1253 ,
2979 1204 3137 1259 quem
3178 1206 3283 1245 non
3314 1202 3497 1261 posset
3520 1194 3768 1250 amittere

2181 1275 2282 1329 nisi
2314 1277 2528 1345 propria
2566 1277 2872 1344 voluntate;
2922 1288 2976 1334 et
3011 1295 3107 1349 pro
3148 1281 3213 1335 iis
3241 1296 3361 1352 qua:
3390 1284 3614 1351 perdidit
3640 1301 3767 1341 eum

2181 1367 2270 1436 qui
2298 1366 2515 1423 abstulit
2542 1370 2736 1434 tenuit,
2782 1371 2833 1425 in
2875 1387 2980 1441 quo
3025 1372 3289 1429 inveniret
3326 1375 3466 1445 quod
3494 1393 3765 1448 nunqnam

2182 1458 2397 1526 periret.
2439 1458 2619 1530 Neque
2657 1462 2799 1515 enim
2842 1462 2928 1516 ille
2968 1463 3259 1518 abstulerat
3283 1465 3374 1534 qui
3404 1468 3631 1523 nocendi
3662 1469 3766 1525 ha-

2180 1547 2294 1603 buit
2319 1551 2682 1617 voluntatem,
2712 1552 2804 1606 sed
2831 1552 2919 1607 ille
2945 1553 3037 1622 qui
3065 1553 3282 1611 dederat
3311 1565 3650 1626 potestatem.

2249 1640 2473 1697 CAPUT
2502 1641 2616 1697 XII.
2642 1672 2713 1683 ——
2747 1643 2845 1697 Job
2875 1647 3071 1699 cautior
3097 1645 3313 1703 Artamo.
3348 1649 3647 1719 Aggressus
3676 1663 3767 1708 est

2179 1732 2425 1788 inimicus
2464 1743 2518 1789 et
2558 1749 2792 1804 corpus,
2843 1750 2940 1792 nec
2984 1753 3047 1792 ea
3090 1754 3209 1808 quae
3252 1740 3453 1797 homini
3498 1746 3763 1802 extrinse-

2179 1839 2273 1879 cus
2303 1824 2545 1889 inerant,
2600 1826 2694 1881 sed
2735 1826 2905 1897 ipsum
2932 1827 3041 1897 jam
3085 1831 3352 1887 hominem
3384 1833 3437 1887 in
3463 1848 3564 1904 qua
3592 1839 3765 1906 potuit

2180 1924 2332 1985 parte
2373 1917 2655 1985 percussit.
2699 1918 2739 1971 Α
2770 1920 2944 1989 capite
2987 1936 3156 1990 usque
3192 1923 3256 1976 ad
3304 1924 3463 1992 pedes
3505 1928 3765 1985 ardebant

2178 2006 2391 2062 dolores
2412 2047 2426 2071 ,
2459 2008 2733 2062 seatebant
2754 2024 2992 2075 vermes,
3023 2013 3200 2066 sanies
3224 2012 3492 2068 defluebat
3527 2034 3540 2071 :
3574 2034 3762 2073 mane-

2178 2096 2268 2150 bat
2294 2097 2344 2150 in
2378 2098 2513 2165 putri
2555 2112 2779 2167 corpore
2816 2098 3024 2155 animus
3068 2101 3308 2171 integer,
3359 2104 3764 2178 horrendosque

2176 2189 2443 2244 cruciatus
2493 2190 2668 2244 carnis
2710 2191 3139 2247 contabescentis
3182 2194 3428 2249 inviolata
3472 2197 3663 2265 pietate
3705 2209 3765 2255 et

2177 2280 2483 2350 incorrupta
2504 2280 2758 2350 patientia
2785 2280 3102 2351 perferebat.
3137 2283 3335 2339 Aderat
3360 2302 3493 2340 uxor
3510 2328 3524 2353 ,
3553 2303 3650 2343 nec
3677 2288 3763 2344 fed

2181 2368 2336 2426 rebat
2358 2383 2515 2440 Opem
2540 2371 2771 2442 aliquam
2795 2372 2911 2429 viro
2930 2415 2945 2437 ,
2978 2373 3070 2428 sed
3099 2374 3150 2429 in
3182 2375 3349 2431 Deum
3378 2375 3761 2446 blasphemiam

2175 2462 2509 2532 suggerebat.
2534 2461 2649 2517 Non
2680 2464 2822 2519 enim
2846 2478 2963 2519 eam
2990 2464 3253 2531 diabolus,
3283 2482 3405 2521 cum
3436 2470 3595 2525 etiam
3620 2470 3763 2526 filios

2174 2554 2522 2623 abstulisset,
2574 2565 2826 2626 tanquam
2875 2559 3102 2614 nocendi
3133 2559 3409 2629 imperitus
3437 2564 3759 2633 reliquerat;

2176 2662 2296 2715 quae
2322 2655 2582 2717 quantum
2612 2656 2758 2704 esset
2787 2652 3087 2705 necessaria
3122 2656 3371 2708 tentatori
3391 2694 3406 2720 ,
3432 2655 3543 2725 jam
3569 2657 3621 2711 in
3652 2658 3759 2712 Eva

2174 2738 2431 2793 didicerat
2459 2737 2611 2809 (Gen.
2643 2756 2698 2795 nt
2721 2781 2736 2805 ,
2769 2742 2900 2812 Hi).
2956 2742 3064 2798 Sed
3108 2745 3268 2799 modo
3303 2746 3525 2801 alterum
3568 2748 3757 2814 Adam,-

2174 2845 2331 2899 quem
2357 2845 2452 2900 per
2476 2831 2752 2887 mulierem
2778 2841 3025 2903 caperet,
3061 2850 3165 2889 non
3209 2836 3503 2892 invenerat.
3544 2839 3764 2896 Cautior

2174 2920 2275 2976 fuit
2318 2922 2419 2976 iste
2468 2923 2519 2976 in
2548 2922 2824 2979 doloribus
2848 2956 2863 2991 ς
2910 2941 3070 2995 quam
3100 2926 3190 2981 ille
3218 2928 3271 2982 in
3300 2931 3641 2985 nemoribus:
3669 2933 3762 2989 ille

2178 3013 2349 3067 victus
2373 3021 2457 3067 est
2486 3012 2538 3066 in
2578 3013 2811 3077 deliciis,
2861 3015 2965 3070 iste
3008 3016 3135 3070 vicit
3168 3018 3221 3071 in
3251 3019 3451 3088 paruis;
3487 3023 3764 3077 consensit

2175 3105 2262 3160 ille
2285 3104 2712 3171 oblectamentis,
2750 3121 2856 3160 non
2883 3108 3042 3162 cessit
3070 3109 3170 3163 iste
3196 3112 3488 3165 tormentis.
3518 3111 3761 3169 Aderant

2174 3204 2230 3251 et
2247 3196 2424 3262 amici,
2454 3211 2557 3251 non
2584 3206 2638 3251 ut
2657 3197 2707 3250 in
2729 3199 2882 3253 malis
2906 3198 3333 3266 consolarentur,
3357 3202 3450 3258 sed
3475 3212 3532 3258 ut
3553 3206 3757 3260 malum

2174 3287 2594 3358 suspicarentur.
2626 3287 2808 3359 Neque
2831 3291 2973 3345 enim
3000 3307 3121 3347 eum
3143 3298 3231 3363 qui
3262 3303 3406 3348 tanta
3436 3297 3758 3366 patiebatur,-

2174 3376 2512 3433 innocentem
2545 3393 2664 3434 esse
2692 3380 3016 3447 credebant,
3062 3397 3161 3439 nec
3203 3385 3413 3440 tacebat
3437 3402 3620 3441 eorum
3651 3388 3759 3443 liud

2173 3484 2272 3540 gua
2315 3469 2455 3540 quod
2504 3471 2647 3525 illius
2686 3472 3012 3527 conscientia
3056 3488 3161 3528 non
3208 3475 3472 3542 habebat;
3521 3486 3579 3531 ut
3620 3479 3761 3535 inter

2174 3561 2439 3617 immanes
2464 3562 2732 3618 cruciatus
2755 3565 2996 3633 corporis
3019 3607 3035 3632 ,
3064 3567 3225 3621 etiam
3247 3567 3395 3624 falsis
3418 3570 3625 3625 animus
3654 3587 3733 3627 cae

2173 3649 2390 3707 deretur
2414 3652 2737 3722 opprobriis.
2763 3656 2833 3708 At
2857 3649 2946 3709 ille
2973 3656 3242 3712 sustinens
3269 3658 3322 3713 in
3341 3673 3504 3715 carne
3540 3660 3761 3716 dolores

2173 3756 2299 3798 suos
2322 3784 2338 3811 ,
2384 3744 2438 3798 in
2467 3744 2630 3799 corde
2674 3760 2887 3801 errores
2931 3747 3139 3804 alienos
3161 3790 3176 3814 ,
3216 3750 3461 3822 conjugis
3496 3754 3755 3823 corripie-

2172 3837 2265 3893 bat
2291 3838 2647 3908 insipientiam
2667 3880 2683 3905 ,
2712 3840 2914 3895 amicos
2941 3839 3167 3897 docebat
3196 3843 3509 3912 sapientiam
3530 3886 3546 3911 ,
3576 3861 3759 3901 serva-

2171 3926 2264 3982 bat
2296 3926 2489 3997 ubique
2510 3927 2835 3996 patientiam.
3330 3940 3333 3943 ‘

2243 4019 2468 4074 CAPUT
2497 4019 2637 4075 XIII.
2668 4050 2739 4061 —
2782 4021 2869 4077 IO.
2901 4022 3226 4093 Impatientia
3253 4023 3637 4081 Donatistarum
3660 4026 3759 4080 sibi

2172 4126 2353 4164 manus
2398 4109 2712 4177 a/ferentium
2738 4152 2753 4177 ,
2807 4114 3010 4182 quando
3045 4131 3077 4168 a
3114 4116 3387 4171 Catholicis
3435 4128 3759 4188 (lacerantur.

2174 4200 2326 4255 Hunc
2351 4200 2690 4267 intueantur,
2731 4204 2819 4273 qui
2847 4204 2947 4257 sibi
2977 4205 3223 4275 ingerunt
3251 4215 3479 4262 mortem
3500 4248 3514 4271 ,
3543 4209 3762 4277 quando

2173 4300 2487 4361 quaeruntur
2507 4291 2572 4347 ad
2604 4294 2803 4357 vitam;
2851 4304 2906 4349 et
2946 4295 3047 4349 sibi
3086 4298 3374 4353 auferendo
3413 4309 3757 4367 praesentem,

2172 4382 2438 4452 abnegant
2467 4391 2523 4437 et
2550 4382 2796 4438 futuram.
2836 4385 2938 4453 Qui
2967 4386 3012 4439 si
3038 4387 3104 4441 ad
3133 4387 3403 4443 Christum
3430 4390 3755 4460 negandum,

2173 4474 2257 4529 vel
2282 4474 2478 4544 aliquid
2498 4486 2681 4530 contra
2700 4478 2955 4543 justitiam
2980 4478 3300 4546 faciendum,
3324 4481 3462 4536 sicut
3480 4483 3591 4538 veri
3623 4498 3761 4537 mar-

2175 4572 2337 4635 tyres,
2361 4574 2696 4635 cogerentur,
2721 4568 2897 4621 omnia
2921 4570 3093 4638 potius
3119 4571 3380 4638 patienter
3407 4571 3759 4652 ferretquam

2175 4655 2276 4711 sibi
2320 4655 2660 4724 impatienter
2688 4668 2915 4713 mortem
2948 4658 3145 4715 inferre
3173 4660 3491 4717 debuerant.
3527 4664 3682 4731 Quod
3712 4666 3757 4719 si

2175 4745 2543 4817 fugiendorum
2586 4748 2845 4817 malorum
2885 4765 3045 4805 causa
3086 4760 3231 4808 recte
3258 4752 3370 4808 fieri
3408 4764 3591 4823 posset
3613 4796 3629 4820 ,
3657 4755 3761 4812 Job

2174 4845 2389 4892 sanctus
2430 4853 2490 4893 se
2522 4838 2636 4908 ipse
2667 4838 2990 4910 perimeret,
3044 4849 3101 4896 ut
3131 4850 3272 4897 tanta
3317 4844 3455 4898 mala
3495 4844 3549 4899 in
3596 4845 3759 4901 rebus

2174 4927 2304 4993 suis,
2329 4927 2380 4981 in
2405 4927 2524 4982 filiis
2553 4930 2694 4994 suis,
2734 4929 2784 4983 in
2812 4930 3069 4986 membris
3096 4932 3227 4999 suis,
3269 4933 3547 4990 diabolicae
3573 4936 3763 4991 crude-

2176 5019 2336 5073 litatis
2360 5018 2635 5090 effugeret.
2665 5020 2778 5074 Non
2810 5030 2985 5076 autem
3014 5024 3157 5079 fecit.
3185 5025 3339 5080 Absit
3370 5027 3511 5081 enim
3540 5036 3597 5081 ut
3624 5028 3677 5082 in
3703 5043 3765 5083 se

2173 5110 2529 5164 committeret
2565 5110 2679 5179 ipse
2716 5111 2796 5164 vir
2823 5113 3069 5181 sapiens,
3108 5116 3249 5185 quod
3291 5132 3391 5172 nec
3418 5119 3610 5174 mulier
3635 5134 3767 5187 sug-

2173 5200 2335 5268 gessit
2362 5199 2642 5268 insipiens.
2680 5199 2811 5266 Quia
2840 5203 2960 5258 etsi
2989 5206 3359 5274 suggessisset,
3382 5209 3572 5264 merito
3593 5218 3648 5264 et
3676 5210 3765 5265 hic

2175 5290 2303 5345 illud
2324 5290 2576 5358 audisset,
2602 5292 2741 5361 quod
2760 5294 2961 5349 audivit
2979 5298 3312 5365 suggerendo
3332 5298 3723 5370 blasphemiam
3746 5318 3761 5354 :

2174 5380 2369 5435 Locuta
2401 5398 2452 5435 es
2478 5391 2713 5451 tanquam
2748 5401 2848 5438 una
2881 5387 3314 5458 “insipientibus
3342 5391 3654 5445 mulieribus.
3701 5392 3764 5446 Si

2178 5474 2305 5526 bona
2329 5473 2637 5541 suscepimus
2668 5475 2730 5529 de
2755 5492 2907 5531 manu
2935 5477 3164 5544 Domini,
3207 5482 3344 5535 mala
3373 5498 3475 5536 non
3489 5482 3763 5537 sustinebi-
3813 5530 3829 5541 .

2174 5579 2285 5617 mus
2331 5561 2473 5632 (Iob.
2503 5580 2553 5629 ι,
2585 5580 2657 5630 ιι,
2690 5566 2843 5637 ctc.)?
2899 5568 2962 5622 Et
3007 5570 3119 5638 ipse
3152 5572 3166 5601 ¹
3198 5571 3394 5641 quippe
3445 5573 3763 5643 patientiam

2177 5655 2527 5727 perdidisset,
2558 5658 2670 5713 sive
2699 5660 3118 5730 blasphemando
3141 5706 3156 5731 ,
3200 5665 3338 5720 sicut
3376 5665 3465 5721 illa
3492 5667 3759 5736 voluerat,

2242 5768 2258 5797 ι
2296 5773 2476 5817 novem
2492 5773 2624 5827 uss,-
2648 5775 2700 5817 Et
2732 5768 2899 5831 ipsam.

3810 2910 3827 3001 ἕ
