4102 6336
257 372 355 433 bl?

251 493 359 548 sive
385 506 443 548 se
464 490 851 555 interficiendo,
874 490 1014 562 quod
1044 507 1139 546 nec
1161 491 1245 546 illa
1273 506 1402 549 ausa
1422 490 1595 549 fuerat
1632 496 1834 562 dicere,

251 593 546 641 moreretur
578 602 591 639 :
619 594 778 655 atque
816 592 961 640 esset
998 584 1135 639 inter
1161 583 1279 639 illos
1307 584 1373 640 de
1414 584 1605 655 quibus
1634 585 1834 641 dictum

249 687 356 747 est,
407 675 498 732 Va:
533 678 597 732 iis
618 678 704 749 qui
733 677 1059 749 perdiderunt
1084 678 1375 748 patientiam
1408 678 1595 750 (Eccli.
1622 695 1680 741 ιι.
1708 680 1832 752 16)!

250 782 300 823 et
328 777 548 841 augeret
578 770 751 839 potius
776 785 933 841 quam
964 768 1214 825 evaderet
1241 784 1428 841 pinnas
1450 813 1462 835 ,
1490 770 1579 841 qui
1606 780 1726 841 post
1753 772 1837 828 sui

248 864 490 933 corporis
519 870 767 929 mortem,
800 864 912 918 sive
936 862 1002 918 ad
1026 863 1484 933 blasphemorum,
1506 864 1620 920 sive
1648 866 1714 920 ad
1742 864 1839 921 hoc

216 1028 219 1029 ν
248 957 560 1012 micidarum
581 996 597 1023 ,
638 956 724 1011 vel
754 957 913 1011 etiam
948 956 1065 1025 plus
1088 971 1247 1026 quam
1288 956 1670 1026 parricidarum
1706 973 1835 1027 sup-

249 1050 398 1118 plicia
429 1057 728 1117 raperetur.
774 1047 832 1103 Si
856 1048 1000 1103 enim
1029 1046 1290 1118 parricida
1323 1063 1389 1103 eo
1417 1048 1726 1104 sceleratior
1752 1060 1837 1105 est

244 1159 403 1212 quam
437 1143 658 1213 quilibet
684 1141 980 1209 homicida,
1022 1142 1142 1212 quia
1181 1157 1287 1196 non
1313 1151 1512 1196 tantum
1542 1142 1832 1210 hominem,

247 1250 431 1289 verum
453 1236 613 1290 etiam
636 1235 991 1307 prepiuquum
1022 1242 1212 1300 necat;
1255 1235 1418 1305 inque
1457 1236 1586 1304 ipsis
1617 1237 1834 1305 parrici-

245 1327 347 1390 dis,
383 1337 583 1398 quanto
612 1326 1041 1398 propinquiorem
1082 1327 1303 1397 quisque
1346 1328 1655 1397 peremerit,
1690 1336 1835 1383 tanto

241 1419 512 1489 judicatur
546 1419 867 1474 immanior:
900 1419 1015 1489 sine
1050 1418 1213 1473 dubio
1242 1418 1395 1490 pejor
1430 1428 1512 1474 est
1540 1421 1630 1490 qui
1660 1435 1718 1474 se
1745 1436 1836 1476 oc-

244 1509 414 1574 cidit;
469 1507 593 1578 quia
641 1522 798 1563 nemo
838 1515 922 1563 est
953 1507 1157 1562 homini
1196 1521 1256 1563 se
1301 1508 1417 1579 ipso
1468 1509 1831 1579 propinquior.

244 1598 382 1666 Quid
405 1615 535 1670 ergo
562 1599 741 1654 miseri
765 1598 996 1663 faciunt,
1028 1598 1118 1669 qui
1144 1613 1263 1653 cum
1294 1606 1351 1654 et
1388 1598 1476 1653 hic
1503 1599 1717 1655 sibimet
1743 1600 1829 1653 in-

244 1703 458 1764 gestas,
514 1700 569 1746 et
613 1700 799 1761 postea
855 1704 962 1745 non
1014 1689 1188 1744 solum
1236 1689 1523 1759 impietatis
1577 1688 1835 1745 adversus

246 1784 439 1849 Deum,
470 1781 566 1838 sed
596 1783 755 1837 etiam
788 1781 955 1851 ipsius
983 1795 1141 1851 quam
1171 1780 1222 1834 in
1251 1794 1309 1835 se
1339 1790 1691 1836 exercuerunt
1714 1796 1836 1837 cru-

245 1874 481 1931 delitatis
530 1874 679 1928 luant
720 1873 926 1928 debitas
963 1886 1188 1943 paenas,
1237 1870 1455 1940 insuper
1496 1881 1739 1942 quierunt
1781 1881 1836 1928 et

243 1980 538 2039 martyrum
565 1967 805 2037 glorias?
832 1981 951 2020 cum
976 1965 1183 2020 etiamsi
1206 1979 1301 2034 pro
1330 1979 1458 2020 vero
1472 1962 1669 2019 Christi
1696 1965 1836 2019 testi-

243 2059 426 2114 monia
458 2057 891 2129 persecutionem
923 2064 1228 2125 paterentur
1247 2096 1262 2121 ,
1291 2063 1346 2110 et
1368 2069 1427 2110 se
1454 2054 1830 2123 interficerent,

242 2166 311 2206 ne
360 2148 560 2220 aliquid
602 2164 632 2202 a
659 2148 1089 2219 persecutoribus
1141 2155 1451 2217 paterentur
1479 2188 1495 2215 ,
1538 2157 1682 2202 recte
1729 2147 1833 2202 illis

240 2243 540 2308 diceretur,
600 2241 686 2297 Vae
708 2244 769 2297 iis
804 2242 888 2313 qui
934 2239 1261 2312 perdiderunt
1302 2240 1633 2312 patientiam!
1683 2239 1831 2308 Quo-

240 2334 403 2390 modo
444 2334 587 2390 enim
624 2333 830 2404 justum
872 2334 890 2363 ί
932 2332 1208 2402 praemium
1255 2332 1524 2401 patientia:
1569 2330 1829 2398 redditur,

240 2428 282 2483 si
314 2437 372 2483 et
404 2427 691 2497 impatiens
722 2424 897 2495 passio
938 2422 1263 2479 coronatur?
1304 2424 1411 2477 Aut
1448 2422 1716 2493 quomodo
1746 2422 1830 2477 in-

239 2534 442 2575 nocens
458 2517 786 2590 judieabitur
806 2558 822 2582 ,
851 2516 934 2571 cui
958 2516 1159 2570 dictum
1185 2526 1289 2582 est,
1326 2515 1516 2587 Diliges
1546 2517 1831 2586 proximum

241 2622 391 2668 tuum
416 2614 549 2668 sicut
574 2622 623 2666 te
645 2612 813 2681 ipsum
848 2610 1063 2685 (Malh.
1090 2625 1206 2678 ιιι,
1235 2608 1325 2679 19)
1351 2649 1370 2676 ,
1415 2608 1461 2663 si
1486 2608 1830 2663 homicidium

238 2704 529 2760 committit
568 2705 622 2758 in
664 2718 726 2759 se
765 2703 919 2773 ipso,
960 2700 1103 2773 quod
1140 2700 1475 2757 committere
1518 2700 1833 2772 prohibetur

238 2797 289 2852 in
322 2797 609 2868 proximo?

307 2886 539 2944 CAPUT
579 2886 717 2943 XIV.
744 2916 818 2929 —
858 2888 948 2943 11.
991 2885 1252 2942 Patientia
1291 2885 1559 2941 bonorum.
1600 2884 1832 2944 Audiaut

238 2995 372 3053 ergo
391 2980 560 3034 sancti
586 2978 656 3034 de
679 2977 967 3049 Scripturis
995 2979 1194 3034 sanctis
1224 2986 1488 3048 praecepta
1511 2976 1782 3047 patientiae
1812 2992 1828 3031 :

158 3078 159 3081 “
238 3071 387 3138 Fili,
438 3072 681 3126 accedens
735 3072 805 3123 ad
849 3070 1134 3125 servitutem
1188 3067 1320 3136 Dei,
1379 3079 1457 3123 sta
1516 3070 1569 3122 in
1629 3068 1832 3140 justitia

237 3169 283 3213 et
314 3160 530 3225 timore,
563 3166 607 3212 et
653 3171 887 3228 prcpara
926 3156 1150 3209 animam
1188 3164 1327 3209 tuam
1360 3154 1428 3208 ad
1467 3155 1786 3208 tentationem
1812 3168 1833 3208 :

238 3249 468 3320 deprime
494 3264 584 3302 cor
608 3256 786 3313 tuum,
808 3257 855 3300 et
878 3246 1102 3310 sustine;
1138 3254 1192 3298 ut
1232 3253 1423 3299 crescat
1454 3245 1510 3297 in
1548 3244 1831 3298 novissimis

237 3343 343 3396 vita
365 3351 474 3395 tua.
499 3339 664 3394 Omne
682 3339 816 3408 quod
836 3336 923 3392 tibi
945 3336 1285 3408 supervenerit
1304 3336 1493 3406 accipe,
1520 3344 1566 3389 et
1585 3336 1639 3388 in
1660 3336 1833 3390 dolore

237 3436 434 3491 sustine
453 3475 470 3501 ,
494 3444 541 3487 et
569 3433 623 3487 in
654 3432 939 3486 humilitate
969 3440 1057 3483 tua
1084 3430 1377 3500 patientiam
1403 3428 1545 3482 habe.
1579 3428 1833 3495 Quoniam

237 3527 289 3581 in
315 3528 437 3599 igne
466 3526 713 3595 probatur
752 3539 935 3577 aurum
960 3531 1005 3575 et
1030 3531 1327 3591 argentum,
1358 3519 1584 3574 homines
1612 3535 1726 3573 vero
1753 3536 1833 3573 re-

239 3620 500 3690 ceptibiles
519 3619 575 3671 in
596 3618 793 3671 camino
818 3615 1182 3669 humiliationis
1204 3611 1393 3683 (Eccli.
1418 3627 1485 3677 ιι,
1518 3611 1662 3681 1-5).
1686 3611 1754 3665 ΕΙ.
1779 3611 1830 3666 in

238 3710 361 3765 loco
388 3709 497 3764 alio
518 3709 710 3778 legitur
739 3725 751 3760 :
784 3706 889 3760 Fili
912 3748 926 3772 ,
960 3722 1020 3759 ne
1041 3705 1247 3773 delicias
1274 3703 1328 3756 in
1352 3703 1622 3774 disciplina
1648 3701 1830 3756 Domi—

241 3804 326 3867 ni,
355 3819 519 3872 neque
548 3800 776 3874 {aligeris
803 3816 913 3852 cum
940 3798 1003 3851 ab
1040 3799 1131 3851 illo
1164 3797 1463 3867 increparis.
1506 3795 1664 3863 Quem
1699 3797 1831 3850 enim

240 3895 407 3967 diligit
437 3893 709 3959 Dominus,
735 3892 943 3960 corripit
966 3909 984 3956 ;
1006 3889 1233 3959 flagellat
1258 3898 1426 3941 autem
1447 3904 1644 3942 onmem
1669 3888 1833 3957 ﬁlium

239 4007 389 4061 quem
404 3991 582 4061 recipit
606 3987 787 4062 (Prov.
807 4004 886 4054 ιιι,
906 3988 966 4042 11
988 3997 1038 4041 ει
1056 3984 1167 4057 12).
1192 3984 1343 4050 Quod
1366 3984 1451 4037 hic
1476 3981 1705 4053 positum
1729 3989 1831 4048 est,

238 4083 408 4150 ﬁlium
426 4099 575 4153 quem
602 4081 809 4149 recipit;
830 4078 931 4133 hoc
964 4078 1015 4131 in
1048 4091 1207 4146 supra
1232 4075 1375 4129 dicto
1398 4071 1704 4128 testimonio
1725 4078 1830 4137 est,

241 4175 474 4230 homines
507 4170 839 4244 receptibiles.
878 4169 990 4224 Hoc
1018 4170 1160 4224 enim
1186 4167 1387 4237 justum
1411 4174 1524 4231 est,
1554 4173 1613 4219 ut
1642 4162 1734 4234 qui
1762 4161 1832 4218 de

240 4267 470 4338 pristina
500 4266 751 4321 felicitate
780 4264 1007 4335 paradisi
1036 4271 1257 4334 propter
1296 4269 1664 4316 contumacem
1695 4256 1832 4312 deli-

240 4361 448 4414 ciarum
504 4356 863 4427 appetentiam
911 4353 1117 4409 dimissi
1161 4368 1389 4417 sumus,
1434 4366 1530 4421 per
1576 4348 1830 4403 humilem

240 4452 612 4507 molestiarum
660 4448 968 4519 patientiam
1012 4446 1333 4515 recipiantur
1379 4461 1392 4496 :
1436 4441 1652 4512 fugaces
1692 4439 1833 4494 mala

243 4543 517 4612 faciendo,
550 4541 777 4596 reduces
800 4539 935 4594 mala
960 4536 1243 4607 patiendo;
1272 4534 1343 4589 ibi
1367 4543 1555 4591 contra
1571 4532 1833 4603 justitiam

238 4635 540 4701 facientes,
566 4618 652 4688 hic
682 4646 782 4703 pro
806 4630 1010 4700 justitia
1036 4628 1320 4699 patientes.

310 4724 544 4784 CAPUT
572 4723 690 4779 XV.
708 4722 883 4777 -12.
907 4720 1161 4774 Patientia
1182 4735 1281 4773 non
1302 4717 1430 4771 venit
1450 4732 1513 4770 ea:
1534 4715 1678 4769 liberi
1699 4714 1838 4769 arbi-

239 4823 327 4876 trii
355 4821 571 4883 viribus,
590 4817 680 4872 sed
700 4832 764 4870 ea:
783 4815 953 4869 divino
979 4814 1255 4884 adjutorio.
1291 4810 1396 4866 Sed
1426 4824 1551 4864 vera
1584 4808 1834 4878 patientia

241 4932 365 4985 quae
394 4914 553 4983 hujus
581 4923 665 4967 εει
684 4908 904 4964 nomine
930 4906 1089 4976 digna
1113 4905 1345 4967 virtutis,
1368 4900 1715 4973 quierendum
1752 4907 1836 4955 est

240 5007 391 5062 unde
419 5013 677 5060 sumatur.
712 5000 848 5056 Sunt
888 4999 1031 5054 enim
1070 4997 1161 5068 qui
1199 5011 1317 5051 eam
1359 4995 1594 5049 tribuant
1634 4990 1836 5045 viribus

237 5097 537 5155 voluntatis
558 5096 831 5159 humanae,
860 5106 967 5146 non
993 5104 1124 5161 quas
1153 5087 1351 5142 habent
1376 5102 1440 5141 ex
1461 5085 1643 5139 divino
1677 5082 1835 5151 adju-

239 5192 419 5253 torio,
446 5188 542 5244 sed
580 5201 715 5257 quas
749 5200 813 5239 ex
852 5183 1020 5238 libero
1056 5180 1300 5235 arbitrio.
1332 5180 1493 5233 Error
1522 5186 1702 5231 autem
1734 5176 1836 5229 iste

237 5282 517 5351 superbus
539 5290 623 5336 est
653 5296 666 5332 :
697 5293 882 5333 eorum
909 5284 993 5330 est
1016 5275 1159 5330 enim
1190 5273 1281 5343 qui
1309 5270 1690 5338 abundant,’de
1719 5269 1836 5339 qui-

236 5376 347 5431 bus
373 5374 569 5429 dicitur
594 5372 647 5427 in
671 5371 882 5425 Psalmo
914 5386 927 5422 :
960 5366 1304 5439 Opprobrium
1329 5366 1398 5419 eis
1425 5364 1512 5436 qui
1535 5362 1794 5416 abundant
1817 5403 1834 5430 ,

236 5479 287 5524 et
316 5466 580 5538 despectio
599 5462 827 5535 superbis
849 5460 1020 5535 (Psal.
1043 5475 1206 5523 oxxu,
1231 5457 1307 5528 4).
1337 5456 1451 5511 Non
1473 5471 1602 5526 ergo
1628 5464 1711 5509 est
1736 5456 1837 5509 ista

239 5561 497 5633 patientia
527 5572 809 5629 pauperum
828 5596 843 5619 ,
873 5569 992 5624 qua;
1031 5570 1131 5607 non
1164 5552 1290 5618 perit
1313 5552 1365 5604 in
1392 5560 1634 5604 aeternum
1666 5546 1836 5619 (Psal.

239 5670 331 5720 ιι,
366 5651 481 5724 19).
514 5650 578 5705 lli
621 5649 764 5705 enim
805 5659 1062 5716 pauperes
1105 5645 1172 5698 ab
1212 5642 1303 5696 illo
1338 5656 1455 5696 eam
1494 5639 1658 5693 divite
1699 5637 1839 5691 acci-

244 5747 428 5817 piunt,
456 5743 541 5799 cui
561 5740 757 5796 dicitur
777 5779 792 5807 ,
824 5737 959 5791 Deus
986 5751 1127 5790 meus
1147 5751 1198 5789 es
1220 5743 1305 5799 tu,
1331 5732 1568 5805 quoniam
1596 5730 1838 5785 bonorum

309 5860 330 5892 ι
374 5863 442 5906 lla
468 5864 575 5905 uss.
600 5862 657 5905 At
676 5852 813 5913 editi,
832 5853 987 5914 justo.

461 5940 688 6006 Sancr.
729 5941 1009 5998 Aususr.
1046 5931 1153 5994 Vl.

1697 377 1896 436 LIBER
1937 379 2131 439 UNUS.

3421 403 3524 465 6|8

1951 515 2171 553 meorum
2193 516 2289 555 non
2317 514 2428 573 eges
2451 501 2620 576 (Psal.
2651 522 2733 572 xv,
2757 509 2844 578 2);
2867 522 2895 561 a
2924 524 3030 580 quo
3055 523 3136 568 est
3156 526 3315 571 omne
3334 515 3515 575 datum

1945 590 2234 681 optimum,
2262 602 2318 648 et
2340 609 2499 651 omne
2526 597 2724 654 donum
2761 600 3050 670 perfectum
3079 603 3283 674 (Jacobi
3303 624 3350 675 ι,
3384 610 3474 681 17)
3498 628 3516 677 ;

1944 680 2010 773 ad
2032 698 2188 753 quem
2210 685 2405 741 clamat
2436 702 2633 759 egenus
2660 701 2714 747 et
2740 707 2960 764 pauper,
2996 696 3085 765 qui
3112 697 3304 773 laudat,
3324 680 3518 757 nomen

1945 771 2060 842 ejus
2082 814 2097 839 ,
2127 784 2180 830 et
2207 776 2438 845 petendo
2459 820 2474 845 ,
2500 781 2789 851 quaerendo
2809 825 2825 851 ,
2859 785 3145 855 pulsando,
3176 787 3306 844 dicit
3337 807 3351 844 :
3382 790 3522 848 Deus

1942 878 2083 917 meus
2103 905 2117 930 ,
2142 866 2278 935 eripe
2305 884 2383 921 me
2408 869 2471 923 de
2494 888 2648 926 manu
2682 877 2961 942 peccatoris
2981 919 2997 945 ,
3025 887 3071 931 et
3099 880 3162 933 de
3179 896 3332 935 manu
3361 884 3519 953 legem

1944 959 2291 1023 praetereuntis
2320 970 2367 1014 et
2406 962 2563 1033 iniqui
2596 982 2614 1018 :
2639 968 2877 1035 quoniam
2914 978 2968 1023 tu
3000 988 3051 1025 es
3092 974 3334 1042 patientia
3374 992 3515 1042 mea,

1942 1042 2178 1137 _Domine,
2206 1065 2319 1120 spes
2344 1068 2456 1106 mea
2481 1070 2512 1106 a
2535 1056 2790 1124 iuventute
2816 1076 2928 1114 mea
2959 1060 3126 1130 (Psal.
3152 1079 3279 1129 ιιι,
3310 1066 3345 1119 4
3369 1076 3415 1119 et
3436 1067 3514 1137 5).

1942 1134 2032 1191 Isti
2062 1147 2239 1194 autem
2266 1142 2355 1210 qui
2386 1143 2679 1212 abundant,
2702 1157 2756 1202 et
2776 1164 2934 1219 egere
2953 1151 3018 1206 ad
3042 1152 3204 1208 Deum
3228 1134 3519 1225 dedignan-

1943 1234 2057 1294 tur,
2087 1244 2154 1284 ne
2182 1230 2249 1286 ah
2277 1230 2368 1287 illo
2407 1235 2668 1305 accipiant
2704 1253 2886 1293 veram
2933 1243 3274 1310 patientiam,
3317 1245 3385 1301 de
3421 1262 3517 1302 sua

1940 1317 2073 1374 falsa
2093 1320 2413 1391 gloriantes,
2441 1326 2722 1382 consilium
2746 1329 2920 1399 inopis
2959 1332 3143 1387 volunt
3166 1334 3517 1404 confundere,

1940 1413 2189 1481 quoniam
2224 1414 2483 1471 Dominus
2522 1431 2646 1488 spes
2674 1420 2790 1488 ejus
2818 1430 2902 1475 est
2932 1420 3102 1492 (Psal.
3136 1441 3225 1479 xm
3246 1467 3262 1493 ,
3301 1426 3380 1497 6).
3410 1427 3518 1483 Nec

1941 1504 2222 1560 attendunt
2239 1522 2360 1562 cum
2384 1507 2627 1565 homines
2660 1520 2786 1567 sunt
2802 1554 2817 1579 ,
2841 1522 2896 1569 et
2916 1530 3047 1582 sum,
3071 1516 3122 1571 id
3143 1526 3244 1582 est,
3270 1516 3518 1573 humana:

1939 1597 2199 1654 voluntati
2227 1609 2428 1656 tantum
2459 1602 2717 1671 tribuunt,
2751 1605 2802 1660 in
2826 1606 2953 1661 illud
2981 1622 3039 1661 se
3064 1608 3337 1665 incurrere
3372 1611 3516 1680 quod

1939 1688 2193 1758 scriptum
2220 1699 2305 1745 est
2334 1709 2345 1744 :
2377 1691 2685 1750 Maledictus
2710 1696 2871 1750 omnis
2900 1697 2987 1767 qui
3024 1715 3166 1768 spem
3194 1716 3339 1754 suam
3378 1703 3521 1771 ponit

1939 1779 1992 1833 in
2015 1780 2216 1835 homine
2237 1781 2450 1854 (Jerem.
2475 1801 2609 1853 xvn,
2640 1784 2720 1858 5).
2745 1786 2893 1843 Unde
2914 1790 3120 1844 etiamsi
3149 1792 3226 1845 eis
3246 1793 3520 1862 contingat

1938 1880 1997 1924 ut
2025 1871 2200 1941 aliqua
2230 1871 2361 1926 dura
2392 1883 2447 1929 et
2468 1890 2686 1945 aspera,
2714 1878 2797 1933 vel
2836 1893 2906 1933 ne
2943 1879 3259 1948 displiceant
3287 1882 3521 1938 homini-

1938 1962 2067 2030 bus,
2100 1964 2179 2019 vel
2210 1980 2276 2020 ne
2301 1968 2543 2036 graviora
2576 1969 2873 2037 patiantur,
2901 1972 2984 2025 vel
3024 1972 3124 2027 sibi
3164 1973 3423 2042 placenda
3462 1983 3521 2030 et

1937 2054 2164 2111 amando
2184 2059 2649 2129 praesumptionem
2672 2077 2824 2115 suam
2843 2102 2859 2128 ,
2882 2062 3065 2117 eadem
3098 2064 3209 2133 ipsa
3239 2066 3519 2135 superbis-

1938 2146 2072 2202 sima
2108 2149 2379 2205 voluntate
2418 2152 2745 2219 sustineant;
2776 2154 2876 2209 hoc
2906 2155 3011 2209 illis
3034 2155 3315 2212 dicendum
3343 2168 3427 2213 est
3451 2158 3522 2214 de

1938 2237 2213 2306 patientia,
2243 2241 2383 2309 quod
2405 2242 2473 2297 de
2499 2243 2757 2312 sapientia
2778 2245 2964 2300 beatus
2990 2246 3216 2303 Jacobus
3244 2250 3518 2318 apostolus

1936 2328 2066 2384 dicit
2091 2347 2104 2383 :
2136 2330 2257 2385 Non
2283 2343 2355 2386 cst
2380 2334 2477 2386 ista
2498 2334 2749 2403 sapientia
2776 2336 3038 2390 desursum
3066 2337 3405 2405 descendens;
3430 2340 3521 2395 sed

1938 2431 2152 2489 terrena,
2182 2425 2420 2479 animalis
2442 2466 2457 2489 ,
2498 2426 2747 2480 diabolica
2768 2426 2970 2496 (Jacobi
2995 2444 3070 2494 ιιι,
3107 2428 3215 2499 15).
3244 2428 3352 2485 Cur
3375 2431 3520 2486 enim

1937 2528 2044 2568 non
2073 2514 2142 2568 sit
2166 2514 2515 2584 superborum
2544 2514 2673 2570 falsa
2696 2516 2972 2587 patientia,
3004 2518 3136 2573 sicut
3162 2520 3520 2589 superborum

1936 2612 2020 2659 est
2049 2606 2177 2659 falsa
2207 2607 2463 2676 sapientia
2487 2606 2607 2679 (a)?
2632 2608 2674 2663 A
2703 2623 2810 2679 quo
2837 2618 2920 2664 est
2943 2620 3120 2665 autem
3151 2626 3273 2666 vera
3303 2612 3519 2682 sapien-

1938 2698 2032 2763 tia,
2057 2697 2126 2751 ab
2153 2698 2244 2752 illo
2270 2708 2351 2753 est
2375 2708 2429 2753 et
2455 2715 2581 2753 vera
2606 2701 2876 2769 patientia.
2908 2701 3039 2756 Huic
3064 2703 3204 2757 enim
3227 2712 3406 2758 cantat
3428 2704 3519 2760 ille

1935 2787 2127 2858 Spiritu
2156 2804 2354 2860 pauper
2387 2808 2399 2843 :
2433 2788 2542 2843 Deo
2571 2793 2795 2862 subjecta
2820 2801 2892 2846 est
2916 2793 3087 2846 anima
3112 2810 3255 2862 mea,
3279 2797 3518 2865 quoniam

1935 2879 1999 2933 ab
2018 2880 2127 2950 ipso
2157 2890 2229 2934 est
2258 2881 2503 2948 patientia
2528 2897 2637 2935 mea
2665 2880 2831 2952 (Psal.
2862 2898 2982 2951 ιιι,
3014 2882 3091 2954 6).

2006 2969 2232 3027 CAPUT
2252 2970 2392 3027 XVI.
2411 2973 2580 3027 —15.
2599 2972 2827 3043 Objectio
2845 2990 2863 3028 :
2879 2992 2969 3043 cur
2990 2977 3260 3032 voluntatis
3275 2978 3402 3032 vires
3417 2995 3519 3034 non

1936 3061 2184 3132 suﬁiciunt
2212 3061 2279 3115 ad
2310 3062 2602 3131 patiendum
2629 3080 2720 3132 pro
2735 3065 2962 3134 justitia,
2985 3066 3113 3119 sicut
3135 3084 3226 3137 pro
3246 3069 3515 3139 injustitia.

1935 3153 2041 3209 Sed
2071 3153 2396 3224 respondent
2440 3164 2495 3210 et
2524 3155 2811 3225 loquuntur
2851 3157 3089 3212 dicentes
3123 3176 3135 3211 :
3176 3157 3233 3213 Si
3269 3160 3519 3217 voluntas

1938 3243 2172 3301 hominis
2198 3246 2314 3300 sine
2342 3245 2454 3300 ullo
2481 3245 2575 3300 Dei
2602 3245 2869 3315 adjutorio
2897 3247 3099 3302 viribus
3128 3248 3281 3304 liberi
3307 3251 3515 3306 arbitrii

1938 3344 2047 3391 tam
2077 3336 2242 3393 multa
2271 3336 2454 3406 gravia
2480 3344 2535 3391 et
2562 3336 2827 3391 horrenda
2857 3336 3074 3407 perfert,
3101 3339 3212 3393 sive
3236 3339 3288 3394 in
3309 3342 3513 3409 animo,

1937 3428 2050 3483 sive
2078 3428 2129 3482 in
2156 3443 2400 3499 corpore,
2428 3438 2483 3483 ut
2509 3430 2744 3484 mortalis
2774 3432 2895 3484 vita:
2916 3430 3072 3499 hujus
3100 3441 3155 3486 et
3182 3444 3519 3502 peccatorum

1938 3520 2292 3576 delectatione
2321 3520 2657 3591 perfruatur;
2686 3538 2783 3577 cur
2807 3537 2914 3577 non
2935 3522 3124 3578 eodem
3149 3526 3308 3582 modo
3326 3527 3514 3582 eadem

1938 3612 2052 3684 ipsa
2080 3613 2324 3667 voluntas
2349 3612 2581 3669 hominis
2610 3613 2811 3669 eisdem
2841 3614 3042 3670 viribus
3083 3616 3236 3672 liberi
3270 3619 3474 3674 arbitrii
3497 3662 3513 3685 ,

1939 3720 2045 3759 non
2082 3703 2150 3758 ad
2199 3705 2300 3759 hoc
2344 3713 2661 3775 exspectans
2702 3720 2761 3759 se
2803 3704 3053 3760 divinitus
3094 3706 3366 3776 adjuvari,
3418 3710 3514 3764 sed

1938 3794 2040 3850 sibi
2067 3794 2293 3848 naturali
2321 3795 2671 3865 possibilitate
2696 3792 2968 3851 sufficiens
2988 3837 3004 3861 ,
3031 3798 3288 3868 quidquid
3316 3799 3517 3855 laboris

1939 3888 2027 3944 vel
2056 3887 2258 3943 doloris
2284 3888 2541 3959 ingeritur
2563 3930 2578 3956 ,
2619 3903 2713 3959 pro
2737 3888 2937 3958 justitia
2964 3899 3016 3945 et
3045 3890 3152 3944 vita
3192 3900 3389 3947 aeterna
3425 3909 3521 3963 pa-

1942 3980 2257 4036 tientissime
2295 3979 2559 4035 sustinet?
2598 3981 2678 4034 An
2716 3996 2879 4046 vero,
2908 3981 3182 4051 inquiunt,
3214 3982 3403 4039 idonea
3434 3995 3518 4039 est

1941 4072 2241 4143 iniquorum
2271 4072 2533 4136 voluntas,
2565 4070 2676 4126 Deo
2703 4087 2807 4126 non
2836 4071 3138 4141 adjuvante,
3172 4083 3227 4127 ut
3254 4089 3311 4129 se
3332 4074 3429 4145 ipsi
3463 4075 3519 4129 in

1940 4162 2259 4219 cruciatibus
2287 4178 2384 4233 pro
2412 4162 2718 4233 iniquitate,
2746 4172 2801 4219 et
2826 4172 3108 4233 antequam
3139 4164 3207 4218 ab
3234 4165 3351 4220 aliis
3391 4181 3514 4221 cru-

1940 4256 2152 4312 cientur
2170 4296 2186 4323 ,
2213 4263 2533 4320 exerceant;
2573 4253 2765 4309 idonea
2790 4265 2872 4310 est
2900 4254 3148 4309 voluntas
3173 4271 3350 4311 moras
3390 4259 3518 4314 vita

1940 4345 2099 4416 hujus
2124 4348 2415 4399 amantium
2440 4387 2456 4413 ,
2488 4354 2545 4399 ut
2574 4345 2683 4399 Deo
2719 4360 2825 4398 non
2855 4345 3170 4414 adjuvante,
3201 4347 3338 4401 inter
3366 4357 3515 4402 atro-

1941 4436 2155 4492 cissima
2181 4444 2236 4490 et
2274 4435 2430 4505 longa
2457 4444 2715 4489 tormenta
2742 4435 2794 4488 in
2833 4435 3111 4490 mendacio
3136 4449 3514 4508 perseverent,

1942 4545 2010 4586 ne
2035 4542 2127 4583 sua
2156 4526 2388 4582 facinora
2414 4526 2728 4582 confitentes
2748 4567 2763 4591 ,
2786 4526 3074 4595 jubeantur
3093 4529 3298 4596 occidi;
3331 4540 3384 4587 et
3409 4548 3520 4591 non

1941 4632 2025 4679 est
2052 4620 2239 4675 idonea
2271 4620 2536 4690 justorum
2568 4620 2814 4674 voluntas
2835 4662 2848 4686 ,
2880 4619 2981 4674 nisi
3017 4620 3095 4676 eis
3124 4622 3264 4678 vires
3290 4624 3525 4696 desuper

1941 4722 2323 4785 suggerantur,
2354 4710 2618 4781 quaslibet
2644 4726 2828 4781 poenas
2847 4753 2862 4777 ,
2890 4712 2975 4767 vel
3014 4713 3180 4781 ipsius
3212 4714 3407 4772 decore
3430 4716 3517 4787 ju«

1942 4804 2123 4868 stitize,
2155 4803 2239 4859 vel
2267 4810 2478 4857 :eterna:
2500 4803 2621 4857 vitae
2649 4818 2828 4858 amore
2858 4803 3127 4874 perferre?

2012 4894 2238 4952 CAPUT
2276 4893 2438 4949 XVII.
2465 4895 2645 4949 -14.
2677 4895 2878 4950 Salutio
2910 4912 2930 4950 :
2960 4896 3156 4965 iniquos
3193 4896 3428 4953 duritiem
3458 4916 3524 4958 es:

1942 4987 2251 5057 cupiditate,
2278 4986 2388 5055 pios
2429 4986 2776 5056 fortitudinem
2813 5003 2876 5040 ea:
2906 4987 3151 5041 charitate
3180 4988 3379 5045 habere.
3407 4990 3519 5047 Pa-

1944 5080 2130 5134 tientia
2158 5079 2302 5149 [alsia
2326 5078 2503 5148 snﬁicit
2529 5078 2759 5132 voluntas
2788 5079 3028 5143 humana,
3053 5096 3152 5132 non
3179 5090 3346 5135 autem
3366 5098 3519 5140 verte.

1945 5172 2044 5241 Qui
2075 5172 2190 5227 hanc
2217 5171 2439 5236 dicunt,
2473 5186 2576 5225 non
2612 5171 2909 5240 intelligunt
2943 5179 2998 5226 et
3023 5187 3288 5241 quemque
3313 5174 3523 5246 iniquo-

1944 5279 2064 5318 rum
2093 5271 2236 5317 tanto
2262 5277 2379 5317 esse
2417 5261 2483 5316 ad
2517 5276 2864 5332 quaecumque
2905 5263 3040 5315 mala
3082 5262 3394 5332 perferenda
3422 5266 3523 5322 du-

1944 5357 2141 5412 riorem
2163 5397 2177 5418 ,
2209 5364 2406 5424 quanto
2432 5356 2486 5410 in
2511 5370 2577 5411 eo
2603 5355 2772 5425 major
2797 5365 2881 5410 est
2908 5355 3169 5424 cupiditas
3216 5359 3429 5425 mundi;
3464 5371 3522 5418 et

1945 5462 2207 5518 quemque
2239 5447 2501 5516 justorum
2550 5454 2694 5500 tanto
2738 5461 2857 5501 esse
2900 5446 2966 5501 ad
2996 5462 3343 5520 quaecumque
3383 5454 3525 5511 mala

1950 5540 2255 5611 perferenda
2282 5539 2575 5605 fortiorem,
2599 5547 2799 5609 quanto
2829 5541 2881 5593 in
2906 5556 2970 5595 eo
2990 5548 3076 5595 est
3098 5542 3268 5612 major
3287 5544 3524 5603 charitas

1999 5719 2083 5829 ISa)
2103 5720 2377 5782 Cyprianus,
2402 5718 2449 5766 in
2484 5715 2568 5766 lib.
2599 5716 2664 5765 de
2696 5722 2821 5766 Bono
2853 5718 3137 5779 patientiae:
3172 5735 3195 5765 «
3216 5720 3259 5769 si
3281 5723 3524 5785 sapientia

2000 5780 2012 5792 '
2036 5781 2093 5829 lie
2129 5791 2245 5829 vera
2278 5794 2375 5829 non
2427 5788 2530 5829 est.
2578 5792 2690 5829 esse
2734 5793 2831 5828 non
2876 5788 3037 5829 potest
3079 5787 3133 5829 et
3174 5795 3291 5829 vera
3331 5788 3524 5829 mum...

1958 5781 2093 5891 utilia
2129 5791 2245 5829 vera
2278 5794 2375 5829 non
2427 5788 2530 5841 est,
2578 5792 2690 5829 esse
2734 5793 2831 5828 non
2875 5788 3037 5842 potest
3079 5787 3133 5832 et
3174 5795 3291 5833 vera
3329 5781 3524 5848 pauc...

1960 5857 1983 5887 ι
2027 5854 2085 5890 ta.
2112 5859 2133 5886 ι

2752 5924 3050 6009 (Vingt.}
