4102 6336
533 476 639 537 619

531 596 650 653 Dei.
681 592 791 650 Sed
829 588 1091 663 capiditas
1134 585 1321 644 mundi
1364 584 1572 641 initium
1602 584 1765 640 habet
1791 600 1856 640 ex
1899 585 2118 640 arbitrio

533 687 841 753 voluntatis,
873 686 1213 756 progressum
1235 694 1301 737 ex
1328 678 1658 752 iucunditate
1683 679 1991 749 voluptatis,
2028 679 2119 733 lir-

539 786 865 834 mamentum
898 793 962 832 ex
988 775 1199 830 vinculo
1228 771 1628 828 consuetudinis
1658 770 1931 827 :Charitas
1952 772 2121 824 autem

536 870 633 923 Dei
655 868 841 935 cli/fusa
861 874 931 921 est
958 866 1011 919 in
1032 864 1267 919 cordibus
1296 863 1500 929 nostris,
1527 876 1633 916 non
1654 862 1835 932 utique
1853 876 1917 915 ex
1942 859 2115 926 nobis,

536 961 629 1016 sed
659 977 746 1031 per
768 956 1017 1030 Spiritum
1044 966 1272 1012 sanctum
1299 956 1386 1027 qui
1410 957 1559 1031 datus
1586 964 1658 1009 est
1694 955 1834 1009 nobis
1858 952 2032 1026 (Rom.
2062 970 2117 1039 v,

547 1055 626 1123 5).
654 1050 881 1125 Proinde
907 1050 974 1106 ab
1001 1046 1094 1106 illo
1126 1058 1205 1106 est
1232 1051 1484 1120 patientia
1512 1046 1806 1120 justorum,
1838 1063 1933 1118 per
1961 1062 2120 1118 quem

537 1145 847 1201 diiiuuditur
886 1142 1122 1200 charitas
1168 1160 1357 1199 eorum
1388 1146 1425 1197 ³.
1454 1143 1621 1210 Quam
1653 1142 1962 1197 eharitatcm
2010 1142 2123 1195 latt-

538 1239 670 1293 ilans
697 1246 854 1309 atque
877 1237 1261 1293 commendans
1282 1234 1590 1307 Apostolus,
1622 1235 1760 1290 inter
1786 1242 1975 1289 caetera
2004 1234 2120 1302 ejus

535 1331 672 1383 bona
699 1330 830 1387 dixit
858 1344 976 1384 eam
1016 1336 1070 1385 et
1108 1339 1297 1384 cuneta
1324 1328 1568 1383 suiierre.
1604 1326 1869 1393 Charitas,
1914 1326 2117 1395 inquit,

536 1422 863 1493 magnanima
910 1431 1002 1477 est.
1050 1422 1116 1476 Et
1162 1423 1319 1493 paulo
1366 1430 1485 1493 post
1528 1422 1603 1475 ait
1647 1438 1659 1473 :
1704 1420 1891 1473 Omnia
1943 1418 2121 1471 tolerat

492 1564 495 1569 .
538 1512 593 1583 (i
618 1512 736 1567 Cor.
763 1524 878 1579 xm,
904 1512 939 1568 4
961 1523 1006 1567 et
1032 1506 1111 1583 7).
1141 1513 1347 1579 Quanto
1376 1527 1502 1581 ergo
1528 1510 1697 1580 major
1725 1518 1807 1564 est
1841 1509 1892 1562 in
1923 1508 2119 1563 sanctis

537 1604 771 1660 charitas
810 1604 929 1671 Dei,
966 1615 1111 1661 tanto
1147 1605 1314 1676 magis
1353 1611 1450 1675 pro
1490 1618 1555 1659 eo
1591 1602 1731 1674 quod
1770 1602 2032 1673 diligitur,
2067 1609 2121 1656 et

536 1706 733 1766 quanto
769 1694 940 1765 major
979 1706 1060 1752 est
1102 1696 1153 1752 in
1198 1697 1564 1767 peccatoribus
1604 1696 1864 1765 cupiditas
1903 1694 2116 1760 mundi,

536 1772 685 1841 tanto
710 1788 878 1858 magis
906 1800 1005 1859 pro
1032 1803 1096 1841 eo
1124 1787 1263 1857 quod
1300 1786 1691 1854 concupiscitur
1710 1828 1723 1852 ,
1768 1785 1944 1839 omnia
1990 1784 2121 1838 tole-

533 1887 737 1932 rantur.
763 1864 840 1933 Ac
868 1892 961 1949 per
988 1879 1087 1933 hoc
1115 1876 1237 1934 inde
1268 1886 1349 1934 est
1376 1866 1624 1949 patientia
1653 1893 1777 1933 vera
1811 1878 2074 1947 justormn
2100 1918 2115 1942 ,

504 1970 677 2032 .unde
713 1976 793 2027 est
836 1973 887 2026 in
934 1974 1011 2028 eis
1050 1971 1280 2027 Charitas
1320 1972 1451 2038 Dei;
1496 1979 1550 2027 et
1590 1972 1711 2025 inde
1741 1980 1822 2025 est
1866 1966 2117 2040 patientia

533 2061 666 2120 falsa
706 2063 1042 2134 iniquorum,
1088 2064 1225 2119 unde
1270 2070 1351 2119 est
1394 2065 1446 2118 in
1488 2064 1565 2117 eis
1604 2062 1864 2133 cupiditas
1911 2060 2113 2137 mutuli.

532 2155 760 2224 Propter
780 2154 919 2226 quod
941 2156 1069 2211 dicit
1093 2156 1323 2211 Joannes
1352 2155 1638 2225 Apostolus
1672 2172 1684 2207 :
1720 2153 1892 2207 Nolite
1912 2154 2119 2223 diligere

533 2246 778 2299 mundum
799 2288 813 2313 ,
844 2263 933 2300 nec
962 2264 1021 2301 ea
1058 2262 1170 2316 qua?
1202 2248 1253 2299 in
1279 2260 1466 2299 mundo
1494 2255 1629 2299 sunt.
1663 2244 1723 2300 Si
1748 2246 1861 2317 quis
1887 2246 2119 2313 dilexerit

533 2336 816 2415 mundum,
845 2337 1045 2390 dilectio
1074 2332 1245 2391 Patris
1276 2352 1376 2389 non
1419 2345 1492 2390 est
1536 2337 1591 2389 in
1626 2336 1735 2403 ipso
1772 2351 1790 2388 :
1827 2337 1943 2405 quia
1974 2352 2119 2389 omne

533 2428 668 2493 quod
695 2427 745 2491 in
772 2428 959 2481 mundo
984 2438 1076 2495 est,
1110 2427 1515 2498 concupiscentia
1542 2428 1708 2481 carnis
1732 2437 1825 2495 est,
1853 2436 1899 2481 et
1929 2443 2115 2480 concu-

532 2516 774 2589 piscentia
814 2521 1113 2587 oculorum,
1144 2532 1190 2575 et
1212 2522 1417 2575 ambitio
1453 2522 1627 2575 διεσαιὶ
1644 2540 1662 2587 ;
1691 2538 1800 2591 qua:
1829 2539 1929 2575 non
1956 2531 2025 2575 est
2056 2538 2117 2593 ea:

530 2606 710 2678 Patre,
734 2611 821 2666 sed
848 2628 909 2666 ex
930 2612 1115 2665 mundo
1138 2622 1207 2665 est
1239 2609 1291 2682 (1
1314 2609 1471 2665 Joan.
1496 2628 1553 2679 li,
1585 2608 1651 2667 15
1672 2622 1717 2665 et
1742 2612 1849 2683 16).
1873 2611 1997 2667 Iizcc
2022 2612 2118 2682 igi-

532 2711 617 2755 tur
656 2703 1085 2773 concupiscentia
1133 2720 1249 2774 qum
1296 2720 1401 2758 non
1450 2712 1533 2759 est
1573 2719 1637 2759 ex
1683 2704 1873 2769 Patre,
1916 2702 2008 2758 sed
2050 2721 2115 2759 ex

528 2788 729 2851 mundo
750 2841 763 2863 ,
791 2780 988 2868 quanto
1020 2798 1176 2852 fuerit
1207 2799 1257 2852 in
1300 2797 1518 2853 homine
1545 2797 1915 2871 vehementior
1943 2808 1993 2852 et
2024 2814 2113 2852 ar-

530 2889 776 2956 dentior,
812 2899 956 2951 tanto
999 2890 1056 2943 lit
1095 2887 1318 2959 quisque
1364 2906 1457 2958 pro
1489 2904 1551 2949 eo
1582 2887 1720 2958 qui'ld
1752 2889 2110 2959 concupiscit,

530 2981 767 3041 omnium
798 2966 1159 3036 molestiarum
1183 2980 1532 3050 dolorumque
1556 2980 1862 3051 patientior.
1888 2979 2109 3047 Idcirco,

526 3072 663 3128 sicut
697 3088 853 3145 supra
886 3072 1146 3139 diximus,
1187 3088 1291 3128 ueu
1321 3082 1399 3123 est
1424 3073 1522 3127 ista
1550 3072 1799 3141 patientia
1835 3071 2110 3133 desursum

526 3162 916 3223 descendens:
960 3164 1206 3233 patientia
1255 3180 1381 3219 Vero
1425 3164 1630 3232 piorum
1673 3162 1950 3216 desursum
1996 3170 2109 3229 est,

526 3254 855 3312 descendens
879 3274 909 3311 a
940 3258 1095 3313 Patre
1123 3259 1402 3311 luminum.
1440 3257 1615 3328 Itaque
1647 3257 1729 3311 illa
1761 3267 1965 3311 terrena
1999 3267 2109 3326 est,

525 3353 624 3407 ista
667 3352 930 3419 caelestis;
976 3351 1063 3405 illa
1095 3348 1339 3406 animalis
1360 3393 1373 3415 ,
1398 3351 1497 3403 ista
1521 3350 1845 3420 Spiritualis;
1881 3348 1964 3402 illa
1992 3348 2109 3402 dia-

513 3440 690 3497 bolica
712 3485 725 3508 ,
758 3426 859 3497 ista
901 3442 1107 3496 dcilica.
1142 3444 1403 3506 Quoniam
1432 3441 1891 3508 concupiscentia,
1922 3455 2025 3510 qua
2055 3440 2113 3509 ﬁt

524 3543 581 3588 ut
612 3518 890 3605 peccantes
925 3533 1098 3587 omnia
1131 3533 1471 3602 pertinaciter
1500 3532 1787 3603 patiantur,
1820 3548 1883 3585 ex
1914 3531 2111 3586 mundo

523 3635 640 3693 est;
678 3626 907 3680 charitas
943 3636 1117 3680 autem
1140 3664 1155 3691 ,
1186 3642 1285 3692 qm
1312 3624 1372 3677 lit
1407 3632 1461 3678 ut
1486 3634 1631 3678 recte
1670 3625 1907 3678 viventes
1933 3623 2110 3677 omnia

523 3718 730 3772 fortiter
758 3718 1042 3787 patiantur,
1062 3732 1126 3770 ex
1151 3716 1260 3769 Deo
1281 3723 1379 3769 est.
1400 3712 1602 3787 Etideo
1621 3715 1692 3768 illi
1726 3714 1872 3769 falsa:
1899 3716 2107 3785 patien-

524 3808 612 3863 tia:
640 3816 813 3878 potest
842 3808 958 3863 sine
994 3806 1256 3879 adjutorio
1288 3806 1379 3861 Dei
1411 3806 1653 3861 voluntas
1690 3805 1920 3859 humana
1955 3806 2108 3860 solli-

524 3916 681 3967 cere;
712 3910 855 3956 tanto
875 3900 1077 3977 durior,
1100 3908 1297 3977 quanto
1323 3898 1591 3967 cupidior;
1621 3907 1673 3953 ct
1695 3912 1759 3953 eo
1784 3898 2109 3957 tolerabilius

525 3994 663 4048 mala
686 3995 951 4048 sustinens
971 4034 986 4057 ,
1012 4007 1117 4063 quo
1145 3993 1257 4063 ipsa
1293 3990 1347 4044 Iit
1376 3991 1525 4061 pejor
1556 4008 1567 4042 :
1599 3988 1723 4045 huic
1749 4000 1926 4044 autem
1950 4033 1964 4058 ,
1989 4006 2108 4061 qua:

523 4101 647 4141 vera
673 4086 922 4155 patientia
946 4094 1045 4151 est,
1072 4066 1190 4138 ideo
1211 4082 1451 4161 voluntas
1478 4082 1727 4151 humana,
1754 4083 1853 4136 nisi
1879 4083 2109 4152 desuper

524 4180 702 4251 adjuta
742 4189 795 4236 et
829 4177 1148 4233 inﬂammata
1170 4220 1184 4243 ,
1214 4193 1317 4231 non
1349 4174 1566 4244 sufﬁcit,
1590 4176 1711 4255 quia
1732 4174 1958 4245 Spiritus
1982 4192 2108 4230 san-

524 4284 641 4329 ctus
662 4282 743 4329 est
768 4273 901 4342 ignis
918 4272 1061 4342 ejus;
1083 4286 1187 4343 quo
1209 4270 1305 4323 nisi
1330 4284 1553 4333 accensa
1579 4268 1760 4339 diligat
1785 4267 2108 4338 impassibile

524 4371 721 4429 bonum
744 4410 756 4433 ,
784 4352 925 4421 I'erre
955 4382 1058 4419 non
1091 4372 1263 4434 potest
1293 4361 1431 4439 quod
1460 4362 1663 4431 patitur.
1685 4361 1901 4431 malum.

594 4461 819 4515 CAPUT
858 4459 1041 4513 XVIII.
1069 4488 1139 4497 -—-
1307 4456 1375 4509 Ut
1410 4458 1628 4513 c/taritas
1669 4473 1730 4509 ea:
1767 4444 1907 4519 Deo,
1936 4457 2007 4509 ita
2046 4473 2109 4511 ea:

526 4556 631 4623 ipso
666 4551 904 4621 patientia
932 4567 1045 4603 vera
1080 4566 1191 4617 quce
1220 4558 1389 4602 manat
1425 4565 1455 4601 a
1494 4549 1754 4601 cltaritate.
1785 4547 1933 4604 Sicut
1962 4550 2105 4604 enim

523 4647 698 4707 divina
726 4653 987 4709 testantur
1015 4644 1243 4715 eloquia,
1280 4642 1411 4703 Deus
1434 4642 1651 4696 Charitas
1676 4652 1780 4708 est,
1811 4652 1857 4709 et
1881 4643 1966 4713 qui
1994 4660 2105 4695 ma-

525 4750 607 4793 net
634 4741 686 4792 in
725 4739 969 4791 clturitate
991 4778 1006 4805 ,
1034 4738 1085 4789 in
1116 4720 1219 4788 Deo
1252 4745 1416 4788 manet
1440 4776 1455 4800 ,
1485 4744 1530 4788 et
1573 4734 1707 4788 Deus
1734 4736 1783 4789 in
1812 4736 1900 4788 illo
1941 4744 2106 4789 manet

524 4832 742 4905 (lJoan.
768 4847 843 4896 tv,
880 4830 990 4903 16).
1017 4829 1265 4897 Quisquis
1293 4844 1418 4897 ergo
1440 4828 1712 4882 contendit
1740 4828 1920 4885 haberi
1949 4844 2105 4897 posse

525 4926 615 4981 Dei
640 4925 950 4987 charitatem
982 4924 1097 4978 sine
1126 4922 1218 4977 Dei
1246 4921 1529 4992 adjutorio,
1561 4922 1682 4995 quid
1714 4922 1856 4976 aliud
1880 4930 2104 4977 conten-

523 5021 634 5093 dit,
682 5020 780 5074 nisi
824 5018 1001 5079 haberi
1046 5018 1209 5071 Deum
1256 5032 1412 5089 posse
1443 5017 1557 5071 sine
1586 5017 1729 5079 Deo?
1769 5017 1895 5084 Quis
1926 5025 2103 5075 autem

521 5113 625 5170 hoc
655 5114 795 5179 dicat
824 5112 1171 5176 Christianus,
1203 5111 1344 5181 quod
1374 5111 1549 5165 nullus
1581 5111 1755 5165 dicere
1796 5110 1985 5169 audeat
2016 5112 2101 5166 in—
2130 5136 2133 5139 ·

523 5210 720 5269 sanus?
766 5206 1048 5261 Exsultans
1084 5219 1212 5275 ergo
1252 5203 1391 5273 apud
1435 5203 1750 5277 Apostoium
1794 5218 1951 5270 vera,
1985 5205 2096 5274 pia,

525 5298 800 5373 fidi-lisque
828 5298 1076 5368 patientia
1097 5338 1112 5365 ,
1142 5297 1269 5355 dicit
1308 5312 1399 5363 ore
1429 5306 1733 5353 sanctorum
1763 5299 1783 5327 ²
1814 5315 1826 5351 :
1857 5297 1980 5362 Quis
2011 5316 2102 5355 nos

522 5391 770 5458 reparabit
800 5408 830 5442 a
855 5392 1099 5455 charitate
1133 5390 1354 5447 Christi?
1394 5389 1714 5451 Tribulatio?
1738 5407 1802 5444 au
1830 5392 2103 5460 angustia?

523 5497 589 5537 an
615 5482 936 5551 persecutio?
973 5499 1038 5541 au
1079 5482 1278 5552 fames?
1301 5499 1366 5555 an
1399 5482 1601 5536 auditas
1623 5481 1648 5534 ?
1672 5499 1737 5535 an
1779 5482 2052 5551 periculum
2077 5482 2102 5536 ?

520 5588 585 5623 an
609 5572 809 5642 gladius
831 5572 855 5625 ?
880 5573 1004 5626 sicut
1024 5574 1266 5643 scriptum
1291 5582 1363 5627 est
1387 5616 1401 5640 ,
1434 5573 1564 5641 Quia
1585 5584 1789 5645 prepter
1813 5584 1858 5629 te
1884 5576 2100 5643 morti/i-

519 5680 694 5721 cantur
719 5672 822 5727 tota
848 5665 929 5719 die
952 5706 967 5733 ,
997 5665 1223 5736 deputati
1241 5683 1413 5721 sumus
1435 5668 1563 5722 sicut
1589 5685 1701 5722 oues
1730 5669 1959 5724 victimas.
1994 5667 2101 5724 Sed

517 5758 573 5811 in
594 5758 673 5812 his
700 5759 930 5813 omnibus
958 5760 1349 5829 supervincimus
1382 5778 1473 5834 per
1492 5778 1605 5815 eum
1630 5763 1715 5831 qui
1753 5762 1927 5817 dilexit
1968 5780 2056 5819 nos
2082 5779 2096 5817 :

585 5897 601 5928 ⁸
637 5903 736 5945 nuo
760 5902 886 5955 3iss.,
912 5894 960 5946 in
986 5894 1209 5949 cordibus
1233 5910 1415 5946 eorum.

1664 466 1752 526 DE
1788 466 2173 532 PATIENTIA,
2214 465 2271 523 S.
2310 464 2677 523 AUGUSTINI

3705 468 3810 531 620

2226 596 2334 637 non
2364 597 2458 652 per
2494 598 2618 649 nos,
2647 582 2739 638 sed
2770 599 2858 655 per
2888 598 2999 639 eum
3023 584 3107 653 qui
3141 583 3317 641 dilexit
3340 601 3451 641 nos.
3482 586 3685 645 Deinde
3713 603 3804 647 se-

2226 676 2405 749 quitur
2425 685 2477 730 et
2503 675 2759 745 adjungit,
2793 676 2967 731 Certus
2996 690 3109 732 sum
3134 678 3283 745 enim,
3316 679 3435 749 quia
3460 697 3617 751 neque
3645 700 3803 750 mors,

2226 782 2381 836 neque
2406 768 2528 829 vita,
2556 782 2714 837 neque
2738 769 2940 838 angeli,
2971 785 3127 839 neque
3152 770 3464 839 principatus
3484 813 3497 837 ,
3529 788 3686 844 neque
3716 792 3808 844 po.

2227 866 2423 911 testatas
2443 897 2458 921 ,
2486 873 2643 926 neque
2665 860 2929 927 prtesentia
2950 902 2963 924 ,
2988 877 3142 930 neque
3161 865 3354 932 futura,
3386 880 3544 931 neque
3566 864 3807 933 altitudo,

2226 966 2379 1019 neque
2443 950 2787 1021 profundum,
2836 968 2993 1021 neque
3045 963 3273 1007 creatura
3326 955 3429 1009 alia
3486 960 3668 1026 poterit
3718 975 3809 1015 nos

2224 1059 2460 1113 separare
2512 1060 2543 1095 a
2593 1043 2838 1098 cltaritate
2883 1044 3013 1111 Dei,
3057 1060 3170 1117 qua:
3222 1057 3294 1101 est
3344 1049 3397 1101 in
3439 1047 3639 1104 Christo
3681 1051 3811 1107 Iesu

2225 1135 2444 1190 Domino
2473 1146 2641 1191 nostro
2672 1137 2845 1207 (Rom.
2869 1154 2992 1204 vm,
3027 1138 3236 1208 35-59).
3269 1139 3391 1195 Hzec
3418 1150 3498 1195 est
3520 1142 3607 1195 illa
3635 1144 3811 1197 citari-

2224 1237 2303 1282 tas
2337 1227 2430 1283 Dei
2451 1270 2464 1295 ,
2495 1244 2613 1297 qua:
2651 1227 2841 1297 diffusa
2883 1240 2953 1284 est
2997 1232 3050 1283 in
3089 1232 3321 1285 cordibus
3347 1234 3532 1287 nostris
3559 1250 3578 1286 :
3606 1250 3710 1288 nou
3743 1252 3810 1291 ex

2225 1319 2378 1372 nobis
2402 1361 2417 1386 ,
2445 1319 2539 1374 sed
2580 1337 2667 1390 per
2704 1320 2953 1389 Spiritum
2983 1331 3212 1375 sanctum
3252 1324 3339 1393 qui
3368 1324 3512 1378 datus
3540 1336 3613 1379 est
3642 1326 3823 1381 nobis;

2226 1410 2481 1465 Malorum
2521 1419 2696 1467 autem
2742 1413 3173 1482 concupiscentia,
3204 1423 3421 1484 propter
3446 1432 3601 1485 quam
3644 1419 3697 1471 in
3730 1419 3815 1472 eis

2224 1508 2305 1556 est
2335 1502 2459 1557 falsa
2484 1504 2754 1572 patientia,
2778 1520 2877 1557 non
2899 1514 2970 1558 est
2998 1522 3061 1559 ea:
3085 1498 3259 1572 Patre,
3289 1508 3423 1561 sicut
3446 1507 3575 1563 dicit
3594 1521 3814 1579 aposto-

2226 1592 2306 1647 lus
2335 1594 2568 1649 Joannes
2587 1638 2601 1661 ,
2636 1596 2724 1648 sed
2748 1611 2810 1649 ex
2837 1598 3025 1673 mundo
3050 1605 3141 1652 est.

2294 1685 2375 1739 CA
2386 1685 2516 1740 PUT
2539 1686 2681 1740 XIX.
2699 1718 2768 1727 ——
2790 1687 2873 1741 16.
2893 1687 2954 1742 Si
2979 1690 3226 1757 cupiditas
3244 1706 3304 1744 ea:
3323 1692 3532 1758 mundo,
3556 1695 3810 1759 quomodo

2224 1790 2287 1829 ea:
2309 1776 2529 1830 humana
2555 1778 2821 1832 voluntate.
2855 1779 3003 1845 Quod
3042 1781 3153 1849 quis
3182 1796 3282 1834 non
3304 1782 3364 1835 sit
3385 1799 3444 1837 ea:
3468 1785 3676 1851 mundo,
3706 1802 3812 1841 non

2224 1878 2417 1923 natura:
2436 1879 2526 1936 est,
2556 1871 2643 1924 sed
2669 1872 2865 1942 gratiar.
2894 1871 2990 1925 llic
3019 1871 3159 1927 dicet
3180 1872 3369 1943 aliquis
3393 1891 3406 1927 :
3432 1875 3485 1929 Si
3508 1890 3575 1931 ex
3609 1878 3813 1933 mundo

2223 1972 2305 2018 est
2343 1964 2767 2033 concupiscentia
2807 1966 3091 2031 malorum,
3137 1980 3233 2035 per
3274 1984 3431 2037 quam
3474 1969 3531 2022 lit
3570 1978 3629 2023 ut
3666 1972 3808 2025 maia

2224 2056 2399 2109 omnia
2429 2071 2523 2125 pro
2554 2072 2623 2135 eo
2650 2056 2793 2126 quod
2838 2056 2904 2112 ab
2936 2057 3041 2111 illis
3078 2058 3470 2128 concupiscitur
3499 2061 3807 2130 perferant,

2223 2162 2329 2217 quo
2360 2147 2519 2202 modo
2560 2164 2625 2202 ex
2668 2163 2851 2203 eorum
2896 2146 3089 2203 dicitur
3131 2150 3437 2205 voluntate?
3476 2152 3634 2219 Quasi
3678 2169 3811 2209 vero

2223 2256 2327 2294 non
2351 2250 2399 2294 et
2432 2241 2529 2310 ipsi
2560 2257 2624 2295 ex
2654 2240 2853 2295 muth
2880 2241 3005 2309 sint,
3034 2257 3151 2297 cum
3184 2241 3251 2296 ab
3282 2240 3359 2297 eis
3385 2242 3617 2314 diligitur
3646 2262 3812 2301 inuno

2221 2335 2320 2389 dus
2341 2377 2355 2400 ,
2386 2334 2600 2389 deserto
2630 2350 2694 2390 eo
2723 2336 2739 2367 ¹
2768 2350 2865 2406 per
2893 2351 3049 2405 quem
3086 2335 3255 2389 factus
3281 2344 3362 2391 est
3396 2336 3644 2393 mundus.
3675 2336 3813 2392 Ser-

2220 2427 2358 2480 viunt
2387 2427 2525 2481 enim
2554 2436 2797 2481 creatura:
2822 2420 2987 2498 potius
3006 2444 3155 2497 quam
3179 2424 3424 2495 Creatori,
3448 2429 3532 2498 qui
3559 2438 3628 2483 est
3651 2429 3812 2484 bene-

2220 2519 2384 2572 dictus
2411 2521 2460 2572 in
2489 2519 2674 2573 sarcula
2697 2520 2871 2590 (item.
2898 2537 2910 2573 l
2934 2562 2947 2586 ,
2975 2519 3091 2591 ⁶25).
3125 2520 3246 2575 Sive
3282 2504 3459 2589 itaque
3494 2520 3677 2575 mundi
3706 2538 3812 2576 vo-

2221 2610 2408 2665 cabqu
2467 2608 2697 2665 Joannes
2758 2611 3029 2681 apostolus
3083 2610 3369 2686 dilectores
3429 2613 3812 2682 signiﬁcaverit

2221 2702 2399 2756 numdi
2422 2744 2434 2766 ,
2464 2701 2706 2757 voluntas
2742 2718 2859 2772 quae
2896 2718 2960 2757 ex
2994 2702 3124 2772 ipsis
3148 2711 3234 2757 est
3258 2745 3270 2767 ,
3304 2705 3487 2773 utique
3512 2720 3576 2760 ex
3604 2706 3813 2761 mundo

2219 2803 2300 2847 est
2333 2813 2344 2847 :
2374 2795 2484 2849 sive
2527 2795 2707 2848 tnundi
2744 2795 2956 2867 nomine
2994 2796 3188 2873 cqalum
3228 2804 3282 2849 et
3321 2804 3515 2851 terram
3555 2806 3608 2853 et
3649 2813 3809 2868 quae-

2218 2901 2443 2955 cumque
2484 2888 2531 2940 in
2569 2889 2645 2942 eis
2682 2898 2836 2954 sunt,
2872 2889 2971 2941 hoc
3006 2895 3112 2951 est,
3150 2868 3457 2942 universam
3489 2892 3810 2959 complexus

2218 2981 2285 3034 sit
2324 2964 2616 3034 creaturam
2636 3023 2649 3046 ,
2681 2980 2924 3033 voluntas
2956 2980 3135 3049 procul
3166 2979 3325 3033 dubio
3360 2991 3647 3046 creaturae,
3682 2997 3812 3051 qua:

2218 3088 2321 3126 non
2348 3085 2427 3128 est
2448 3072 2735 3139 Creatoris,
2760 3089 2823 3128 ex
2848 3073 3047 3127 mundo
3071 3082 3171 3127 est.
3196 3072 3418 3142 Propter
3439 3073 3577 3149 quod
3606 3076 3817 3131 talibus

2217 3168 2471 3221 Dominus
2502 3167 2628 3221 dicit
2660 3186 2670 3219 :
2716 3165 2811 3220 Vos
2854 3167 2912 3220 de
2943 3166 3177 3220 deorsum
3203 3152 3344 3231 estis,
3370 3184 3458 3235 ego
3495 3167 3555 3219 de
3594 3184 3810 3223 sursum

2215 3275 2321 3311 sum
2341 3274 2357 3311 :
2378 3274 2459 3312 vos
2481 3260 2543 3312 de
2568 3259 2660 3311 hoc
2684 3259 2865 3311 mundo
2888 3260 3023 3323 estis,
3042 3276 3129 3329 ego
3152 3276 3251 3311 non
3269 3274 3380 3313 sum
3403 3261 3465 3312 de
3493 3259 3586 3312 hoc
3611 3260 3810 3314 mundo

2217 3350 2390 3421 (Joan.
2423 3368 2509 3406 vm
2531 3394 2545 3418 ,
2577 3351 2693 3421 25).
2733 3352 3003 3421 Apostolis
3027 3360 3201 3405 autem
3233 3350 3359 3406 dicit
3390 3369 3404 3405 :
3441 3338 3500 3405 Si
3527 3350 3588 3403 de
3612 3351 3809 3405 mundo

2215 3444 2307 3498 ltoc
2328 3447 2517 3512 essetis,
2549 3446 2763 3500 mundus
2786 3444 2919 3516 quod
2940 3462 3085 3498 suum
3106 3456 3178 3498 est
3202 3444 3449 3515 diligeret.
3478 3444 3583 3499 Sed
3608 3461 3671 3498 ne
3697 3443 3809 3499 sibi

2214 3537 2441 3607 amplius
2467 3547 2806 3609 arrogareut,
2841 3553 2997 3607 quam
3025 3552 3208 3593 eorum
3242 3553 3489 3591 mensura
3524 3537 3805 3607 poscebat,

2214 3638 2268 3683 et
2308 3629 2409 3684 hoc
2448 3628 2590 3700 quod
2632 3645 2724 3685 eos
2765 3644 2870 3683 non
2910 3644 3029 3684 esse
3070 3628 3202 3683 dixit
3226 3644 3290 3683 ex
3324 3629 3523 3684 mundo
3548 3670 3563 3695 ,
3594 3637 3807 3682 naturae

2214 3731 2461 3791 putarent
2482 3736 2619 3786 esse,
2642 3735 2745 3775 non
2766 3722 2948 3795 gratim
2970 3739 2981 3774 :
3001 3720 3131 3786 Quia
3153 3738 3287 3787 vero,
3308 3721 3497 3790 inquit,
3526 3722 3587 3773 de
3609 3719 3806 3775 mundo

2214 3832 2312 3885 non
2336 3814 2472 3880 estis,
2496 3815 2580 3867 sed
2607 3830 2697 3886 ego
2722 3814 2847 3883 elegi
2868 3830 2951 3868 vos
2974 3814 3035 3868 de
3060 3815 3269 3879 mundo,
3296 3824 3559 3884 propterea
3584 3813 3689 3867 odit
3714 3828 3809 3866 vos

2213 3905 2431 3959 mundus
2471 3902 2581 3977 (Id.
2615 3921 2717 3973 xv,
2754 3896 2864 3975 19).
2898 3905 3039 3977 Ergo
3069 3906 3135 3960 de
3169 3904 3367 3959 nmndo
3394 3916 3548 3959 erant
3573 3905 3593 3935 ’
3627 3923 3639 3958 :
3674 3919 3809 3960 nam

2214 4008 2271 4051 ut
2300 3998 2365 4052 de
2395 3997 2591 4052 mundo
2620 4014 2725 4052 non
2754 4006 2931 4052 essent
2951 4040 2963 4060 ,
2997 3997 3149 4051 electi
3179 4007 3303 4050 sunt
3328 3995 3393 4051 de
3416 3995 3633 4050 mundo.

2282 4090 2506 4145 CAPUT
2546 4089 2665 4144 XX.
2688 4120 2757 4130 ——
2780 4091 2863 4145 17.
2905 4087 3097 4144 Electio
3138 4090 3317 4162 gratia:
3346 4091 3586 4160 prazvenit
3625 4090 3807 4143 omnia

2211 4185 2387 4239 merita
2435 4183 2584 4237 bona.
2637 4183 2812 4238 Gratia
2852 4184 2939 4237 dat
2984 4184 3197 4251 merita,
3242 4201 3344 4237 non
3392 4183 3579 4237 meritis
3624 4182 3804 4239 datur.

2213 4277 2463 4331 Prtevenit
2489 4276 2661 4346 ﬁdem.
2694 4276 2839 4332 Hane
2870 4286 3046 4332 autem
3084 4277 3398 4332 electionem
3444 4293 3549 4332 non
3589 4292 3806 4348 przeee-

2213 4374 2449 4427 dentimn
2492 4373 2543 4426 in
2592 4373 2745 4428 bonis
2780 4374 3029 4445 operibus
3071 4374 3403 4439 meritorum,
3449 4372 3539 4427 sed
3578 4373 3810 4429 electio-

2213 4481 2332 4519 nem
2360 4466 2543 4535 gratiae
2572 4463 2945 4520 demonstrans
2973 4465 3278 4535 ApoStqus,
3308 4465 3385 4518 sic
3414 4466 3584 4534 inquit
3613 4482 3624 4515 :
3653 4462 3723 4517 Et
3746 4466 3807 4520 in

2215 4556 2307 4608 hoc
2336 4565 2557 4626 tempore
2601 4556 2827 4625 reliquite
2864 4573 2952 4627 per
2998 4555 3287 4609 electionem
3321 4559 3499 4631 gratim
3539 4557 3694 4610 salva:
3720 4558 3811 4626 fa-

2211 4659 2306 4702 ctw
2329 4658 2463 4701 sunt.
2500 4648 2563 4703 Si
2590 4656 2757 4701 autem
2788 4650 2971 4721 gratia,
2996 4650 3107 4720 jam
3139 4666 3236 4703 non
3270 4666 3343 4712 ea:
3370 4652 3639 4722 operibus;
3667 4654 3805 4704 alio-

2212 4740 2331 4811 quin
2358 4740 2522 4809 gratia
2538 4739 2653 4810 jam
2680 4757 2779 4793 non
2805 4750 2876 4794 est
2902 4732 3271 4812 gratiai(Rom.
3305 4757 3359 4795 XI
3379 4784 3393 4808 ,
3430 4740 3463 4795 5
3488 4753 3534 4794 et
3563 4742 3641 4812 6).
3678 4744 3810 4799 "me

2212 4840 2293 4885 cst
2322 4830 2511 4885 electio
2536 4831 2739 4902 gratia),
2779 4831 2829 4884 id
2856 4842 2955 4895 est,
2987 4831 3179 4886 eiectio
3208 4848 3307 4903 qua
3341 4848 3432 4903 per
3458 4833 3550 4887 Dei
3575 4838 3806 4904 gratiam

2210 4920 2458 4975 homines
2485 4923 2765 4997 eliguntur.
2808 4922 2931 4976 Haec
2965 4932 3067 4985 est,
3098 4924 3333 4993 inquam,
3365 4924 3556 4978 electio
3593 4928 3802 4995 gratia,

2211 5029 2311 5083 qua
2362 5012 2538 5066 omnia
2586 5013 2722 5065 bona
2770 5013 2957 5067 merita
3001 5000 3394 5085 pr;r.veniuntur
3442 5015 3699 5070 humana.
3750 5024 3807 5069 5.

2209 5108 2350 5161 enim
2381 5106 2501 5160 uilis
2531 5106 2685 5161 bonis
2716 5107 2919 5162 meritis
2945 5107 3118 5175 datur,
3147 5108 3257 5180 jam
3286 5125 3390 5163 non
3423 5111 3588 5180 gratis
3620 5110 3808 5169 datur.

2208 5200 2303 5253 sed
2342 5199 2519 5253 debita
2557 5197 2815 5267 redditur,
2868 5216 2929 5255 ac
2972 5216 3068 5273 per
3110 5202 3211 5256 hoc
3253 5218 3356 5256 non
3412 5219 3539 5257 vero
3582 5206 3811 5259 nomine

2206 5290 2374 5359 gratia
2416 5300 2783 5361 nuncupatur;
2823 5291 2907 5351 ubi
2938 5307 3140 5355 merces,
3176 5292 3312 5346 sicut
3338 5292 3476 5346 idem
3508 5293 3635 5348 dicit
3667 5309 3811 5363 apo—

2209 5381 2395 5439 stoius,
2424 5399 2522 5435 non
2550 5382 2825 5454 imputatur
2856 5383 3128 5437 secundum
3149 5384 3385 5456 gratiam,
3412 5386 3499 5436 sed
3520 5386 3812 5438 secundum

2208 5473 2423 5531 debitum
2457 5472 2565 5548 (Id.
2613 5490 2683 5541 iV,
2715 5474 2791 5546 4).
2839 5475 2892 5529 Si
2933 5484 3107 5529 autem
3151 5484 3208 5529 ut
3237 5489 3360 5528 vera
3403 5474 3472 5527 sit
3508 5476 3698 5544 gratia,
3748 5475 3815 5530 id

2207 5576 2310 5633 cst,
2339 5567 2584 5637 gratuita,
2628 5567 2758 5621 nihil
2787 5567 2989 5622 invenit
3017 5567 3068 5621 in
3100 5566 3337 5635 homine,
3368 5566 3451 5622 cui
3486 5572 3676 5621 merito
3706 5566 3818 5621 de—

2208 5660 2426 5729 beatur;
2464 5661 2603 5734 quod
2635 5662 2769 5717 bene
2800 5661 3112 5733 intelligitur
3146 5670 3200 5717 et
3244 5662 3297 5716 in
3339 5662 3568 5733 ecquod
3598 5661 3819 5718 dictum

2273 5844 2286 5874 ι
2324 5843 2476 5899 1ἰε1ξιὶ,
2526 5842 2796 5891 deserentes
2840 5856 2964 5893 eum.
2994 5850 3047 5892 At
3092 5850 3231 5901 Mss,
3278 5843 3466 5892 deserto
3489 5856 3545 5891 eo
3574 5855 3592 5892 .·
3616 5848 3821 5905 ιιι-Μαι·

2205 5918 2351 5954 unum
2382 5913 2638 5954 \vteuswm
2662 5906 2895 5963 calicem,
2921 5906 3000 5969 qui
3022 5907 3186 5964 hat-et,
3211 5906 3454 5969 deserrnte
3474 5918 3545 5969 eo.

632 5959 875 6008 (multum
900 5968 997 6019 τίτθη
1022 5958 1247 6022 patientia
1269 5967 1545 6011 sanctorum
1566 5959 1720 6023 dicit;
1743 5966 2225 6065 οιιῇτέηςπ-εξεηρ-
2270 5983 2289 5998 ·
2322 5975 2450 6032 ι.υν.,
2475 5981 2567 6018 non
2584 5974 2738 6020 erant.
2765 5958 3059 6033 Abest,'iwu,
3084 5971 3145 6020 ab
3168 5958 3242 6020 thr.
3264 5975 3315 6021 et
3330 5978 3360 6018 a
3382 5967 3603 6033 pluribus
3624 5973 3736 6018 Mss.
