4102 6336
279 382 364 454 ﬁdi
1686 363 1886 422 LIBER
1926 361 2016 421 ΗΝ
2023 362 2126 420 US.

1956 482 2087 554 justi
2127 497 2314 535 omnes.
2343 477 2492 548 Quod
2525 493 2643 533 cum
2691 479 2759 533 ita
2798 477 2887 546 sit,
2926 479 3047 550 quid
3078 490 3158 536 est
3186 481 3347 537 homo
3390 493 3547 539 utens

279 518 368 572 est,
405 503 512 560 Pro
539 499 700 558 nihilo
725 498 889 554 salvos
915 498 1068 570 {acies
1104 509 1188 549 eos
1218 490 1386 566 (Psal.
1417 505 1506 556 LV,
1536 487 1589 558 8)
1620 504 1632 540 :
1665 486 1846 557 prole-

279 610 354 654 rto
372 599 483 668 ipsa
511 595 602 650 dat
631 593 840 657 merita,
870 605 978 646 non
1007 587 1214 642 meritis
1234 585 1406 639 datur.
1434 581 1695 636 Przevenit
1726 592 1853 648 ergo

279 694 430 748 etiam
476 688 660 753 fidem,
708 702 775 742 ex
817 700 918 756 qua
965 683 1143 738 omnia
1185 682 1322 736 bona
1367 692 1529 751 opera
1574 675 1849 746 incipiunt.

278 787 444 862 Justus
492 784 647 850 enim,
693 781 828 836 sicut
869 779 1126 850 scriptum
1169 764 1269 842 est,
1318 790 1380 828 ex
1416 771 1518 842 ﬁde
1559 770 1676 825 vivit
1715 765 1854 838 (lla-

279 881 378 938 bac.
417 893 474 943 n,
511 876 589 946 ιι).
638 874 806 934 Porro
841 882 1020 926 autem
1067 869 1234 942 gratia
1277 883 1382 922 non
1431 864 1602 922 solum
1644 862 1860 932 adjuvat

282 971 485 1041 justum,
509 982 694 1024 verum
726 967 885 1021 etiam
908 962 1161 1035 justiﬁcat
1188 960 1426 1032 impium.
1459 959 1525 1013 Et
1556 957 1673 1012 ideo
1699 953 1859 1010 etiam

283 1078 390 1115 rum
435 1059 648 1128 adjuvat
682 1055 908 1128 justum,
942 1063 994 1109 et
1042 1051 1252 1107 videtur
1291 1050 1405 1121 ejus
1447 1048 1650 1103 meritis
1686 1043 1855 1111 reddi,

284 1173 368 1211 nec
390 1155 466 1207 sic
497 1151 693 1207 desinit
720 1165 841 1205 esse
872 1146 1040 1219 gratia
1066 1163 1079 1211 ;
1108 1145 1358 1215 quoniam
1401 1142 1451 1197 id
1478 1141 1691 1211 adjuvat
1720 1135 1860 1210 quod

283 1253 381 1322 ipsa
427 1257 507 1308 est
541 1245 747 1320 largita.
801 1243 1025 1312 Pr0pter
1065 1239 1202 1296 hanc
1246 1238 1424 1308 itaque
1468 1233 1710 1306 gratiam,
1745 1245 1862 1304 (μιςο

279 1353 460 1398 iuncta
515 1342 653 1396 bona
703 1338 888 1392 merita
932 1335 1162 1389 lmmana
1210 1331 1484 1404 prteeedit,
1534 1344 1637 1382 non
1689 1327 1858 1382 solum

282 1438 516 1494 llhristus
546 1435 612 1488 ab
643 1432 817 1501 impiis
847 1429 1056 1484 occisus
1097 1437 1202 1494 est,
1233 1441 1419 1480 verum
1450 1424 1608 1478 etiam
1650 1438 1740 1492 pro
1771 1420 1862 1473 iut-

281 1529 369 1596 piis
401 1535 625 1584 mortuus
673 1532 743 1578 est
771 1519 946 1592 (Rom.
982 1536 1035 1586 v,
1083 1517 1158 1588 6).
1195 1516 1260 1572 Et
1299 1525 1581 1585 antequam
1629 1526 1865 1566 morere-

281 1629 379 1686 tur,
413 1635 517 1674 non
558 1617 739 1690 utique
765 1617 954 1685 justus,
1002 1611 1093 1667 sed
1117 1601 1488 1681 justilicandos
1532 1605 1688 1677 elegit
1717 1605 1863 1676 Apo-

279 1713 459 1775 stolus,
510 1709 702 1780 quibus
740 1710 831 1774 ait,
876 1704 986 1778 Ego
1016 1721 1101 1759 vos
1129 1703 1191 1757 de
1237 1701 1425 1756 mundo
1475 1699 1622 1770 elegi.
1664 1698 1866 1766 Quibus

280 1803 417 1858 enim
448 1801 603 1870 dixit,
639 1797 715 1852 De
759 1798 947 1852 annulo
994 1813 1094 1850 non
1132 1795 1281 1860 estis;
1329 1802 1381 1848 et
1427 1808 1490 1846 ne
1523 1800 1768 1864 putarent
1809 1805 1868 1845 se

279 1910 548 1966 nunquam
577 1875 738 1948 fuisse
777 1889 842 1946 de
870 1887 1089 1956 mundo,
1134 1903 1257 1942 mox
1293 1885 1516 1952 addidit,
1547 1883 1636 1940 sed
1668 1901 1756 1956 ego
1785 1902 1869 1939 ros

278 1987 337 2050 de
375 1986 567 2040 mundo
605 1985 730 2054 elegi
760 2000 776 2036 :
803 1981 1040 2052 profecto
1080 1989 1134 2036 ut
1164 1980 1231 2034 de
1279 1978 1476 2033 mundo
1519 1994 1624 2032 non
1665 1985 1866 2045 essent,

280 2079 444 2152 ipsius
480 2078 532 2134 in
569 2093 661 2131 eos
701 2074 965 2130 electione
1004 2073 1254 2128 eollatum
1282 2080 1382 2126 est.
1409 2070 1670 2138 Quocirca
1701 2069 1743 2125 si
1773 2084 1870 2142 per

279 2185 428 2232 suam
447 2167 729 2240 justitiam,
764 2183 868 2220 non
893 2181 986 2238 per
1012 2163 1236 2236 gratiam
1259 2163 1374 2234 ejus
1395 2161 1738 2232 eligerentur,
1766 2175 1868 2214 non

281 2261 343 2316 de
374 2259 574 2316 mundo
602 2258 754 2313 electi
787 2265 966 2312 essent
988 2275 999 2309 :
1025 2256 1274 2328 quoniam
1307 2253 1374 2308 de
1406 2253 1604 2307 mundo
1625 2251 1734 2322 jam
1766 2267 1870 2304 non

281 2359 483 2418 essent,
529 2349 570 2403 si
594 2349 702 2420 jam
726 2348 854 2419 juSti
885 2356 1086 2402 essent.
1121 2343 1319 2399 Deinde
1350 2344 1394 2398 si
1435 2352 1717 2414 propterea
1749 2348 1874 2398 sunt

282 2444 458 2512 electi,
497 2444 619 2518 quia
643 2443 752 2512 jam
785 2440 914 2512 justi
959 2448 1139 2503 erant;
1174 2438 1273 2508 ipsi
1305 2435 1508 2507 priores
1543 2440 1652 2505 jam
1694 2434 1875 2489 Dorul-

285 2556 410 2594 num
461 2539 754 2610 elegerant.
797 2536 925 2602 Quis
969 2534 1110 2588 enim
1157 2539 1335 2602 potest
1374 2547 1492 2585 esse
1527 2530 1723 2599 justus,
1774 2528 1874 2584 nisi

283 2631 531 2703 eligendo
554 2613 854 2701 justitiam?
886 2625 1031 2680 Finis
1062 2637 1228 2680 autem
1259 2626 1384 2696 legis
1416 2625 1664 2690 Christus,
1697 2623 1763 2678 ad
1789 2623 1876 2690 iu-

285 2727 475 2788 stitiam
516 2723 653 2777 oumi
691 2721 911 2777 credenti
951 2719 1060 2792 (Id.
1092 2737 1144 2786 κ,
1177 2720 1257 2789 li).
1301 2717 1400 2788 Qui
1427 2721 1592 2790 factus
1636 2728 1706 2772 est
1738 2717 1878 2772 nobis

285 2819 536 2886 sapientia
565 2835 595 2870 a
627 2815 748 2881 Deo,
780 2827 825 2869 et
859 2815 1082 2886 justitia,
1126 2823 1174 2869 et
1209 2815 1561 2884 sanctiﬁcatio,
1600 2824 1645 2867 et
1679 2811 1878 2868 redeat-

287 2911 391 2982 ptio
420 2927 437 2963 :
463 2918 538 2976 ut,
563 2907 983 2979 quemadmodum
1016 2906 1256 2976 scriptum
1286 2915 1374 2970 est,
1403 2905 1502 2970 Qui
1527 2905 1795 2977 gloriatur,
1827 2905 1879 2958 in

287 2999 510 3054 Domino
546 3000 788 3072 glorielur
822 2998 865 3068 (l
897 2997 1016 3056 Cor.
1047 3012 1085 3068 ι,
1117 2996 1205 3064 50,
1235 2995 1346 3068 51).
1379 2996 1495 3066 Ipse
1521 3004 1604 3052 est
1627 3011 1754 3069 ergo
1783 3011 1881 3052 n0-

288 3103 392 3148 stra
414 3091 640 3161 iustitia.

357 3183 589 3240 CAPUT
617 3179 758 3238 XXI.
778 3213 848 3222 —
870 3181 956 3238 18.
999 3180 1189 3236 Gratia
1212 3188 1256 3236 et
1284 3177 1402 3248 fidei
1425 3178 1557 3234 dono
1582 3180 1731 3234 etiam
1752 3179 1884 3234 anti-

288 3279 374 3350 qui
402 3288 522 3332 ante
541 3275 934 3330 incarnationem
955 3275 1222 3346 justi/irati
1253 3291 1389 3330 sunt.
1434 3275 1560 3331 Sine
1585 3275 1688 3345 ﬁde
1712 3276 1883 3350 nullus

287 3373 700 3443 unguamjustus
725 3373 842 3444 fuit.
871 3371 1018 3427 Unde
1041 3381 1094 3426 et
1121 3372 1324 3442 antiqui
1342 3371 1612 3441 justiante
1635 3372 1884 3438 incarna-

292 3464 492 3518 tionem
529 3461 721 3531 N'erbi,
772 3463 822 3517 in
878 3461 977 3518 hac
1022 3463 1124 3518 (ide
1166 3461 1388 3530 Christi,
1437 3472 1492 3519 et
1538 3464 1592 3518 in
1633 3464 1734 3519 hac
1760 3479 1885 3522 vera

286 3553 516 3626 justitia,
565 3554 705 3626 quod
751 3562 833 3610 est
877 3555 1032 3610 nobis
1078 3553 1346 3624 Christus,
1398 3555 1676 3625 justiﬁcati
1720 3565 1882 3624 sunt;

291 3641 392 3701 hoc
416 3646 703 3702 credentes
735 3644 963 3701 futurum
987 3645 1128 3720 quod
1159 3663 1255 3702 nos
1275 3647 1542 3702 credimus
1566 3647 1762 3703 factum
1796 3657 1889 3704 :et

289 3737 389 3810 ipsi
419 3738 592 3810 gratia
635 3737 764 3792 salvi
801 3736 924 3792 laeti
956 3735 1049 3807 per
1077 3737 1256 3804 ﬁdem,
1285 3754 1392 3796 non
1423 3754 1489 3793 ex
1521 3754 1579 3794 se
1611 3739 1758 3810 ipsis,
1792 3739 1888 3796 sed

288 3829 386 3887 Dei
417 3830 598 3895 dono;
650 3845 754 3884 non
800 3845 870 3885 ex
902 3829 1174 3900 operibus,
1222 3846 1288 3885 ne
1333 3829 1471 3886 forte
1500 3831 1887 3888 extollerentur

292 3921 515 3996 (Ephes.
550 3938 608 3988 ιι,
636 3923 690 3989 8,
718 3919 796 3994 9).
825 3922 970 3976 Bona
992 3922 1187 3996 quippe
1212 3938 1373 3994 opera
1403 3939 1588 3984 eorum
1617 3941 1720 3980 non
1744 3942 1884 3996 pra:-

291 4025 558 4070 venerunt
594 4013 1018 4070 misericordiam
1043 4013 1156 4078 Dei,
1185 4014 1277 4069 sed
1303 4016 1583 4070 subsecuta
1612 4017 1756 4070 sunt!
1783 4013 1886 4089 Ipsi

290 4110 496 4186 quippe
541 4106 846 4175 audierunt,
891 4107 990 4178 ipsi
1031 4107 1362 4180 scripserunt
1407 4109 1560 4181 longe
1603 4120 1887 4182 antequam

290 4187 543 4258 Christus
591 4203 824 4260 venisset
872 4201 922 4256 in
973 4217 1172 4257 carne:
1206 4201 1484 4258 Misercbor
1527 4205 1607 4258 cui
1660 4206 1889 4260 misertus

290 4313 399 4363 ero,
443 4305 493 4350 et
527 4294 919 4350 misericordium
951 4293 1198 4365 prazstubo
1224 4295 1305 4349 cui
1334 4297 1620 4350 misericors
1648 4297 1812 4368 fuero.
1847 4297 1888 4354 E

292 4387 493 4458 quibus
525 4385 619 4444 Dei
650 4386 848 4452 verbis,
881 4394 1026 4441 tanto
1054 4395 1173 4458 post
1216 4387 1490 4457 apostolus
1520 4388 1715 4444 Paulus
1746 4389 1889 4444 diee-

291 4491 396 4546 ret,
429 4480 602 4552 Igitur
637 4498 734 4534 non
763 4481 968 4536 volentis
997 4498 1153 4552 neque
1183 4482 1448 4549 currentis,
1479 4482 1567 4552 sed
1607 4484 1890 4538 miserentis

293 4583 367 4626 est
408 4572 502 4626 Dei
531 4572 728 4642 (Exod.
760 4588 949 4636 χχχιιι,
984 4573 1068 4638 19,
1105 4583 1147 4625 et
1181 4569 1330 4627 Rom.
1360 4590 1434 4638 rx,
1472 4573 1562 4640 15,
1598 4574 1710 4643 16).
1745 4575 1892 4646 Ipso-

292 4681 416 4720 rum
447 4666 610 4720 etiam
649 4681 750 4720 vox
776 4675 860 4721 est
887 4664 1042 4737 longe
1071 4675 1357 4736 antequam
1383 4665 1630 4722 Christus
1656 4669 1891 4723 venisset

293 4757 345 4811 in
391 4773 556 4814 carne
582 4774 594 4809 :
625 4755 764 4812 Deus
796 4775 957 4822 meus,
996 4759 1341 4814 misericordia
1381 4761 1488 4829 ejus
1515 4763 1782 4836 praeveniet
1815 4780 1892 4816 me

292 4848 470 4919 (Psal.
499 4866 643 4916 LVIII,
671 4845 781 4922 11).
809 4849 1087 4919 Quomodo
1115 4861 1289 4906 autem
1332 4863 1551 4924 possent
1581 4854 1739 4910 alieni
1771 4871 1892 4911 esse

291 4958 318 4992 a
352 4941 460 4996 lide
488 4939 708 5018 Christi,
734 4959 958 5018 quorum
989 4943 1248 4997 charitatc
1274 4943 1434 4998 etiam
1464 4944 1616 4998 nobis
1645 4961 1894 5017 prauum-

293 5031 460 5086 tiatus
488 5042 569 5088 est
598 5030 874 5099 Christus;
909 5034 1026 5088 sine
1069 5033 1220 5103 cujus
1250 5033 1353 5090 lide
1384 5034 1662 5110 quisquam
1695 5031 1896 5092 morta;

289 5123 430 5178 lium
468 5141 569 5180 nec
595 5123 715 5190 fuit,
747 5142 844 5182 nec
867 5134 969 5193 est,
1011 5141 1110 5181 nec
1139 5111 1255 5181 esse
1283 5125 1564 5200 aliquando
1595 5128 1786 5200 poterit
1809 5129 1894 5198 ju-

289 5218 452 5273 stus?
494 5219 550 5274 Si
593 5235 724 5292 ergo
763 5219 872 5291 jam
900 5219 1030 5291 justi
1079 5238 1106 5274 a
1137 5221 1350 5276 Christo
1388 5221 1712 5292 eligerentur
1750 5223 1893 5294 Apo-

289 5309 445 5375 stoli,
469 5313 620 5392 prius
638 5313 786 5368 illum
812 5313 912 5386 ipsi
935 5313 1241 5394 elegissent,
1267 5322 1323 5384 ut
1342 5313 1469 5388 justi
1490 5313 1612 5388 eligi
1640 5325 1890 5387 possent;

291 5403 424 5474 quia
450 5403 567 5460 sine
594 5403 684 5461 illo
715 5405 842 5477 justi
875 5422 992 5462 esse
1025 5403 1140 5464 'non
1169 5416 1407 5478 possent.
1446 5405 1552 5462 Sed
1583 5424 1686 5462 non
1717 5409 1786 5462 ita
1819 5407 1896 5464 fa-

289 5506 446 5552 ctum
477 5509 560 5553 est
594 5517 606 5554 :
640 5499 751 5569 ipse
787 5499 984 5578 quippe
1016 5499 1120 5553 illis
1151 5499 1242 5563 ait,
1288 5497 1408 5555 Non
1435 5516 1520 5554 vos
1553 5517 1630 5553 me
1656 5501 1889 5572 elegistis,

291 5590 388 5644 sed
422 5608 509 5664 ego
537 5609 622 5646 vos
649 5593 793 5664 elegi.
818 5591 971 5648 Unde
1011 5591 1138 5647 dicit
1182 5593 1452 5665 apostolus
1483 5591 1735 5656 Joannes,
1773 5591 1893 5647 Non

285 5685 437 5754 quod
463 5686 785 5741 dilexerimus
813 5685 1000 5754 Deum,
1028 5686 1116 5742 sed
1140 5687 1258 5757 quia
1293 5688 1400 5758 ipse
1429 5688 1567 5759 prior
1594 5687 1767 5741 dilexit
1801 5705 1892 5742 nos

287 5776 336 5850 (Ι
367 5779 528 5834 Joan.
559 5796 632 5846 tv,
663 5779 772 5850 10).

399 5869 628 5958 CAPUT
666 5870 832 5930 XXII.
860 5903 932 5915 —
958 5872 1042 5930 19.
1084 5871 1213 5928 Ante
1251 5874 1430 5947 gratia:
1474 5873 1774 5958 electiones
1810 5870 1898 5938 ἐξ·

1974 3926 2147 3992 dante
2203 3926 2568 3986 delectationis
2626 3925 2954 3980 ardentem:

3453 360 3562 424 62?

1967 574 2020 628 in
2049 572 2145 628 hac
2173 574 2278 626 vita
2315 572 2526 643 propria
2551 571 2843 638 voluntate,
2873 581 3154 642 antequam
3195 574 3354 645 eligat
3378 585 3434 632 et
3461 576 3550 631 di-

1965 665 2093 736 ligat
2137 665 2321 732 Deum,
2375 665 2476 718 nisi
2520 664 2747 736 injustus
2787 673 2841 720 et
2881 665 3112 734 impius?
3141 666 3277 732 Quid
3320 677 3423 734 est,
3473 669 3556 724 in-

1966 773 2146 829 quam,
2177 755 2336 813 homo
2364 757 2618 814 aberrans
2643 774 2672 813 a
2694 758 2947 815 Creatore
2976 765 3239 826 creatura,
3270 760 3368 815 nisi
3395 761 3561 818 Crea-

1968 859 2050 908 tor
2071 854 2186 924 ejus
2221 869 2426 909 memor
2455 853 2522 908 sit
2546 853 2662 924 ejus
2690 853 2861 927 (Psal.
2894 869 3006 920 vnt,
3041 852 3120 926 5),
3152 863 3206 910 et
3249 855 3408 926 eligat
3432 870 3558 911 eum

1968 948 2153 1018 gratis,
2187 957 2240 1002 et
2269 947 2450 1020 diligat
2483 948 2681 1019 gratis?
2708 947 2841 1014 Quia
2869 949 2982 1019 ipse
3011 963 3116 1003 non
3161 955 3336 1018 potest
3360 949 3559 1020 eligere

1970 1039 2056 1096 vel
2095 1037 2336 1111 diligere,
2382 1041 2482 1095 nisi
2525 1039 2670 1111 prius
2708 1042 2909 1097 electus
2952 1041 3288 1113 dilectusque
3316 1053 3556 1110 curetur,

1969 1137 2054 1208 qui
2091 1137 2329 1192 caecitate
2375 1135 2614 1208 eligenda
2661 1152 2769 1191 non
2815 1137 3004 1204 cernit,
3051 1145 3106 1192 et
3148 1138 3402 1209 languore
3441 1137 3564 1193 dili-

1970 1227 2142 1300 genda
2173 1227 2387 1283 fastidit.
2417 1228 2519 1284 Sed
2553 1227 2688 1284 forte
2729 1230 2847 1300 quis
2887 1230 3031 1284 dicat
3056 1245 3070 1286 :
3093 1229 3374 1299 Quomodo
3414 1231 3559 1287 Deus

1971 1322 2116 1394 prius
2157 1323 2305 1392 eligit
2345 1331 2397 1377 et
2431 1321 2599 1394 diligit
2643 1323 2872 1395 iniquos,
2905 1323 3237 1395 utjustillcet
3275 1341 3392 1393 eos,
3435 1343 3558 1382 cum

1972 1417 2226 1488 scriptum
2259 1417 2345 1480 sit,
2383 1415 2568 1482 Odisti,
2601 1416 2835 1484 Domine,
2869 1435 3038 1474 omnes
3077 1429 3339 1492 operanles
3368 1421 3564 1492 iniqui-

1974 1517 2121 1562 tatem
2150 1506 2318 1581 (I’sal.
2351 1524 2404 1575 ν,
2434 1507 2526 1580 '7)?
2561 1507 2840 1578 Quomodo
2880 1519 3145 1584 putamus,
3194 1510 3296 1566 nisi
3341 1513 3478 1566 miro
3509 1521 3567 1566 et

1973 1601 2224 1658 inell'abili
2254 1601 2451 1656 modo?
2477 1601 2542 1656 Et
2566 1613 2739 1657 tamen
2765 1603 2924 1658 etiam
2949 1620 3046 1658 nos
3074 1617 3358 1673 possumus
3376 1604 3392 1634 ⁵
3412 1602 3560 1672 cogi-

1975 1701 2125 1759 tare,
2174 1691 2314 1762 quod
2362 1689 2596 1749 medicus
2636 1693 2806 1750 bonus
2842 1705 3098 1766 mgrotum
3150 1703 3204 1751 et
3249 1695 3362 1750 odit
3405 1701 3458 1749 et
3487 1693 3562 1748 di-

1974 1783 2122 1854 ligit:
2151 1783 2263 1839 odit
2300 1785 2466 1854 enim,
2522 1786 2644 1858 quia
2693 1797 2948 1858 :egrotat;
3005 1785 3195 1860 diligit,
3240 1795 3300 1842 ut
3351 1785 3542 1858 aegritu

1975 1877 2152 1934 dinem
2183 1878 2363 1950 pellat.

2047 1969 2271 2027 CAPUT
2320 1969 2580 2028 XXIII.—
2597 1971 2688 2030 20.
2733 1973 2996 2040 Quomodo
3036 1971 3256 2028 clmritas
3296 1989 3425 2028 vera:
3468 1989 3568 2046 pa-

1978 2065 2186 2134 tientiw,
2215 2069 2284 2120 ita
2308 2067 2559 2138 cupiditas
2593 2071 2705 2140 fons
2733 2069 2880 2123 mala?
2905 2067 3180 2140 patientiae.
3205 2067 3328 2122 ιιωο
3352 2063 3570 2139 propter

1979 2158 2294 2214 eharitatem
2325 2160 2463 2215 dicta
2507 2164 2632 2228 sint,
2667 2163 2782 2218 sine
2800 2179 2912 2234 .qua
2956 2164 3010 2218 in
3058 2163 3212 2218 nobis
3260 2179 3368 2220 non
3396 2172 3572 2234 potest

1980 2267 2097 2306 esse
2129 2268 2252 2306 vera
2284 2255 2576 2324 patientia:
2607 2255 2725 2325 quia
2768 2255 2820 2309 in
2866 2255 3018 2308 bonis
3057 2256 3290 2309 cltaritas
3333 2253 3428 2310 Dei
3466 2263 3570 2322 est,

1979 2361 2097 2416 quae
2128 2347 2318 2400 tolerat
2349 2348 2547 2416 omnia,
2594 2347 2730 2402 sicut
2776 2348 2828 2402 in
2879 2347 3034 2403 malis
3065 2347 3248 2402 mundi
3282 2346 3570 2418 cupiditas.

1981 2436 2086 2493 Sed
2117 2438 2230 2494 haec
2259 2438 2491 2494 eharitas
2523 2457 2614 2512 per
2647 2439 2903 2509 Spiritum
2934 2447 3174 2494 sanctum
3205 2441 3362 2495 estin
3392 2439 3572 2509 nobis,

1981 2530 2070 2602 qui
2104 2529 2258 2585 datus
2288 2541 2369 2586 est
2405 2532 2574 2586 nobis.
2609 2531 2762 2587 Unde
2810 2547 2840 2587 a
2872 2547 2978 2603 quo
3011 2529 3164 2586 nobis
3204 2540 3287 2587 est
3315 2529 3573 2600 Charitas,

1983 2622 2050 2676 ab
2081 2624 2174 2677 illo
2203 2633 2286 2679 est
2320 2624 2592 2694 patientia.
2628 2623 2804 2678 Mundi
2846 2631 3023 2678 autem
3051 2623 3333 2694 cupiditas,
3363 2623 3578 2694 quando

1985 2714 2248 2796 patienter
2289 2715 2514 2769 sustinet
2557 2731 2719 2770 onera
2759 2714 3043 2785 cujuslibet
3086 2714 3425 2781 calamitatis,
3469 2715 3579 2785 glo-

1984 2805 2151 2862 riatur
2173 2805 2238 2861 de
2265 2805 2467 2862 viribus
2493 2809 2720 2880 propria:
2751 2809 3059 2874 voluntatis,
3085 2816 3337 2879 tanquam
3364 2807 3432 2864 de
3463 2817 3584 2864 stu-

1985 2916 2114 2972 pore
2144 2902 2337 2969 morbi,
2367 2918 2470 2957 non
2494 2901 2560 2958 de
2585 2903 2776 2958 robore
2806 2901 3070 2960 sanitatis.
3103 2902 3327 2958 Insana'
3365 2911 3447 2958 est
3477 2901 3581 2960 ista

1986 2993 2228 3066 gloriatio
2254 3013 2268 3064 ;
2298 3011 2401 3052 non
2431 3005 2512 3050 est
2539 2997 2829 3068 patientire,
2862 2995 2956 3051 sed
2979 2995 3284 3051 dementias.
3314 2995 3576 3052 Voluntas

1987 3083 2088 3150 ista
2137 3099 2284 3144 tanto
2335 3089 2546 3144 videtur
2591 3087 2880 3161 patientior
2923 3089 3242 3144 acerborum
3289 3087 3576 3157 malorum,

1989 3191 2189 3258 quanto
2228 3192 2310 3246 est
2345 3182 2550 3240 avidior
2577 3182 2950 3256 temporalium
2977 3179 3264 3252 bonorum,
3305 3181 3427 3268 quia
3465 3179 3582 3237 ina-

1989 3272 2111 3330 nior
2137 3283 2482 3352 aeternorum.

1993 3353 1998 3360 ’
2059 3366 2285 3452 CAPUT
2327 3367 2513 3424 XXIV.
2535 3367 2709 3424 —21.
2765 3369 3078 3424 Voluntalem
3100 3370 3285 3424 malam
3309 3387 3414 3426 esse
3437 3386 3583 3440 posse

1989 3461 2142 3516 etiam
2192 3462 2302 3517 sine
2358 3462 2566 3534 spiritus
2613 3463 2735 3518 mali
2775 3464 3112 3538 instigationc.
3170 3461 3323 3530 Quod
3365 3464 3412 3518 si
3463 3478 3584 3520 eam

1991 3555 2224 3628 exagitat
2269 3564 2324 3612 et
2374 3555 2670 3628 inﬂammat
2725 3555 2998 3618 fallacibus
3055 3555 3226 3611 visis8
3278 3563 3334 3611 et
3379 3556 3586 3616 suasio-

1993 3647 2150 3702 nibus
2201 3647 2488 3706 immundis
2545 3649 2841 3706 diabolicus
2907 3647 3168 3718 Spiritus‘
3244 3657 3298 3703 et
3353 3647 3584 3718 maligna

1993 3740 2390 3811 conspiratione
2443 3740 2695 3806 sociatus,
2742 3739 2907 3796 efticit
2955 3738 3187 3794 hominis
3232 3737 3583 3806 voluntatem,

1994 3833 2079 3888 vel
2121 3847 2305 3890 errore
2349 3832 2671 3900 dementem,
2713 3833 2797 3888 vel
2835 3832 3072 3904 appetitu
3106 3829 3389 3901 cujuslibet
3430 3847 3587 3885 mun-

2999 3939 3117 3995 (ιοω
3161 3939 3286 3981 cum
3340 3922 3548 3980 videtur
3563 3922 3587 3956 ⁸

1995 4019 2347 4080 intolerabilia
2386 4018 2702 4084 mirabiliter
2748 4018 3041 4084 sustinere,
3099 4032 3206 4072 non
3255 4025 3434 4072 tamen
3463 4016 3586 4073 ideo

1994 4118 2154 4176 etiam
2196 4116 2441 4171 voluntas
2480 4115 2617 4168 mala
2658 4113 2773 4169 sine
2823 4112 3163 4183 instigatione
3207 4111 3428 4169 alterius
3479 4109 3585 4168 im-

1995 4210 2179 4272 tnundi
2224 4209 2460 4279 spiritus,
2508 4209 2647 4264 sicut
2695 4208 2944 4264 voluntas
2983 4207 3123 4272 bona
3165 4207 3282 4263 sine
3320 4207 3586 4278 adjutorio

1995 4303 2162 4362 sancti
2187 4301 2414 4373 Spiritus
2445 4317 2552 4357 non
2580 4308 2754 4374 potest
2782 4316 2923 4358 esse.
2969 4299 3099 4358 Nam
3141 4315 3261 4357 esse
3289 4315 3448 4372 posse
3477 4315 3582 4355 vo-

1997 4397 2254 4464 luntatem
2300 4396 2493 4450 malam
2532 4394 2690 4450 etiam
2741 4395 2857 4452 sine
2898 4394 3076 4466 aliquo
3127 4394 3314 4466 spiritu
3362 4391 3451 4452 vel
3498 4409 3585 4451 se-

1997 4489 2224 4544 ducente
2253 4487 2338 4544 vel
2367 4488 2638 4553 incitante,
2672 4487 2724 4542 in
2755 4487 2869 4560 ipso
2899 4486 3116 4544 diabolo
3161 4489 3292 4544 satis
3340 4488 3586 4545 ostendi-

2000 4591 2102 4644 tur,
2133 4577 2223 4652 qui
2249 4596 2342 4650 per
2365 4579 2565 4634 nullum
2595 4578 2755 4632 alium
2784 4577 3076 4645 diabolum,
3113 4579 3207 4635 sed
3237 4580 3447 4654 propria
3485 4595 3585 4634 vo-

1999 4672 2200 4728 luntate
2281 4670 2449 4746 iactus
2507 4669 2748 4726 diabolus
2811 4670 3095 4726 invenitur.
3161 4669 3418 4744 Voluntas
3486 4671 3587 4742 ita-

1999 4781 2130 4842 que
2167 4764 2305 4818 mala
2358 4764 2470 4818 sive
2519 4764 2806 4834 cupiditate
2872 4766 3109 4835 rapiatur
3135 4804 3151 4832 ,
3181 4747 3184 4750 ’
3215 4764 3330 4819 sive
3391 4764 3584 4821 timore

2001 4867 2312 4930 revocetur,
2364 4858 2476 4926 sive
2546 4858 2730 4934 Iustitia
2795 4855 3158 4938 diﬂ‘undatur,
3229 4858 3345 4920 sive
3415 4857 3586 4912 tristi-

2001 4952 2071 5008 tia
2109 4951 2474 5024 contrahat'ur,
2505 4961 2664 5023 atque
2700 4952 2754 5008 in
2808 4952 2892 5008 his
2932 4952 3178 5028 omnibus
3227 4949 3588 5028 perturbatio-

2001 5047 2156 5101 nibus
2197 5046 2360 5101 animi
2401 5061 2750 5118 quascumque
2788 5053 2912 5100 sunt
2956 5045 3072 5100 aliis
3117 5042 3202 5118 vel
3243 5043 3347 5102 alio
3385 5051 3586 5114 tempo-

2000 5137 2092 5194 re“
2127 5139 2372 5210 graviora
2410 5147 2718 5204 contemnat
2769 5145 2824 5212 et
2871 5135 3132 5208 perierat;
3159 5144 3337 5212 potest
3371 5145 3427 5196 et
3468 5137 3586 5194 sine

2067 5319 2080 5349 ¹
2115 5324 2185 5396 tta
2204 5317 2300 5368 duo
2322 5315 2535 5370 Vaticani
2554 5322 2662 5367 Mss.
2688 5314 2773 5366 Alii
2790 5325 2909 5368 vero
2929 5311 3158 5396 plerique
3176 5325 3289 5384 eum
3312 5315 3472 5378 editis,
3499 5330 3592 5369 non

2064 5389 2267 5431 SSilﬂlIls.

2001 5391 2267 5446 possumus.
2740 5437 2752 5450 _

2067 5445 2087 5476 ³
2120 5445 2193 5492 sic
2215 5451 2320 5492 Mss.
2345 5447 2402 5492 At.
2425 5441 2560 5498 editi,
2589 5449 2798 5490 ruma.

2068 5506 2088 5536 ³
2122 5505 2288 5556 Plures
2302 5512 2432 5568 διδερυ
2456 5502 2647 5568 risibus.
2667 5509 2717 5553 In
2740 5499 2974 5568 persimili
2989 5499 3105 5568 loco
3128 5499 3240 5568 libri
3257 5501 3319 5553 de
3337 5506 3579 5554 Continen'

2001 5569 2086 5627 tia,
2111 5581 2216 5630 cap.
2241 5568 2288 5628 Et,
2317 5583 2364 5616 η.
2381 5565 2429 5625 3,
2456 5563 2634 5625 legitur
2660 5580 2673 5616 :
2707 5563 2967 5630 «Quisquis
2984 5566 3034 5613 in
3058 5563 3205 5615 corde
3223 5568 3588 5625 occurrentibus

2009 5647 2033 5678 ι
2053 5627 2454 5698 suggestiOuihus
2475 5635 2779 5698 quorumque
2801 5627 3115 5698 metuntur...
3140 5630 3406 5698 consensit.
3427 5647 3450 5698 ξ

2065 5692 2087 5724 ι
2119 5688 2311 5755 Aliquot
2332 5699 2458 5755 Mss,
2483 5688 2757 5755 imittundus
2780 5694 2826 5755 et
2851 5688 3125 5755 diabolicus
3137 5690 3354 5755 spiritus.
3389 5693 3444 5741 Et
3478 5703 3587 5748 mox

2065 5706 2087 5724 ο
2125 5706 2311 5755 Αιιίιυυι
2332 5706 2458 5750 .uss.,
2483 5706 2757 5742 unrnunuus
2780 5706 2826 5738 et
2851 5706 3115 5742 (ιῑαυοιπιιδ
3137 5706 3160 5742 s
3181 5706 3248 5742 nrt

2003 5757 2212 5805 Vaticani
2237 5756 2347 5811 (illtt,
2370 5749 2414 5800 ei
2433 5749 2642 5814 maligna
2660 5745 3004 5814 conspiratione
3027 5706 3248 5804 soeiaius.

2067 5819 2089 5882 Ρ
2122 5819 2193 5882 sic
2217 5819 2378 5882 plotae
2402 5821 2529 5863 nota:
2554 5821 2658 5882 Mss.
2683 5821 2737 5863 At
2762 5815 2896 5874 editi,
2921 5821 3236 5882 quacumque
3249 5815 3492 5870 ridemur.

2071 5881 2092 5914 °
2125 5876 2348 5945 Plerique
2370 5885 2500 5942 Mss,
2523 5876 2595 5928 vel
2611 5890 2666 5928 eo
2688 5882 2915 5942 tempore.
