4102 6336
498 382 606 445 623

495 505 717 560 alterius
757 500 975 572 Spiritus
1018 495 1271 553 instinctu
1313 508 1375 550 se
1422 494 1534 565 ipsa
1575 494 1852 562 seducere,
1892 501 1946 550 et
1995 492 2090 549 de-

495 598 639 653 fectu
673 611 704 651 a
745 592 1111 665 superioribus
1172 589 1224 644 in
1255 586 1507 643 inferiora
1566 586 1840 657 lapsando,
1892 595 2092 658 quanto

494 688 782 761 jucundius
827 684 1205 748 aestimare-rit,
1251 681 1393 752 quod
1444 680 1666 752 adipisci
1719 681 1952 751 appetit,
2008 680 2093 735 vel

495 782 744 837 amittere
782 778 991 842 metuit,
1030 776 1115 831 vel
1154 774 1404 844 adeptum
1448 773 1661 845 gaudet,
1702 775 1788 829 vel
1834 772 2089 827 amissum

499 873 663 938 dolet,
694 880 840 926 tanto
872 866 1206 924 tolerabilius
1229 881 1325 935 pro
1350 880 1416 921 eo
1444 864 1582 920 ferre
1611 863 1755 935 quod
1782 863 1881 918 sibi
1913 864 2092 920 minus

496 974 581 1020 est
610 963 677 1018 ad
706 960 1033 1033 patiendum,
1066 973 1224 1029 quam
1252 956 1379 1012 illud
1400 957 1465 1010 ad
1493 954 1794 1011 fruendum.
1822 954 2092 1025 Quidquid

497 1058 642 1112 enim
671 1055 797 1110 illud
843 1062 945 1118 est,
990 1067 1057 1107 ex
1085 1059 1327 1105 creatura
1369 1058 1472 1114 est,
1504 1047 1658 1116 cujus
1699 1058 1822 1101 nota
1852 1047 2093 1116 voluptas

501 1147 646 1202 cst’.
682 1144 925 1215 Quodam
967 1141 1127 1197 modo
1170 1140 1312 1195 enim
1350 1138 1594 1193 familiari
1638 1146 1890 1193 contactu
1935 1146 2095 1207 atque

496 1256 743 1297 connexu
786 1239 853 1295 ad
905 1235 1285 1308 experiendam
1336 1234 1453 1303 ejus
1508 1232 1824 1288 suavitatem
1883 1230 2095 1301 adjacct

495 1334 695 1389 amanti
725 1340 987 1388 creaturae
1016 1337 1190 1383 amata
1220 1337 1484 1383 creatura.
1658 1369 1673 1381 .

565 1424 795 1482 CAPUT
834 1422 1000 1478 XXV.
1030 1451 1101 1461 —
1127 1420 1215 1474 22.
1258 1419 1403 1473 Bona
1450 1419 1681 1473 voluntas
1724 1434 1825 1471 non
1873 1417 1971 1471 nisi
2028 1432 2093 1471 ea:

500 1518 637 1574 Deo.
669 1504 926 1587 Voluptas
948 1524 1124 1569 autem
1157 1511 1447 1577 Creatoris,
1478 1510 1547 1565 de
1567 1525 1670 1580 qua
1700 1509 1957 1579 scriptum
1986 1518 2089 1575 est,

498 1610 571 1665 Et
601 1619 823 1664 torrente
855 1606 1129 1677 voluptatis
1156 1616 1255 1658 tua:
1283 1603 1478 1673 potabis
1508 1618 1591 1655 eos
1614 1600 1785 1671 (Psal.
1820 1617 1986 1665 xxxv,
2010 1597 2089 1674 9),

498 1701 658 1773 longe
697 1700 916 1755 alterius
962 1698 1174 1768 generis
1218 1704 1301 1751 est
1331 1713 1344 1749 :
1378 1709 1551 1764 neque
1588 1694 1755 1759 enim,
1796 1694 1934 1747 sicut
1971 1707 2089 1758 nos,

498 1800 743 1847 creatura
777 1798 879 1846 est.
910 1789 1021 1844 Nisi
1065 1802 1193 1858 ergo
1228 1800 1380 1840 amor
1407 1784 1523 1855 ejus
1558 1784 1713 1838 detur
1750 1783 1873 1838 inde
1916 1782 2089 1849 nobis,

497 1900 606 1940 non
627 1892 712 1939 est
732 1882 874 1938 unde
904 1896 1022 1937 esse
1056 1880 1222 1952 possit
1253 1879 1305 1933 in
1338 1879 1511 1934 nobis.
1546 1879 1623 1932 Ac
1651 1893 1749 1949 per
1780 1877 1880 1932 hoc
1900 1877 2091 1932 volun-

498 1987 581 2033 tas
623 1978 786 2044 bona,
828 1992 930 2048 qua
960 1975 1196 2045 diligitur
1238 1975 1398 2040 Deus,
1438 1974 1489 2028 in
1522 1974 1739 2028 homine
1782 1988 1887 2027 non
1916 1981 2094 2042 potest

495 2086 636 2137 esse,
672 2071 773 2125 nisi
804 2070 855 2123 in
891 2084 997 2139 quo
1028 2070 1167 2123 Deus
1201 2076 1456 2138 operatur
1487 2074 1541 2120 et
1569 2065 1705 2120 velle
1734 2063 1991 2136 (Philipp.
2028 2082 2089 2132 ιι,

497 2166 609 2235 l5).
649 2162 773 2218 Haec
803 2163 961 2233 igitur
992 2162 1253 2216 voluntas'
1282 2161 1441 2225 bona,
1477 2159 1527 2213 id
1574 2170 1677 2225 est,
1707 2159 1952 2213 voluntas
1983 2160 2093 2215 Deo

499 2255 732 2311 ﬁdeliter
767 2254 1002 2319 subdita,
1053 2254 1297 2307 voluntas
1335 2251 1615 2305 sanctitate
1639 2250 1852 2318 superni
1885 2250 2094 2304 ardoris

496 2363 744 2413 accensa,
773 2348 1017 2402 voluntas
1040 2362 1158 2417 quae
1193 2346 1361 2416 diligit
1388 2345 1552 2399 Deum
1571 2354 1623 2398 et
1650 2345 1945 2413 proximum
1971 2358 2095 2413 pro-

389 2466 404 2476 ~
498 2452 616 2511 pter
642 2440 843 2503 Deum;
876 2440 988 2494 sive
1031 2453 1234 2503 amore,
1273 2436 1340 2491 de
1387 2452 1491 2506 quo
1512 2434 1798 2504 respondet
1820 2435 2093 2505 apostolus

497 2533 708 2595 Petrus,
740 2530 976 2595 Domine,
1022 2539 1075 2584 tu
1114 2530 1210 2585 scis
1239 2528 1358 2600 quia
1395 2544 1510 2581 unto
1538 2537 1584 2580 te
1605 2526 1786 2597 (Joan.
1815 2544 1932 2593 xxx,
1962 2527 2087 2599 15);

498 2625 611 2680 sive
639 2624 847 2691 timore,
876 2622 943 2678 de
971 2636 1077 2693 quo
1107 2621 1232 2676 dicit
1260 2620 1535 2690 apostolus
1576 2617 1792 2682 Paulus,
1822 2620 1874 2672 in
1918 2620 2095 2673 timore

498 2726 546 2771 et
580 2725 791 2769 tremore
838 2725 1055 2769 vestram
1090 2714 1321 2784 ipsorum
1358 2712 1574 2765 salutem
1618 2710 1900 2778 operamini
1938 2709 2095 2783 (ΡΙιὶ-

499 2809 628 2879 lipp.
658 2824 716 2872 ll,
744 2805 831 2880 12)
852 2823 867 2872 ;
891 2808 1003 2860 sive
1028 2806 1240 2875 gaudio,
1264 2804 1332 2859 de
1358 2820 1462 2874 quo
1484 2803 1633 2869 dicit,
1666 2803 1773 2874 Spe
1791 2804 2087 2875 gaudentes,

498 2898 553 2952 in
580 2897 903 2951 tribulatione
932 2896 1177 2964 patientes
1202 2893 1378 2961 (Rom.
1415 2909 1507 2958 xu,
1536 2892 1625 2964 12)
1653 2909 1667 2958 ;
1702 2894 1814 2948 sive
1852 2894 2087 2958 tristitia,

499 2990 710 3060 qualem
756 3003 813 3043 se
851 2987 981 3041 dicit
1010 3000 1254 3057 magnam
1300 2984 1548 3039 habuisse
1578 2999 1675 3055 pro
1702 2983 1952 3037 fratribus
1972 2984 2093 3037 suis

506 3082 616 3155 (Id.
650 3099 721 3147 ιχ,
750 3082 807 3152 2)
846 3099 859 3134 :
892 3094 1242 3151 quascumque
1285 3092 1466 3130 amara
1518 3086 1573 3131 et
1613 3090 1800 3146 aspera
1851 3075 2091 3142 sullerat,

499 3173 733 3228 charitas
776 3172 867 3226 Dei
914 3181 1017 3235 est,
1046 3185 1165 3241 qua:
1195 3168 1373 3223 omnia
1418 3167 1610 3223 tolerat
1646 3166 1688 3239 (l
1722 3166 1839 3221 Cor.
1871 3183 1985 3229 xm,
2013 3166 2090 3239 7),

500 3282 619 3337 quae
649 3280 753 3319 non
784 3263 1094 3318 diffunditur
1125 3262 1178 3315 in
1199 3260 1448 3316 cordibus
1480 3259 1697 3324 nostris,
1730 3259 1829 3324 nisi
1855 3274 1953 3330 per
1972 3257 2093 3329 Spi-

500 3360 663 3414 ritum
691 3367 931 3413 sanctum
960 3356 1051 3427 qui
1077 3355 1233 3411 datus
1253 3364 1337 3409 est
1365 3352 1520 3408 nobis
1546 3354 1721 3423 (Rom.
1753 3368 1808 3419 v,
1840 3352 1919 3425 5).

569 3450 797 3507 CAPUT
847 3447 1039 3504 XXVI.
1078 3478 1149 3490 —
1186 3446 1401 3501 Piarum
1452 3447 1695 3516 patientia
1739 3446 1835 3501 Dei
1880 3447 2090 3504 donum.

503 3545 959 3602 Schismaticorum
1005 3542 1249 3612 patientia
1304 3532 1643 3609 pro‘Christo
1695 3555 1762 3593 an
1809 3540 2090 3596 laudanda.

503 3638 655 3693 Unde
699 3651 1031 3707 nequaquam
1084 3635 1359 3690 dubitante
1416 3633 1630 3701 pietate,
1678 3631 1815 3687 sicut
1863 3634 2093 3688 charitas

502 3737 687 3783 sancte
721 3728 1033 3790 amantium,
1081 3726 1151 3779 ita
1199 3724 1454 3795 patientia
1496 3724 1583 3793 pic
1626 3723 1967 3778 tolerantium
1999 3725 2093 3780 Dei

501 3823 700 3877 donum
741 3832 845 3877 est.
888 3819 1072 3891 Neque
1112 3819 1255 3872 enim
1297 3817 1480 3872 divina
1521 3816 1794 3887 Scriptura
1834 3816 1967 3871 fallit
2004 3827 2097 3872 aut

504 3915 719 3981 fallitur,
754 3931 872 3985 qua:
900 3929 1007 3968 non
1039 3912 1212 3967 solum
1239 3912 1291 3965 in
1312 3911 1581 3966 veteribus
1609 3910 1781 3967 Libris
1809 3910 1970 3966 habet
1991 3911 2092 3966 hu-

500 4009 586 4078 jus
625 4008 704 4063 rei
733 4008 1051 4069 testimonia,
1083 4023 1203 4061 cum
1241 4007 1351 4061 Deo
1376 4005 1588 4071 dicitur,
1621 4004 1877 4058 Patientia
1904 4021 2013 4058 mea
2039 4014 2094 4059 tu

504 4118 554 4154 es
600 4098 770 4169 (Psal.
827 4114 933 4152 Lxx
987 4098 1079 4167 5);
1138 4107 1221 4161 et,
1280 4097 1353 4150 Ab
1404 4097 1515 4165 ipso
1573 4105 1645 4149 est
1698 4096 1940 4165 patientia
1983 4114 2095 4152 mea

506 4192 677 4260 (Psal.
719 4207 824 4257 LXI,
859 4190 913 4259 6)
939 4207 954 4249 :
983 4199 1036 4245 et
1064 4189 1152 4243 ubi
1197 4190 1329 4242 alius
1357 4187 1613 4257 propheta
1659 4187 1809 4253 dicit,
1851 4189 2095 4258 accipere

506 4299 606 4338 nos
627 4283 879 4353 Spiritum
907 4280 1232 4335 fortitudinis
1266 4295 1278 4331 :
1310 4294 1495 4333 verum
1527 4279 1685 4332 etiam
1711 4279 1761 4331 in
1789 4280 2095 4348 apostolicis

506 4375 722 4430 Litteris
764 4375 975 4445 legitur,
1022 4372 1154 4439 Quia
1190 4370 1327 4429 vobis
1365 4370 1607 4423 donatum
1645 4379 1719 4423 est
1750 4386 1841 4439 pro
1870 4369 2092 4438 Christo,

507 4484 609 4521 non
642 4468 806 4520 solum
836 4475 890 4519 ut
927 4466 1145 4520 credatis
1184 4464 1237 4517 in
1263 4478 1395 4525 eum,
1436 4462 1523 4515 sed
1565 4470 1618 4515 ut
1653 4462 1803 4515 etiam
1829 4463 2095 4533 patiamini

505 4570 711 4633 propter
738 4576 850 4613 eum
877 4557 1133 4631 (Philipp.
1175 4572 1213 4622 ι,
1245 4555 1362 4623 29).
1390 4553 1505 4608 Non
1540 4569 1667 4624 ergo
1697 4554 1847 4624 quasi
1870 4555 1936 4610 de
1967 4569 2093 4625 pro-

504 4654 622 4723 prio
647 4651 804 4707 faciat
829 4650 1064 4705 animum
1091 4647 1287 4703 elatum
1315 4644 1458 4715 quod
1498 4644 1599 4699 sibi
1641 4644 1793 4700 audit
1832 4659 1955 4701 esse
1993 4645 2093 4701 do—

502 4756 706 4802 natum.

576 4839 667 4893 23.
708 4835 766 4893 Si
814 4835 935 4906 quis
979 4839 1155 4887 autem
1204 4845 1308 4886 non
1347 4828 1549 4885 habens
1592 4828 1929 4895 cbaritatem,
1976 4844 2094 4901 quae

504 4932 736 5003 pertinet
762 4927 828 4982 ad
854 4927 1109 4983 unitatem
1151 4924 1369 4994 spiritus
1409 4931 1462 4978 et
1499 4920 1768 4976 vinculum
1795 4921 1961 4991 pacis,
1989 4936 2094 4992 quo

505 5022 765 5077 catholica
804 5016 1043 5074 Ecclesia
1085 5024 1403 5087 congregata
1433 5014 1785 5077 connectitur,
1829 5014 1881 5067 in
1915 5012 2095 5081 aliquo

507 5116 793 5169 schismate
837 5110 1177 5173 constitutus,
1230 5123 1299 5162 ne
1350 5106 1621 5161 Christum
1671 5114 1847 5175 neget,
1900 5105 2095 5174 patitur

508 5206 903 5269 tribulationes,
927 5200 1218 5273 angustias,
1252 5197 1469 5259 famem,
1501 5197 1815 5263 nuditatem,
1844 5211 2090 5265 persecu-

507 5299 728 5360 tionem,
772 5294 1023 5366 pericula,
1067 5304 1332 5353 carceres,
1387 5289 1615 5354 vincula,
1647 5295 1935 5354 tormenta,
1977 5286 2092 5357 gla-

507 5391 678 5454 dium,
715 5390 798 5443 vel
837 5389 1108 5452 ﬂammas,
1142 5383 1227 5439 vel
1256 5381 1490 5444 bestias,
1535 5379 1619 5433 vel
1658 5380 1828 5448 ipsam
1879 5393 2091 5433 crucem

511 5484 704 5538 timore
728 5481 1116 5551 gehennarum,
1144 5485 1199 5532 et
1225 5476 1360 5545 ignis
1390 5473 1609 5537 aeterni;
1640 5471 1783 5525 nullo
1809 5470 1968 5525 modo
1995 5471 2093 5525 ista

510 5573 769 5645 culpanda
812 5579 956 5636 sunt,
992 5572 1098 5623 imo
1130 5582 1259 5622 vero
1294 5574 1348 5621 ct
1390 5566 1502 5620 hzec
1550 5562 1812 5618 laudanda
1847 5563 2096 5631 patientia

510 5677 614 5721 est.
652 5664 765 5719 Non
798 5662 937 5717 enim
979 5660 1157 5715 dicere
1199 5658 1511 5726 poterimus,
1545 5655 1735 5710 melius
1762 5655 1809 5709 ei
1850 5654 2010 5707 fuisse
2042 5664 2098 5707 ut

512 5758 785 5815 Christum
816 5751 1061 5824 negando
1079 5750 1211 5805 nihil
1234 5764 1418 5805 eorum
1450 5757 1743 5818 pateretur,
1770 5762 1889 5817 qum
1912 5760 2098 5805 passus

579 5896 596 5933 ι
630 5891 768 5952 aditi,
784 5887 997 5943 υοιωιιαδ
1018 5890 1104 5939 est.
1132 5886 1301 5935 Verius
1323 5894 1451 5947 Mss,
1473 5884 1684 5950 voluptas
1710 5894 1793 5937 μείνό

1390 372 1479 433 οε
1521 369 1905 441 PATlENTlA,
1946 373 2007 432 s.
2044 360 2418 433 AUGUSTINI
2455 371 2659 429 LIBER
2700 368 2900 429 unus.

3679 366 3785 426 624

2202 500 2285 547 est
2307 488 2636 556 conﬁtendo;
2669 488 2761 545 scd
2788 483 3199 544 existimandum
3230 494 3313 541 cst
3338 483 3563 541 fortasse
3589 484 3780 541 tolera-

2200 583 2360 639 bilius
2402 583 2451 638 ei
2490 582 2726 646 futurum
2762 581 3039 651 judicium,
3080 594 3240 650 quam
3281 580 3325 634 si
3366 578 3634 635 Christum
3686 597 3779 635 ne-

2198 677 2374 748 gando
2409 685 2596 732 cuncta
2627 677 2715 731 illa
2752 677 2941 730 vitaret
2972 693 2984 729 :
3015 686 3069 728 ut
3100 674 3228 729 illud
3261 673 3403 744 quod
3442 676 3514 728 ait
3554 679 3780 745 Aposto-

2201 771 2305 839 lus,
2336 770 2397 826 Si
2427 769 2684 825 tradidero
2718 786 2900 838 corpus
2928 785 3090 822 meum
3133 777 3188 821 ut
3228 766 3455 831 ardeam,
3487 767 3784 821 cltaritatem

2198 874 2365 919 autem
2392 882 2492 919 non
2523 863 2751 928 habeam,
2778 862 2908 916 nihil
2940 863 3063 915 mihi
3090 861 3293 931 prodest
3334 859 3375 933 (Ι
3402 860 3520 916 Cor.
3550 876 3664 925 χιιι,
3686 861 3780 931 5);

2199 956 2333 1012 nihil
2368 956 2624 1027 prodesse
2663 955 2987 1024 intelligatur
3017 954 3081 1008 ad
3110 969 3331 1023 regnum
3361 954 3621 1009 caelorum
3652 954 3785 1009 obtio

2199 1049 2456 1115 nendum,
2486 1065 2593 1105 non
2621 1049 2687 1104 ad
2730 1047 2955 1104 extremi
2989 1046 3175 1117 judicii
3205 1046 3537 1103 tolerabilius
3580 1046 3783 1117 suppli-

2198 1146 2338 1201 cium
2368 1143 2723 1200 subeundum.

2269 1236 2495 1293 CAPUT
2533 1236 2746 1291 XXVII.
2775 1267 2848 1277 —
2881 1235 2972 1291 24.
3001 1235 3083 1289 An
3117 1235 3226 1289 haec
3252 1250 3428 1290 eorum
3458 1233 3697 1304 patientia
3726 1234 3787 1287 sit

2197 1324 2297 1380 Dei
2320 1328 2527 1381 donum.
2553 1327 2658 1383 Sed
2684 1328 2875 1383 merito
2899 1327 3063 1395 quaeri
3093 1335 3267 1396 potest
3293 1337 3468 1380 utrum
3498 1334 3553 1380 et
3576 1326 3670 1379 ista
3700 1340 3785 1394 pa-

2198 1418 2380 1473 tientia
2410 1419 2606 1474 donum
2641 1420 2732 1475 Dei
2761 1422 2851 1486 sit,
2883 1435 2949 1473 an
2976 1419 3177 1475 viribus
3206 1419 3482 1474 tribuenda
3509 1419 3579 1473 sit
3603 1419 3783 1473 volnu-

2199 1510 2321 1565 tatis
2348 1510 2613 1580 humanzn,
2637 1528 2740 1582 qua
2762 1512 2987 1582 quisque
3012 1511 3079 1565 ab
3100 1512 3335 1567 Ecclesia
3362 1521 3656 1582 separatus,
3682 1528 3781 1567 non
3816 1579 3831 1594 ‘

2197 1616 2295 1672 pro
2319 1618 2505 1659 errore
2532 1604 2622 1674 qui
2651 1620 2772 1659 eum
2799 1603 3085 1674 separavit,
3117 1604 3211 1660 sed
3241 1620 3336 1675 pro
3361 1605 3581 1660 veritate
3606 1620 3781 1659 sacra-

2196 1696 2364 1749 menti
2408 1710 2502 1751 seu
2549 1696 2696 1751 verbi
2742 1713 2862 1768 quae
2904 1696 3044 1767 apud
3091 1712 3215 1753 eum
3263 1697 3553 1765 remansit,
3600 1697 3785 1752 timore

2197 1800 2476 1856 positarum
2506 1797 2823 1844 internarum
2865 1804 3052 1859 pinnas
3080 1789 3275 1859 patitur
3304 1788 3642 1859 temporales.
3683 1787 3784 1843 Ca-

2198 1877 2428 1932 vendum
2450 1888 2533 1934 est
2555 1880 2697 1935 enim
2723 1896 2790 1935 ne
2815 1880 2974 1947 forte,
2997 1881 3042 1937 si
3065 1881 3161 1937 Dei
3182 1880 3380 1936 donum
3404 1882 3559 1936 istam
3587 1880 3784 1949 patien-

2199 1970 2325 2026 tiam
2349 1972 2660 2039 dixerimus,
2691 1973 2743 2028 hi
2770 1958 2962 2044 quibus
2988 1975 3142 2039 inest,
3171 1974 3331 2030 etiam
3356 1972 3424 2029 ad
3450 1988 3670 2045 regnum
3695 1974 3783 2029 Dei

2199 2063 2470 2132 pertinere
2497 2064 2781 2120 credantur
2810 2084 2825 2121 :
2856 2067 2900 2120 si
2929 2075 3104 2120 autem
3138 2066 3279 2121 illam
3318 2065 3515 2121 donum
3548 2066 3640 2121 Dei
3668 2081 3784 2122 esse

2200 2155 2571 2225 negaverimus
2592 2198 2606 2222 ,
2638 2172 2891 2229 cogamur
2931 2157 3113 2226 fateri,
3145 2158 3261 2213 sine
3290 2158 3555 2228 adjutorio
3584 2166 3638 2214 et
3665 2174 3782 2213 mu-

2198 2262 2328 2302 nere
2351 2247 2444 2302 Dei
2470 2248 2521 2302 in
2551 2250 2823 2305 voluntate
2844 2249 3075 2305 hominis
3100 2266 3219 2306 esse
3243 2264 3401 2321 posse
3423 2250 3616 2320 aliquid
3637 2250 3779 2305 boni.

2196 2339 2381 2411 Neque
2427 2341 2569 2397 enim
2615 2343 2715 2398 hoc
2762 2359 2868 2398 non
2914 2352 2999 2398 est
3044 2344 3277 2408 bonum,
3319 2353 3375 2397 ut
3412 2342 3595 2399 credat
3624 2342 3783 2398 homo

2197 2443 2401 2488 aeterno
2447 2435 2707 2505 supplicio
2750 2450 2809 2490 se
2856 2451 2975 2491 esse
3017 2436 3375 2507 puniendum,
3427 2436 3470 2491 si
3517 2435 3786 2505 negaverit

2198 2525 2501 2593 Christum,
2545 2537 2599 2582 et
2644 2544 2739 2598 pro
2779 2530 2878 2584 ista
2922 2529 3024 2584 ﬁde
3054 2531 3442 2602 qualecumque
3469 2530 3780 2602 supplicium

2197 2617 2431 2688 perferat
2459 2628 2514 2674 et
2541 2631 2849 2676 contemnat
2875 2621 3184 2677 humanum.

2267 2710 2358 2765 25.
2378 2710 2608 2768 Proinde
2629 2709 2767 2768 sicut
2789 2715 3085 2785 negandum
3109 2730 3212 2770 non
3230 2725 3311 2771 est
3331 2715 3434 2772 hoc
3450 2731 3571 2772 esse
3590 2714 3780 2772 donum

2200 2803 2315 2869 Dei,
2350 2805 2418 2860 ita
2446 2805 2844 2877 intelligendum
2875 2818 2956 2863 est
2982 2810 3082 2863 alia
3113 2825 3234 2866 esse
3263 2809 3356 2866 Dei
3385 2810 3521 2866 dona
3559 2810 3781 2866 ﬁliorum

2200 2897 2342 2952 illius
2361 2898 2677 2968 Jerusalem,
2705 2917 2825 2971 qua:
2849 2917 3060 2958 sursum
3081 2905 3246 2960 libera
3274 2914 3355 2959 est
3386 2916 3556 2961 mater
3582 2916 3780 2961 nostra.

2268 2990 2494 3047 CAPUT
2541 2991 2776 3047 XXVIII.
2805 3024 2874 3034 —
2902 2994 3051 3049 Dona
3080 2996 3301 3065 ﬁliorum
3329 2996 3580 3050 hamulum
3618 3006 3665 3051 et
3694 2997 3786 3051 do-

2175 3096 2266 3166 jna
2305 3082 2533 3150 ﬁliorum
2578 3085 3014 3139 exhwredatorum
3043 3087 3254 3141 diversa.
3294 3086 3442 3156 (Haec
3480 3096 3603 3140 sunt
3639 3094 3783 3142 enim

2197 3173 2427 3243 quodam
2458 3175 2616 3231 modo
2645 3175 3013 3246 haereditaria,
3046 3178 3099 3233 in
3129 3178 3319 3249 quibus
3349 3194 3533 3234 sumus
3562 3179 3786 3236 hceredes

2197 3262 2315 3333 Dei,
2344 3266 2629 3321 coheredes
2656 3277 2823 3322 autent
2851 3268 3064 3341 Christi)
3087 3287 3101 3335 ;
3132 3271 3235 3325 alia
3264 3286 3391 3325 vero
3419 3286 3538 3341 quae
3565 3280 3787 3341 possunt

2124 3370 2127 3371 '
2197 3358 2441 3428 accipere
2467 3360 2626 3414 etiam
2658 3360 2752 3416 ﬁlii
2779 3362 3215 3428 concubinarum,
3247 3363 3438 3435 quibus
3467 3363 3633 3420 Judmi
3665 3381 3785 3419 car-

2201 3451 2348 3507 nales
2373 3461 2428 3508 et
2446 3454 2768 3510 schismatici
2796 3456 2879 3510 vel
2908 3455 3140 3511 haeretici
3168 3467 3563 3527 comparantur.
3592 3458 3787 3525 Quam-

2197 3545 2279 3599 vis
2306 3546 2447 3599 enim
2478 3547 2735 3616 scriptum
2765 3547 2864 3612 sit,
2898 3548 3044 3617 Ejice
3080 3550 3320 3603 ancillam
3357 3561 3402 3603 et
3440 3551 3601 3619 [ilium
3641 3551 3749 3620 ejus
3766 3572 3787 3616 ,ο

2199 3656 2356 3709 neque
2400 3641 2531 3693 enim
2578 3641 2736 3695 haeres
2779 3642 2872 3694 erit
2920 3641 3058 3711 ﬁlius
3108 3642 3313 3697 ancilla:
3366 3660 3477 3696 cum
3531 3644 3636 3712 ﬁlio
3677 3662 3787 3699 utea

2197 3730 2350 3787 Isaac
2394 3731 2534 3802 (Gal.
2561 3750 2632 3798 tv,
2658 3735 2747 3801 26,
2773 3735 2861 3802 50,
2890 3746 2934 3789 et
2962 3734 3090 3789 Gen.
3122 3752 3242 3803 χχι,
3291 3735 3379 3805 10)
3414 3753 3432 3790 ;
3463 3746 3516 3791 et
3557 3736 3788 3792 Abrahae

2197 3823 2393 3879 dixerit
2412 3824 2576 3890 Deus,
2607 3824 2674 3880 In
2694 3824 2845 3880 Isaac
2869 3828 3124 3881 vocabitur
3169 3828 3256 3881 tibi
3275 3845 3442 3882 semen
3473 3827 3621 3902 (Gen.
3656 3846 3748 3885 ut
3768 3870 3786 3896 ,

2201 3915 2301 3982 12,
2347 3925 2394 3969 et
2446 3915 2595 3970 Rom.
2656 3933 2740 3985 ix,
2784 3918 2817 3973 7
2843 3928 2889 3973 et
2915 3920 2968 3989 8)
3014 3935 3033 3972 :
3072 3918 3209 3990 quod
3249 3920 3325 3974 sic
3364 3929 3447 3975 est
3499 3921 3790 3991 Apostolus

2199 4008 2611 4079 interpretatus,
2642 4020 2702 4065 ut
2729 4010 2958 4079 diceret,
2991 4010 3058 4064 Id
3086 4020 3176 4075 est,
3209 4027 3309 4065 non
3335 4012 3419 4083 qui
3446 4011 3541 4081 ﬁlii
3585 4015 3786 4081 carnis,

2200 4100 2253 4154 hi
2296 4102 2392 4169 ﬁlii
2434 4100 2569 4168 Dei;
2616 4102 2704 4156 sed
2746 4103 2841 4171 ﬁlii
2882 4103 3225 4173 promissionis
3264 4102 3570 4173 deputantur
3608 4104 3661 4157 in
3701 4121 3787 4160 se-

2198 4195 2333 4249 mine
2386 4203 2445 4249 ut
2504 4196 2921 4266 intelligeremus
2978 4210 3158 4251 semen
3215 4196 3444 4251 Abrahzc
3492 4196 3791 4253 secundum

2198 4283 2347 4341 Isaac
2388 4295 2603 4357 propter
2645 4285 2913 4343 Christum
2958 4288 3024 4342 ad
3065 4288 3156 4343 Dei
3194 4287 3332 4343 ﬁlios
3361 4288 3665 4358 pertinere,
3699 4306 3795 4361 qui

2199 4387 2325 4433 sunt
2351 4392 2543 4448 corpus
2570 4378 2767 4438 Christi
2805 4389 2859 4435 et
2898 4378 3136 4435 membra
3157 4420 3173 4447 ,
3203 4380 3252 4435 id
3280 4391 3391 4448 est,
3425 4382 3660 4438 Ecclesia
3697 4382 3795 4438 Dei

2198 4484 2335 4536 una,
2368 4485 2526 4539 vera,
2557 4486 2809 4543 germana
2828 4512 2845 4539 ,
2876 4471 3135 4527 catholica
3158 4514 3173 4539 ,
3208 4480 3395 4528 tenens
3420 4473 3558 4543 piam
3592 4472 3791 4539 ﬁdem;

2200 4577 2309 4617 non
2330 4577 2447 4617 eam
2470 4578 2587 4633 quae
2608 4579 2703 4634 per
2720 4563 3003 4619 elationem
3025 4563 3106 4619 vel
3132 4564 3397 4629 timorem,
3421 4564 3514 4619 sed
3535 4579 3652 4619 eam
3672 4580 3795 4635 quae

2199 4670 2298 4725 per
2325 4654 2662 4710 dilectionem
2694 4666 2946 4726 operatur
2972 4655 3169 4726 (Galat.
3200 4670 3255 4723 v,
3283 4656 3341 4726 6)
3372 4674 3385 4710 :
3416 4664 3594 4710 tamen
3626 4656 3796 4710 etiam

2202 4746 2337 4801 ﬁlios
2369 4746 2785 4803 concubinarum
2820 4748 3033 4819 quando
3062 4764 3092 4803 a
3120 4749 3228 4803 ﬁlio
3252 4763 3351 4804 suo
3375 4747 3523 4802 Isaac
3547 4747 3755 4803 dimisit
3777 4749 3797 4779 ί

2198 4841 2492 4906 Abraham,
2520 4842 2770 4897 nonnulla
2797 4843 2876 4897 eis
2906 4843 3125 4914 largitus
3154 4850 3238 4898 est
3262 4856 3504 4910 munera,
3533 4857 3601 4896 ne
3628 4841 3801 4895 relin-

2198 4944 2490 5005 querentur
2518 4935 2662 4989 omni
2693 4934 2853 4989 modo
2881 4935 3097 4999 inanes,
3125 4949 3230 4989 non
3260 4941 3313 4989 ut
3341 4941 3651 4989 tenerentur
3679 4931 3801 4987 he-

2199 5026 2376 5082 redes.
2410 5026 2499 5081 Sic
2524 5026 2667 5081 enim
2696 5027 2921 5099 legimus
2952 5045 2965 5081 :
2999 5025 3152 5081 Dedit
3189 5035 3355 5079 autem
3389 5025 3646 5080 Abraham
3678 5041 3802 5078 om-

2199 5138 2311 5177 nem
2333 5137 2538 5175 censum
2559 5137 2705 5174 suum
2729 5118 2879 5174 Isaac
2899 5120 3006 5189 ﬁlio
3024 5135 3153 5184 suo;
3178 5129 3223 5173 et
3249 5120 3371 5189 filiis
3396 5118 3804 5173 concubinarum

2198 5231 2407 5269 suarum
2434 5214 2570 5267 dedit
2597 5212 2853 5266 Abraham
2878 5229 3109 5279 munera,
3146 5222 3192 5265 et
3221 5213 3409 5265 dimisit
3437 5227 3519 5266 eos
3548 5210 3609 5263 ab
3643 5207 3806 5264 Isaac

2202 5310 2309 5380 ﬁlio
2334 5325 2425 5364 suo
2468 5308 2618 5380 (Gen.
2650 5324 2774 5376 xxv,
2804 5308 2869 5375 5,
2903 5307 2980 5377 6).
3012 5307 3067 5363 Si
3096 5322 3225 5375 ergo
3266 5306 3358 5360 ﬁlii
3400 5320 3587 5361 sumus
3614 5305 3808 5359 liber-.8

2201 5401 2493 5457 Jerusalem
2514 5442 2530 5468 ,
2559 5402 2658 5455 alia
2688 5400 2825 5455 dona
2856 5398 3348 5465 exbteredatorum,
3385 5399 3487 5452 alia
3528 5397 3810 5467 intelliga-

2204 5512 2321 5549 mus
2345 5495 2633 5550 haeredum.
2661 5495 2721 5548 Hi
2746 5494 2886 5548 enim
2913 5492 3154 5547 hasrcdes
3174 5500 3317 5555 sunt,
3346 5493 3538 5561 quibus
3561 5491 3767 5546 dicitur
3789 5509 3808 5546 :

2208 5588 2329 5643 Non
2357 5591 2487 5643 enim
2517 5589 2779 5658 accepistis
2808 5586 3041 5656 spiritum
3070 5585 3319 5639 servitutis
3350 5586 3530 5639 iterum
3561 5586 3611 5637 in
3640 5585 3814 5638 timo-

2270 5755 2284 5785 ί
2324 5754 2438 5804 Edtti
2474 5755 2564 5803 hoc
2602 5760 2652 5802 ct
2676 5752 2893 5815 proximo
2930 5749 3054 5808 loco,
3080 5745 3258 5800 divisit.
3283 5756 3343 5798 at
3376 5756 3479 5798 Mss.
3514 5754 3821 5815 constanter

2205 5816 2390 5881 habent
2413 5814 2595 5881 dimisit
2619 5828 2635 5865 :
2656 5810 2793 5879 juxta
2818 5826 3032 5881 grwruni
3056 5820 3184 5870 I..\.\',
3208 5821 3383 5881 Cenes.
3411 5824 3516 5874 cap.
3542 5810 3639 5881 95,
3663 5812 3719 5881 ᾖ.
3753 5811 3823 5875 ϐ,

2208 5879 2289 5931 hui
2303 5877 2621 5942 tarttpcslcilen
2641 5875 2823 5927 uulnus.
2851 5877 3106 5926 Hebrauun
3128 5875 3330 5926 verbum
3352 5882 3507 5939 sonat,
3529 5875 3714 5926 arrisit.
