4102 6336
328 462 466 511 rem;
495 444 584 501 sed
608 443 868 516 accepistis
890 444 1127 513 spiritum
1153 440 1440 511 adoptionis
1466 439 1711 508 ﬁliorum,
1738 436 1790 491 in
1810 451 1909 507 quo

323 538 623 603 clamamus,
652 536 811 601 Abba,
844 535 998 590 Pater
1028 535 1201 607 (Rom.
1226 549 1343 599 vm,
1375 533 1588 603 14-17).

396 628 619 685 CAPUT
660 626 853 683 XXIX.
889 656 960 669 —
994 627 1085 682 26.
1123 626 1389 680 Patientia:
1417 640 1696 696 pauperum
1720 622 1910 679 Christi

322 737 509 777 merces
548 730 757 774 (eterna.
800 718 1107 774 Clamemus
1140 733 1269 788 ergo
1298 718 1485 788 spiritu
1513 719 1823 784 charitatis,
1857 727 1910 771 et

321 816 495 869 donec
521 812 794 868 veniamus
830 812 895 866 ad
939 811 1300 866 haereditatem
1331 811 1383 864 in
1414 824 1514 880 qua
1544 824 1756 879 semper
1794 824 1909 864 ma-

327 923 565 973 neamus,
594 906 802 962 liberali
829 920 1012 961 amore
1036 906 1225 968 simus,
1257 919 1360 959 non
1389 904 1567 959 servili
1598 903 1791 957 timore
1816 917 1908 973 pa—

325 1004 514 1054 tientes
532 1001 571 1054 ⁸.
594 998 922 1063 Clamemus,
949 996 1203 1067 quamdiu
1226 1010 1489 1067 pauperes
1508 1010 1714 1059 sumus,
1737 993 1910 1050 donec

326 1095 407 1145 illa
443 1091 753 1146 haereditate
791 1090 1043 1163 ditemur.
1085 1088 1270 1159 Magna
1313 1088 1507 1159 quippe
1538 1087 1660 1141 inde
1688 1086 1908 1157 pignora

322 1186 661 1253 accepimus,
694 1181 837 1253 quod
874 1182 941 1236 ad
981 1196 1080 1236 nos
1108 1179 1353 1234 ditandus
1390 1194 1592 1249 pauper
1628 1176 1799 1232 factus
1825 1184 1911 1232 est

322 1276 588 1339 tLhi-istus,
616 1289 723 1345 quo
748 1274 805 1328 in
824 1286 1080 1342 supernas
1101 1271 1310 1326 divitias
1336 1271 1585 1335 exaltato,
1610 1270 1805 1324 missus
1827 1276 1910 1324 est

319 1371 404 1439 qui
435 1379 618 1425 sancta
654 1369 915 1425 desideria
954 1369 1152 1423 nostris
1188 1368 1437 1423 cordibus
1475 1368 1758 1437 inspiraret
1785 1365 1908 1436 Spi-

321 1465 453 1516 ritus
498 1470 735 1517 sanctus.
770 1462 967 1516 Horum
1004 1474 1297 1530 pauperum
1340 1458 1515 1514 adhuc
1553 1457 1906 1524 credentium,

319 1554 555 1609 nondum
576 1552 1079 1623 contemplantium;
1103 1552 1278 1606 adhuc
1297 1551 1646 1621 sperautium,
1672 1550 1907 1605 nondum

321 1646 646 1712 tenentium;
668 1645 842 1700 adhuc
864 1644 1131 1700 desiderio
1151 1643 1551 1713 suspirantium,
1576 1641 1809 1697 nondum
1833 1641 1910 1698 fe-

319 1738 518 1793 licitate
546 1738 917 1808 regnantium;
946 1736 1122 1792 adhuc
1145 1736 1489 1791 esurientium
1515 1744 1570 1791 et
1594 1735 1906 1799 sitientium,

385 1851 402 1881 ⁸
437 1858 489 1900 tn
510 1852 736 1899 omnibus
769 1861 919 1912 prope
960 1856 1085 1909 Mss,
1130 1847 1363 1912 patientes
1372 1860 1399 1912 ;_
1436 1848 1524 1912 sed
1548 1847 1600 1895 in
1622 1846 1909 1912 quibusdam

945 326 1315 386 ADMONITIO
1350 325 1416 383 IN
1452 319 1811 383 SERMONES
1842 319 1935 376 DE
1972 316 2288 376 SYMBOLO
2324 319 2416 376 AD
2451 316 3023 379 CATECHUMENOS.

3496 313 3610 382 θεά

2014 432 2249 488 nondum
2287 433 2597 488 satiatorum
2628 450 2643 487 :
2674 433 2863 488 borum
2891 447 3017 504 ergo
3042 449 3321 506 pauperum
3352 436 3603 507 patientia

2014 541 2115 580 non
2140 526 2315 596 peribit
2341 526 2393 580 in
2415 534 2657 580 internum
2682 524 2853 596 (Psal.
2877 541 2958 591 lx,
2983 524 3076 597 i9)
3098 544 3112 580 :
3137 542 3240 582 non
3265 529 3388 599 quia
3412 538 3467 585 et
3489 530 3602 586 illic

2017 617 2267 687 patientia
2306 618 2441 683 erit,
2474 618 2561 672 ubi
2606 618 2745 688 quod
2786 618 3040 673 toleretur
3068 633 3176 674 non
3208 622 3344 686 erit;
3376 622 3470 677 sed
3499 640 3604 679 non

2016 709 2213 780 peribit.
2238 709 2437 765 dictum
2458 718 2562 776 est,
2585 711 2708 781 quia
2730 709 3054 765 infructuosa
3080 726 3186 766 non
3205 711 3326 767 erit.
3349 711 3604 771 Fructum

2013 810 2192 856 autem
2216 800 2430 857 habebit
2452 812 2731 868 aeternum,
2755 802 2875 858 ideo
2898 818 3005 857 non
3027 802 3220 872 peribit
3247 804 3297 857 in
3320 813 3598 860 aeternum.

2014 892 2112 961 Qui
2142 895 2285 949 enim
2327 894 2535 949 laborat
2579 894 2835 962 inaniter,
2869 911 2989 951 cum
3022 910 3146 951 eum
3177 911 3300 966 spes
3332 896 3600 962 fefellerit,

2015 996 2231 1057 propter
2254 1002 2413 1057 quam
2443 987 2739 1053 laborabat,
2768 987 2957 1042 merito
2982 987 3127 1052 dicit,
3159 988 3369 1043 Perdidi
3400 997 3599 1043 tantum

2013 1077 2248 1133 laborem
2279 1096 2292 1132 :
2321 1078 2561 1148 quisquis
2592 1093 2719 1133 vero
2746 1077 2811 1132 ad
2850 1078 2931 1133 sui
2969 1079 3165 1134 laboris
3193 1082 3453 1149 promissa
3484 1098 3571 1148 pm-

2012 1171 2235 1235 venerit,
2269 1172 2540 1241 gratulans
2566 1172 2712 1235 dicit,
2744 1171 2859 1226 Non
2892 1172 3096 1242 perdidi
3126 1173 3362 1228 laborem
3402 1189 3595 1228 meum.

2015 1264 2215 1319 Dicitur
2243 1280 2371 1335 ergo
2398 1266 2546 1320 labor
2577 1280 2684 1319 non
2720 1267 2923 1335 perisse
2943 1306 2957 1331 ,
2989 1281 3093 1320 non
3120 1267 3242 1336 quia
3274 1274 3456 1321 manet
3483 1285 3576 1335 per

2014 1363 2237 1424 petuus,
2270 1354 2363 1409 sed
2394 1354 2516 1425 quia
2548 1371 2651 1411 non
2683 1365 2767 1410 est
2806 1355 3034 1410 inaniter
3076 1355 3240 1410 fusus.
3283 1356 3374 1413 Sic
3417 1367 3471 1411 et
3517 1376 3597 1426 pn-

2015 1446 2194 1501 tientia
2228 1462 2517 1517 pauperum
2546 1446 2778 1515 Christi,
2822 1447 2915 1502 sed
2956 1447 3291 1503 ditaudorum
3330 1448 3600 1503 baereduin

2012 1538 2247 1605 Christi,
2297 1555 2403 1595 non
2451 1541 2641 1611 peribit
2687 1542 2737 1595 in
2781 1551 3039 1597 mteruum
3074 1560 3085 1596 :
3120 1557 3223 1596 non
3266 1543 3386 1612 quia
3416 1553 3468 1595 et
3500 1541 3603 1595 illic

2015 1633 2276 1702 patienter
2312 1633 2453 1687 ferre
2485 1632 2794 1703 jubebimur
2816 1674 2832 1698 ,
2862 1635 2951 1687 sed
2981 1635 3102 1704 quia
3134 1650 3230 1704 pro
3260 1634 3324 1687 iis
3363 1649 3481 1704 quae
3518 1631 3604 1686 hic

2014 1725 2279 1795 patienter
2306 1725 2638 1794 pertulimus,
2668 1734 2862 1781 aeterna
2895 1726 3221 1780 beatitudine
3249 1725 3600 1795 perfruentur.

2011 1816 2129 1873 Non
2155 1818 2301 1872 dabit
2328 1818 2488 1873 finem
2513 1820 2851 1889 sempiterna:
2880 1820 3139 1885 felicitati,
3168 1820 3257 1890 qui
3278 1819 3441 1872 donat
3469 1826 3603 1872 tem-

318 1912 391 1961 sic
412 1886 919 1973 ν’ἑὶἔεῖἷὶιῖἔέμιῖἱιὶἴιῖ
948 1886 1098 1961 ἐῖἶιῖίὲ
1120 1886 1401 1960 η”οῗεὲῗυῗίέ
1432 1886 1907 1973 ῖῦωὲἓῖἿτᾶῗιῖηῖὲἰ

316 1973 594 2032 clamemns,
615 1983 710 2024 etc.
734 1972 784 2022 in
804 1974 947 2022 editis
968 1981 1132 2022 autem
1156 1985 1266 2020 cum
1285 1973 1459 2022 eadem
1478 1972 1737 2021 verborum
1758 1972 1910 2021 inter-

318 2037 580 2098 punctioue
605 2036 784 2099 legitur
801 2069 816 2095 ,
841 2033 1100 2097 Patienter,
1128 2042 1223 2085 etc.

2012 1910 2249 1979 poralem
2281 1910 2586 1981 patientiam
2615 1911 2871 1967 voluntati
2902 1927 2916 1963 :
2945 1911 3068 1981 quia
3099 1918 3383 1980 utrumque
3410 1923 3604 1963 munus

2012 2002 2222 2058 donatze
2251 2003 2503 2059 donatum
2532 2012 2614 2059 est
2641 2004 2907 2059 charitati.

2113 2215 3570 2225 W___-_____

1462 2397 2475 2531 ADMONITIO
2590 2456 2591 2459 κ

942 2635 1025 2696 1N
1068 2633 1486 2697 SERMONES
1540 2634 1648 2697 DE
1701 2633 2082 2697 SYMBOLO
2134 2635 2244 2697 AD
2296 2632 2965 2700 CATECHUMENOS.

1747 2800 2166 2834 —__.oo———

382 2924 620 2994 Quatuor
641 2923 728 2979 isti
762 2937 1037 2978 sermones
1070 2922 1396 2993 coniunctim
1426 2924 1619 2995 vulgati
1645 2924 1775 2980 alias
1801 2923 2014 2981 fuerunt
2039 2924 2093 2980 in
2125 2934 2270 2981 tomo
2309 2940 2474 2993 nono,
2505 2936 2560 2983 et
2577 2927 2717 2998 apud
2762 2936 2973 2983 veteres
2997 2927 3208 2983 codices
3232 2926 3358 2985 Mss.
3388 2928 3608 3000 perinde

303 3028 467 3090 atque
509 3018 650 3089 apud
682 3033 910 3073 excusos
937 3020 1271 3088 appellantur
1302 3021 1369 3076 de
1394 3020 1650 3092 Synibolo
1680 3021 1801 3076 libri
1854 3029 2078 3090 quatuor
2100 3062 2115 3085 ,
2146 3021 2552 3092 tribuunturque
2588 3023 2904 3092 Augustino.
2937 3022 3146 3077 Primus
3178 3023 3391 3092 quidem
3420 3037 3605 3079 sermo

304 3112 663 3182 Augustinum
686 3112 903 3165 omnino
934 3112 1127 3167 refert:
1161 3128 1263 3167 non
1307 3114 1380 3168 ita
1410 3128 1537 3168 vero
1579 3123 1685 3168 tres
1706 3114 1813 3168 alii.
1847 3114 2057 3183 Quippe
2101 3113 2153 3168 in
2185 3114 2266 3167 his
2296 3114 2465 3169 tribus
2493 3115 2703 3170 dicendi
2731 3131 2901 3186 genus
2938 3117 3191 3170 incultum
3217 3126 3270 3171 et
3309 3118 3602 3187 abjectum,

307 3225 417 3264 non
449 3211 610 3264 habet
631 3211 760 3265 satis
791 3210 986 3281 ingenii
1010 3219 1063 3264 et
1085 3212 1384 3280 gravitatis,
1430 3210 1587 3264 sicuti
1613 3209 1792 3264 videre
1810 3218 1893 3263 est
1914 3211 1966 3264 iu
1996 3224 2247 3264 sermone
2283 3209 2541 3276 secundo,
2566 3210 2652 3265 ubi
2676 3211 2891 3281 legitur,
2940 3213 3113 3279 capite
3140 3210 3177 3265 2
3213 3231 3226 3265 :
3260 3210 3519 3266 Hibernas
3546 3220 3595 3266 et

305 3321 402 3357 nos
422 3303 741 3375 spiritualem
770 3313 997 3357 nostrum
1024 3306 1273 3374 aurigam,
1305 3314 1534 3358 sanctum
1563 3311 1860 3375 prophetam
1890 3302 2084 3367 Etiam,
2108 3304 2194 3375 qui
2219 3304 2480 3375 quadrigae
2502 3305 2663 3376 igneae
2683 3305 3101 3375 superimpositus
3123 3314 3318 3360 tantum
3347 3309 3593 3373 cucurrit,

304 3406 365 3449 ut
396 3404 553 3449 metas
580 3394 842 3464 prenderet
873 3396 1004 3449 coeti.
1028 3396 1319 3465 Scriptum
1358 3395 1474 3450 loca
1508 3395 1803 3465 peregrinis
1831 3394 2008 3450 verbis
2034 3395 2265 3457 citantur
2300 3395 2565 3450 interdum
2597 3406 2651 3451 et
2674 3396 3010 3466 explicantur
3033 3413 3099 3454 eo
3121 3398 3281 3453 modo
3307 3413 3369 3454 ac
3414 3414 3600 3466 sensu,

302 3506 464 3562 quem
496 3490 792 3559 Augustino
828 3489 1133 3545 adscribere
1161 3505 1265 3544 non
1314 3488 1595 3554 audemus,
1618 3497 1675 3543 ut
1723 3489 1775 3543 in
1824 3488 2062 3558 ejusdem
2107 3488 2370 3543 sermonis
2402 3489 2575 3559 capite
2604 3489 2659 3553 5,
2707 3506 2799 3544 nn.
2830 3490 2899 3544 13
2928 3500 2980 3545 et
3026 3491 3109 3544 14.
3137 3489 3290 3545 Hunc
3346 3501 3604 3561 praeterea

302 3601 614 3643 sermonem
653 3594 893 3657 tempore
933 3587 1322 3655 persecutionis
1350 3584 1675 3650 Vandalicas,
1706 3583 1991 3638 demortuo
2013 3581 2122 3653 jam
2152 3582 2721 3653 Augustinohabitum,
2749 3597 2871 3637 cum
2907 3583 3086 3637 Ariani
3108 3582 3408 3638 Catholicos
3428 3584 3607 3639 modis

304 3681 559 3735 omnibus
588 3689 873 3745 tentarent,
901 3679 1179 3735 beneflciis
1195 3695 1345 3748 teque
1370 3694 1431 3733 ac
1459 3678 1665 3749 injuriis
1707 3685 1996 3731 avocantes
2025 3691 2058 3731 a
2085 3674 2208 3738 fide,
2239 3675 2578 3745 suspicamur
2606 3691 2673 3730 ex
2702 3675 2809 3731 illis
2837 3676 2888 3730 in
2921 3677 3022 3731 line
3050 3676 3226 3732 verbis
3260 3693 3272 3730 :
3318 3675 3606 3733 ereticus

302 3776 530 3832 Arianus
572 3790 669 3827 non
699 3774 901 3828 insultet
932 3772 1191 3828 Ecclesite.
1246 3770 1424 3843 Lupus
1452 3781 1546 3839 est,
1577 3771 1835 3843 agnoscite
1854 3785 1873 3824 :
1893 3786 2099 3840 serpens
2137 3777 2229 3834 est,
2262 3769 2372 3839 ejus
2398 3769 2566 3838 capita
2614 3779 2962 3837 conquassata.
2993 3767 3287 3835 Blanditur,
3309 3769 3398 3822 sed
3418 3769 3550 3839 fallit
3580 3784 3603 3825 :

301 3871 465 3923 multa
490 3868 759 3937 promittit,
782 3866 870 3921 sed
896 3865 1099 3937 decipit,
1122 3875 1226 3921 etc.
1261 3866 1317 3920 In
1348 3880 1597 3921 sermone
1623 3866 1781 3921 tertio
1806 3874 1861 3918 et
1890 3871 2078 3935 quarto
2108 3871 2385 3917 morantur
2414 3877 2511 3916 nos
2544 3875 2719 3917 causa:
2744 3861 3020 3917 dubitandi
3048 3864 3208 3917 etiam
3226 3862 3362 3918 bene
3394 3864 3598 3931 multat,

301 3974 480 4030 neque
511 3958 754 4013 leviores.
786 3956 1063 4012 Possidius
1090 3958 1142 4012 in
1170 3956 1429 4019 lndiculo,
1457 3971 1577 4026 cap.
1627 3955 1715 4023 to,
1747 3961 1992 4011 recenset
2016 3953 2086 4011 de
2112 3954 2368 4026 Symbolo
2394 3961 2648 4008 tractatus
2683 3963 2792 4010 tres
2826 3972 2838 4009 :
2873 3955 2968 4011 scd
3013 3954 3109 4011 hos
3138 3956 3189 4010 in
3211 3956 3489 4026 superiore
3517 3966 3602 4012 to-

300 4068 393 4108 mo
417 4054 737 4108 Sermonum
761 4051 945 4118 habes,
986 4050 1174 4105 ordine
1198 4049 1324 4114 212,
1345 4050 1471 4114 213,
1496 4064 1613 4120 sqq.

374 4145 489 4201 Sub
518 4146 676 4200 tinem
706 4146 834 4199 tomi
859 4146 983 4198 item
1006 4144 1130 4198 noni
1162 4143 1412 4198 editionis
1431 4158 1525 4213 per
1551 4142 1914 4198 Lovanienses
1934 4140 2208 4200 adornatae
2245 4143 2551 4201 referuntur
2571 4145 2973 4215 quatuordecim
3002 4154 3280 4213 tractatus,
3307 4162 3442 4218 quos
3469 4163 3602 4219 pau-

296 4242 377 4296 cis
401 4239 639 4307 exceptis
664 4238 853 4291 dubios
878 4236 1134 4291 habemus
1160 4251 1223 4290 ac
1249 4235 1572 4290 subdititios.
1605 4235 1804 4290 Horum
1844 4234 2059 4306 quidam
2085 4237 2137 4292 in
2182 4238 2548 4308 Appendicem
2600 4238 2783 4308 rejecti
2809 4248 2955 4305 sunt,
2978 4239 3195 4310 quidam
3214 4256 3343 4296 vero
3374 4240 3461 4298 hic
3502 4257 3601 4297 suo

299 4333 422 4388 loco
467 4331 610 4402 typis
662 4329 1033 4384 minutioribus
1064 4329 1351 4399 impressi,
1387 4337 1446 4384 ut
1470 4346 1651 4385 sermo
1678 4330 1743 4385 de
1773 4339 1960 4401 quarta
1991 4329 2167 4392 Feria,
2192 4346 2287 4386 seu
2311 4332 2376 4386 de
2407 4330 2626 4386 Cultura
2664 4332 2775 4403 agri
2814 4332 3089 4399 dominici,
3120 4334 3172 4388 in
3197 4335 3349 4403 cujus
3376 4337 3601 4406 capite?)

298 4428 451 4483 locus
478 4430 728 4489 Actunm,
775 4441 812 4487 ι,
844 4426 931 4488 18,
963 4434 1017 4479 et
1047 4426 1098 4480 in
1126 4427 1302 4494 capite
1346 4428 1470 4481 item
1497 4428 1531 4483 6
1577 4431 1721 4483 locus
1761 4427 2004 4495 Joannis,
2042 4445 2117 4497 Vl,
2142 4430 2234 4497 51,
2274 4432 2504 4486 citantur
2542 4432 2681 4488 haud
2724 4435 2851 4489 satis
2894 4443 3142 4489 accurate
3175 4452 3187 4488 :
3234 4441 3596 4504 praeterquam
3648 4444 3651 4447 '

298 4522 442 4593 quod
472 4521 525 4575 in
550 4519 723 4589 capite
747 4519 779 4573 '1
806 4520 1105 4587 persecutio
1144 4517 1432 4573 Vandalica
1482 4529 1662 4574 notata
1722 4521 1951 4575 videtur.
1997 4520 2187 4576 Sermo
2228 4523 2386 4578 etiam
2425 4524 2492 4578 de
2539 4524 2898 4597 Cataclysnio,
2928 4526 3016 4579 ubi
3042 4541 3161 4595 cap.
3188 4524 3226 4580 2
3250 4525 3467 4589 dicitur,
3493 4525 3598 4579 Ba-

297 4618 499 4687 ptismo
520 4625 858 4670 restauratum
880 4634 1065 4688 corpus
1084 4617 1152 4671 ad
1175 4618 1394 4687 priorem
1418 4626 1605 4672 statum
1648 4618 1797 4689 primi
1842 4618 2057 4671 hominis
2101 4628 2218 4671 ante
2247 4628 2523 4689 peccatum.
2572 4619 2638 4674 Et
2689 4620 2879 4674 Sermo
2903 4620 2970 4675 de
2997 4620 3261 4690 Tempore
3292 4619 3598 4683 Barbarico,

294 4714 388 4781 qui
410 4713 587 4781 capite
618 4713 1283 4781 praescrtiminonnnulla
1312 4715 1554 4767 continet
1582 4713 1760 4767 minus
1812 4721 2172 4767 consentanea
2197 4725 2362 4766 sacra:
2418 4712 2711 4767 Bibliorum
2763 4713 3021 4779 historiae,
3078 4728 3286 4768 necnon
3342 4711 3597 4767 exhorta-

298 4808 503 4860 tionem
533 4806 585 4859 in
617 4805 722 4859 line
739 4805 804 4859 ad
828 4806 1157 4861 roborandos
1172 4805 1477 4861 Catholicos
1490 4815 1675 4861 contra
1702 4806 2131 4876 persecutionem
2150 4806 2493 4860 Arianorum.
2521 4806 2687 4862 Stilus
2709 4817 2854 4863 certe
2877 4808 3069 4863 horum
3094 4808 3252 4862 trium
3273 4820 3427 4876 aeque
3449 4802 3602 4858 rudis

295 4916 363 4952 ac
394 4898 662 4952 demissus
682 4898 1006 4969 minimeque
1034 4899 1473 4969 Augustiuianus.
1499 4897 1737 4967 Denique
1775 4896 2024 4952 eumdem
2053 4906 2324 4953 auctorem
2353 4899 2566 4969 sapiunt
2596 4908 2704 4954 tum
2743 4900 2828 4955 isti
2851 4914 3152 4963 sermones,
3189 4907 3299 4953 tum
3325 4896 3417 4951 alii
3442 4910 3600 4964 supra

294 4994 364 5043 ile
396 4992 655 5062 Symbolo
677 5000 786 5046 tres
807 4991 1075 5057 recensiti,
1112 4992 1343 5062 aliquem
1386 4990 1522 5047 forte
1542 5006 1607 5045 ex
1628 4989 1903 5059 discipulis
1930 4990 2232 5060 Augustini,
2256 4992 2408 5062 cujus
2438 4994 2730 5049 sententias
2752 4992 3038 5057 interdum,
3076 4991 3237 5046 tacito
3260 4988 3318 5044 S.
3349 4988 3598 5043 Doctoris

294 5087 540 5150 nomine,
574 5082 811 5154 profert;
845 5084 1007 5139 veluti
1048 5084 1189 5139 illam
1225 5086 1277 5140 in
1304 5099 1552 5140 sermone
1580 5082 1650 5139 de
1671 5083 2024 5153 Cataclysmo,
2048 5098 2168 5153 cap.
2189 5085 2241 5146 5,
2271 5084 2416 5139 Tolle
2462 5087 2685 5149 verbum,
2744 5095 2789 5140 et
2814 5086 2935 5156 quid
2977 5094 3047 5140 est
3090 5101 3223 5155 aqua
3278 5082 3377 5137 nisi
3417 5080 3595 5153 aqua?

294 5176 506 5232 Accedit
530 5176 732 5230 uerbum
758 5176 826 5230 ad
849 5177 1150 5231 elementum
1172 5218 1186 5242 ,
1215 5184 1261 5230 ct
1287 5177 1345 5245 ﬁt
1368 5184 1741 5230 sacramentum
1768 5191 1787 5228 :
1827 5190 1946 5244 quae
1974 5175 2227 5229 nimirum
2255 5175 2412 5231 ducta
2442 5187 2524 5232 est
2560 5193 2625 5232 ex
2672 5176 2925 5232 Tractatu
2952 5177 3022 5233 80
3058 5177 3110 5230 in
3140 5174 3424 5240 Joannem,
3448 5190 3502 5227 n.
3536 5174 3591 5228 5.

292 5270 569 5326 Haesimus
606 5271 770 5326 etiam
795 5272 1122 5343 aliquantum
1158 5272 1300 5326 circa
1339 5284 1644 5325 sermonem
1673 5269 1740 5324 de
1763 5268 1985 5324 Cantico
2002 5284 2162 5333 novo,
2190 5284 2288 5325 nec
2322 5270 2440 5325 sine
2486 5270 2662 5340 aliqua
2691 5272 3032 5325 cunctatione
3063 5270 3204 5338 pas*i
3232 5282 3439 5333 sumus,
3471 5281 3594 5322 cum
3640 5302 3641 5307 η

296 5370 524 5423 nomine
553 5368 854 5438 Augustini,
888 5366 1029 5437 quod
1046 5367 1171 5422 olim
1188 5366 1347 5437 gerit,
1379 5380 1592 5420 rursum
1616 5363 1827 5419 excudi.
1850 5362 1904 5417 ln
1949 5362 2122 5434 capite
2146 5364 2181 5418 5
2208 5364 2386 5434 plures
2410 5363 2570 5418 habet
2594 5364 2890 5419 sententias
2910 5377 2978 5417 ex
3004 5369 3264 5433 sequente
3285 5361 3447 5431 paulo
3478 5367 3600 5431 post

294 5480 556 5522 sermone
588 5465 656 5520 de
688 5465 913 5519 utilitate
940 5463 1155 5534 Jejunii,
1183 5478 1304 5533 cap.
1331 5463 1383 5528 5,
1417 5461 1744 5530 desumptas,
1770 5458 1993 5524 scilicet,
2023 5457 2178 5514 Si...
2205 5458 2441 5530 jumento
2486 5458 2748 5521 insideres,
2771 5458 2905 5527 quod
2928 5467 2975 5511 te
3005 5455 3260 5527 gestiendo
3285 5455 3430 5510 vellet
3452 5470 3595 5526 prte-

292 5558 537 5627 cipitare,
574 5565 706 5621 ctc.,
729 5558 887 5625 inque
912 5556 1026 5625 ejus
1055 5556 1158 5609 line
1191 5553 1536 5609 concionator
1563 5552 1628 5606 ad
1656 5548 2023 5620 baptizandos,
2056 5548 2267 5614 Merces,
2300 5549 2486 5619 inquit,
2509 5558 2679 5603 nostra
2702 5558 2794 5613 est,
2818 5557 2872 5601 ut
2900 5550 2952 5602 in
2976 5548 3067 5603 illo
3086 5557 3261 5602 sancto
3282 5551 3419 5619 fonte
3440 5547 3598 5618 adju-

297 5652 434 5707 vetis
461 5668 549 5705 nos
569 5649 879 5705 orationibus
899 5649 1072 5703 vestris
1099 5663 1118 5702 :
1146 5646 1285 5718 quod
1317 5645 1581 5702 sermonis
1607 5642 1848 5713 proxime
1864 5640 2238 5712 subsequentis
2254 5649 2438 5696 auctor
2463 5656 2570 5696 non
2599 5639 2917 5697 absimiliter
2935 5638 3596 5715 exposcitabaptizandis,

304 5744 421 5803 Pro
442 5755 612 5805 nostra
641 5745 887 5813 mercede,
911 5744 964 5799 in
987 5742 1077 5801 illo
1094 5740 1437 5799 sacratissimo
1464 5742 1605 5820 [ante
1632 5752 1725 5810 pro
1752 5734 1896 5795 nobis
1916 5743 2058 5789 orata
