4102 6336
449 343 1070 407 ΕΞ

1070 459 1217 588 s.
1300 441 2061 592 nonem

935 814 1142 1034 D
1179 815 1372 1036 E

2062 395 2566 409 _.-_______

2105 356 2586 596 ῖῖ

1635 651 2149 733 HIPPONENSIS
2203 651 2556 738 Episcori

1576 810 3244 1053 SYMBOLO

2479 333 2488 342 ο

2719 355 2896 380 ..ῨῨ
3105 353 3114 360 -
3421 369 3708 380 _.._._......

2249 353 2380 364 ...α-αμα

2128 395 3710 425 Ἥ

2647 463 3144 601 ῈΤῙΝῙ

1161 1173 1566 1259 SERMO
1625 1174 1785 1298 AD
1862 1175 2063 1262 CA’]

2136 1178 2824 1271 BCHUMENOS
2865 1173 2984 1273 (α).
3079 1161 3086 1167 ’

1836 1391 2330 1486 SERMONES

636 1534 724 1582 DE
766 1535 1076 1583 SYMBOLO.

638 1616 724 1659 DE
767 1617 1122 1661 DISCIPLINA
1165 1617 1570 1664 CHRISTIANA.

639 1697 725 1738 DE
769 1697 1039 1740 CANTICO
1083 1696 1273 1742 NOVO.

641 1775 726 1819 DE
771 1775 1025 1830 QUARTA
1069 1778 1284 1822 FERIA.

2341 1547 2424 1590 DE
2467 1548 2894 1596 CATACLYSMO.

2339 1624 2422 1670 DE
2467 1630 2764 1676 TEMPOBE
2808 1634 3165 1688 ΒΑῌΒΔΒΙΟΟ
3175 1662 3190 1678 .

2338 1707 2422 1748 DE
2468 1710 2805 1774 UTILITATE
2849 1695 3115 1772 Jewnn.

2339 1785 2424 1830 DE
2468 1778 2651 1835 Unms
2696 1781 2980 1837 EXCIDIO.

1894 1839 2268 1898 ιθβῶἰῖὲἒοὶϐδ

507 1935 734 1996 CAPUT
780 1937 1067 1997 PRIMUM.
1115 1971 1188 1982 —
1231 1941 1282 1996 l.
1327 1939 1626 2014 Symbolum
1671 1947 1850 2017 regula
1890 1945 2030 2017 ﬁdei.

437 2031 737 2105 Symbolum
766 2050 828 2087 ea:
859 2033 1142 2104 Scripturis
1183 2033 1448 2088 collectum
1494 2044 1585 2089 est.
1623 2031 1760 2092 Deus
1798 2040 2032 2110 omnipo-

437 2134 568 2180 tens.
585 2123 794 2179 Parvuli
815 2126 1149 2196 exsuﬂlautur
1171 2135 1217 2180 et
1239 2127 1606 2182 exorcizantur.
1631 2129 1890 2200 Accipite,
1915 2132 2031 2200 lilii,

433 2217 675 2286 regulam
703 2216 848 2282 lldei,
881 2217 1022 2287 quod
1051 2217 1364 2290 Symbolum
1391 2218 1606 2274 dicitur.
1638 2221 1702 2275 Et
1731 2235 1850 2275 cum
1881 2235 2035 2277 acce-

435 2309 644 2380 peritis,
675 2309 728 2364 in
757 2310 918 2365 corde
945 2311 1180 2380 scribite,
1210 2321 1264 2367 et
1288 2313 1524 2382 quotidie
1551 2313 1711 2370 dicite
1739 2316 1878 2385 apud
1903 2332 2031 2372 vos:

436 2411 724 2471 antequam
771 2402 1081 2470 dormiatis,
1133 2414 1416 2474 antequam
1471 2405 1802 2476 procedatis,
1854 2416 2034 2464 vestro

436 2493 694 2567 Symbolo
721 2509 819 2550 vos
843 2496 1064 2551 munite.
1100 2496 1410 2567 Symbolum
1449 2514 1608 2554 nemo
1635 2500 1818 2554 scribit
1849 2509 1906 2554 ut
1930 2497 2031 2572 legi

435 2588 606 2658 possit
635 2606 650 2644 :
677 2587 769 2644 sed
800 2588 867 2643 ad
897 2590 1314 2657 recensendum,
1343 2607 1410 2648 ne
1441 2590 1577 2654 forte
1615 2593 1794 2650 deleat
1834 2594 2032 2650 oblivio

435 2680 579 2751 quod
601 2680 816 2735 tradidit
835 2680 1128 2751 diligentia,
1153 2681 1222 2736 sit
1248 2683 1397 2737 vobis
1422 2675 1594 2738 cedes
1623 2685 1796 2740 vestra
1825 2685 2030 2741 mcmo.

433 2775 538 2829 ria.
566 2773 716 2841 Quod
748 2774 976 2829 audituri
1017 2776 1148 2831 estis
1169 2818 1183 2842 ,
1216 2776 1318 2831 hoc
1347 2779 1632 2844 credituri;
1667 2789 1721 2834 et
1749 2781 1886 2850 quod
1916 2797 2034 2837 ere—

434 2865 713 2931 didcritis,
742 2864 844 2943 hoc
873 2868 1032 2921 etiam
1073 2868 1250 2938 lingua
1278 2869 1557 2924 reddituri.
1589 2871 1677 2924 Ait
1711 2872 1851 2926 enim
1885 2876 2029 2943 Apo-

435 2955 607 3012 stolus
631 2971 644 3007 :
671 2941 834 3009 Corde
853 2957 1078 3010 creditur
1103 2956 1170 3010 ad
1185 2955 1459 3026 justitiam,
1490 2949 1576 3013 ore
1599 2953 1764 3014 autem
1785 2941 2032 3031 confessio

435 3049 496 3119 ﬁt
521 3046 590 3102 ad
614 3047 826 3102 salutem
855 3047 1032 3118 (Rom.
1060 3065 1118 3117 x,
1145 3048 1256 3120 l0).
1287 3047 1400 3106 Hoc
1421 3061 1501 3106 εει
1528 3047 1668 3106 enim
1693 3040 2028 3124 Symbolum,

435 3141 576 3213 quod
602 3141 876 3198 recensuri
905 3141 1032 3198 estis
1061 3151 1117 3199 et
1145 3143 1422 3199 reddituri.
1454 3143 1557 3200 Ista
1593 3145 1757 3202 verba
1792 3157 1908 3218 qua:
1935 3153 2027 3202 ab.

436 3235 623 3304 distis,
655 3253 750 3307 per
774 3235 982 3292 divinas
1009 3237 1312 3308 Scripturas
1342 3245 1525 3308 sparsa
1561 3249 1685 3294 sunt
1721 3259 1734 3296 :
1770 3242 1864 3296 sed
1909 3234 2030 3299 inde

435 3333 662 3390 collecta
693 3341 747 3389 et
774 3333 838 3388 ad
870 3345 1033 3388 unum
1063 3333 1275 3388 redacta
1295 3377 1309 3400 ,
1342 3333 1410 3389 'ne
1451 3335 1721 3391 tardorum
1751 3329 2030 3392 hominum

435 3426 696 3484 memoria
741 3426 1040 3492 laboraret;
1087 3435 1147 3481 ut
1187 3427 1359 3483 omnis
1405 3426 1565 3481 homo
1613 3428 1782 3498 possit
1830 3425 2025 3498 dicere,

435 3521 608 3590 possit
635 3527 819 3574 tenere
848 3517 992 3590 quod
1026 3517 1216 3574 credit.
1253 3518 1520 3589 Numquid
1558 3521 1700 3574 enim
1738 3521 1898 3576 modo
1938 3535 2028 3577 so-

435 3609 712 3665 lummodo
741 3611 961 3665 audistis
991 3609 1110 3680 quia
1139 3610 1279 3666 Deus
1307 3611 1646 3681 omnipotens
1673 3613 1790 3668 est?
1816 3612 1920 3670 Sed
1951 3615 2030 3670 in-

440 3701 617 3770 cipitis
646 3716 767 3756 eum
809 3702 1005 3756 habere
1036 3709 1274 3772 patrem,
1303 3701 1518 3774 quando
1547 3704 1658 3759 nati
1693 3701 1898 3763 l'ucritis
1934 3721 2031 3778 per

433 3791 733 3848 Ecclesium
763 3801 1009 3846 matrem.

507 3891 564 3942 2.
599 3885 726 3941 inde
754 3895 882 3956 ergo
905 3885 1015 3957 jam
1044 3887 1350 3958 accepistis,
1381 3885 1619 3943 meditati
1645 3885 1804 3958 estis,
1836 3887 1889 3946 et
1919 3901 2030 3948 me-

436 3975 589 4031 ditati
633 3977 912 4044 tenuistis;
957 3984 1016 4032 ut
1041 3977 1229 4034 dicatis
1265 3997 1278 4032 :
1321 3977 1496 4034 Credo
1535 3980 1587 4034 in
1619 3978 1784 4036 Deum
1815 3979 2026 4040 Patrem

435 4067 876 4138 omnipotentem.
908 4068 1044 4123 Deus
1066 4070 1403 4139 omnipotens
1423 4078 1506 4125 est
1529 4089 1541 4124 :
1565 4079 1755 4126 etcum
1779 4073 2029 4130 sit'omni-

435 4167 648 4228 potens,
673 4160 810 4214 mori
837 4167 941 4213 lion
969 4168 1162 4229 potest,
1191 4161 1297 4216 falli
1325 4177 1430 4216 non
1460 4169 1654 4232 potest,
1681 4166 1893 4220 mentiri
1922 4184 2026 4224 non

435 4261 646 4324 potest;
679 4261 760 4318 et,
791 4252 933 4324 quod
961 4254 1033 4309 ait
1063 4255 1384 4326 Apostolus,
1414 4271 1597 4328 negare
1634 4273 1687 4312 se
1721 4249 1888 4328 ipsum
1927 4277 2026 4318 non

436 4358 600 4422 potest
642 4350 717 4424 (li
746 4351 878 4406 Tim.
909 4365 975 4420 ιι,
1009 4353 1120 4428 15).
1165 4355 1333 4424 Quam
1374 4357 1539 4412 multa
1585 4373 1690 4414 non
1733 4360 1940 4430 potest,
1974 4369 2029 4416 et

434 4443 776 4511 onmipotens
800 4453 884 4500 est
907 4463 921 4498 :
944 4451 998 4500 et
1022 4446 1142 4503 ideo
1168 4450 1507 4519 omnipotens
1529 4457 1633 4517 est,
1657 4452 1776 4522 quia
1798 4454 1896 4506 ista
1920 4453 2023 4507 no'n

433 4542 633 4603 potest.
662 4535 793 4590 Nam
821 4538 865 4590 si
892 4538 1027 4594 mori
1053 4548 1254 4609 posset,
1288 4557 1392 4596 non
1418 4550 1560 4597 esset
1585 4543 1952 4614 omnipotens;
1981 4545 2024 4600 si

433 4627 684 4693 mentiri,
714 4629 757 4683 si
784 4628 928 4697 falli,
956 4631 1000 4686 si
1028 4632 1241 4698 fallere,
1270 4635 1314 4689 si
1339 4635 1516 4706 inique
1541 4651 1725 4708 agere,
1753 4655 1856 4694 non
1885 4649 2027 4697 esset

433 4719 776 4791 omnipotens
805 4739 819 4776 :
849 4725 971 4794 quia
1001 4725 1044 4780 si
1076 4725 1180 4782 hoc
1209 4727 1260 4782 in
1287 4743 1351 4783 eo
1376 4737 1549 4798 esset,
1579 4745 1685 4786 non
1717 4732 1901 4789 luisset
1937 4733 2023 4789 di-

433 4827 574 4883 gnus
591 4814 682 4884 qui
706 4825 848 4871 esset
873 4818 1231 4896 omnipotens.
1261 4821 1487 4878 Prorsus
1511 4826 1847 4896 omnipotens
1870 4829 2027 4884 Pater

433 4913 621 4961 noster
651 4921 872 4976 peccare
899 4895 1004 4964 non
1033 4920 1227 4980 potest.
1261 4911 1409 4969 Facit
1446 4895 1697 4987 quidquid
1735 4919 1845 4973 vult
1871 4935 1884 4974 :
1912 4919 2024 4988 ipsa

433 5007 520 5055 est
547 5001 950 5072 omnipotentis.
981 5005 1127 5061 Facit
1154 5006 1408 5078 quidquid
1438 5008 1574 5066 bene
1603 5012 1743 5078 vult,
1771 5012 2023 5083 quidquid

432 5091 577 5161 iuste
604 5093 718 5148 vult
743 5111 759 5148 :
789 5095 1046 5167 quidquid
1075 5103 1253 5154 autem
1281 5101 1420 5156 male
1449 5101 1525 5166 lit,
1558 5115 1665 5158 non
1696 5103 1823 5158 vult.
1856 5093 2025 5160 Nemo

434 5184 638 5240 resistit
655 5188 1027 5260 omnipotenti,
1052 5199 1111 5246 ut
1131 5207 1235 5248 non
1256 5181 1395 5263 quod
1418 5195 1530 5248 vult
1556 5194 1729 5250 faciat.
1760 5189 1876 5266 Ipse
1904 5197 2027 5254 fecit

435 5277 632 5336 omium
660 5289 716 5336 et
740 5291 956 5352 terram,
986 5297 1135 5343 mare
1161 5296 1216 5343 et
1240 5287 1416 5343 omnia
1446 5277 1564 5360 quae
1591 5290 1642 5344 in
1673 5289 1749 5345 eis
1777 5299 1918 5358 sunt,
1946 5292 2027 5347 in-

2140 1947 2371 2010 visibilia
2410 1963 2466 2012 et
2503 1945 2726 2018 visibilis
2761 1977 2774 2014 :
2807 1957 3118 2029 invisibilia,
3155 1961 3292 2019 sicut
3331 1975 3454 2022 sunt
3492 1967 3544 2023 in
3582 1969 3738 2028 etatis

2141 2045 2329 2115 Sedes,
2349 2049 2765 2119 Dominationes,
2785 2054 3135 2124 Principatus,
3156 2057 3470 2126 Potestates,
3493 2061 3732 2118 Arehan-

2141 2143 2263 2214 geli,
2300 2147 2506 2218 Angeli,
2540 2151 2582 2204 si
2612 2153 2746 2207 bene
2776 2154 3083 2220 vixerimus,
3118 2158 3262 2212 cives
3288 2160 3474 2213 nostri.
3505 2159 3650 2216 Fecit
3677 2163 3736 2218 in

2141 2235 2280 2290 cmio’
2309 2237 2568 2306 visibiiia;
2598 2241 2786 2311 soicni,
2817 2243 3017 2314 lunam,
3047 2241 3248 2303 stellas.
3273 2239 3395 2304 Suis
3417 2241 3735 2308 animalibus

2142 2333 2482 2389 terrestribus
2512 2338 2720 2390 ornavit
2761 2346 2988 2408 terram,
3030 2341 3268 2410 implevit
3295 2357 3473 2397 aerem
3511 2345 3737 2398 volatili-

2140 2420 2261 2504 bus,
2289 2413 2481 2480 terram
2506 2429 2900 2486 ambulantibus
2924 2441 2978 2487 et
3004 2435 3356 2504 serpentibus,
3381 2452 3526 2492 mare
3545 2447 3740 2493 natan-

2141 2501 2281 2569 tibus
2311 2534 2324 2570 :
2353 2520 2529 2574 omnia
2574 2521 2810 2592 implevit
2849 2525 2958 2580 suis
2999 2527 3257 2581 creaturis
3295 2530 3541 2598 prepriis.
3583 2529 3739 2586 Fecit

2140 2617 2194 2662 et
2224 2607 2491 2666 hominem
2530 2612 2596 2666 ad
2637 2613 2917 2694 imaginem
2965 2625 3019 2672 et
3057 2617 3454 2674 similitudinem
3494 2635 3644 2676 suam
3677 2622 3733 2677 in

2140 2709 2318 2756 mente
2349 2719 2359 2754 :
2392 2702 2462 2758 ibi
2493 2712 2573 2758 est
2601 2706 2741 2760 enim
2773 2707 2945 2778 imago
2979 2709 3108 2774 Dei;
3143 2709 3262 2766 ideo
3301 2727 3450 2766 mens
3480 2713 3591 2783 ipsa
3622 2730 3736 2771 non

2139 2802 2316 2862 potest
2343 2796 2722 2865 comprehendi
2753 2813 2851 2853 nec
2879 2814 2909 2853 a
2937 2815 2995 2854 se
3024 2801 3154 2870 ipsa,
3185 2801 3272 2857 ubi
3303 2811 3385 2858 est
3413 2803 3586 2874 imago
3611 2805 3731 2860 Dei.

2139 2885 2223 2941 Ad
2251 2885 2353 2942 hoc
2379 2888 2498 2944 lacti
2528 2905 2736 2958 sumus,
2762 2901 2818 2946 ut
2842 2894 3098 2950 creaturis
3123 2897 3331 2951 caeteris
3358 2897 3732 2954 dominemur:

2137 2979 2233 3034 sed
2264 2996 2358 3050 per
2382 2981 2658 3052 peccatum
2687 2969 2738 3038 in
2769 2987 2938 3058 primo
2967 2987 3183 3045 homine
3208 2989 3338 3061 lapsi
3365 3006 3567 3058 sumus,
3595 3001 3650 3048 et
3675 2979 3737 3050 in

2137 3071 2326 3128 mortis
2370 3071 2732 3132 haereditatem
2775 3093 2962 3135 omnes
3005 3080 3328 3137 devenimus.
3363 3083 3507 3139 Facti
3541 3099 3735 3142 sumus

2139 3163 2369 3220 humiles
2397 3169 2686 3236 mortales,
2719 3170 2922 3240 impleti
2965 3187 3150 3230 sumus
3191 3173 3496 3243 timoribus,
3523 3177 3734 3234 errori-

2138 3253 2240 3311 bus
2272 3273 2284 3307 :
2313 3255 2416 3312 hoc
2453 3259 2644 3314 merito
2685 3259 2923 3332 peccati;
2963 3278 3084 3318 cum
3127 3281 3232 3336 quo
3273 3265 3461 3321 merito
3496 3276 3548 3322 ct
3578 3279 3739 3325 reatu

2141 3346 2378 3412 nascitur
2413 3350 2586 3404 omnis
2627 3350 2786 3406 homo
2819 3351 2967 3424 (Gen.
2997 3357 3160 3426 l-lll).
3197 3355 3318 3412 Ideo
3356 3358 3494 3412 sicut
3524 3358 3738 3417 vidistis

2139 3435 2320 3509 hodie,
2351 3441 2488 3497 sicut
2517 3441 2684 3498 nostis
2705 3487 2718 3509 ,
2747 3452 2800 3499 et
2828 3445 3029 3515 parvuli
3058 3447 3407 3503 exsulﬂantur
3435 3460 3487 3503 et
3515 3452 3735 3506 αξιοι-οἱς

2139 3539 2346 3604 zantur,
2369 3543 2426 3590 ut
2448 3526 2671 3607 pellatur
2690 3537 2757 3592 ab
2778 3538 2854 3594 eis
2876 3533 3069 3596 diaboli
3095 3551 3328 3612 potestas
3352 3541 3585 3612 inimica,
3608 3561 3737 3616 quas

2138 3621 2349 3708 decepit
2389 3629 2690 3696 hominem,
2725 3641 2781 3686 ut
2811 3625 3107 3703 possideret
3147 3635 3409 3690 homines.
3443 3635 3557 3691 Non
3599 3653 3737 3710 ergo

2137 3705 2378 3776 creatura
2403 3719 2494 3776 Dei
2521 3722 2572 3776 in
2597 3722 2885 3780 infantibus
2911 3717 3244 3800 exercizatur
3267 3737 3357 3781 aut
3381 3727 3692 3782 exsul'llatur
3712 3749 3731 3786 :

2137 3810 2230 3866 sed
2260 3811 2348 3866 ille
2377 3811 2476 3866 sub
2502 3829 2606 3882 quo
2632 3821 2754 3868 sunt
2778 3811 2964 3869 oinncs
2989 3815 3077 3888 qui
3105 3832 3224 3871 cum
3254 3803 3472 3888 peccato
3499 3819 3735 3874 nascun—

2137 3911 2256 3968 tur;
2287 3909 2368 3958 est
2393 3904 2533 3958 enim
2565 3905 2813 3976 princeps
2843 3905 3202 3976 peccatorum.
3236 3910 3313 3963 Ac
3347 3925 3438 3981 per
3467 3908 3568 3964 hoc
3598 3926 3734 3980 pro~

2136 3999 2253 4066 pter
2281 4013 2442 4052 unum
2471 3997 2559 4068 qui
2587 3998 2767 4068 lapsus
2799 4007 2882 4055 est
2920 4009 2972 4056 et
3008 3997 3196 4057 omnes
3222 4001 3364 4058 misit
3391 4003 3441 4058 in
3474 4015 3731 4074 mortem,

2135 4090 2329 4144 missus
2355 4099 2436 4145 est
2461 4107 2598 4146 unus
2622 4091 2739 4147 sine
2765 4097 2980 4162 peccato
3008 4087 3097 4164 qui
3127 4109 3314 4150 omnes
3343 4095 3392 4150 in
3420 4113 3477 4152 se
3503 4095 3737 4154 creden-

2134 4187 2214 4236 tes
2243 4182 2497 4252 perducat
2525 4183 2592 4238 ad
2621 4185 2800 4248 vitam,
2833 4181 3066 4240 liberans
3095 4202 3188 4243 eos
3217 4205 3245 4240 a
3273 4199 3508 4258 peccato.

2205 4275 2428 4332 CAPUT
2455 4275 2518 4330 ΙΙ.
2544 4307 2613 4316 —
2641 4275 2694 4332 '5.
2723 4275 2917 4332 Filium
2940 4261 3032 4332 Dei
3054 4279 3333 4333 Dominum
3364 4291 3587 4336 nostrum
3615 4298 3738 4338 vere

2134 4383 2239 4422 esse
2259 4366 2423 4421 Deum
2443 4376 2488 4421 et
2509 4370 2917 4438 omnipotentem.
2944 4367 3100 4424 Pater
3121 4379 3165 4424 et
3189 4355 3238 4423 Γ
3241 4371 3356 4426 ilius
3382 4389 3479 4426 non
3503 4373 3574 4426 dii
3593 4374 3727 4442 duo,

2133 4461 2220 4514 sed
2249 4477 2377 4515 unus
2407 4461 2561 4515 Deus.
2604 4459 2772 4515 Filius
2815 4462 3128 4533 omnipotens
3164 4471 3208 4516 et
3251 4464 3459 4536 d’qualis
3496 4481 3528 4517 α
3567 4459 3738 4521 Patre

2133 4553 2348 4626 genitus.
2382 4551 2507 4610 Ideo
2535 4547 2801 4610 credimus
2828 4561 2881 4610 et
2908 4551 2960 4609 in
2987 4555 3178 4611 Filium
3207 4556 3321 4625 ejus
3344 4599 3357 4622 ,
3401 4555 3450 4613 id
3479 4567 3558 4614 est
3579 4601 3592 4624 ,
3629 4559 3737 4616 Dei

2132 4645 2303 4703 Putris
2355 4647 2771 4717 omnipotentis,
2825 4649 3073 4715 unicdm,
3123 4649 3401 4704 Dominum
3459 4658 3734 4708 uestrum.

2132 4740 2354 4809 Quando
2378 4741 2528 4796 audis
2552 4742 2764 4796 unicum
2790 4741 2880 4797 Dei
2904 4741 3113 4808 Filium,
3144 4757 3372 4813 agnosce
3397 4737 3578 4798 Deum.
3605 4745 3734 4804 Non

2131 4835 2272 4891 enim
2303 4835 2468 4891 Filius
2506 4835 2599 4891 Dei
2639 4838 2822 4892 unicus
2862 4845 3043 4906 posset
3081 4851 3200 4892 esse
3239 4851 3343 4891 non
3383 4837 3540 4892 Dens.
3568 4829 3734 4905 Quod

2132 4935 2242 4995 est,
2271 4926 2372 4982 hoc
2400 4928 2614 4998 genuit;
2655 4925 2754 4982 etsi
2785 4942 2889 4982 non
2921 4933 3003 4982 est
3030 4941 3186 4998 quem
3220 4928 3421 4998 genuit.
3467 4925 3521 4983 Si
3564 4937 3740 4985 verus

2130 5025 2213 5075 est
2241 5029 2414 5074 autem
2445 5017 2629 5087 Filius,
2663 5017 2764 5074 hoc
2793 5027 2875 5074 est
2902 5017 3043 5089 quod
3073 5019 3230 5098 Pater
3256 5039 3267 5074 :
3299 5017 3342 5075 si
3372 5017 3475 5074 hoc
3507 5035 3612 5074 non
3645 5033 3742 5076 est

2130 5108 2272 5181 quod
2299 5109 2474 5178 Pater,
2500 5111 2604 5165 non
2630 5109 2711 5166 est
2737 5123 2891 5168 verus
2917 5109 3102 5167 Filius.
3125 5105 3378 5168 Mortales
3405 5122 3456 5168 et
3481 5121 3739 5168 terrenas

2131 5201 2401 5257 creaturas
2427 5199 2680 5259 attendite
2711 5223 2724 5258 :
2753 5195 2894 5275 quod
2923 5211 3004 5259 est
3027 5219 3113 5259 res
3135 5211 3358 5275 qhmque
3378 5249 3394 5273 ,
3426 5197 3525 5259 ltoc
3552 5211 3738 5273 gene-

2130 5293 2231 5348 rat.
2281 5291 2396 5348 Non
2444 5284 2664 5365 generat
2708 5295 2870 5352 homo
2919 5289 3151 5364 bovem,
3192 5309 3298 5351 non
3342 5293 3562 5367 generat
3604 5295 3744 5352 'ovis

1610 5421 1893 5461 ADSIONITIO
1931 5424 2010 5462 PP.
2051 5391 2528 5464 BFD'EDICTINORUM.

492 5479 570 5535 De

700 5487 812 5539 bolo
913 5487 1292 5566 catechumenos
1308 5505 1569 5566 sermones
1593 5500 1840 5566 emendati
1867 5503 1979 5551 sunt
2003 5499 2061 5566 ad
2095 5503 2436 5552 Divionensem
2461 5503 2666 5552 abbatize
2703 5497 2747 5554 ς.
2775 5505 2972 5566 Benigni
3010 5505 3225 5555 codicem
3262 5499 3494 5554 annorum
3527 5487 3744 5556 circiter

435 5546 643 5628 ἕρδειρ
655 5556 1099 5628 _(_;emmeti_eensem
1111 5594 1126 5618 ,
1157 5546 1217 5609 ad
1258 5546 2618 5628 animation}.*ibiiiébaéiirfdﬂéhﬁé’,"

438 5611 824 5696 ffﬂsgg‘l‘l‘sisLet
843 5617 903 5666 ad
929 5611 1166 5696 editiones
1183 5629 1261 5696 ._F.r.
1289 5630 1340 5675 et
1362 5631 1468 5676 Lov.
1497 5611 1680 5677 i’rimus
1701 5611 2327 5692 Sermorepertus‘etiaht'
2343 5611 2900 5694 bitid‘ih‘iéga'téhst
2920 5611 3332 5696 EEdEéEipHs.
3567 5611 3744 5681 anno:

437 5681 546 5722 rmn
567 5671 691 5736 800;
714 5681 818 5726 tres
840 5691 958 5729 vero
981 5679 1061 5730 alii
1083 5671 1299 5735 minime.

523 5755 1039 5840 Comparaot'mus
1055 5777 1359 5847 praeterea
1388 5792 1484 5833 eas
1511 5793 1714 5837 omnes
1745 5775 2042 5841 editiones
2068 5763 2256 5840 t'm'tt'o
2289 5759 2460 5840 Retr.
2483 5781 2538 5840 et
2563 5765 2878 5860 confess,
2897 5785 2940 5842 ε.
2978 5780 3036 5856 1,
3064 5784 3452 5843 memoratas.
3539 5769 3634 5840 Μ.

495 5861 737 5932 (ηψπ,
760 5864 894 5921 Liber
916 5865 1118 5933 primus,
1143 5871 1196 5926 in
1217 5877 1332 5926 ante
1356 5874 1514 5940 editis,
1536 5882 1652 5931 tom.
1673 5877 1719 5930 9.
