  <div class='ocr_page' id='page_1' title='image "/cluster/home/n/w/nwhite01/storage/ocr_20150623/40/hvd.32044024147290/320.png"; bbox 0 0 4102 6336; ppageno 0'>
   <div class='ocr_carea' id='block_1_1' title="bbox 322 432 1910 506">
    <p class='ocr_par' dir='ltr' id='par_1_1' title="bbox 322 432 1910 506">
     <span class='ocr_line' id='line_1_1' title="bbox 322 432 1910 506; baseline -0.005 -8"><span class='ocrx_word' id='word_1_1' title='bbox 322 452 540 506; x_wconf 83' lang='lat' dir='ltr'><strong>canem,</strong></span> <span class='ocrx_word' id='word_1_2' title='bbox 569 450 671 500; x_wconf 86' lang='lat' dir='ltr'><strong>nec</strong></span> <span class='ocrx_word' id='word_1_3' title='bbox 698 435 852 496; x_wconf 84' lang='lat' dir='ltr'><strong>canis</strong></span> <span class='ocrx_word' id='word_1_4' title='bbox 877 449 1054 494; x_wconf 84' lang='lat' dir='ltr'><strong>ovem.</strong></span> <span class='ocrx_word' id='word_1_5' title='bbox 1085 433 1350 505; x_wconf 85' lang='lat' dir='ltr'><strong>Quidquid</strong></span> <span class='ocrx_word' id='word_1_6' title='bbox 1379 440 1464 488; x_wconf 86' lang='lat' dir='ltr'><strong>est</strong></span> <span class='ocrx_word' id='word_1_7' title='bbox 1499 432 1642 503; x_wconf 91' lang='lat' dir='ltr'><strong>quod</strong></span> <span class='ocrx_word' id='word_1_8' title='bbox 1671 445 1910 505; x_wconf 79' lang='lat' dir='ltr'><strong>generat,</strong></span> 
     </span>
    </p>
   </div>
   <div class='ocr_carea' id='block_1_2' title="bbox 322 522 1910 600">
    <p class='ocr_par' dir='ltr' id='par_1_2' title="bbox 322 522 1910 600">
     <span class='ocr_line' id='line_1_2' title="bbox 322 522 1910 600; baseline -0.006 -10"><span class='ocrx_word' id='word_1_9' title='bbox 322 531 374 590; x_wconf 88' lang='lat' dir='ltr'><strong>id</strong></span> <span class='ocrx_word' id='word_1_10' title='bbox 402 527 547 600; x_wconf 89' lang='lat' dir='ltr'><strong>quod</strong></span> <span class='ocrx_word' id='word_1_11' title='bbox 584 537 668 596; x_wconf 88' lang='lat' dir='ltr'><strong>est</strong></span> <span class='ocrx_word' id='word_1_12' title='bbox 702 534 943 598; x_wconf 82' lang='lat' dir='ltr'><strong>generat.</strong></span> <span class='ocrx_word' id='word_1_13' title='bbox 985 526 1183 582; x_wconf 87' lang='lat' dir='ltr'><strong>Tenete</strong></span> <span class='ocrx_word' id='word_1_14' title='bbox 1226 539 1354 594; x_wconf 85' lang='lat' dir='ltr'><strong>ergo</strong></span> <span class='ocrx_word' id='word_1_15' title='bbox 1392 522 1635 589; x_wconf 76' lang='lat' dir='ltr'><strong>fortiter,</strong></span> <span class='ocrx_word' id='word_1_16' title='bbox 1668 525 1910 593; x_wconf 77' lang='lat' dir='ltr'><strong>ﬁrmiter,</strong></span> 
     </span>
    </p>
   </div>
   <div class='ocr_carea' id='block_1_3' title="bbox 323 615 1914 689">
    <p class='ocr_par' dir='ltr' id='par_1_3' title="bbox 323 615 1914 689">
     <span class='ocr_line' id='line_1_3' title="bbox 323 615 1914 689; baseline -0.006 -11"><span class='ocrx_word' id='word_1_17' title='bbox 323 620 584 684; x_wconf 80' lang='lat' dir='ltr'><strong>ﬁdeliter,</strong></span> <span class='ocrx_word' id='word_1_18' title='bbox 615 619 736 689; x_wconf 84' lang='lat' dir='ltr'><strong>quia</strong></span> <span class='ocrx_word' id='word_1_19' title='bbox 776 618 878 674; x_wconf 85' lang='lat' dir='ltr'><strong>hoc</strong></span> <span class='ocrx_word' id='word_1_20' title='bbox 916 616 1097 687; x_wconf 88' lang='lat' dir='ltr'><strong>genuit</strong></span> <span class='ocrx_word' id='word_1_21' title='bbox 1133 616 1274 670; x_wconf 90' lang='lat' dir='ltr'><strong>Deus</strong></span> <span class='ocrx_word' id='word_1_22' title='bbox 1301 615 1493 682; x_wconf 90' lang='lat' dir='ltr'><strong>Pater,</strong></span> <span class='ocrx_word' id='word_1_23' title='bbox 1523 615 1663 686; x_wconf 87' lang='lat' dir='ltr'><strong>quod</strong></span> <span class='ocrx_word' id='word_1_24' title='bbox 1690 625 1773 670; x_wconf 85' lang='lat' dir='ltr'><strong>est</strong></span> <span class='ocrx_word' id='word_1_25' title='bbox 1800 616 1914 687; x_wconf 86' lang='lat' dir='ltr'><strong>ipse</strong></span> 
     </span>
    </p>
   </div>
   <div class='ocr_carea' id='block_1_4' title="bbox 323 709 1914 784">
    <p class='ocr_par' dir='ltr' id='par_1_4' title="bbox 323 709 1914 784">
     <span class='ocr_line' id='line_1_4' title="bbox 323 709 1914 784; baseline -0.005 -12"><span class='ocrx_word' id='word_1_26' title='bbox 323 715 680 784; x_wconf 87' lang='lat' dir='ltr'><strong>omnipotens.</strong></span> <span class='ocrx_word' id='word_1_27' title='bbox 704 711 974 768; x_wconf 81' lang='lat' dir='ltr'><strong>Creaturae</strong></span> <span class='ocrx_word' id='word_1_28' title='bbox 999 711 1112 766; x_wconf 71' lang='lat' dir='ltr'><strong>ista:</strong></span> <span class='ocrx_word' id='word_1_29' title='bbox 1133 709 1384 768; x_wconf 83' lang='lat' dir='ltr'><strong>mortales</strong></span> <span class='ocrx_word' id='word_1_30' title='bbox 1407 724 1502 779; x_wconf 92' lang='lat' dir='ltr'><strong>per</strong></span> <span class='ocrx_word' id='word_1_31' title='bbox 1521 710 1914 778; x_wconf 67' lang='lat' dir='ltr'><strong>corruptionem</strong></span> 
     </span>
    </p>
   </div>
   <div class='ocr_carea' id='block_1_5' title="bbox 322 799 1915 878">
    <p class='ocr_par' dir='ltr' id='par_1_5' title="bbox 322 799 1915 878">
     <span class='ocr_line' id='line_1_5' title="bbox 322 799 1915 878; baseline -0.003 -17"><span class='ocrx_word' id='word_1_32' title='bbox 322 814 598 878; x_wconf 84' lang='lat' dir='ltr'><strong>generant.</strong></span> <span class='ocrx_word' id='word_1_33' title='bbox 631 802 898 873; x_wconf 86' lang='lat' dir='ltr'><strong>Numquid</strong></span> <span class='ocrx_word' id='word_1_34' title='bbox 935 802 1013 858; x_wconf 90' lang='lat' dir='ltr'><strong>sic</strong></span> <span class='ocrx_word' id='word_1_35' title='bbox 1040 802 1180 858; x_wconf 88' lang='lat' dir='ltr'><strong>Deus</strong></span> <span class='ocrx_word' id='word_1_36' title='bbox 1218 800 1473 871; x_wconf 82' lang='lat' dir='ltr'><strong>generat?</strong></span> <span class='ocrx_word' id='word_1_37' title='bbox 1498 799 1732 856; x_wconf 79' lang='lat' dir='ltr'><strong>Mortalis</strong></span> <span class='ocrx_word' id='word_1_38' title='bbox 1759 809 1915 862; x_wconf 88' lang='lat' dir='ltr'><strong>natus</strong></span> 
     </span>
    </p>
   </div>
   <div class='ocr_carea' id='block_1_6' title="bbox 323 891 1910 968">
    <p class='ocr_par' dir='ltr' id='par_1_6' title="bbox 323 891 1910 968">
     <span class='ocr_line' id='line_1_6' title="bbox 323 891 1910 968; baseline -0.005 -14"><span class='ocrx_word' id='word_1_39' title='bbox 323 898 374 954; x_wconf 90' lang='lat' dir='ltr'><strong>id</strong></span> <span class='ocrx_word' id='word_1_40' title='bbox 401 897 543 968; x_wconf 90' lang='lat' dir='ltr'><strong>quod</strong></span> <span class='ocrx_word' id='word_1_41' title='bbox 573 905 657 952; x_wconf 87' lang='lat' dir='ltr'><strong>est</strong></span> <span class='ocrx_word' id='word_1_42' title='bbox 693 903 951 966; x_wconf 86' lang='lat' dir='ltr'><strong>generat,</strong></span> <span class='ocrx_word' id='word_1_43' title='bbox 987 893 1304 952; x_wconf 88' lang='lat' dir='ltr'><strong>immortalis</strong></span> <span class='ocrx_word' id='word_1_44' title='bbox 1346 891 1488 963; x_wconf 89' lang='lat' dir='ltr'><strong>quod</strong></span> <span class='ocrx_word' id='word_1_45' title='bbox 1534 899 1618 952; x_wconf 87' lang='lat' dir='ltr'><strong>est</strong></span> <span class='ocrx_word' id='word_1_46' title='bbox 1659 903 1910 964; x_wconf 78' lang='lat' dir='ltr'><strong>generat:</strong></span> 
     </span>
    </p>
   </div>
   <div class='ocr_carea' id='block_1_7' title="bbox 325 984 1916 1059">
    <p class='ocr_par' dir='ltr' id='par_1_7' title="bbox 325 984 1916 1059">
     <span class='ocr_line' id='line_1_7' title="bbox 325 984 1916 1059; baseline -0.003 -14"><span class='ocrx_word' id='word_1_47' title='bbox 325 988 680 1059; x_wconf 78' lang='lat' dir='ltr'><strong>corruptibilis</strong></span> <span class='ocrx_word' id='word_1_48' title='bbox 707 985 1109 1056; x_wconf 88' lang='lat' dir='ltr'><strong>corruptibilem</strong></span> <span class='ocrx_word' id='word_1_49' title='bbox 1133 993 1371 1055; x_wconf 84' lang='lat' dir='ltr'><strong>generat,</strong></span> <span class='ocrx_word' id='word_1_50' title='bbox 1398 984 1810 1053; x_wconf 87' lang='lat' dir='ltr'><strong>incorruptibilis</strong></span> <span class='ocrx_word' id='word_1_51' title='bbox 1837 985 1916 1040; x_wconf 63' lang='lat' dir='ltr'><strong>in»</strong></span> 
     </span>
    </p>
   </div>
   <div class='ocr_carea' id='block_1_8' title="bbox 321 1076 1914 1152">
    <p class='ocr_par' dir='ltr' id='par_1_8' title="bbox 321 1076 1914 1152">
     <span class='ocr_line' id='line_1_8' title="bbox 321 1076 1914 1152; baseline -0.001 -17"><span class='ocrx_word' id='word_1_52' title='bbox 321 1079 758 1152; x_wconf 83' lang='lat' dir='ltr'><strong>corruptibilem;</strong></span> <span class='ocrx_word' id='word_1_53' title='bbox 787 1077 1148 1148; x_wconf 79' lang='lat' dir='ltr'><strong>corruptibilis</strong></span> <span class='ocrx_word' id='word_1_54' title='bbox 1178 1076 1626 1146; x_wconf 85' lang='lat' dir='ltr'><strong>corruptibiliter,</strong></span> <span class='ocrx_word' id='word_1_55' title='bbox 1668 1077 1914 1134; x_wconf 78' lang='lat' dir='ltr'><strong>incorru-</strong></span> 
     </span>
    </p>
   </div>
   <div class='ocr_carea' id='block_1_9' title="bbox 323 1165 1916 1246">
    <p class='ocr_par' dir='ltr' id='par_1_9' title="bbox 323 1165 1916 1246">
     <span class='ocr_line' id='line_1_9' title="bbox 323 1165 1916 1246; baseline -0.003 -18"><span class='ocrx_word' id='word_1_56' title='bbox 323 1173 524 1246; x_wconf 88' lang='lat' dir='ltr'><strong>ptibilis</strong></span> <span class='ocrx_word' id='word_1_57' title='bbox 553 1171 1058 1242; x_wconf 85' lang='lat' dir='ltr'><strong>incorruptibiliter:</strong></span> <span class='ocrx_word' id='word_1_58' title='bbox 1086 1184 1252 1240; x_wconf 91' lang='lat' dir='ltr'><strong>usque</strong></span> <span class='ocrx_word' id='word_1_59' title='bbox 1278 1165 1414 1224; x_wconf 87' lang='lat' dir='ltr'><strong>adeo</strong></span> <span class='ocrx_word' id='word_1_60' title='bbox 1442 1168 1544 1223; x_wconf 88' lang='lat' dir='ltr'><strong>hoc</strong></span> <span class='ocrx_word' id='word_1_61' title='bbox 1568 1167 1710 1238; x_wconf 90' lang='lat' dir='ltr'><strong>quod</strong></span> <span class='ocrx_word' id='word_1_62' title='bbox 1731 1177 1832 1238; x_wconf 81' lang='lat' dir='ltr'><strong>est,</strong></span> <span class='ocrx_word' id='word_1_63' title='bbox 1856 1176 1916 1225; x_wconf 90' lang='lat' dir='ltr'><strong>ut</strong></span> 
     </span>
    </p>
   </div>
   <div class='ocr_carea' id='block_1_10' title="bbox 322 1258 1913 1330">
    <p class='ocr_par' dir='ltr' id='par_1_10' title="bbox 322 1258 1913 1330">
     <span class='ocr_line' id='line_1_10' title="bbox 322 1258 1913 1330; baseline 0 -13"><span class='ocrx_word' id='word_1_64' title='bbox 322 1279 458 1317; x_wconf 88' lang='lat' dir='ltr'><strong>unus</strong></span> <span class='ocrx_word' id='word_1_65' title='bbox 486 1281 682 1329; x_wconf 86' lang='lat' dir='ltr'><strong>unum,</strong></span> <span class='ocrx_word' id='word_1_66' title='bbox 718 1263 836 1316; x_wconf 91' lang='lat' dir='ltr'><strong>ideo</strong></span> <span class='ocrx_word' id='word_1_67' title='bbox 862 1263 1096 1316; x_wconf 86' lang='lat' dir='ltr'><strong>unicum.</strong></span> <span class='ocrx_word' id='word_1_68' title='bbox 1125 1259 1284 1316; x_wconf 79' lang='lat' dir='ltr'><strong>Scitis</strong></span> <span class='ocrx_word' id='word_1_69' title='bbox 1314 1258 1562 1330; x_wconf 89' lang='lat' dir='ltr'><strong>quoniam</strong></span> <span class='ocrx_word' id='word_1_70' title='bbox 1602 1274 1722 1314; x_wconf 92' lang='lat' dir='ltr'><strong>cum</strong></span> <span class='ocrx_word' id='word_1_71' title='bbox 1765 1259 1913 1318; x_wconf 80' lang='lat' dir='ltr'><strong>vobis</strong></span> 
     </span>
    </p>
   </div>
   <div class='ocr_carea' id='block_1_11' title="bbox 320 1351 1913 1426">
    <p class='ocr_par' dir='ltr' id='par_1_11' title="bbox 320 1351 1913 1426">
     <span class='ocr_line' id='line_1_11' title="bbox 320 1351 1913 1426; baseline -0.003 -16"><span class='ocrx_word' id='word_1_72' title='bbox 320 1357 718 1425; x_wconf 83' lang='lat' dir='ltr'><strong>pronuntiarem</strong></span> <span class='ocrx_word' id='word_1_73' title='bbox 744 1354 1053 1426; x_wconf 76' lang='lat' dir='ltr'><strong>Symbolum</strong></span> <span class='ocrx_word' id='word_1_74' title='bbox 1094 1351 1170 1407; x_wconf 89' lang='lat' dir='ltr'><strong>sic</strong></span> <span class='ocrx_word' id='word_1_75' title='bbox 1198 1351 1340 1418; x_wconf 75' lang='lat' dir='ltr'><strong>dixi,</strong></span> <span class='ocrx_word' id='word_1_76' title='bbox 1370 1359 1425 1408; x_wconf 91' lang='lat' dir='ltr'><strong>et</strong></span> <span class='ocrx_word' id='word_1_77' title='bbox 1460 1351 1536 1405; x_wconf 89' lang='lat' dir='ltr'><strong>sic</strong></span> <span class='ocrx_word' id='word_1_78' title='bbox 1573 1351 1794 1410; x_wconf 75' lang='lat' dir='ltr'><strong>credere</strong></span> <span class='ocrx_word' id='word_1_79' title='bbox 1820 1351 1913 1406; x_wconf 90' lang='lat' dir='ltr'><strong>de-</strong></span> 
     </span>
    </p>
   </div>
   <div class='ocr_carea' id='block_1_12' title="bbox 308 1441 1910 1517">
    <p class='ocr_par' dir='ltr' id='par_1_12' title="bbox 308 1441 1910 1517">
     <span class='ocr_line' id='line_1_12' title="bbox 308 1441 1910 1517; baseline 0 -18"><span class='ocrx_word' id='word_1_80' title='bbox 308 1447 454 1501; x_wconf 87' lang='lat' dir='ltr'><strong>‘betis</strong></span> <span class='ocrx_word' id='word_1_81' title='bbox 481 1464 494 1500; x_wconf 92' lang='lat'><strong>:</strong></span> <span class='ocrx_word' id='word_1_82' title='bbox 518 1447 643 1517; x_wconf 85' lang='lat' dir='ltr'><strong>quia</strong></span> <span class='ocrx_word' id='word_1_83' title='bbox 666 1444 933 1502; x_wconf 84' lang='lat' dir='ltr'><strong>credimus</strong></span> <span class='ocrx_word' id='word_1_84' title='bbox 960 1444 1012 1500; x_wconf 90' lang='lat' dir='ltr'><strong>in</strong></span> <span class='ocrx_word' id='word_1_85' title='bbox 1037 1443 1203 1500; x_wconf 88' lang='lat' dir='ltr'><strong>Deum</strong></span> <span class='ocrx_word' id='word_1_86' title='bbox 1230 1442 1440 1498; x_wconf 81' lang='lat' dir='ltr'><strong>Patrem</strong></span> <span class='ocrx_word' id='word_1_87' title='bbox 1468 1441 1910 1514; x_wconf 85' lang='lat' dir='ltr'><strong>omnipotentem,</strong></span> 
     </span>
    </p>
   </div>
   <div class='ocr_carea' id='block_1_13' title="bbox 315 1531 1914 1604">
    <p class='ocr_par' dir='ltr' id='par_1_13' title="bbox 315 1531 1914 1604">
     <span class='ocr_line' id='line_1_13' title="bbox 315 1531 1914 1604; baseline -0.001 -12"><span class='ocrx_word' id='word_1_88' title='bbox 315 1547 374 1592; x_wconf 90' lang='lat' dir='ltr'><strong>ct</strong></span> <span class='ocrx_word' id='word_1_89' title='bbox 399 1539 448 1592; x_wconf 90' lang='lat' dir='ltr'><strong>in</strong></span> <span class='ocrx_word' id='word_1_90' title='bbox 476 1537 658 1592; x_wconf 81' lang='lat' dir='ltr'><strong>Jcsum</strong></span> <span class='ocrx_word' id='word_1_91' title='bbox 685 1537 958 1592; x_wconf 79' lang='lat' dir='ltr'><strong>Christum</strong></span> <span class='ocrx_word' id='word_1_92' title='bbox 985 1535 1176 1592; x_wconf 85' lang='lat' dir='ltr'><strong>Filium</strong></span> <span class='ocrx_word' id='word_1_93' title='bbox 1202 1535 1316 1604; x_wconf 89' lang='lat' dir='ltr'><strong>ejus</strong></span> <span class='ocrx_word' id='word_1_94' title='bbox 1343 1535 1578 1590; x_wconf 90' lang='lat' dir='ltr'><strong>unicum.</strong></span> <span class='ocrx_word' id='word_1_95' title='bbox 1603 1531 1720 1588; x_wconf 87' lang='lat' dir='ltr'><strong>Jam</strong></span> <span class='ocrx_word' id='word_1_96' title='bbox 1747 1549 1914 1603; x_wconf 89' lang='lat' dir='ltr'><strong>quan-</strong></span> 
     </span>
    </p>
   </div>
   <div class='ocr_carea' id='block_1_14' title="bbox 316 1628 1913 1698">
    <p class='ocr_par' dir='ltr' id='par_1_14' title="bbox 316 1628 1913 1698">
     <span class='ocr_line' id='line_1_14' title="bbox 316 1628 1913 1698; baseline -0.002 -12"><span class='ocrx_word' id='word_1_97' title='bbox 316 1632 389 1686; x_wconf 89' lang='lat' dir='ltr'><strong>do</strong></span> <span class='ocrx_word' id='word_1_98' title='bbox 420 1632 635 1686; x_wconf 88' lang='lat' dir='ltr'><strong>unicum</strong></span> <span class='ocrx_word' id='word_1_99' title='bbox 656 1673 672 1698; x_wconf 92' lang='lat'><strong>,</strong></span> <span class='ocrx_word' id='word_1_100' title='bbox 715 1629 876 1686; x_wconf 89' lang='lat' dir='ltr'><strong>crede</strong></span> <span class='ocrx_word' id='word_1_101' title='bbox 902 1631 917 1660; x_wconf 72' lang='grc' dir='ltr'><strong>ι</strong></span> <span class='ocrx_word' id='word_1_102' title='bbox 959 1630 1381 1698; x_wconf 88' lang='lat' dir='ltr'><strong>omnipotentem</strong></span> <span class='ocrx_word' id='word_1_103' title='bbox 1409 1646 1422 1682; x_wconf 90' lang='lat'><strong>:</strong></span> <span class='ocrx_word' id='word_1_104' title='bbox 1452 1642 1558 1684; x_wconf 91' lang='lat' dir='ltr'><strong>non</strong></span> <span class='ocrx_word' id='word_1_105' title='bbox 1599 1628 1741 1682; x_wconf 90' lang='lat' dir='ltr'><strong>enim</strong></span> <span class='ocrx_word' id='word_1_106' title='bbox 1773 1628 1913 1686; x_wconf 87' lang='lat' dir='ltr'><strong>Deus</strong></span> 
     </span>
    </p>
   </div>
   <div class='ocr_carea' id='block_1_15' title="bbox 317 1719 1911 1794">
    <p class='ocr_par' dir='ltr' id='par_1_15' title="bbox 317 1719 1911 1794">
     <span class='ocr_line' id='line_1_15' title="bbox 317 1719 1911 1794; baseline -0.001 -16"><span class='ocrx_word' id='word_1_107' title='bbox 317 1723 479 1778; x_wconf 83' lang='lat' dir='ltr'><strong>Pater</strong></span> <span class='ocrx_word' id='word_1_108' title='bbox 509 1723 635 1780; x_wconf 79' lang='lat' dir='ltr'><strong>facit</strong></span> <span class='ocrx_word' id='word_1_109' title='bbox 663 1722 804 1794; x_wconf 89' lang='lat' dir='ltr'><strong>quod</strong></span> <span class='ocrx_word' id='word_1_110' title='bbox 833 1721 975 1790; x_wconf 88' lang='lat' dir='ltr'><strong>vult,</strong></span> <span class='ocrx_word' id='word_1_111' title='bbox 1013 1730 1068 1780; x_wconf 90' lang='lat' dir='ltr'><strong>et</strong></span> <span class='ocrx_word' id='word_1_112' title='bbox 1095 1721 1236 1778; x_wconf 88' lang='lat' dir='ltr'><strong>Deus</strong></span> <span class='ocrx_word' id='word_1_113' title='bbox 1264 1720 1430 1776; x_wconf 90' lang='lat' dir='ltr'><strong>Filius</strong></span> <span class='ocrx_word' id='word_1_114' title='bbox 1459 1735 1566 1776; x_wconf 85' lang='lat' dir='ltr'><strong>non</strong></span> <span class='ocrx_word' id='word_1_115' title='bbox 1606 1719 1732 1774; x_wconf 79' lang='lat' dir='ltr'><strong>facit</strong></span> <span class='ocrx_word' id='word_1_116' title='bbox 1769 1719 1911 1791; x_wconf 88' lang='lat' dir='ltr'><strong>quod</strong></span> 
     </span>
    </p>
   </div>
   <div class='ocr_carea' id='block_1_16' title="bbox 317 1812 1908 1886">
    <p class='ocr_par' dir='ltr' id='par_1_16' title="bbox 317 1812 1908 1886">
     <span class='ocr_line' id='line_1_16' title="bbox 317 1812 1908 1886; baseline -0.003 -16"><span class='ocrx_word' id='word_1_117' title='bbox 317 1816 452 1870; x_wconf 81' lang='lat' dir='ltr'><strong>vult.</strong></span> <span class='ocrx_word' id='word_1_118' title='bbox 489 1815 599 1872; x_wconf 86' lang='lat' dir='ltr'><strong>Una</strong></span> <span class='ocrx_word' id='word_1_119' title='bbox 624 1815 869 1869; x_wconf 78' lang='lat' dir='ltr'><strong>voluntas</strong></span> <span class='ocrx_word' id='word_1_120' title='bbox 895 1822 972 1870; x_wconf 86' lang='lat' dir='ltr'><strong>est</strong></span> <span class='ocrx_word' id='word_1_121' title='bbox 995 1813 1166 1870; x_wconf 86' lang='lat' dir='ltr'><strong>Patris</strong></span> <span class='ocrx_word' id='word_1_122' title='bbox 1191 1821 1244 1870; x_wconf 86' lang='lat' dir='ltr'><strong>et</strong></span> <span class='ocrx_word' id='word_1_123' title='bbox 1265 1812 1404 1880; x_wconf 84' lang='lat' dir='ltr'><strong>Filii,</strong></span> <span class='ocrx_word' id='word_1_124' title='bbox 1427 1812 1548 1886; x_wconf 85' lang='lat' dir='ltr'><strong>quia</strong></span> <span class='ocrx_word' id='word_1_125' title='bbox 1575 1827 1680 1868; x_wconf 84' lang='lat' dir='ltr'><strong>una</strong></span> <span class='ocrx_word' id='word_1_126' title='bbox 1701 1823 1908 1868; x_wconf 83' lang='lat' dir='ltr'><strong>natura.</strong></span> 
     </span>
    </p>
   </div>
   <div class='ocr_carea' id='block_1_17' title="bbox 313 1906 1910 1978">
    <p class='ocr_par' dir='ltr' id='par_1_17' title="bbox 313 1906 1910 1978">
     <span class='ocr_line' id='line_1_17' title="bbox 313 1906 1910 1978; baseline -0.003 -12"><span class='ocrx_word' id='word_1_127' title='bbox 313 1910 424 1966; x_wconf 81' lang='lat' dir='ltr'><strong>Nec</strong></span> <span class='ocrx_word' id='word_1_128' title='bbox 454 1911 598 1965; x_wconf 88' lang='lat' dir='ltr'><strong>enim</strong></span> <span class='ocrx_word' id='word_1_129' title='bbox 627 1909 870 1965; x_wconf 78' lang='lat' dir='ltr'><strong>voluntas</strong></span> <span class='ocrx_word' id='word_1_130' title='bbox 895 1907 1013 1966; x_wconf 86' lang='lat' dir='ltr'><strong>Filii</strong></span> <span class='ocrx_word' id='word_1_131' title='bbox 1045 1916 1221 1978; x_wconf 89' lang='lat' dir='ltr'><strong>potest</strong></span> <span class='ocrx_word' id='word_1_132' title='bbox 1253 1922 1284 1962; x_wconf 89' lang='lat' dir='ltr'><strong>a</strong></span> <span class='ocrx_word' id='word_1_133' title='bbox 1312 1907 1483 1966; x_wconf 84' lang='lat' dir='ltr'><strong>Patris</strong></span> <span class='ocrx_word' id='word_1_134' title='bbox 1511 1907 1784 1962; x_wconf 82' lang='lat' dir='ltr'><strong>voluntate</strong></span> <span class='ocrx_word' id='word_1_135' title='bbox 1811 1906 1910 1962; x_wconf 88' lang='lat' dir='ltr'><strong>ali-</strong></span> 
     </span>
    </p>
   </div>
   <div class='ocr_carea' id='block_1_18' title="bbox 310 1998 1908 2074">
    <p class='ocr_par' dir='ltr' id='par_1_18' title="bbox 310 1998 1908 2074">
     <span class='ocr_line' id='line_1_18' title="bbox 310 1998 1908 2074; baseline -0.002 -17"><span class='ocrx_word' id='word_1_136' title='bbox 310 2003 633 2074; x_wconf 80' lang='lat' dir='ltr'><strong>quantulum</strong></span> <span class='ocrx_word' id='word_1_137' title='bbox 657 2002 946 2072; x_wconf 80' lang='lat' dir='ltr'><strong>segregari.</strong></span> <span class='ocrx_word' id='word_1_138' title='bbox 972 2001 1112 2056; x_wconf 89' lang='lat' dir='ltr'><strong>Deus</strong></span> <span class='ocrx_word' id='word_1_139' title='bbox 1132 2009 1185 2056; x_wconf 93' lang='lat' dir='ltr'><strong>et</strong></span> <span class='ocrx_word' id='word_1_140' title='bbox 1207 2000 1367 2068; x_wconf 91' lang='lat' dir='ltr'><strong>Deus,</strong></span> <span class='ocrx_word' id='word_1_141' title='bbox 1395 1998 1554 2054; x_wconf 86' lang='lat' dir='ltr'><strong>ambo</strong></span> <span class='ocrx_word' id='word_1_142' title='bbox 1575 2013 1710 2054; x_wconf 88' lang='lat' dir='ltr'><strong>unus</strong></span> <span class='ocrx_word' id='word_1_143' title='bbox 1733 1999 1908 2054; x_wconf 88' lang='lat' dir='ltr'><strong>Deus:</strong></span> 
     </span>
    </p>
   </div>
   <div class='ocr_carea' id='block_1_19' title="bbox 311 2093 1848 2166">
    <p class='ocr_par' dir='ltr' id='par_1_19' title="bbox 311 2093 1848 2166">
     <span class='ocr_line' id='line_1_19' title="bbox 311 2093 1848 2166; baseline -0.001 -16"><span class='ocrx_word' id='word_1_144' title='bbox 311 2096 658 2166; x_wconf 87' lang='lat' dir='ltr'><strong>omnipotens</strong></span> <span class='ocrx_word' id='word_1_145' title='bbox 685 2103 739 2150; x_wconf 90' lang='lat' dir='ltr'><strong>et</strong></span> <span class='ocrx_word' id='word_1_146' title='bbox 763 2094 1120 2164; x_wconf 88' lang='lat' dir='ltr'><strong>omnipotens,</strong></span> <span class='ocrx_word' id='word_1_147' title='bbox 1149 2093 1308 2150; x_wconf 88' lang='lat' dir='ltr'><strong>ambo</strong></span> <span class='ocrx_word' id='word_1_148' title='bbox 1333 2109 1468 2148; x_wconf 83' lang='lat' dir='ltr'><strong>uitus</strong></span> <span class='ocrx_word' id='word_1_149' title='bbox 1489 2093 1848 2163; x_wconf 87' lang='lat' dir='ltr'><strong>omnipotens.</strong></span> 
     </span>
    </p>
   </div>
   <div class='ocr_carea' id='block_1_20' title="bbox 386 2204 1910 2276">
    <p class='ocr_par' dir='ltr' id='par_1_20' title="bbox 386 2204 1910 2276">
     <span class='ocr_line' id='line_1_20' title="bbox 386 2204 1910 2276; baseline -0.002 -14"><span class='ocrx_word' id='word_1_150' title='bbox 386 2207 440 2262; x_wconf 69' lang='grc'><strong>4.</strong></span> <span class='ocrx_word' id='word_1_151' title='bbox 472 2205 590 2261; x_wconf 84' lang='grc' dir='ltr'>Νοιι</span> <span class='ocrx_word' id='word_1_152' title='bbox 622 2205 1014 2262; x_wconf 85' lang='lat' dir='ltr'><strong>introducimus</strong></span> <span class='ocrx_word' id='word_1_153' title='bbox 1038 2205 1174 2260; x_wconf 85' lang='lat' dir='ltr'><strong>duos</strong></span> <span class='ocrx_word' id='word_1_154' title='bbox 1201 2205 1329 2260; x_wconf 87' lang='lat' dir='ltr'><strong>deos</strong></span> <span class='ocrx_word' id='word_1_155' title='bbox 1349 2247 1365 2272; x_wconf 90' lang='lat'><strong>,</strong></span> <span class='ocrx_word' id='word_1_156' title='bbox 1392 2205 1660 2276; x_wconf 88' lang='lat' dir='ltr'><strong>quomodo</strong></span> <span class='ocrx_word' id='word_1_157' title='bbox 1693 2204 1910 2276; x_wconf 84' lang='lat' dir='ltr'><strong>quidam</strong></span> 
     </span>
    </p>
   </div>
   <div class='ocr_carea' id='block_1_21' title="bbox 310 2296 1909 2364">
    <p class='ocr_par' dir='ltr' id='par_1_21' title="bbox 310 2296 1909 2364">
     <span class='ocr_line' id='line_1_21' title="bbox 310 2296 1909 2364; baseline -0.001 -10"><span class='ocrx_word' id='word_1_158' title='bbox 310 2299 676 2364; x_wconf 86' lang='lat' dir='ltr'><strong>introducunt,</strong></span> <span class='ocrx_word' id='word_1_159' title='bbox 699 2305 754 2354; x_wconf 90' lang='lat' dir='ltr'><strong>et</strong></span> <span class='ocrx_word' id='word_1_160' title='bbox 773 2297 957 2353; x_wconf 90' lang='lat' dir='ltr'><strong>dicunt</strong></span> <span class='ocrx_word' id='word_1_161' title='bbox 981 2315 994 2352; x_wconf 89' lang='lat'><strong>:</strong></span> <span class='ocrx_word' id='word_1_162' title='bbox 1022 2297 1161 2353; x_wconf 84' lang='lat' dir='ltr'><strong>Deus</strong></span> <span class='ocrx_word' id='word_1_163' title='bbox 1184 2297 1344 2353; x_wconf 85' lang='lat' dir='ltr'><strong>Pater</strong></span> <span class='ocrx_word' id='word_1_164' title='bbox 1367 2305 1422 2352; x_wconf 93' lang='lat' dir='ltr'><strong>et</strong></span> <span class='ocrx_word' id='word_1_165' title='bbox 1443 2297 1582 2352; x_wconf 84' lang='lat' dir='ltr'><strong>Deus</strong></span> <span class='ocrx_word' id='word_1_166' title='bbox 1605 2296 1790 2364; x_wconf 73' lang='lat' dir='ltr'><strong>Filius,</strong></span> <span class='ocrx_word' id='word_1_167' title='bbox 1815 2296 1909 2352; x_wconf 78' lang='lat' dir='ltr'><strong>sed</strong></span> 
     </span>
    </p>
   </div>
   <div class='ocr_carea' id='block_1_22' title="bbox 309 2386 1910 2459">
    <p class='ocr_par' dir='ltr' id='par_1_22' title="bbox 309 2386 1910 2459">
     <span class='ocr_line' id='line_1_22' title="bbox 309 2386 1910 2459; baseline -0.002 -14"><span class='ocrx_word' id='word_1_168' title='bbox 309 2390 487 2459; x_wconf 89' lang='lat' dir='ltr'><strong>major</strong></span> <span class='ocrx_word' id='word_1_169' title='bbox 521 2389 664 2444; x_wconf 89' lang='lat' dir='ltr'><strong>Deus</strong></span> <span class='ocrx_word' id='word_1_170' title='bbox 693 2389 881 2454; x_wconf 87' lang='lat' dir='ltr'><strong>Pater,</strong></span> <span class='ocrx_word' id='word_1_171' title='bbox 929 2388 1104 2444; x_wconf 89' lang='lat' dir='ltr'><strong>minor</strong></span> <span class='ocrx_word' id='word_1_172' title='bbox 1143 2388 1284 2444; x_wconf 86' lang='lat' dir='ltr'><strong>Deus</strong></span> <span class='ocrx_word' id='word_1_173' title='bbox 1325 2387 1508 2442; x_wconf 87' lang='lat' dir='ltr'><strong>Filius.</strong></span> <span class='ocrx_word' id='word_1_174' title='bbox 1541 2386 1716 2442; x_wconf 80' lang='lat' dir='ltr'><strong>Ambo</strong></span> <span class='ocrx_word' id='word_1_175' title='bbox 1739 2386 1910 2458; x_wconf 77' lang='lat' dir='ltr'><strong>quid?</strong></span> 
     </span>
    </p>
   </div>
   <div class='ocr_carea' id='block_1_23' title="bbox 309 2477 1909 2546">
    <p class='ocr_par' dir='ltr' id='par_1_23' title="bbox 309 2477 1909 2546">
     <span class='ocr_line' id='line_1_23' title="bbox 309 2477 1909 2546; baseline -0.007 -4"><span class='ocrx_word' id='word_1_176' title='bbox 309 2481 431 2542; x_wconf 78' lang='lat' dir='ltr'><strong>Duo</strong></span> <span class='ocrx_word' id='word_1_177' title='bbox 465 2480 581 2536; x_wconf 86' lang='lat' dir='ltr'><strong>dii?</strong></span> <span class='ocrx_word' id='word_1_178' title='bbox 610 2479 896 2536; x_wconf 88' lang='lat' dir='ltr'><strong>Erubeseis</strong></span> <span class='ocrx_word' id='word_1_179' title='bbox 932 2479 1144 2546; x_wconf 89' lang='lat' dir='ltr'><strong>dicere,</strong></span> <span class='ocrx_word' id='word_1_180' title='bbox 1177 2478 1431 2534; x_wconf 84' lang='lat' dir='ltr'><strong>erubesco</strong></span> <span class='ocrx_word' id='word_1_181' title='bbox 1455 2477 1696 2534; x_wconf 79' lang='lat' dir='ltr'><strong>credere.</strong></span> <span class='ocrx_word' id='word_1_182' title='bbox 1725 2477 1909 2532; x_wconf 78' lang='lat' dir='ltr'><strong>Domi-</strong></span> 
     </span>
    </p>
   </div>
   <div class='ocr_carea' id='block_1_24' title="bbox 307 2567 1912 2637">
    <p class='ocr_par' dir='ltr' id='par_1_24' title="bbox 307 2567 1912 2637">
     <span class='ocr_line' id='line_1_24' title="bbox 307 2567 1912 2637; baseline -0.002 -10"><span class='ocrx_word' id='word_1_183' title='bbox 307 2587 414 2628; x_wconf 85' lang='lat' dir='ltr'><strong>nus</strong></span> <span class='ocrx_word' id='word_1_184' title='bbox 453 2572 594 2627; x_wconf 84' lang='lat' dir='ltr'><strong>Deus</strong></span> <span class='ocrx_word' id='word_1_185' title='bbox 633 2570 790 2626; x_wconf 89' lang='lat' dir='ltr'><strong>Pater</strong></span> <span class='ocrx_word' id='word_1_186' title='bbox 831 2570 998 2637; x_wconf 86' lang='lat' dir='ltr'><strong>dicis,</strong></span> <span class='ocrx_word' id='word_1_187' title='bbox 1040 2577 1096 2626; x_wconf 89' lang='lat' dir='ltr'><strong>et</strong></span> <span class='ocrx_word' id='word_1_188' title='bbox 1135 2569 1392 2626; x_wconf 88' lang='lat' dir='ltr'><strong>Dominus</strong></span> <span class='ocrx_word' id='word_1_189' title='bbox 1427 2568 1570 2626; x_wconf 80' lang='lat' dir='ltr'><strong>Deus</strong></span> <span class='ocrx_word' id='word_1_190' title='bbox 1606 2567 1774 2625; x_wconf 78' lang='lat' dir='ltr'><strong>Filius</strong></span> <span class='ocrx_word' id='word_1_191' title='bbox 1810 2586 1822 2623; x_wconf 94' lang='lat'>:</span> <span class='ocrx_word' id='word_1_192' title='bbox 1853 2575 1912 2623; x_wconf 90' lang='lat' dir='ltr'><strong>et</strong></span> 
     </span>
    </p>
   </div>
   <div class='ocr_carea' id='block_1_25' title="bbox 307 2661 1910 2735">
    <p class='ocr_par' dir='ltr' id='par_1_25' title="bbox 307 2661 1910 2735">
     <span class='ocr_line' id='line_1_25' title="bbox 307 2661 1910 2735; baseline -0.003 -15"><span class='ocrx_word' id='word_1_193' title='bbox 307 2665 442 2720; x_wconf 87' lang='lat' dir='ltr'><strong>dicit</strong></span> <span class='ocrx_word' id='word_1_194' title='bbox 469 2665 583 2735; x_wconf 88' lang='lat' dir='ltr'><strong>ipse</strong></span> <span class='ocrx_word' id='word_1_195' title='bbox 608 2663 806 2730; x_wconf 86' lang='lat' dir='ltr'><strong>Filius,</strong></span> <span class='ocrx_word' id='word_1_196' title='bbox 839 2662 1006 2720; x_wconf 77' lang='lat' dir='ltr'><strong>Nemo</strong></span> <span class='ocrx_word' id='word_1_197' title='bbox 1047 2671 1204 2735; x_wconf 82' lang='lat' dir='ltr'><strong>potest</strong></span> <span class='ocrx_word' id='word_1_198' title='bbox 1243 2662 1438 2718; x_wconf 81' lang='lat' dir='ltr'><strong>duobus</strong></span> <span class='ocrx_word' id='word_1_199' title='bbox 1473 2661 1693 2718; x_wconf 78' lang='lat' dir='ltr'><strong>dominis</strong></span> <span class='ocrx_word' id='word_1_200' title='bbox 1722 2663 1910 2717; x_wconf 77' lang='lat' dir='ltr'><strong>servire</strong></span> 
     </span>
    </p>
   </div>
   <div class='ocr_carea' id='block_1_26' title="bbox 309 2757 1912 2832">
    <p class='ocr_par' dir='ltr' id='par_1_26' title="bbox 309 2757 1912 2832">
     <span class='ocr_line' id='line_1_26' title="bbox 309 2757 1912 2832; baseline 0 -20"><span class='ocrx_word' id='word_1_201' title='bbox 309 2757 528 2832; x_wconf 73' lang='lat' dir='ltr'><strong>(Matth.</strong></span> <span class='ocrx_word' id='word_1_202' title='bbox 556 2775 629 2825; x_wconf 87' lang='lat' dir='ltr'><strong>vt,</strong></span> <span class='ocrx_word' id='word_1_203' title='bbox 657 2758 771 2824; x_wconf 69' lang='lat'><strong>24).</strong></span> <span class='ocrx_word' id='word_1_204' title='bbox 807 2757 862 2813; x_wconf 91' lang='lat' dir='ltr'><strong>In</strong></span> <span class='ocrx_word' id='word_1_205' title='bbox 890 2757 1088 2818; x_wconf 75' lang='lat' dir='ltr'><strong>familia</strong></span> <span class='ocrx_word' id='word_1_206' title='bbox 1119 2757 1284 2827; x_wconf 78' lang='lat' dir='ltr'><strong>ipsius</strong></span> <span class='ocrx_word' id='word_1_207' title='bbox 1307 2757 1386 2812; x_wconf 86' lang='lat' dir='ltr'><strong>sic</strong></span> <span class='ocrx_word' id='word_1_208' title='bbox 1415 2757 1635 2823; x_wconf 80' lang='lat' dir='ltr'><strong>erimus,</strong></span> <span class='ocrx_word' id='word_1_209' title='bbox 1669 2764 1746 2824; x_wconf 87' lang='lat' dir='ltr'><strong>ut,</strong></span> <span class='ocrx_word' id='word_1_210' title='bbox 1776 2772 1912 2826; x_wconf 86' lang='lat' dir='ltr'><strong>quo-</strong></span> 
     </span>
    </p>
   </div>
   <div class='ocr_carea' id='block_1_27' title="bbox 308 2847 1910 2922">
    <p class='ocr_par' dir='ltr' id='par_1_27' title="bbox 308 2847 1910 2922">
     <span class='ocr_line' id='line_1_27' title="bbox 308 2847 1910 2922; baseline -0.001 -14"><span class='ocrx_word' id='word_1_211' title='bbox 308 2852 474 2908; x_wconf 89' lang='lat' dir='ltr'><strong>modo</strong></span> <span class='ocrx_word' id='word_1_212' title='bbox 505 2852 556 2908; x_wconf 91' lang='lat' dir='ltr'><strong>in</strong></span> <span class='ocrx_word' id='word_1_213' title='bbox 588 2851 748 2907; x_wconf 89' lang='lat' dir='ltr'><strong>domo</strong></span> <span class='ocrx_word' id='word_1_214' title='bbox 779 2866 968 2922; x_wconf 83' lang='lat' dir='ltr'><strong>magna</strong></span> <span class='ocrx_word' id='word_1_215' title='bbox 1006 2850 1092 2906; x_wconf 82' lang='lat' dir='ltr'><strong>tibi</strong></span> <span class='ocrx_word' id='word_1_216' title='bbox 1133 2860 1215 2907; x_wconf 83' lang='lat' dir='ltr'><strong>est</strong></span> <span class='ocrx_word' id='word_1_217' title='bbox 1250 2850 1631 2922; x_wconf 82' lang='lat' dir='ltr'><strong>paterfamilias</strong></span> <span class='ocrx_word' id='word_1_218' title='bbox 1667 2859 1722 2905; x_wconf 89' lang='lat' dir='ltr'><strong>et</strong></span> <span class='ocrx_word' id='word_1_219' title='bbox 1750 2847 1910 2907; x_wconf 81' lang='lat' dir='ltr'><strong>habet</strong></span> 
     </span>
    </p>
   </div>
   <div class='ocr_carea' id='block_1_28' title="bbox 309 2941 1910 3013">
    <p class='ocr_par' dir='ltr' id='par_1_28' title="bbox 309 2941 1910 3013">
     <span class='ocr_line' id='line_1_28' title="bbox 309 2941 1910 3013; baseline -0.001 -13"><span class='ocrx_word' id='word_1_220' title='bbox 309 2944 514 3013; x_wconf 80' lang='lat' dir='ltr'><strong>ﬁlium,</strong></span> <span class='ocrx_word' id='word_1_221' title='bbox 557 2945 798 3002; x_wconf 84' lang='lat' dir='ltr'><strong>dicamus</strong></span> <span class='ocrx_word' id='word_1_222' title='bbox 838 2952 893 3000; x_wconf 90' lang='lat' dir='ltr'><strong>et</strong></span> <span class='ocrx_word' id='word_1_223' title='bbox 929 2957 1028 3000; x_wconf 89' lang='lat' dir='ltr'><strong>nos</strong></span> <span class='ocrx_word' id='word_1_224' title='bbox 1059 2944 1071 2996; x_wconf 67' lang='grc' dir='ltr'><strong>ὲ</strong></span> <span class='ocrx_word' id='word_1_225' title='bbox 1106 2943 1362 2998; x_wconf 77' lang='lat' dir='ltr'><strong>Dominus</strong></span> <span class='ocrx_word' id='word_1_226' title='bbox 1403 2943 1572 3012; x_wconf 85' lang='lat' dir='ltr'><strong>major</strong></span> <span class='ocrx_word' id='word_1_227' title='bbox 1594 2985 1609 3010; x_wconf 90' lang='lat'><strong>,</strong></span> <span class='ocrx_word' id='word_1_228' title='bbox 1651 2941 1910 3001; x_wconf 84' lang='lat' dir='ltr'><strong>Dominus</strong></span> 
     </span>
    </p>
   </div>
   <div class='ocr_carea' id='block_1_29' title="bbox 309 3032 1909 3105">
    <p class='ocr_par' dir='ltr' id='par_1_29' title="bbox 309 3032 1909 3105">
     <span class='ocr_line' id='line_1_29' title="bbox 309 3032 1909 3105; baseline -0.003 -11"><span class='ocrx_word' id='word_1_229' title='bbox 309 3037 527 3094; x_wconf 86' lang='lat' dir='ltr'><strong>minor?</strong></span> <span class='ocrx_word' id='word_1_230' title='bbox 558 3035 895 3092; x_wconf 80' lang='lat' dir='ltr'><strong>Aversamini</strong></span> <span class='ocrx_word' id='word_1_231' title='bbox 927 3036 1082 3090; x_wconf 87' lang='lat' dir='ltr'><strong>talem</strong></span> <span class='ocrx_word' id='word_1_232' title='bbox 1108 3034 1510 3105; x_wconf 71' lang='lat' dir='ltr'><strong>cogitationem.</strong></span> <span class='ocrx_word' id='word_1_233' title='bbox 1532 3032 1588 3089; x_wconf 88' lang='lat' dir='ltr'><strong>Si</strong></span> <span class='ocrx_word' id='word_1_234' title='bbox 1612 3034 1761 3088; x_wconf 74' lang='lat' dir='ltr'><strong>vobis</strong></span> <span class='ocrx_word' id='word_1_235' title='bbox 1787 3034 1909 3090; x_wconf 80' lang='lat' dir='ltr'><strong>talia</strong></span> 
     </span>
    </p>
   </div>
   <div class='ocr_carea' id='block_1_30' title="bbox 311 3126 1912 3198">
    <p class='ocr_par' dir='ltr' id='par_1_30' title="bbox 311 3126 1912 3198">
     <span class='ocr_line' id='line_1_30' title="bbox 311 3126 1912 3198; baseline -0.002 -12"><span class='ocrx_word' id='word_1_236' title='bbox 311 3130 548 3188; x_wconf 82' lang='lat' dir='ltr'><strong>feceritis</strong></span> <span class='ocrx_word' id='word_1_237' title='bbox 575 3129 628 3186; x_wconf 91' lang='lat' dir='ltr'><strong>in</strong></span> <span class='ocrx_word' id='word_1_238' title='bbox 655 3128 836 3194; x_wconf 83' lang='lat' dir='ltr'><strong>corde,</strong></span> <span class='ocrx_word' id='word_1_239' title='bbox 865 3127 1005 3186; x_wconf 89' lang='lat' dir='ltr'><strong>idola</strong></span> <span class='ocrx_word' id='word_1_240' title='bbox 1034 3127 1228 3198; x_wconf 87' lang='lat' dir='ltr'><strong>ponitis</strong></span> <span class='ocrx_word' id='word_1_241' title='bbox 1255 3127 1306 3181; x_wconf 93' lang='lat' dir='ltr'><strong>in</strong></span> <span class='ocrx_word' id='word_1_242' title='bbox 1333 3126 1507 3180; x_wconf 86' lang='lat' dir='ltr'><strong>anima</strong></span> <span class='ocrx_word' id='word_1_243' title='bbox 1537 3141 1659 3183; x_wconf 85' lang='lat' dir='ltr'><strong>una.</strong></span> <span class='ocrx_word' id='word_1_244' title='bbox 1686 3126 1912 3182; x_wconf 83' lang='lat' dir='ltr'><strong>Prorsus</strong></span> 
     </span>
    </p>
   </div>
   <div class='ocr_carea' id='block_1_31' title="bbox 309 3217 1910 3293">
    <p class='ocr_par' dir='ltr' id='par_1_31' title="bbox 309 3217 1910 3293">
     <span class='ocr_line' id='line_1_31' title="bbox 309 3217 1910 3293; baseline -0.003 -14"><span class='ocrx_word' id='word_1_245' title='bbox 309 3223 579 3293; x_wconf 80' lang='lat' dir='ltr'><strong>repellite.</strong></span> <span class='ocrx_word' id='word_1_246' title='bbox 611 3222 767 3278; x_wconf 84' lang='lat' dir='ltr'><strong>Prius</strong></span> <span class='ocrx_word' id='word_1_247' title='bbox 795 3221 1028 3287; x_wconf 85' lang='lat' dir='ltr'><strong>credite,</strong></span> <span class='ocrx_word' id='word_1_248' title='bbox 1063 3229 1244 3291; x_wconf 87' lang='lat' dir='ltr'><strong>postea</strong></span> <span class='ocrx_word' id='word_1_249' title='bbox 1275 3219 1574 3289; x_wconf 85' lang='lat' dir='ltr'><strong>intelligite.</strong></span> <span class='ocrx_word' id='word_1_250' title='bbox 1605 3217 1700 3274; x_wconf 87' lang='lat' dir='ltr'><strong>Cui</strong></span> <span class='ocrx_word' id='word_1_251' title='bbox 1730 3227 1910 3275; x_wconf 85' lang='lat' dir='ltr'><strong>autem</strong></span> 
     </span>
    </p>
   </div>
   <div class='ocr_carea' id='block_1_32' title="bbox 309 3311 1910 3382">
    <p class='ocr_par' dir='ltr' id='par_1_32' title="bbox 309 3311 1910 3382">
     <span class='ocr_line' id='line_1_32' title="bbox 309 3311 1910 3382; baseline -0.002 -12"><span class='ocrx_word' id='word_1_252' title='bbox 309 3315 480 3370; x_wconf 79' lang='lat' dir='ltr'><strong>donat</strong></span> <span class='ocrx_word' id='word_1_253' title='bbox 509 3315 685 3379; x_wconf 83' lang='lat' dir='ltr'><strong>Deus,</strong></span> <span class='ocrx_word' id='word_1_254' title='bbox 729 3321 784 3368; x_wconf 79' lang='grc' dir='ltr'><strong>ιιι</strong></span> <span class='ocrx_word' id='word_1_255' title='bbox 819 3328 940 3368; x_wconf 90' lang='lat' dir='ltr'><strong>cum</strong></span> <span class='ocrx_word' id='word_1_256' title='bbox 982 3312 1306 3378; x_wconf 85' lang='lat' dir='ltr'><strong>crediderit,</strong></span> <span class='ocrx_word' id='word_1_257' title='bbox 1346 3312 1453 3367; x_wconf 89' lang='lat' dir='ltr'><strong>cito</strong></span> <span class='ocrx_word' id='word_1_258' title='bbox 1491 3311 1780 3382; x_wconf 84' lang='lat' dir='ltr'><strong>intelligat;</strong></span> <span class='ocrx_word' id='word_1_259' title='bbox 1815 3311 1910 3368; x_wconf 83' lang='lat' dir='ltr'><strong>Dei</strong></span> 
     </span>
    </p>
   </div>
   <div class='ocr_carea' id='block_1_33' title="bbox 309 3399 1909 3474">
    <p class='ocr_par' dir='ltr' id='par_1_33' title="bbox 309 3399 1909 3474">
     <span class='ocr_line' id='line_1_33' title="bbox 309 3399 1909 3474; baseline -0.003 -12"><span class='ocrx_word' id='word_1_260' title='bbox 309 3399 512 3464; x_wconf 84' lang='lat' dir='ltr'><strong>donum</strong></span> <span class='ocrx_word' id='word_1_261' title='bbox 541 3415 641 3470; x_wconf 89' lang='lat' dir='ltr'><strong>est,</strong></span> <span class='ocrx_word' id='word_1_262' title='bbox 672 3421 778 3460; x_wconf 92' lang='lat' dir='ltr'><strong>non</strong></span> <span class='ocrx_word' id='word_1_263' title='bbox 807 3405 1037 3462; x_wconf 87' lang='lat' dir='ltr'><strong>humana</strong></span> <span class='ocrx_word' id='word_1_264' title='bbox 1062 3403 1342 3474; x_wconf 81' lang='lat' dir='ltr'><strong>fragilitas.</strong></span> <span class='ocrx_word' id='word_1_265' title='bbox 1374 3403 1576 3458; x_wconf 85' lang='lat' dir='ltr'><strong>Tamen</strong></span> <span class='ocrx_word' id='word_1_266' title='bbox 1603 3402 1647 3457; x_wconf 91' lang='lat' dir='ltr'><strong>si</strong></span> <span class='ocrx_word' id='word_1_267' title='bbox 1674 3401 1909 3468; x_wconf 85' lang='lat' dir='ltr'><strong>nondum</strong></span> 
     </span>
    </p>
   </div>
   <div class='ocr_carea' id='block_1_34' title="bbox 311 3493 1911 3570">
    <p class='ocr_par' dir='ltr' id='par_1_34' title="bbox 311 3493 1911 3570">
     <span class='ocr_line' id='line_1_34' title="bbox 311 3493 1911 3570; baseline -0.003 -13"><span class='ocrx_word' id='word_1_268' title='bbox 311 3499 609 3570; x_wconf 87' lang='lat' dir='ltr'><strong>intelligitis</strong></span> <span class='ocrx_word' id='word_1_269' title='bbox 629 3540 644 3564; x_wconf 89' lang='lat'><strong>,</strong></span> <span class='ocrx_word' id='word_1_270' title='bbox 676 3497 878 3554; x_wconf 85' lang='lat' dir='ltr'><strong>credite</strong></span> <span class='ocrx_word' id='word_1_271' title='bbox 909 3515 922 3552; x_wconf 89' lang='lat'><strong>:</strong></span> <span class='ocrx_word' id='word_1_272' title='bbox 953 3498 1092 3554; x_wconf 91' lang='lat' dir='ltr'><strong>Deus</strong></span> <span class='ocrx_word' id='word_1_273' title='bbox 1120 3511 1258 3552; x_wconf 87' lang='lat' dir='ltr'><strong>unus</strong></span> <span class='ocrx_word' id='word_1_274' title='bbox 1283 3496 1442 3552; x_wconf 89' lang='lat' dir='ltr'><strong>Pater</strong></span> <span class='ocrx_word' id='word_1_275' title='bbox 1460 3537 1474 3561; x_wconf 89' lang='lat'><strong>,</strong></span> <span class='ocrx_word' id='word_1_276' title='bbox 1503 3495 1642 3550; x_wconf 88' lang='lat' dir='ltr'><strong>Deus</strong></span> <span class='ocrx_word' id='word_1_277' title='bbox 1666 3493 1911 3552; x_wconf 84' lang='lat' dir='ltr'><strong>Christus</strong></span> 
     </span>
    </p>
   </div>
   <div class='ocr_carea' id='block_1_35' title="bbox 310 3587 1912 3660">
    <p class='ocr_par' dir='ltr' id='par_1_35' title="bbox 310 3587 1912 3660">
     <span class='ocr_line' id='line_1_35' title="bbox 310 3587 1912 3660; baseline -0.003 -11"><span class='ocrx_word' id='word_1_278' title='bbox 310 3591 482 3649; x_wconf 86' lang='lat' dir='ltr'><strong>Filius</strong></span> <span class='ocrx_word' id='word_1_279' title='bbox 506 3591 620 3647; x_wconf 89' lang='lat' dir='ltr'><strong>Dei.</strong></span> <span class='ocrx_word' id='word_1_280' title='bbox 646 3591 816 3646; x_wconf 84' lang='lat' dir='ltr'><strong>Ambo</strong></span> <span class='ocrx_word' id='word_1_281' title='bbox 836 3589 1000 3660; x_wconf 87' lang='lat' dir='ltr'><strong>quid?</strong></span> <span class='ocrx_word' id='word_1_282' title='bbox 1025 3588 1174 3644; x_wconf 89' lang='lat' dir='ltr'><strong>Unus</strong></span> <span class='ocrx_word' id='word_1_283' title='bbox 1193 3589 1353 3644; x_wconf 74' lang='lat' dir='ltr'><strong>Deus.</strong></span> <span class='ocrx_word' id='word_1_284' title='bbox 1379 3588 1445 3644; x_wconf 87' lang='lat' dir='ltr'><strong>Et</strong></span> <span class='ocrx_word' id='word_1_285' title='bbox 1463 3587 1733 3660; x_wconf 89' lang='lat' dir='ltr'><strong>quomodo</strong></span> <span class='ocrx_word' id='word_1_286' title='bbox 1753 3587 1912 3644; x_wconf 86' lang='lat' dir='ltr'><strong>ambo</strong></span> 
     </span>
    </p>
   </div>
   <div class='ocr_carea' id='block_1_36' title="bbox 310 3678 1911 3746">
    <p class='ocr_par' dir='ltr' id='par_1_36' title="bbox 310 3678 1911 3746">
     <span class='ocr_line' id='line_1_36' title="bbox 310 3678 1911 3746; baseline -0.002 -7"><span class='ocrx_word' id='word_1_287' title='bbox 310 3697 454 3740; x_wconf 83' lang='lat' dir='ltr'><strong>unus</strong></span> <span class='ocrx_word' id='word_1_288' title='bbox 495 3682 638 3736; x_wconf 88' lang='lat' dir='ltr'><strong>Deus</strong></span> <span class='ocrx_word' id='word_1_289' title='bbox 679 3680 908 3736; x_wconf 86' lang='lat' dir='ltr'><strong>dicitur?</strong></span> <span class='ocrx_word' id='word_1_290' title='bbox 952 3679 1272 3746; x_wconf 81' lang='lat' dir='ltr'><strong>Quomodo?</strong></span> <span class='ocrx_word' id='word_1_291' title='bbox 1312 3678 1558 3736; x_wconf 87' lang='lat' dir='ltr'><strong>miraris?</strong></span> <span class='ocrx_word' id='word_1_292' title='bbox 1599 3679 1654 3734; x_wconf 87' lang='lat' dir='ltr'><strong>In</strong></span> <span class='ocrx_word' id='word_1_293' title='bbox 1689 3678 1911 3736; x_wconf 83' lang='lat' dir='ltr'><strong>Actibus</strong></span> 
     </span>
    </p>
   </div>
   <div class='ocr_carea' id='block_1_37' title="bbox 311 3771 1912 3846">
    <p class='ocr_par' dir='ltr' id='par_1_37' title="bbox 311 3771 1912 3846">
     <span class='ocr_line' id='line_1_37' title="bbox 311 3771 1912 3846; baseline -0.004 -14"><span class='ocrx_word' id='word_1_294' title='bbox 311 3774 717 3844; x_wconf 75' lang='lat' dir='ltr'><strong>Apostolorum,</strong></span> <span class='ocrx_word' id='word_1_295' title='bbox 747 3773 810 3828; x_wconf 87' lang='lat' dir='ltr'><strong>Et</strong></span> <span class='ocrx_word' id='word_1_296' title='bbox 837 3782 961 3838; x_wconf 77' lang='lat' dir='ltr'><strong>erat,</strong></span> <span class='ocrx_word' id='word_1_297' title='bbox 992 3771 1182 3842; x_wconf 87' lang='lat' dir='ltr'><strong>inquit,</strong></span> <span class='ocrx_word' id='word_1_298' title='bbox 1214 3771 1520 3830; x_wconf 75' lang='lat' dir='ltr'><strong>credentium</strong></span> <span class='ocrx_word' id='word_1_299' title='bbox 1541 3772 1712 3846; x_wconf 75' lang='lat' dir='ltr'><strong>animo</strong></span> <span class='ocrx_word' id='word_1_300' title='bbox 1738 3788 1840 3830; x_wconf 81' lang='lat' dir='ltr'><strong>una</strong></span> <span class='ocrx_word' id='word_1_301' title='bbox 1865 3780 1912 3828; x_wconf 77' lang='lat' dir='ltr'><strong>et</strong></span> 
     </span>
    </p>
   </div>
   <div class='ocr_carea' id='block_1_38' title="bbox 312 3862 1912 3934">
    <p class='ocr_par' dir='ltr' id='par_1_38' title="bbox 312 3862 1912 3934">
     <span class='ocr_line' id='line_1_38' title="bbox 312 3862 1912 3934; baseline 0.001 -13"><span class='ocrx_word' id='word_1_302' title='bbox 312 3882 400 3922; x_wconf 82' lang='lat' dir='ltr'><strong>cor</strong></span> <span class='ocrx_word' id='word_1_303' title='bbox 426 3881 588 3920; x_wconf 84' lang='lat' dir='ltr'><strong>unum</strong></span> <span class='ocrx_word' id='word_1_304' title='bbox 615 3864 750 3934; x_wconf 82' lang='lat' dir='ltr'><strong>(Act.</strong></span> <span class='ocrx_word' id='word_1_305' title='bbox 777 3879 849 3932; x_wconf 85' lang='lat' dir='ltr'><strong>tv,</strong></span> <span class='ocrx_word' id='word_1_306' title='bbox 877 3863 992 3933; x_wconf 68' lang='lat'><strong>&#39;52).</strong></span> <span class='ocrx_word' id='word_1_307' title='bbox 1025 3863 1198 3920; x_wconf 74' lang='lat' dir='ltr'><strong>Multa:</strong></span> <span class='ocrx_word' id='word_1_308' title='bbox 1223 3863 1415 3918; x_wconf 86' lang='lat' dir='ltr'><strong>animae</strong></span> <span class='ocrx_word' id='word_1_309' title='bbox 1439 3871 1614 3928; x_wconf 85' lang='lat' dir='ltr'><strong>erant,</strong></span> <span class='ocrx_word' id='word_1_310' title='bbox 1639 3862 1771 3920; x_wconf 74' lang='lat' dir='ltr'><strong>fides</strong></span> <span class='ocrx_word' id='word_1_311' title='bbox 1794 3877 1912 3922; x_wconf 77' lang='lat' dir='ltr'><strong>eas-</strong></span> 
     </span>
    </p>
   </div>
   <div class='ocr_carea' id='block_1_39' title="bbox 313 3953 1913 4019">
    <p class='ocr_par' dir='ltr' id='par_1_39' title="bbox 313 3953 1913 4019">
     <span class='ocr_line' id='line_1_39' title="bbox 313 3953 1913 4019; baseline -0.002 -6"><span class='ocrx_word' id='word_1_312' title='bbox 313 3956 438 4013; x_wconf 87' lang='lat' dir='ltr'><strong>dem</strong></span> <span class='ocrx_word' id='word_1_313' title='bbox 470 3971 631 4012; x_wconf 89' lang='lat' dir='ltr'><strong>uuam</strong></span> <span class='ocrx_word' id='word_1_314' title='bbox 659 3955 875 4011; x_wconf 80' lang='lat' dir='ltr'><strong>iecerat.</strong></span> <span class='ocrx_word' id='word_1_315' title='bbox 907 3955 1007 4010; x_wconf 90' lang='lat' dir='ltr'><strong>Tot</strong></span> <span class='ocrx_word' id='word_1_316' title='bbox 1033 3953 1198 4010; x_wconf 87' lang='lat' dir='ltr'><strong>millia</strong></span> <span class='ocrx_word' id='word_1_317' title='bbox 1225 3954 1520 4010; x_wconf 87' lang='lat' dir='ltr'><strong>animarum</strong></span> <span class='ocrx_word' id='word_1_318' title='bbox 1547 3962 1734 4019; x_wconf 89' lang='lat' dir='ltr'><strong>erant;</strong></span> <span class='ocrx_word' id='word_1_319' title='bbox 1765 3969 1913 4010; x_wconf 87' lang='lat' dir='ltr'><strong>ama-</strong></span> 
     </span>
    </p>
   </div>
   <div class='ocr_carea' id='block_1_40' title="bbox 313 4045 1910 4112">
    <p class='ocr_par' dir='ltr' id='par_1_40' title="bbox 313 4045 1910 4112">
     <span class='ocr_line' id='line_1_40' title="bbox 313 4045 1910 4112; baseline -0.003 -7"><span class='ocrx_word' id='word_1_320' title='bbox 313 4057 510 4106; x_wconf 80' lang='lat' dir='ltr'><strong>verunt</strong></span> <span class='ocrx_word' id='word_1_321' title='bbox 545 4063 638 4112; x_wconf 79' lang='lat' dir='ltr'><strong>se,</strong></span> <span class='ocrx_word' id='word_1_322' title='bbox 671 4057 726 4101; x_wconf 88' lang='lat' dir='ltr'><strong>et</strong></span> <span class='ocrx_word' id='word_1_323' title='bbox 763 4045 945 4106; x_wconf 73' lang='lat' dir='ltr'><strong>multa:</strong></span> <span class='ocrx_word' id='word_1_324' title='bbox 987 4053 1113 4102; x_wconf 87' lang='lat' dir='ltr'><strong>sunt</strong></span> <span class='ocrx_word' id='word_1_325' title='bbox 1142 4061 1244 4112; x_wconf 87' lang='lat' dir='ltr'><strong>una</strong></span> <span class='ocrx_word' id='word_1_326' title='bbox 1273 4062 1286 4097; x_wconf 85' lang='lat'><strong>:</strong></span> <span class='ocrx_word' id='word_1_327' title='bbox 1319 4053 1629 4100; x_wconf 87' lang='lat' dir='ltr'><strong>amaverunt</strong></span> <span class='ocrx_word' id='word_1_328' title='bbox 1659 4045 1826 4104; x_wconf 84' lang='lat' dir='ltr'><strong>Deum</strong></span> <span class='ocrx_word' id='word_1_329' title='bbox 1855 4045 1910 4111; x_wconf 84' lang='lat' dir='ltr'><strong>in</strong></span> 
     </span>
    </p>
   </div>
   <div class='ocr_carea' id='block_1_41' title="bbox 313 4135 1912 4214">
    <p class='ocr_par' dir='ltr' id='par_1_41' title="bbox 313 4135 1912 4214">
     <span class='ocr_line' id='line_1_41' title="bbox 313 4135 1912 4214; baseline -0.003 -18"><span class='ocrx_word' id='word_1_330' title='bbox 313 4140 435 4212; x_wconf 85' lang='lat' dir='ltr'><strong>igne</strong></span> <span class='ocrx_word' id='word_1_331' title='bbox 478 4138 789 4205; x_wconf 88' lang='lat' dir='ltr'><strong>charitatis,</strong></span> <span class='ocrx_word' id='word_1_332' title='bbox 823 4147 877 4194; x_wconf 90' lang='lat' dir='ltr'><strong>et</strong></span> <span class='ocrx_word' id='word_1_333' title='bbox 915 4152 981 4193; x_wconf 76' lang='lat' dir='ltr'><strong>ex</strong></span> <span class='ocrx_word' id='word_1_334' title='bbox 1020 4135 1359 4193; x_wconf 89' lang='lat' dir='ltr'><strong>multitudine</strong></span> <span class='ocrx_word' id='word_1_335' title='bbox 1395 4135 1460 4190; x_wconf 89' lang='lat' dir='ltr'><strong>ad</strong></span> <span class='ocrx_word' id='word_1_336' title='bbox 1501 4135 1912 4214; x_wconf 82' lang='lat' dir='ltr'><strong>pulchritudinis</strong></span> 
     </span>
    </p>
   </div>
   <div class='ocr_carea' id='block_1_42' title="bbox 314 4227 1910 4298">
    <p class='ocr_par' dir='ltr' id='par_1_42' title="bbox 314 4227 1910 4298">
     <span class='ocr_line' id='line_1_42' title="bbox 314 4227 1910 4298; baseline -0.002 -8"><span class='ocrx_word' id='word_1_337' title='bbox 314 4233 575 4290; x_wconf 89' lang='lat' dir='ltr'><strong>unitatem</strong></span> <span class='ocrx_word' id='word_1_338' title='bbox 607 4238 891 4288; x_wconf 85' lang='lat' dir='ltr'><strong>venerunt.</strong></span> <span class='ocrx_word' id='word_1_339' title='bbox 931 4229 990 4286; x_wconf 92' lang='lat' dir='ltr'><strong>Si</strong></span> <span class='ocrx_word' id='word_1_340' title='bbox 1031 4238 1134 4284; x_wconf 91' lang='lat' dir='ltr'><strong>tam</strong></span> <span class='ocrx_word' id='word_1_341' title='bbox 1175 4229 1374 4286; x_wconf 89' lang='lat' dir='ltr'><strong>multas</strong></span> <span class='ocrx_word' id='word_1_342' title='bbox 1409 4228 1615 4286; x_wconf 89' lang='lat' dir='ltr'><strong>animas</strong></span> <span class='ocrx_word' id='word_1_343' title='bbox 1645 4227 1770 4298; x_wconf 85' lang='lat' dir='ltr'><strong>fecit</strong></span> <span class='ocrx_word' id='word_1_344' title='bbox 1792 4229 1910 4288; x_wconf 90' lang='lat' dir='ltr'><strong>aui-</strong></span> 
     </span>
    </p>
   </div>
   <div class='ocr_carea' id='block_1_43' title="bbox 313 4322 1908 4394">
    <p class='ocr_par' dir='ltr' id='par_1_43' title="bbox 313 4322 1908 4394">
     <span class='ocr_line' id='line_1_43' title="bbox 313 4322 1908 4394; baseline -0.003 -12"><span class='ocrx_word' id='word_1_345' title='bbox 313 4341 456 4384; x_wconf 86' lang='lat' dir='ltr'><strong>mam</strong></span> <span class='ocrx_word' id='word_1_346' title='bbox 496 4339 655 4382; x_wconf 88' lang='lat' dir='ltr'><strong>unam</strong></span> <span class='ocrx_word' id='word_1_347' title='bbox 683 4323 950 4389; x_wconf 88' lang='lat' dir='ltr'><strong>eharitas;</strong></span> <span class='ocrx_word' id='word_1_348' title='bbox 981 4323 1154 4394; x_wconf 83' lang='lat' dir='ltr'><strong>qualis</strong></span> <span class='ocrx_word' id='word_1_349' title='bbox 1184 4322 1417 4378; x_wconf 87' lang='lat' dir='ltr'><strong>charitas</strong></span> <span class='ocrx_word' id='word_1_350' title='bbox 1444 4331 1526 4382; x_wconf 87' lang='lat' dir='ltr'><strong>est</strong></span> <span class='ocrx_word' id='word_1_351' title='bbox 1552 4323 1690 4393; x_wconf 76' lang='lat' dir='ltr'><strong>apud</strong></span> <span class='ocrx_word' id='word_1_352' title='bbox 1721 4324 1908 4394; x_wconf 87' lang='lat' dir='ltr'><strong>Deum,</strong></span> 
     </span>
    </p>
   </div>
   <div class='ocr_carea' id='block_1_44' title="bbox 314 4412 1914 4484">
    <p class='ocr_par' dir='ltr' id='par_1_44' title="bbox 314 4412 1914 4484">
     <span class='ocr_line' id='line_1_44' title="bbox 314 4412 1914 4484; baseline -0.002 -10"><span class='ocrx_word' id='word_1_353' title='bbox 314 4417 404 4474; x_wconf 80' lang='lat' dir='ltr'><strong>ubi</strong></span> <span class='ocrx_word' id='word_1_354' title='bbox 436 4416 582 4472; x_wconf 85' lang='lat' dir='ltr'><strong>nulla</strong></span> <span class='ocrx_word' id='word_1_355' title='bbox 610 4413 912 4481; x_wconf 81' lang='lat' dir='ltr'><strong>diversitas,</strong></span> <span class='ocrx_word' id='word_1_356' title='bbox 943 4412 1038 4468; x_wconf 91' lang='lat' dir='ltr'><strong>sed</strong></span> <span class='ocrx_word' id='word_1_357' title='bbox 1069 4413 1274 4484; x_wconf 89' lang='lat' dir='ltr'><strong>integra</strong></span> <span class='ocrx_word' id='word_1_358' title='bbox 1301 4413 1611 4484; x_wconf 71' lang='lat' dir='ltr'><strong>mqualitas?</strong></span> <span class='ocrx_word' id='word_1_359' title='bbox 1641 4414 1696 4471; x_wconf 89' lang='lat' dir='ltr'><strong>Si</strong></span> <span class='ocrx_word' id='word_1_360' title='bbox 1727 4413 1778 4470; x_wconf 90' lang='lat' dir='ltr'><strong>in</strong></span> <span class='ocrx_word' id='word_1_361' title='bbox 1807 4423 1914 4472; x_wconf 88' lang='lat' dir='ltr'><strong>ter-</strong></span> 
     </span>
    </p>
   </div>
   <div class='ocr_carea' id='block_1_45' title="bbox 313 4505 1914 4576">
    <p class='ocr_par' dir='ltr' id='par_1_45' title="bbox 313 4505 1914 4576">
     <span class='ocr_line' id='line_1_45' title="bbox 313 4505 1914 4576; baseline -0.001 -10"><span class='ocrx_word' id='word_1_362' title='bbox 313 4510 388 4566; x_wconf 86' lang='lat' dir='ltr'><strong>ris</strong></span> <span class='ocrx_word' id='word_1_363' title='bbox 415 4517 476 4566; x_wconf 90' lang='lat' dir='ltr'><strong>et</strong></span> <span class='ocrx_word' id='word_1_364' title='bbox 497 4509 553 4564; x_wconf 91' lang='lat' dir='ltr'><strong>in</strong></span> <span class='ocrx_word' id='word_1_365' title='bbox 581 4507 884 4563; x_wconf 88' lang='lat' dir='ltr'><strong>hominibus</strong></span> <span class='ocrx_word' id='word_1_366' title='bbox 913 4505 1082 4576; x_wconf 90' lang='lat' dir='ltr'><strong>potuit</strong></span> <span class='ocrx_word' id='word_1_367' title='bbox 1121 4519 1241 4562; x_wconf 85' lang='lat' dir='ltr'><strong>esse</strong></span> <span class='ocrx_word' id='word_1_368' title='bbox 1277 4513 1420 4562; x_wconf 90' lang='lat' dir='ltr'><strong>tanta</strong></span> <span class='ocrx_word' id='word_1_369' title='bbox 1447 4506 1713 4574; x_wconf 75' lang='lat' dir='ltr'><strong>citat-itas,</strong></span> <span class='ocrx_word' id='word_1_370' title='bbox 1756 4516 1813 4564; x_wconf 92' lang='lat' dir='ltr'><strong>ut</strong></span> <span class='ocrx_word' id='word_1_371' title='bbox 1846 4507 1914 4564; x_wconf 89' lang='lat' dir='ltr'><strong>de</strong></span> 
     </span>
    </p>
   </div>
   <div class='ocr_carea' id='block_1_46' title="bbox 315 4600 1914 4672">
    <p class='ocr_par' dir='ltr' id='par_1_46' title="bbox 315 4600 1914 4672">
     <span class='ocr_line' id='line_1_46' title="bbox 315 4600 1914 4672; baseline -0.001 -12"><span class='ocrx_word' id='word_1_372' title='bbox 315 4612 393 4660; x_wconf 88' lang='lat' dir='ltr'><strong>tot</strong></span> <span class='ocrx_word' id='word_1_373' title='bbox 425 4602 706 4670; x_wconf 85' lang='lat' dir='ltr'><strong>animabus</strong></span> <span class='ocrx_word' id='word_1_374' title='bbox 737 4601 936 4658; x_wconf 80' lang='lat' dir='ltr'><strong>faceret</strong></span> <span class='ocrx_word' id='word_1_375' title='bbox 965 4615 1123 4656; x_wconf 90' lang='lat' dir='ltr'><strong>unam</strong></span> <span class='ocrx_word' id='word_1_376' title='bbox 1154 4601 1422 4667; x_wconf 90' lang='lat' dir='ltr'><strong>animam;</strong></span> <span class='ocrx_word' id='word_1_377' title='bbox 1461 4600 1551 4656; x_wconf 89' lang='lat' dir='ltr'><strong>ubi</strong></span> <span class='ocrx_word' id='word_1_378' title='bbox 1591 4616 1803 4672; x_wconf 87' lang='lat' dir='ltr'><strong>semper</strong></span> <span class='ocrx_word' id='word_1_379' title='bbox 1832 4603 1914 4664; x_wconf 87' lang='lat' dir='ltr'><strong>in-</strong></span> 
     </span>
    </p>
   </div>
   <div class='ocr_carea' id='block_1_47' title="bbox 314 4693 1912 4774">
    <p class='ocr_par' dir='ltr' id='par_1_47' title="bbox 314 4693 1912 4774">
     <span class='ocr_line' id='line_1_47' title="bbox 314 4693 1912 4774; baseline 0.002 -24"><span class='ocrx_word' id='word_1_380' title='bbox 314 4695 632 4768; x_wconf 89' lang='lat' dir='ltr'><strong>separabilis</strong></span> <span class='ocrx_word' id='word_1_381' title='bbox 667 4693 766 4750; x_wconf 74' lang='lat' dir='ltr'><strong>fuit</strong></span> <span class='ocrx_word' id='word_1_382' title='bbox 793 4693 952 4774; x_wconf 84' lang='lat' dir='ltr'><strong>Pater</strong></span> <span class='ocrx_word' id='word_1_383' title='bbox 979 4709 1010 4750; x_wconf 77' lang='grc' dir='ltr'><strong>ιι</strong></span> <span class='ocrx_word' id='word_1_384' title='bbox 1037 4693 1206 4760; x_wconf 85' lang='lat' dir='ltr'><strong>Filio,</strong></span> <span class='ocrx_word' id='word_1_385' title='bbox 1236 4693 1404 4748; x_wconf 86' lang='lat' dir='ltr'><strong>Filius</strong></span> <span class='ocrx_word' id='word_1_386' title='bbox 1436 4710 1467 4750; x_wconf 90' lang='lat' dir='ltr'><strong>a</strong></span> <span class='ocrx_word' id='word_1_387' title='bbox 1502 4694 1688 4762; x_wconf 87' lang='lat' dir='ltr'><strong>Patre,</strong></span> <span class='ocrx_word' id='word_1_388' title='bbox 1722 4705 1912 4766; x_wconf 78' lang='lat' dir='ltr'><strong>potue-</strong></span> 
     </span>
    </p>
   </div>
   <div class='ocr_carea' id='block_1_48' title="bbox 313 4787 1914 4856">
    <p class='ocr_par' dir='ltr' id='par_1_48' title="bbox 313 4787 1914 4856">
     <span class='ocr_line' id='line_1_48' title="bbox 313 4787 1914 4856; baseline 0 -11"><span class='ocrx_word' id='word_1_389' title='bbox 313 4799 442 4846; x_wconf 90' lang='lat' dir='ltr'><strong>runt</strong></span> <span class='ocrx_word' id='word_1_390' title='bbox 482 4789 642 4847; x_wconf 87' lang='lat' dir='ltr'><strong>ambo</strong></span> <span class='ocrx_word' id='word_1_391' title='bbox 685 4802 806 4846; x_wconf 86' lang='lat' dir='ltr'><strong>esse</strong></span> <span class='ocrx_word' id='word_1_392' title='bbox 844 4787 946 4844; x_wconf 90' lang='lat' dir='ltr'><strong>nisi</strong></span> <span class='ocrx_word' id='word_1_393' title='bbox 975 4787 1120 4844; x_wconf 85' lang='lat' dir='ltr'><strong>Deus</strong></span> <span class='ocrx_word' id='word_1_394' title='bbox 1149 4787 1321 4846; x_wconf 79' lang='lat' dir='ltr'><strong>unus?</strong></span> <span class='ocrx_word' id='word_1_395' title='bbox 1345 4787 1453 4852; x_wconf 87' lang='lat' dir='ltr'><strong>Sed</strong></span> <span class='ocrx_word' id='word_1_396' title='bbox 1481 4787 1585 4844; x_wconf 63' lang='lat' dir='ltr'><strong>illae</strong></span> <span class='ocrx_word' id='word_1_397' title='bbox 1610 4789 1830 4856; x_wconf 63' lang='lat' dir='ltr'><strong>anima),</strong></span> <span class='ocrx_word' id='word_1_398' title='bbox 1859 4799 1914 4848; x_wconf 89' lang='lat' dir='ltr'><strong>et</strong></span> 
     </span>
    </p>
   </div>
   <div class='ocr_carea' id='block_1_49' title="bbox 314 4879 1913 4950">
    <p class='ocr_par' dir='ltr' id='par_1_49' title="bbox 314 4879 1913 4950">
     <span class='ocr_line' id='line_1_49' title="bbox 314 4879 1913 4950; baseline 0.001 -14"><span class='ocrx_word' id='word_1_399' title='bbox 314 4882 498 4937; x_wconf 66' lang='lat' dir='ltr'><strong>multa:</strong></span> <span class='ocrx_word' id='word_1_400' title='bbox 537 4882 732 4938; x_wconf 77' lang='lat' dir='ltr'><strong>anima:</strong></span> <span class='ocrx_word' id='word_1_401' title='bbox 760 4879 868 4936; x_wconf 91' lang='lat' dir='ltr'><strong>dici</strong></span> <span class='ocrx_word' id='word_1_402' title='bbox 897 4887 1218 4950; x_wconf 88' lang='lat' dir='ltr'><strong>potuerunt,</strong></span> <span class='ocrx_word' id='word_1_403' title='bbox 1260 4886 1314 4936; x_wconf 87' lang='lat' dir='ltr'><strong>et</strong></span> <span class='ocrx_word' id='word_1_404' title='bbox 1349 4879 1528 4938; x_wconf 88' lang='lat' dir='ltr'><strong>anima</strong></span> <span class='ocrx_word' id='word_1_405' title='bbox 1567 4895 1674 4938; x_wconf 83' lang='lat' dir='ltr'><strong>una</strong></span> <span class='ocrx_word' id='word_1_406' title='bbox 1715 4899 1730 4937; x_wconf 89' lang='lat'><strong>:</strong></span> <span class='ocrx_word' id='word_1_407' title='bbox 1772 4882 1913 4939; x_wconf 89' lang='lat' dir='ltr'><strong>Deus</strong></span> 
     </span>
    </p>
   </div>
   <div class='ocr_carea' id='block_1_50' title="bbox 314 4971 1912 5044">
    <p class='ocr_par' dir='ltr' id='par_1_50' title="bbox 314 4971 1912 5044">
     <span class='ocr_line' id='line_1_50' title="bbox 314 4971 1912 5044; baseline 0.001 -14"><span class='ocrx_word' id='word_1_408' title='bbox 314 4984 493 5030; x_wconf 80' lang='lat' dir='ltr'><strong>autem</strong></span> <span class='ocrx_word' id='word_1_409' title='bbox 515 5016 530 5039; x_wconf 90' lang='lat'><strong>,</strong></span> <span class='ocrx_word' id='word_1_410' title='bbox 563 4973 655 5028; x_wconf 88' lang='lat' dir='ltr'><strong>ubi</strong></span> <span class='ocrx_word' id='word_1_411' title='bbox 683 4981 768 5029; x_wconf 88' lang='lat' dir='ltr'><strong>est</strong></span> <span class='ocrx_word' id='word_1_412' title='bbox 791 4971 1074 5028; x_wconf 79' lang='lat' dir='ltr'><strong>incfl‘abilis</strong></span> <span class='ocrx_word' id='word_1_413' title='bbox 1099 4981 1154 5027; x_wconf 89' lang='lat' dir='ltr'><strong>et</strong></span> <span class='ocrx_word' id='word_1_414' title='bbox 1175 4986 1382 5028; x_wconf 85' lang='lat' dir='ltr'><strong>summa</strong></span> <span class='ocrx_word' id='word_1_415' title='bbox 1411 4972 1747 5044; x_wconf 64' lang='lat' dir='ltr'><strong>coniunctio,</strong></span> <span class='ocrx_word' id='word_1_416' title='bbox 1775 4990 1912 5034; x_wconf 89' lang='lat' dir='ltr'><strong>unus</strong></span> 
     </span>
    </p>
   </div>
   <div class='ocr_carea' id='block_1_51' title="bbox 314 5065 1216 5137">
    <p class='ocr_par' dir='ltr' id='par_1_51' title="bbox 314 5065 1216 5137">
     <span class='ocr_line' id='line_1_51' title="bbox 314 5065 1216 5137; baseline -0.002 -13"><span class='ocrx_word' id='word_1_417' title='bbox 314 5066 458 5124; x_wconf 89' lang='lat' dir='ltr'><strong>Deus</strong></span> <span class='ocrx_word' id='word_1_418' title='bbox 483 5068 588 5124; x_wconf 87' lang='lat' dir='ltr'><strong>diei</strong></span> <span class='ocrx_word' id='word_1_419' title='bbox 617 5075 824 5137; x_wconf 85' lang='lat' dir='ltr'><strong>potest,</strong></span> <span class='ocrx_word' id='word_1_420' title='bbox 853 5080 961 5122; x_wconf 87' lang='lat' dir='ltr'><strong>non</strong></span> <span class='ocrx_word' id='word_1_421' title='bbox 987 5066 1059 5121; x_wconf 89' lang='lat' dir='ltr'><strong>dii</strong></span> <span class='ocrx_word' id='word_1_422' title='bbox 1087 5065 1216 5122; x_wconf 92' lang='lat' dir='ltr'><strong>duo.</strong></span> 
     </span>
    </p>
   </div>
   <div class='ocr_carea' id='block_1_52' title="bbox 387 5176 1912 5250">
    <p class='ocr_par' dir='ltr' id='par_1_52' title="bbox 387 5176 1912 5250">
     <span class='ocr_line' id='line_1_52' title="bbox 387 5176 1912 5250; baseline 0.003 -15"><span class='ocrx_word' id='word_1_423' title='bbox 387 5179 440 5235; x_wconf 83' lang='lat'><strong>5.</strong></span> <span class='ocrx_word' id='word_1_424' title='bbox 473 5176 624 5236; x_wconf 77' lang='lat' dir='ltr'><strong>Facit</strong></span> <span class='ocrx_word' id='word_1_425' title='bbox 644 5177 787 5250; x_wconf 85' lang='lat' dir='ltr'><strong>quod</strong></span> <span class='ocrx_word' id='word_1_426' title='bbox 812 5177 925 5233; x_wconf 82' lang='lat' dir='ltr'><strong>vult</strong></span> <span class='ocrx_word' id='word_1_427' title='bbox 945 5177 1123 5243; x_wconf 88' lang='lat' dir='ltr'><strong>Pater,</strong></span> <span class='ocrx_word' id='word_1_428' title='bbox 1151 5176 1276 5233; x_wconf 67' lang='lat' dir='ltr'><strong>fecit</strong></span> <span class='ocrx_word' id='word_1_429' title='bbox 1297 5177 1440 5249; x_wconf 89' lang='lat' dir='ltr'><strong>quod</strong></span> <span class='ocrx_word' id='word_1_430' title='bbox 1459 5178 1574 5234; x_wconf 82' lang='lat' dir='ltr'><strong>vult</strong></span> <span class='ocrx_word' id='word_1_431' title='bbox 1593 5178 1778 5236; x_wconf 76' lang='lat' dir='ltr'><strong>Filius.</strong></span> <span class='ocrx_word' id='word_1_432' title='bbox 1803 5179 1912 5240; x_wconf 86' lang='lat' dir='ltr'><strong>No-</strong></span> 
     </span>
    </p>
   </div>
   <div class='ocr_carea' id='block_1_53' title="bbox 313 5269 1908 5342">
    <p class='ocr_par' dir='ltr' id='par_1_53' title="bbox 313 5269 1908 5342">
     <span class='ocr_line' id='line_1_53' title="bbox 313 5269 1908 5342; baseline 0.001 -16"><span class='ocrx_word' id='word_1_433' title='bbox 313 5269 407 5328; x_wconf 88' lang='lat' dir='ltr'><strong>lite</strong></span> <span class='ocrx_word' id='word_1_434' title='bbox 432 5281 619 5342; x_wconf 85' lang='lat' dir='ltr'><strong>putare</strong></span> <span class='ocrx_word' id='word_1_435' title='bbox 645 5269 1066 5342; x_wconf 84' lang='lat' dir='ltr'><strong>omnipotentem</strong></span> <span class='ocrx_word' id='word_1_436' title='bbox 1096 5269 1312 5325; x_wconf 89' lang='lat' dir='ltr'><strong>Patrem</strong></span> <span class='ocrx_word' id='word_1_437' title='bbox 1340 5278 1395 5325; x_wconf 89' lang='lat' dir='ltr'><strong>et</strong></span> <span class='ocrx_word' id='word_1_438' title='bbox 1423 5283 1531 5326; x_wconf 90' lang='lat' dir='ltr'><strong>non</strong></span> <span class='ocrx_word' id='word_1_439' title='bbox 1559 5271 1908 5342; x_wconf 84' lang='lat' dir='ltr'><strong>omnipoten-</strong></span> 
     </span>
    </p>
   </div>
   <div class='ocr_carea' id='block_1_54' title="bbox 317 5360 1908 5430">
    <p class='ocr_par' dir='ltr' id='par_1_54' title="bbox 317 5360 1908 5430">
     <span class='ocr_line' id='line_1_54' title="bbox 317 5360 1908 5430; baseline 0.001 -12"><span class='ocrx_word' id='word_1_440' title='bbox 317 5372 423 5419; x_wconf 87' lang='lat' dir='ltr'><strong>tem</strong></span> <span class='ocrx_word' id='word_1_441' title='bbox 451 5364 646 5419; x_wconf 80' lang='lat' dir='ltr'><strong>Filibm</strong></span> <span class='ocrx_word' id='word_1_442' title='bbox 674 5379 689 5417; x_wconf 88' lang='lat'><strong>:</strong></span> <span class='ocrx_word' id='word_1_443' title='bbox 718 5377 870 5418; x_wconf 87' lang='lat' dir='ltr'><strong>error</strong></span> <span class='ocrx_word' id='word_1_444' title='bbox 893 5371 1012 5427; x_wconf 75' lang='lat' dir='ltr'><strong>est;</strong></span> <span class='ocrx_word' id='word_1_445' title='bbox 1045 5360 1221 5418; x_wconf 86' lang='lat' dir='ltr'><strong>delete</strong></span> <span class='ocrx_word' id='word_1_446' title='bbox 1247 5361 1351 5418; x_wconf 85' lang='lat' dir='ltr'><strong>hoc</strong></span> <span class='ocrx_word' id='word_1_447' title='bbox 1378 5362 1430 5417; x_wconf 88' lang='lat' dir='ltr'><strong>in</strong></span> <span class='ocrx_word' id='word_1_448' title='bbox 1455 5362 1628 5430; x_wconf 86' lang='lat' dir='ltr'><strong>vobis,</strong></span> <span class='ocrx_word' id='word_1_449' title='bbox 1658 5379 1767 5418; x_wconf 88' lang='lat' dir='ltr'><strong>non</strong></span> <span class='ocrx_word' id='word_1_450' title='bbox 1793 5362 1908 5420; x_wconf 74' lang='lat' dir='ltr'><strong>iun-</strong></span> 
     </span>
    </p>
   </div>
   <div class='ocr_carea' id='block_1_55' title="bbox 313 5453 1911 5524">
    <p class='ocr_par' dir='ltr' id='par_1_55' title="bbox 313 5453 1911 5524">
     <span class='ocr_line' id='line_1_55' title="bbox 313 5453 1911 5524; baseline 0.002 -13"><span class='ocrx_word' id='word_1_451' title='bbox 313 5464 432 5511; x_wconf 83' lang='lat' dir='ltr'><strong>reat</strong></span> <span class='ocrx_word' id='word_1_452' title='bbox 454 5453 508 5511; x_wconf 88' lang='lat' dir='ltr'><strong>in</strong></span> <span class='ocrx_word' id='word_1_453' title='bbox 533 5455 794 5511; x_wconf 83' lang='lat' dir='ltr'><strong>memoria</strong></span> <span class='ocrx_word' id='word_1_454' title='bbox 821 5462 1017 5518; x_wconf 78' lang='lat' dir='ltr'><strong>vestra,</strong></span> <span class='ocrx_word' id='word_1_455' title='bbox 1045 5461 1153 5508; x_wconf 85' lang='lat' dir='ltr'><strong>non</strong></span> <span class='ocrx_word' id='word_1_456' title='bbox 1181 5453 1392 5509; x_wconf 86' lang='lat' dir='ltr'><strong>bibatur</strong></span> <span class='ocrx_word' id='word_1_457' title='bbox 1415 5453 1467 5509; x_wconf 89' lang='lat' dir='ltr'><strong>in</strong></span> <span class='ocrx_word' id='word_1_458' title='bbox 1495 5454 1601 5510; x_wconf 80' lang='lat' dir='ltr'><strong>fide</strong></span> <span class='ocrx_word' id='word_1_459' title='bbox 1628 5464 1828 5524; x_wconf 87' lang='lat' dir='ltr'><strong>vestra,</strong></span> <span class='ocrx_word' id='word_1_460' title='bbox 1855 5465 1911 5514; x_wconf 85' lang='lat' dir='ltr'><strong>et</strong></span> 
     </span>
    </p>
   </div>
   <div class='ocr_carea' id='block_1_56' title="bbox 312 5544 1909 5624">
    <p class='ocr_par' dir='ltr' id='par_1_56' title="bbox 312 5544 1909 5624">
     <span class='ocr_line' id='line_1_56' title="bbox 312 5544 1909 5624; baseline 0.001 -24"><span class='ocrx_word' id='word_1_461' title='bbox 312 5546 360 5600; x_wconf 80' lang='lat' dir='ltr'><strong>si</strong></span> <span class='ocrx_word' id='word_1_462' title='bbox 391 5545 526 5602; x_wconf 75' lang='lat' dir='ltr'><strong>forte</strong></span> <span class='ocrx_word' id='word_1_463' title='bbox 552 5547 746 5624; x_wconf 78' lang='lat' dir='ltr'><strong>aliquis</strong></span> <span class='ocrx_word' id='word_1_464' title='bbox 779 5552 1014 5624; x_wconf 82' lang='lat' dir='ltr'><strong>vestrum</strong></span> <span class='ocrx_word' id='word_1_465' title='bbox 1055 5544 1282 5610; x_wconf 89' lang='lat' dir='ltr'><strong>biberit,</strong></span> <span class='ocrx_word' id='word_1_466' title='bbox 1315 5553 1514 5600; x_wconf 88' lang='lat' dir='ltr'><strong>vomat.</strong></span> <span class='ocrx_word' id='word_1_467' title='bbox 1559 5545 1909 5617; x_wconf 78' lang='lat' dir='ltr'><strong>Omnipotens</strong></span> 
     </span>
    </p>
   </div>
   <div class='ocr_carea' id='block_1_57' title="bbox 313 5621 1907 5713">
    <p class='ocr_par' dir='ltr' id='par_1_57' title="bbox 313 5621 1907 5713">
     <span class='ocr_line' id='line_1_57' title="bbox 313 5621 1907 5713; baseline 0.001 -17"><span class='ocrx_word' id='word_1_468' title='bbox 313 5646 403 5696; x_wconf 82' lang='lat' dir='ltr'><strong>est</strong></span> <span class='ocrx_word' id='word_1_469' title='bbox 425 5622 600 5708; x_wconf 77' lang='lat' dir='ltr'><strong>Pater,</strong></span> <span class='ocrx_word' id='word_1_470' title='bbox 623 5621 965 5712; x_wconf 30' lang='lat' dir='ltr'><strong>fdiittiipeieiis</strong></span> <span class='ocrx_word' id='word_1_471' title='bbox 999 5625 1188 5694; x_wconf 79' lang='lat' dir='ltr'><strong>Filius.</strong></span> <span class='ocrx_word' id='word_1_472' title='bbox 1229 5625 1286 5694; x_wconf 83' lang='lat' dir='ltr'><strong>Si</strong></span> <span class='ocrx_word' id='word_1_473' title='bbox 1311 5629 1648 5709; x_wconf 77' lang='lat' dir='ltr'><strong>omnipotens</strong></span> <span class='ocrx_word' id='word_1_474' title='bbox 1671 5653 1777 5694; x_wconf 91' lang='lat' dir='ltr'><strong>non</strong></span> <span class='ocrx_word' id='word_1_475' title='bbox 1807 5653 1907 5713; x_wconf 84' lang='lat' dir='ltr'><strong>ge-</strong></span> 
     </span>
    </p>
   </div>
   <div class='ocr_carea' id='block_1_58' title="bbox 387 5807 1633 5878">
    <p class='ocr_par' dir='ltr' id='par_1_58' title="bbox 387 5807 1633 5878">
     <span class='ocr_line' id='line_1_58' title="bbox 387 5807 1633 5878; baseline -0.003 -12"><span class='ocrx_word' id='word_1_476' title='bbox 387 5811 411 5846; x_wconf 82' lang='grc'>⁸</span> <span class='ocrx_word' id='word_1_477' title='bbox 436 5813 509 5867; x_wconf 83' lang='lat' dir='ltr'><strong>Sic</strong></span> <span class='ocrx_word' id='word_1_478' title='bbox 527 5818 640 5868; x_wconf 70' lang='lat' dir='ltr'><strong>Mss.</strong></span> <span class='ocrx_word' id='word_1_479' title='bbox 663 5811 789 5866; x_wconf 67' lang='lat' dir='ltr'><strong>mliti</strong></span> <span class='ocrx_word' id='word_1_480' title='bbox 811 5823 955 5878; x_wconf 87' lang='lat' dir='ltr'><strong>vero,</strong></span> <span class='ocrx_word' id='word_1_481' title='bbox 977 5817 1184 5866; x_wconf 67' lang='lat' dir='ltr'><strong>lanatis</strong></span> <span class='ocrx_word' id='word_1_482' title='bbox 1201 5807 1398 5864; x_wconf 68' lang='lat' dir='ltr'><strong>enim</strong></span> <span class='ocrx_word' id='word_1_483' title='bbox 1435 5811 1603 5867; x_wconf 72' lang='lat' dir='ltr'><strong>crede.</strong></span> <span class='ocrx_word' id='word_1_484' title='bbox 1629 5858 1633 5862; x_wconf 33' lang='grc' dir='ltr'>λ</span> 
     </span>
    </p>
   </div>
   <div class='ocr_carea' id='block_1_59' title="bbox 1032 267 1911 382">
    <p class='ocr_par' dir='ltr' id='par_1_59' title="bbox 1032 305 1911 382">
     <span class='ocr_line' id='line_1_59' title="bbox 1032 305 1911 382; baseline -0.015 -7"><span class='ocrx_word' id='word_1_485' title='bbox 1032 317 1122 374; x_wconf 86' lang='lat' dir='ltr'><strong>DE</strong></span> <span class='ocrx_word' id='word_1_486' title='bbox 1159 313 1496 382; x_wconf 78' lang='lat' dir='ltr'><strong>SYMBOLO,</strong></span> <span class='ocrx_word' id='word_1_487' title='bbox 1535 311 1594 371; x_wconf 91' lang='lat' dir='ltr'><strong>S.</strong></span> <span class='ocrx_word' id='word_1_488' title='bbox 1616 305 1911 368; x_wconf 81' lang='lat' dir='ltr'><strong>AUGUSTI</strong></span> 
     </span>
    </p>
   </div>
   <div class='ocr_carea' id='block_1_60' title="bbox 2016 267 2987 382">
    <p class='ocr_par' dir='ltr' id='par_1_60' title="bbox 2022 267 2987 375">
     <span class='ocr_line' id='line_1_60' title="bbox 2022 267 2987 375; baseline 0.006 -9"><span class='ocrx_word' id='word_1_489' title='bbox 2022 303 2252 366; x_wconf 72' lang='grc' dir='ltr'>δειιιίο</span> <span class='ocrx_word' id='word_1_490' title='bbox 2287 267 2386 365; x_wconf 72' lang='grc' dir='ltr'>Δί)</span> <span class='ocrx_word' id='word_1_491' title='bbox 2416 305 2987 375; x_wconf 72' lang='grc' dir='ltr'><strong>εΑτΕοΗυιιΕΝοε.</strong></span> 
     </span>
    </p>
   </div>
   <div class='ocr_carea' id='block_1_61' title="bbox 2020 431 3609 517">
    <p class='ocr_par' dir='ltr' id='par_1_61' title="bbox 2020 431 3609 517">
     <span class='ocr_line' id='line_1_61' title="bbox 2020 431 3609 517; baseline 0.011 -29"><span class='ocrx_word' id='word_1_492' title='bbox 2020 431 2140 490; x_wconf 88' lang='lat' dir='ltr'><strong>nuit</strong></span> <span class='ocrx_word' id='word_1_493' title='bbox 2163 432 2610 505; x_wconf 84' lang='lat' dir='ltr'><strong>omnipotentem,</strong></span> <span class='ocrx_word' id='word_1_494' title='bbox 2643 449 2750 494; x_wconf 92' lang='lat' dir='ltr'><strong>non</strong></span> <span class='ocrx_word' id='word_1_495' title='bbox 2788 451 2974 496; x_wconf 80' lang='lat' dir='ltr'><strong>verum</strong></span> <span class='ocrx_word' id='word_1_496' title='bbox 3016 438 3184 500; x_wconf 79' lang='lat' dir='ltr'><strong>tilium</strong></span> <span class='ocrx_word' id='word_1_497' title='bbox 3223 445 3428 515; x_wconf 76' lang='lat' dir='ltr'><strong>genuit.</strong></span> <span class='ocrx_word' id='word_1_498' title='bbox 3465 445 3609 517; x_wconf 82' lang='lat' dir='ltr'><strong>Quid</strong></span> 
     </span>
    </p>
   </div>
   <div class='ocr_carea' id='block_1_62' title="bbox 2021 525 3611 601">
    <p class='ocr_par' dir='ltr' id='par_1_62' title="bbox 2021 525 3611 601">
     <span class='ocr_line' id='line_1_62' title="bbox 2021 525 3611 601; baseline 0.008 -17"><span class='ocrx_word' id='word_1_499' title='bbox 2021 525 2164 584; x_wconf 85' lang='lat' dir='ltr'><strong>enim</strong></span> <span class='ocrx_word' id='word_1_500' title='bbox 2194 526 2439 596; x_wconf 82' lang='lat' dir='ltr'><strong>dicimus,</strong></span> <span class='ocrx_word' id='word_1_501' title='bbox 2469 526 2682 594; x_wconf 80' lang='lat' dir='ltr'><strong>fratres,</strong></span> <span class='ocrx_word' id='word_1_502' title='bbox 2711 528 2754 584; x_wconf 84' lang='lat' dir='ltr'><strong>si</strong></span> <span class='ocrx_word' id='word_1_503' title='bbox 2777 529 2934 586; x_wconf 84' lang='lat' dir='ltr'><strong>Pater</strong></span> <span class='ocrx_word' id='word_1_504' title='bbox 2958 531 3128 601; x_wconf 78' lang='lat' dir='ltr'><strong>major</strong></span> <span class='ocrx_word' id='word_1_505' title='bbox 3154 534 3416 594; x_wconf 82' lang='lat' dir='ltr'><strong>minorem</strong></span> <span class='ocrx_word' id='word_1_506' title='bbox 3439 538 3611 596; x_wconf 79' lang='lat' dir='ltr'><strong>tilium</strong></span> 
     </span>
    </p>
   </div>
   <div class='ocr_carea' id='block_1_63' title="bbox 2019 618 3610 702">
    <p class='ocr_par' dir='ltr' id='par_1_63' title="bbox 2019 618 3610 702">
     <span class='ocr_line' id='line_1_63' title="bbox 2019 618 3610 702; baseline 0.009 -27"><span class='ocrx_word' id='word_1_507' title='bbox 2019 619 2240 690; x_wconf 80' lang='lat' dir='ltr'><strong>genuit?</strong></span> <span class='ocrx_word' id='word_1_508' title='bbox 2265 618 2402 687; x_wconf 89' lang='lat' dir='ltr'><strong>Quid</strong></span> <span class='ocrx_word' id='word_1_509' title='bbox 2436 619 2578 678; x_wconf 88' lang='lat' dir='ltr'><strong>enim</strong></span> <span class='ocrx_word' id='word_1_510' title='bbox 2615 620 2723 676; x_wconf 80' lang='lat' dir='ltr'><strong>dixi</strong></span> <span class='ocrx_word' id='word_1_511' title='bbox 2748 622 2787 688; x_wconf 73' lang='grc' dir='ltr'><strong>ί,</strong></span> <span class='ocrx_word' id='word_1_512' title='bbox 2817 623 3038 694; x_wconf 82' lang='lat' dir='ltr'><strong>genuit?</strong></span> <span class='ocrx_word' id='word_1_513' title='bbox 3071 625 3409 686; x_wconf 81' lang='lat' dir='ltr'><strong>linuto.enim</strong></span> <span class='ocrx_word' id='word_1_514' title='bbox 3437 634 3610 702; x_wconf 68' lang='lat' dir='ltr'><strong>maior</strong></span> 
     </span>
    </p>
   </div>
   <div class='ocr_carea' id='block_1_64' title="bbox 2017 711 3611 790">
    <p class='ocr_par' dir='ltr' id='par_1_64' title="bbox 2017 711 3611 790">
     <span class='ocr_line' id='line_1_64' title="bbox 2017 711 3611 790; baseline 0.01 -25"><span class='ocrx_word' id='word_1_515' title='bbox 2017 719 2240 781; x_wconf 82' lang='lat' dir='ltr'><strong>generat</strong></span> <span class='ocrx_word' id='word_1_516' title='bbox 2261 711 2424 772; x_wconf 81' lang='lat' dir='ltr'><strong>tilium</strong></span> <span class='ocrx_word' id='word_1_517' title='bbox 2447 711 2732 780; x_wconf 85' lang='lat' dir='ltr'><strong>minorem.</strong></span> <span class='ocrx_word' id='word_1_518' title='bbox 2759 728 2944 776; x_wconf 86' lang='lat' dir='ltr'><strong>verum</strong></span> <span class='ocrx_word' id='word_1_519' title='bbox 2969 723 3053 774; x_wconf 87' lang='lat' dir='ltr'><strong>est</strong></span> <span class='ocrx_word' id='word_1_520' title='bbox 3079 735 3090 770; x_wconf 90' lang='lat'><strong>:</strong></span> <span class='ocrx_word' id='word_1_521' title='bbox 3119 717 3216 782; x_wconf 80' lang='lat' dir='ltr'><strong>sed</strong></span> <span class='ocrx_word' id='word_1_522' title='bbox 3235 721 3356 790; x_wconf 84' lang='lat' dir='ltr'><strong>quia</strong></span> <span class='ocrx_word' id='word_1_523' title='bbox 3379 726 3611 782; x_wconf 80' lang='lat' dir='ltr'><strong>seitescit</strong></span> 
     </span>
    </p>
   </div>
   <div class='ocr_carea' id='block_1_65' title="bbox 2021 802 3610 880">
    <p class='ocr_par' dir='ltr' id='par_1_65' title="bbox 2021 802 3610 880">
     <span class='ocr_line' id='line_1_65' title="bbox 2021 802 3610 880; baseline 0.01 -23"><span class='ocrx_word' id='word_1_524' title='bbox 2021 802 2144 869; x_wconf 89' lang='lat' dir='ltr'><strong>ille,</strong></span> <span class='ocrx_word' id='word_1_525' title='bbox 2175 805 2368 860; x_wconf 87' lang='lat' dir='ltr'><strong>crescit</strong></span> <span class='ocrx_word' id='word_1_526' title='bbox 2399 805 2528 870; x_wconf 90' lang='lat' dir='ltr'><strong>lste,</strong></span> <span class='ocrx_word' id='word_1_527' title='bbox 2561 815 2616 860; x_wconf 86' lang='lat' dir='ltr'><strong>et</strong></span> <span class='ocrx_word' id='word_1_528' title='bbox 2655 807 2723 866; x_wconf 86' lang='lat' dir='ltr'><strong>ad</strong></span> <span class='ocrx_word' id='word_1_529' title='bbox 2764 805 2990 868; x_wconf 77' lang='lat' dir='ltr'><strong>fortnam</strong></span> <span class='ocrx_word' id='word_1_530' title='bbox 3034 811 3198 880; x_wconf 80' lang='lat' dir='ltr'><strong>patris</strong></span> <span class='ocrx_word' id='word_1_531' title='bbox 3235 814 3318 870; x_wconf 82' lang='lat' dir='ltr'><strong>sui</strong></span> <span class='ocrx_word' id='word_1_532' title='bbox 3358 816 3445 872; x_wconf 90' lang='lat' dir='ltr'><strong>vel</strong></span> <span class='ocrx_word' id='word_1_533' title='bbox 3486 833 3610 872; x_wconf 79' lang='lat' dir='ltr'><strong>ere.-</strong></span> 
     </span>
    </p>
   </div>
   <div class='ocr_carea' id='block_1_66' title="bbox 2019 895 3612 978">
    <p class='ocr_par' dir='ltr' id='par_1_66' title="bbox 2019 895 3612 978">
     <span class='ocr_line' id='line_1_66' title="bbox 2019 895 3612 978; baseline 0.008 -24"><span class='ocrx_word' id='word_1_534' title='bbox 2019 895 2222 954; x_wconf 83' lang='lat' dir='ltr'><strong>sceudo</strong></span> <span class='ocrx_word' id='word_1_535' title='bbox 2249 898 2508 966; x_wconf 82' lang='lat' dir='ltr'><strong>pervenit.</strong></span> <span class='ocrx_word' id='word_1_536' title='bbox 2542 898 2709 956; x_wconf 85' lang='lat' dir='ltr'><strong>Filius</strong></span> <span class='ocrx_word' id='word_1_537' title='bbox 2737 901 2828 958; x_wconf 88' lang='lat' dir='ltr'><strong>Dei</strong></span> <span class='ocrx_word' id='word_1_538' title='bbox 2858 902 2900 958; x_wconf 84' lang='lat' dir='ltr'><strong>si</strong></span> <span class='ocrx_word' id='word_1_539' title='bbox 2920 903 2939 934; x_wconf 88' lang='grc'>²</span> <span class='ocrx_word' id='word_1_540' title='bbox 2967 916 3072 958; x_wconf 82' lang='lat' dir='ltr'><strong>non</strong></span> <span class='ocrx_word' id='word_1_541' title='bbox 3101 907 3326 973; x_wconf 85' lang='lat' dir='ltr'><strong>crescit,</strong></span> <span class='ocrx_word' id='word_1_542' title='bbox 3357 908 3482 978; x_wconf 85' lang='lat' dir='ltr'><strong>quia</strong></span> <span class='ocrx_word' id='word_1_543' title='bbox 3511 919 3612 967; x_wconf 84' lang='lat' dir='ltr'><strong>nec</strong></span> 
     </span>
    </p>
   </div>
   <div class='ocr_carea' id='block_1_67' title="bbox 2021 991 3612 1063">
    <p class='ocr_par' dir='ltr' id='par_1_67' title="bbox 2021 991 3612 1063">
     <span class='ocr_line' id='line_1_67' title="bbox 2021 991 3612 1063; baseline 0.011 -20"><span class='ocrx_word' id='word_1_544' title='bbox 2021 999 2198 1060; x_wconf 88' lang='lat' dir='ltr'><strong>potest</strong></span> <span class='ocrx_word' id='word_1_545' title='bbox 2223 991 2366 1048; x_wconf 84' lang='lat' dir='ltr'><strong>Deus</strong></span> <span class='ocrx_word' id='word_1_546' title='bbox 2385 1005 2704 1059; x_wconf 82' lang='lat' dir='ltr'><strong>senescere;</strong></span> <span class='ocrx_word' id='word_1_547' title='bbox 2738 995 3000 1063; x_wconf 62' lang='lat' dir='ltr'><strong>perlectus</strong></span> <span class='ocrx_word' id='word_1_548' title='bbox 3029 1009 3184 1055; x_wconf 83' lang='lat' dir='ltr'><strong>natus</strong></span> <span class='ocrx_word' id='word_1_549' title='bbox 3207 1009 3310 1057; x_wconf 80' lang='lat' dir='ltr'><strong>est.</strong></span> <span class='ocrx_word' id='word_1_550' title='bbox 3335 1003 3612 1062; x_wconf 78' lang='lat' dir='ltr'><strong>Pet-iectus</strong></span> 
     </span>
    </p>
   </div>
   <div class='ocr_carea' id='block_1_68' title="bbox 2019 1083 3607 1166">
    <p class='ocr_par' dir='ltr' id='par_1_68' title="bbox 2019 1083 3607 1166">
     <span class='ocr_line' id='line_1_68' title="bbox 2019 1083 3607 1166; baseline 0.011 -29"><span class='ocrx_word' id='word_1_551' title='bbox 2019 1083 2232 1152; x_wconf 87' lang='lat' dir='ltr'><strong>quidem</strong></span> <span class='ocrx_word' id='word_1_552' title='bbox 2260 1095 2434 1150; x_wconf 84' lang='lat' dir='ltr'><strong>natus,</strong></span> <span class='ocrx_word' id='word_1_553' title='bbox 2466 1087 2512 1142; x_wconf 88' lang='lat' dir='ltr'><strong>si</strong></span> <span class='ocrx_word' id='word_1_554' title='bbox 2539 1103 2644 1144; x_wconf 91' lang='lat' dir='ltr'><strong>non</strong></span> <span class='ocrx_word' id='word_1_555' title='bbox 2673 1089 2882 1155; x_wconf 75' lang='lat' dir='ltr'><strong>crescit.</strong></span> <span class='ocrx_word' id='word_1_556' title='bbox 2913 1101 2966 1146; x_wconf 84' lang='lat' dir='ltr'><strong>et</strong></span> <span class='ocrx_word' id='word_1_557' title='bbox 2989 1093 3166 1150; x_wconf 83' lang='lat' dir='ltr'><strong>minor</strong></span> <span class='ocrx_word' id='word_1_558' title='bbox 3191 1111 3296 1151; x_wconf 88' lang='lat' dir='ltr'><strong>non</strong></span> <span class='ocrx_word' id='word_1_559' title='bbox 3321 1101 3607 1166; x_wconf 80' lang='lat' dir='ltr'><strong>remansit;</strong></span> 
     </span>
    </p>
   </div>
   <div class='ocr_carea' id='block_1_69' title="bbox 2019 1175 3610 1253">
    <p class='ocr_par' dir='ltr' id='par_1_69' title="bbox 2019 1175 3610 1253">
     <span class='ocr_line' id='line_1_69' title="bbox 2019 1175 3610 1253; baseline 0.011 -25"><span class='ocrx_word' id='word_1_560' title='bbox 2019 1175 2240 1244; x_wconf 67' lang='lat' dir='ltr'><strong>aequalis</strong></span> <span class='ocrx_word' id='word_1_561' title='bbox 2269 1185 2366 1231; x_wconf 87' lang='lat' dir='ltr'><strong>est.</strong></span> <span class='ocrx_word' id='word_1_562' title='bbox 2400 1177 2527 1232; x_wconf 85' lang='lat' dir='ltr'><strong>Nam</strong></span> <span class='ocrx_word' id='word_1_563' title='bbox 2570 1189 2626 1236; x_wconf 90' lang='lat' dir='ltr'><strong>ut</strong></span> <span class='ocrx_word' id='word_1_564' title='bbox 2663 1181 2842 1238; x_wconf 73' lang='lat' dir='ltr'><strong>sciatis</strong></span> <span class='ocrx_word' id='word_1_565' title='bbox 2878 1183 3297 1253; x_wconf 83' lang='lat' dir='ltr'><strong>omnipotentem</strong></span> <span class='ocrx_word' id='word_1_566' title='bbox 3337 1188 3406 1244; x_wconf 82' lang='lat' dir='ltr'><strong>de</strong></span> <span class='ocrx_word' id='word_1_567' title='bbox 3438 1191 3610 1245; x_wconf 78' lang='lat' dir='ltr'><strong>enini-</strong></span> 
     </span>
    </p>
   </div>
   <div class='ocr_carea' id='block_1_70' title="bbox 2017 1271 3612 1346">
    <p class='ocr_par' dir='ltr' id='par_1_70' title="bbox 2017 1271 3612 1346">
     <span class='ocr_line' id='line_1_70' title="bbox 2017 1271 3612 1346; baseline 0.01 -27"><span class='ocrx_word' id='word_1_568' title='bbox 2017 1275 2236 1336; x_wconf 87' lang='lat' dir='ltr'><strong>potente</strong></span> <span class='ocrx_word' id='word_1_569' title='bbox 2273 1279 2488 1337; x_wconf 85' lang='lat' dir='ltr'><strong>natum,</strong></span> <span class='ocrx_word' id='word_1_570' title='bbox 2532 1271 2704 1340; x_wconf 73' lang='lat' dir='ltr'><strong>ipSum</strong></span> <span class='ocrx_word' id='word_1_571' title='bbox 2740 1273 2919 1330; x_wconf 87' lang='lat' dir='ltr'><strong>audite</strong></span> <span class='ocrx_word' id='word_1_572' title='bbox 2947 1277 3036 1346; x_wconf 77' lang='lat' dir='ltr'><strong>qtil</strong></span> <span class='ocrx_word' id='word_1_573' title='bbox 3063 1275 3274 1334; x_wconf 77' lang='lat' dir='ltr'><strong>Veritas</strong></span> <span class='ocrx_word' id='word_1_574' title='bbox 3302 1288 3402 1336; x_wconf 83' lang='lat' dir='ltr'><strong>est.</strong></span> <span class='ocrx_word' id='word_1_575' title='bbox 3447 1281 3522 1336; x_wconf 86' lang='lat' dir='ltr'><strong>De</strong></span> <span class='ocrx_word' id='word_1_576' title='bbox 3551 1291 3612 1335; x_wconf 84' lang='lat' dir='ltr'><strong>se</strong></span> 
     </span>
    </p>
   </div>
   <div class='ocr_carea' id='block_1_71' title="bbox 2015 1359 3610 1436">
    <p class='ocr_par' dir='ltr' id='par_1_71' title="bbox 2015 1359 3610 1436">
     <span class='ocr_line' id='line_1_71' title="bbox 2015 1359 3610 1436; baseline 0.007 -23"><span class='ocrx_word' id='word_1_577' title='bbox 2015 1359 2160 1429; x_wconf 84' lang='lat' dir='ltr'><strong>quod</strong></span> <span class='ocrx_word' id='word_1_578' title='bbox 2189 1360 2316 1416; x_wconf 90' lang='lat' dir='ltr'><strong>dicit</strong></span> <span class='ocrx_word' id='word_1_579' title='bbox 2347 1361 2586 1427; x_wconf 79' lang='lat' dir='ltr'><strong>Veritas,</strong></span> <span class='ocrx_word' id='word_1_580' title='bbox 2621 1363 2722 1418; x_wconf 85' lang='lat' dir='ltr'><strong>hoc</strong></span> <span class='ocrx_word' id='word_1_581' title='bbox 2751 1372 2834 1420; x_wconf 85' lang='lat' dir='ltr'><strong>est</strong></span> <span class='ocrx_word' id='word_1_582' title='bbox 2864 1381 3066 1422; x_wconf 77' lang='lat' dir='ltr'><strong>rerum.</strong></span> <span class='ocrx_word' id='word_1_583' title='bbox 3097 1367 3234 1436; x_wconf 77' lang='lat' dir='ltr'><strong>Quid</strong></span> <span class='ocrx_word' id='word_1_584' title='bbox 3262 1370 3339 1425; x_wconf 88' lang='lat' dir='ltr'><strong>ait</strong></span> <span class='ocrx_word' id='word_1_585' title='bbox 3366 1370 3610 1427; x_wconf 75' lang='lat' dir='ltr'><strong>Veritas?</strong></span> 
     </span>
    </p>
   </div>
   <div class='ocr_carea' id='block_1_72' title="bbox 2013 1453 3611 1536">
    <p class='ocr_par' dir='ltr' id='par_1_72' title="bbox 2013 1453 3611 1536">
     <span class='ocr_line' id='line_1_72' title="bbox 2013 1453 3611 1536; baseline 0.008 -29"><span class='ocrx_word' id='word_1_586' title='bbox 2013 1453 2144 1521; x_wconf 82' lang='lat' dir='ltr'><strong>quid</strong></span> <span class='ocrx_word' id='word_1_587' title='bbox 2171 1455 2246 1508; x_wconf 87' lang='lat' dir='ltr'><strong>ait</strong></span> <span class='ocrx_word' id='word_1_588' title='bbox 2271 1453 2455 1516; x_wconf 64' lang='lat' dir='ltr'><strong>Filius;</strong></span> <span class='ocrx_word' id='word_1_589' title='bbox 2483 1456 2572 1524; x_wconf 81' lang='lat' dir='ltr'><strong>qui</strong></span> <span class='ocrx_word' id='word_1_590' title='bbox 2599 1465 2681 1511; x_wconf 82' lang='lat' dir='ltr'><strong>est</strong></span> <span class='ocrx_word' id='word_1_591' title='bbox 2710 1456 2953 1514; x_wconf 79' lang='lat' dir='ltr'><strong>Veritas?</strong></span> <span class='ocrx_word' id='word_1_592' title='bbox 2982 1459 3322 1530; x_wconf 63' lang='lat' dir='ltr'><strong>aurarumque</strong></span> <span class='ocrx_word' id='word_1_593' title='bbox 3347 1461 3506 1518; x_wconf 72' lang='lat' dir='ltr'><strong>Pater</strong></span> <span class='ocrx_word' id='word_1_594' title='bbox 3531 1467 3611 1536; x_wconf 77' lang='lat' dir='ltr'><strong>fa-</strong></span> 
     </span>
    </p>
   </div>
   <div class='ocr_carea' id='block_1_73' title="bbox 2015 1545 3609 1624">
    <p class='ocr_par' dir='ltr' id='par_1_73' title="bbox 2015 1545 3609 1624">
     <span class='ocr_line' id='line_1_73' title="bbox 2015 1545 3609 1624; baseline 0.008 -25"><span class='ocrx_word' id='word_1_595' title='bbox 2015 1545 2116 1610; x_wconf 70' lang='lat' dir='ltr'><strong>cit,</strong></span> <span class='ocrx_word' id='word_1_596' title='bbox 2152 1545 2258 1600; x_wconf 68' lang='lat' dir='ltr'><strong>loco</strong></span> <span class='ocrx_word' id='word_1_597' title='bbox 2285 1556 2332 1602; x_wconf 74' lang='lat' dir='ltr'><strong>et</strong></span> <span class='ocrx_word' id='word_1_598' title='bbox 2362 1545 2528 1602; x_wconf 74' lang='lat' dir='ltr'><strong>Filius</strong></span> <span class='ocrx_word' id='word_1_599' title='bbox 2555 1548 2786 1604; x_wconf 73' lang='lat' dir='ltr'><strong>similiter</strong></span> <span class='ocrx_word' id='word_1_600' title='bbox 2814 1551 2935 1620; x_wconf 71' lang='lat' dir='ltr'><strong>facit</strong></span> <span class='ocrx_word' id='word_1_601' title='bbox 2975 1551 3151 1622; x_wconf 69' lang='lat' dir='ltr'><strong>(lena.</strong></span> <span class='ocrx_word' id='word_1_602' title='bbox 3183 1569 3237 1620; x_wconf 76' lang='grc' dir='ltr'><strong>ν,</strong></span> <span class='ocrx_word' id='word_1_603' title='bbox 3272 1554 3386 1624; x_wconf 73' lang='grc'><strong>19).</strong></span> <span class='ocrx_word' id='word_1_604' title='bbox 3423 1554 3609 1611; x_wconf 71' lang='lat' dir='ltr'><strong>ﬂintii-</strong></span> 
     </span>
    </p>
   </div>
   <div class='ocr_carea' id='block_1_74' title="bbox 2019 1636 3609 1714">
    <p class='ocr_par' dir='ltr' id='par_1_74' title="bbox 2019 1636 3609 1714">
     <span class='ocr_line' id='line_1_74' title="bbox 2019 1636 3609 1714; baseline 0.008 -23"><span class='ocrx_word' id='word_1_605' title='bbox 2019 1645 2209 1706; x_wconf 75' lang='lat' dir='ltr'><strong>potens</strong></span> <span class='ocrx_word' id='word_1_606' title='bbox 2236 1645 2318 1694; x_wconf 86' lang='lat' dir='ltr'><strong>est</strong></span> <span class='ocrx_word' id='word_1_607' title='bbox 2341 1637 2506 1693; x_wconf 76' lang='lat' dir='ltr'><strong>Filius</strong></span> <span class='ocrx_word' id='word_1_608' title='bbox 2528 1679 2542 1702; x_wconf 92' lang='lat'><strong>,</strong></span> <span class='ocrx_word' id='word_1_609' title='bbox 2569 1639 2746 1696; x_wconf 86' lang='lat' dir='ltr'><strong>enmia</strong></span> <span class='ocrx_word' id='word_1_610' title='bbox 2785 1636 3026 1698; x_wconf 76' lang='lat' dir='ltr'><strong>iaeictidb</strong></span> <span class='ocrx_word' id='word_1_611' title='bbox 3051 1659 3170 1714; x_wconf 74' lang='lat' dir='ltr'><strong>qua:</strong></span> <span class='ocrx_word' id='word_1_612' title='bbox 3197 1646 3445 1702; x_wconf 71' lang='lat' dir='ltr'><strong>&#39;r‘oiuei‘il;</strong></span> <span class='ocrx_word' id='word_1_613' title='bbox 3475 1647 3609 1703; x_wconf 74' lang='lat' dir='ltr'><strong>Nam</strong></span> 
     </span>
    </p>
   </div>
   <div class='ocr_carea' id='block_1_75' title="bbox 2015 1729 3610 1805">
    <p class='ocr_par' dir='ltr' id='par_1_75' title="bbox 2015 1729 3610 1805">
     <span class='ocr_line' id='line_1_75' title="bbox 2015 1729 3610 1805; baseline 0.008 -19"><span class='ocrx_word' id='word_1_614' title='bbox 2015 1729 2062 1786; x_wconf 86' lang='lat' dir='ltr'><strong>si</strong></span> <span class='ocrx_word' id='word_1_615' title='bbox 2091 1730 2216 1786; x_wconf 74' lang='lat' dir='ltr'><strong>facit</strong></span> <span class='ocrx_word' id='word_1_616' title='bbox 2252 1731 2423 1802; x_wconf 83' lang='lat' dir='ltr'><strong>aliqua</strong></span> <span class='ocrx_word' id='word_1_617' title='bbox 2455 1732 2613 1788; x_wconf 87' lang='lat' dir='ltr'><strong>Pater</strong></span> <span class='ocrx_word' id='word_1_618' title='bbox 2640 1745 2759 1805; x_wconf 68' lang='lat' dir='ltr'><strong>qua:</strong></span> <span class='ocrx_word' id='word_1_619' title='bbox 2789 1745 2896 1790; x_wconf 84' lang='lat' dir='ltr'><strong>non</strong></span> <span class='ocrx_word' id='word_1_620' title='bbox 2927 1737 3050 1792; x_wconf 81' lang='lat' dir='ltr'><strong>facit</strong></span> <span class='ocrx_word' id='word_1_621' title='bbox 3071 1738 3268 1805; x_wconf 78' lang='lat' dir='ltr'><strong>Filius,</strong></span> <span class='ocrx_word' id='word_1_622' title='bbox 3307 1740 3500 1802; x_wconf 72' lang='lat' dir='ltr'><strong>falsum</strong></span> <span class='ocrx_word' id='word_1_623' title='bbox 3527 1742 3610 1797; x_wconf 80' lang='lat' dir='ltr'><strong>di-</strong></span> 
     </span>
    </p>
   </div>
   <div class='ocr_carea' id='block_1_76' title="bbox 2015 1822 3611 1905">
    <p class='ocr_par' dir='ltr' id='par_1_76' title="bbox 2015 1822 3611 1905">
     <span class='ocr_line' id='line_1_76' title="bbox 2015 1822 3611 1905; baseline 0.008 -29"><span class='ocrx_word' id='word_1_624' title='bbox 2015 1822 2095 1882; x_wconf 70' lang='lat' dir='ltr'><strong>xit</strong></span> <span class='ocrx_word' id='word_1_625' title='bbox 2119 1823 2288 1884; x_wconf 85' lang='lat' dir='ltr'><strong>Filius</strong></span> <span class='ocrx_word' id='word_1_626' title='bbox 2316 1841 2330 1881; x_wconf 88' lang='lat'><strong>:</strong></span> <span class='ocrx_word' id='word_1_627' title='bbox 2359 1825 2700 1897; x_wconf 61' lang='lat' dir='ltr'><strong>Quacumque</strong></span> <span class='ocrx_word' id='word_1_628' title='bbox 2727 1827 2880 1882; x_wconf 80' lang='lat' dir='ltr'><strong>Pater</strong></span> <span class='ocrx_word' id='word_1_629' title='bbox 2906 1832 3050 1900; x_wconf 65' lang='lat' dir='ltr'><strong>facit;</strong></span> <span class='ocrx_word' id='word_1_630' title='bbox 3085 1830 3192 1886; x_wconf 61' lang='lat' dir='ltr'><strong>ltitia</strong></span> <span class='ocrx_word' id='word_1_631' title='bbox 3219 1842 3266 1888; x_wconf 75' lang='lat' dir='ltr'><strong>et</strong></span> <span class='ocrx_word' id='word_1_632' title='bbox 3289 1830 3456 1888; x_wconf 76' lang='lat' dir='ltr'><strong>Fiiius</strong></span> <span class='ocrx_word' id='word_1_633' title='bbox 3485 1833 3611 1905; x_wconf 60' lang='lat' dir='ltr'><strong>“facit</strong></span> 
     </span>
    </p>
   </div>
   <div class='ocr_carea' id='block_1_77' title="bbox 2011 1915 3608 1993">
    <p class='ocr_par' dir='ltr' id='par_1_77' title="bbox 2011 1915 3608 1993">
     <span class='ocr_line' id='line_1_77' title="bbox 2011 1915 3608 1993; baseline 0.006 -22"><span class='ocrx_word' id='word_1_634' title='bbox 2011 1916 2266 1971; x_wconf 73' lang='lat' dir='ltr'><strong>similiter.</strong></span> <span class='ocrx_word' id='word_1_635' title='bbox 2293 1915 2398 1974; x_wconf 83' lang='lat' dir='ltr'><strong>Sed</strong></span> <span class='ocrx_word' id='word_1_636' title='bbox 2425 1919 2547 1988; x_wconf 79' lang='lat' dir='ltr'><strong>quia</strong></span> <span class='ocrx_word' id='word_1_637' title='bbox 2573 1933 2756 1974; x_wconf 86' lang='lat' dir='ltr'><strong>verum</strong></span> <span class='ocrx_word' id='word_1_638' title='bbox 2796 1919 2930 1975; x_wconf 70' lang='lat' dir='ltr'><strong>diiit</strong></span> <span class='ocrx_word' id='word_1_639' title='bbox 2955 1920 3120 1978; x_wconf 81' lang='lat' dir='ltr'><strong>Filius</strong></span> <span class='ocrx_word' id='word_1_640' title='bbox 3145 1940 3159 1978; x_wconf 90' lang='lat'><strong>:</strong></span> <span class='ocrx_word' id='word_1_641' title='bbox 3186 1923 3420 1993; x_wconf 61' lang='lat' dir='ltr'><strong>credite;</strong></span> <span class='ocrx_word' id='word_1_642' title='bbox 3452 1925 3608 1990; x_wconf 61' lang='lat' dir='ltr'><strong>Quas</strong></span> 
     </span>
    </p>
   </div>
   <div class='ocr_carea' id='block_1_78' title="bbox 2015 2009 3611 2087">
    <p class='ocr_par' dir='ltr' id='par_1_78' title="bbox 2015 2009 3611 2087">
     <span class='ocr_line' id='line_1_78' title="bbox 2015 2009 3611 2087; baseline 0.006 -22"><span class='ocrx_word' id='word_1_643' title='bbox 2015 2027 2230 2080; x_wconf 65' lang='lat' dir='ltr'><strong>nmque</strong></span> <span class='ocrx_word' id='word_1_644' title='bbox 2247 2009 2409 2066; x_wconf 77' lang='lat' dir='ltr'><strong>Pater</strong></span> <span class='ocrx_word' id='word_1_645' title='bbox 2428 2013 2580 2082; x_wconf 67' lang='lat' dir='ltr'><strong>fecit,</strong></span> <span class='ocrx_word' id='word_1_646' title='bbox 2607 2015 2714 2068; x_wconf 70' lang='lat' dir='ltr'><strong>huic</strong></span> <span class='ocrx_word' id='word_1_647' title='bbox 2733 2023 2777 2069; x_wconf 78' lang='lat' dir='ltr'><strong>et</strong></span> <span class='ocrx_word' id='word_1_648' title='bbox 2800 2012 2849 2070; x_wconf 67' lang='grc' dir='ltr'><strong><em>Ε</em></strong></span> <span class='ocrx_word' id='word_1_649' title='bbox 2851 2015 2968 2070; x_wconf 75' lang='lat' dir='ltr'><strong>ilius</strong></span> <span class='ocrx_word' id='word_1_650' title='bbox 2989 2017 3112 2087; x_wconf 69' lang='lat' dir='ltr'><strong>facit</strong></span> <span class='ocrx_word' id='word_1_651' title='bbox 3131 2016 3398 2082; x_wconf 70' lang='lat' dir='ltr'><strong>similiter;</strong></span> <span class='ocrx_word' id='word_1_652' title='bbox 3419 2027 3473 2073; x_wconf 94' lang='lat' dir='ltr'><strong>et</strong></span> <span class='ocrx_word' id='word_1_653' title='bbox 3491 2033 3611 2075; x_wconf 74' lang='lat' dir='ltr'><strong>ero-</strong></span> 
     </span>
    </p>
   </div>
   <div class='ocr_carea' id='block_1_79' title="bbox 2011 2102 3609 2175">
    <p class='ocr_par' dir='ltr' id='par_1_79' title="bbox 2011 2102 3609 2175">
     <span class='ocr_line' id='line_1_79' title="bbox 2011 2102 3609 2175; baseline 0.004 -17"><span class='ocrx_word' id='word_1_654' title='bbox 2011 2102 2226 2160; x_wconf 86' lang='lat' dir='ltr'><strong>didistis</strong></span> <span class='ocrx_word' id='word_1_655' title='bbox 2251 2103 2304 2158; x_wconf 90' lang='lat' dir='ltr'><strong>in</strong></span> <span class='ocrx_word' id='word_1_656' title='bbox 2329 2103 2522 2160; x_wconf 86' lang='lat' dir='ltr'><strong>Filium</strong></span> <span class='ocrx_word' id='word_1_657' title='bbox 2549 2105 2990 2175; x_wconf 76' lang='lat' dir='ltr'><strong>omnipotentem.</strong></span> <span class='ocrx_word' id='word_1_658' title='bbox 3013 2107 3166 2175; x_wconf 77' lang='lat' dir='ltr'><strong>Quod</strong></span> <span class='ocrx_word' id='word_1_659' title='bbox 3190 2109 3410 2165; x_wconf 73' lang='lat' dir='ltr'><strong>verbum</strong></span> <span class='ocrx_word' id='word_1_660' title='bbox 3431 2110 3531 2166; x_wconf 80' lang='lat' dir='ltr'><strong>etsi</strong></span> <span class='ocrx_word' id='word_1_661' title='bbox 3555 2109 3609 2165; x_wconf 81' lang='lat' dir='ltr'><strong>iii</strong></span> 
     </span>
    </p>
   </div>
   <div class='ocr_carea' id='block_1_80' title="bbox 2005 2195 3612 2272">
    <p class='ocr_par' dir='ltr' id='par_1_80' title="bbox 2005 2195 3612 2272">
     <span class='ocr_line' id='line_1_80' title="bbox 2005 2195 3612 2272; baseline 0.004 -23"><span class='ocrx_word' id='word_1_662' title='bbox 2005 2195 2270 2266; x_wconf 76' lang='lat' dir='ltr'><strong>Symboio</strong></span> <span class='ocrx_word' id='word_1_663' title='bbox 2299 2211 2404 2252; x_wconf 86' lang='lat' dir='ltr'><strong>non</strong></span> <span class='ocrx_word' id='word_1_664' title='bbox 2429 2195 2671 2261; x_wconf 77' lang='lat' dir='ltr'><strong>dixistis,</strong></span> <span class='ocrx_word' id='word_1_665' title='bbox 2705 2205 2882 2254; x_wconf 87' lang='lat' dir='ltr'><strong>tamen</strong></span> <span class='ocrx_word' id='word_1_666' title='bbox 2916 2198 3018 2254; x_wconf 85' lang='lat' dir='ltr'><strong>hoe</strong></span> <span class='ocrx_word' id='word_1_667' title='bbox 3055 2207 3140 2254; x_wconf 85' lang='lat' dir='ltr'><strong>est</strong></span> <span class='ocrx_word' id='word_1_668' title='bbox 3172 2199 3312 2270; x_wconf 81' lang='lat' dir='ltr'><strong>quod</strong></span> <span class='ocrx_word' id='word_1_669' title='bbox 3341 2203 3612 2272; x_wconf 59' lang='lat' dir='ltr'><strong>supremi-</strong></span> 
     </span>
    </p>
   </div>
   <div class='ocr_carea' id='block_1_81' title="bbox 2009 2289 3611 2360">
    <p class='ocr_par' dir='ltr' id='par_1_81' title="bbox 2009 2289 3611 2360">
     <span class='ocr_line' id='line_1_81' title="bbox 2009 2289 3611 2360; baseline 0.001 -12"><span class='ocrx_word' id='word_1_670' title='bbox 2009 2290 2134 2356; x_wconf 75' lang='lat' dir='ltr'><strong>8ti&#39;s,</strong></span> <span class='ocrx_word' id='word_1_671' title='bbox 2161 2289 2374 2360; x_wconf 82' lang='lat' dir='ltr'><strong>quando</strong></span> <span class='ocrx_word' id='word_1_672' title='bbox 2399 2289 2452 2345; x_wconf 85' lang='lat' dir='ltr'><strong>in</strong></span> <span class='ocrx_word' id='word_1_673' title='bbox 2475 2289 2688 2346; x_wconf 87' lang='lat' dir='ltr'><strong>unicum</strong></span> <span class='ocrx_word' id='word_1_674' title='bbox 2709 2291 2883 2360; x_wconf 87' lang='lat' dir='ltr'><strong>ipsum</strong></span> <span class='ocrx_word' id='word_1_675' title='bbox 2907 2292 3076 2346; x_wconf 83' lang='lat' dir='ltr'><strong>Deum</strong></span> <span class='ocrx_word' id='word_1_676' title='bbox 3097 2292 3414 2348; x_wconf 60' lang='lat' dir='ltr'><strong>credidistis;</strong></span> <span class='ocrx_word' id='word_1_677' title='bbox 3441 2293 3611 2350; x_wconf 75' lang='lat' dir='ltr'><strong>Habet</strong></span> 
     </span>
    </p>
   </div>
   <div class='ocr_carea' id='block_1_82' title="bbox 2013 2381 3610 2454">
    <p class='ocr_par' dir='ltr' id='par_1_82' title="bbox 2013 2381 3610 2454">
     <span class='ocr_line' id='line_1_82' title="bbox 2013 2381 3610 2454; baseline 0.003 -17"><span class='ocrx_word' id='word_1_678' title='bbox 2013 2381 2215 2452; x_wconf 84' lang='lat' dir='ltr'><strong>aliquid</strong></span> <span class='ocrx_word' id='word_1_679' title='bbox 2244 2383 2399 2439; x_wconf 87' lang='lat' dir='ltr'><strong>Pater</strong></span> <span class='ocrx_word' id='word_1_680' title='bbox 2421 2383 2562 2454; x_wconf 85' lang='lat' dir='ltr'><strong>quod</strong></span> <span class='ocrx_word' id='word_1_681' title='bbox 2590 2399 2696 2439; x_wconf 90' lang='lat' dir='ltr'><strong>non</strong></span> <span class='ocrx_word' id='word_1_682' title='bbox 2723 2383 2884 2440; x_wconf 76' lang='lat' dir='ltr'><strong>liabet</strong></span> <span class='ocrx_word' id='word_1_683' title='bbox 2913 2384 3118 2440; x_wconf 77' lang='lat' dir='ltr'><strong>Filius?</strong></span> <span class='ocrx_word' id='word_1_684' title='bbox 3145 2385 3259 2450; x_wconf 73' lang='lat' dir='ltr'><strong>Hoc</strong></span> <span class='ocrx_word' id='word_1_685' title='bbox 3287 2387 3468 2442; x_wconf 76' lang='lat' dir='ltr'><strong>Ariani</strong></span> <span class='ocrx_word' id='word_1_686' title='bbox 3499 2387 3610 2442; x_wconf 75' lang='lat' dir='ltr'><strong>itai-</strong></span> 
     </span>
    </p>
   </div>
   <div class='ocr_carea' id='block_1_83' title="bbox 2014 2475 3609 2552">
    <p class='ocr_par' dir='ltr' id='par_1_83' title="bbox 2014 2475 3609 2552">
     <span class='ocr_line' id='line_1_83' title="bbox 2014 2475 3609 2552; baseline 0.003 -19"><span class='ocrx_word' id='word_1_687' title='bbox 2014 2477 2167 2533; x_wconf 82' lang='lat' dir='ltr'><strong>retiei</strong></span> <span class='ocrx_word' id='word_1_688' title='bbox 2197 2476 2492 2547; x_wconf 82' lang='lat' dir='ltr'><strong>blasphemi</strong></span> <span class='ocrx_word' id='word_1_689' title='bbox 2519 2475 2721 2544; x_wconf 83' lang='lat' dir='ltr'><strong>dicunt,</strong></span> <span class='ocrx_word' id='word_1_690' title='bbox 2750 2479 2857 2534; x_wconf 83' lang='lat' dir='ltr'><strong>neti</strong></span> <span class='ocrx_word' id='word_1_691' title='bbox 2884 2483 3003 2550; x_wconf 78' lang='lat' dir='ltr'><strong>ego.</strong></span> <span class='ocrx_word' id='word_1_692' title='bbox 3037 2479 3144 2536; x_wconf 80' lang='lat' dir='ltr'><strong>Sed</strong></span> <span class='ocrx_word' id='word_1_693' title='bbox 3173 2483 3272 2552; x_wconf 73' lang='lat' dir='ltr'><strong>ego</strong></span> <span class='ocrx_word' id='word_1_694' title='bbox 3300 2481 3424 2552; x_wconf 85' lang='lat' dir='ltr'><strong>quid</strong></span> <span class='ocrx_word' id='word_1_695' title='bbox 3451 2483 3609 2538; x_wconf 81' lang='lat' dir='ltr'><strong>dico?</strong></span> 
     </span>
    </p>
   </div>
   <div class='ocr_carea' id='block_1_84' title="bbox 2013 2567 3606 2642">
    <p class='ocr_par' dir='ltr' id='par_1_84' title="bbox 2013 2567 3606 2642">
     <span class='ocr_line' id='line_1_84' title="bbox 2013 2567 3606 2642; baseline 0.005 -17"><span class='ocrx_word' id='word_1_696' title='bbox 2013 2567 2070 2625; x_wconf 88' lang='lat' dir='ltr'><strong>Si</strong></span> <span class='ocrx_word' id='word_1_697' title='bbox 2101 2569 2262 2626; x_wconf 84' lang='lat' dir='ltr'><strong>habet</strong></span> <span class='ocrx_word' id='word_1_698' title='bbox 2288 2569 2486 2641; x_wconf 85' lang='lat' dir='ltr'><strong>aliquid</strong></span> <span class='ocrx_word' id='word_1_699' title='bbox 2513 2571 2692 2639; x_wconf 85' lang='lat' dir='ltr'><strong>Pater,</strong></span> <span class='ocrx_word' id='word_1_700' title='bbox 2724 2571 2867 2642; x_wconf 85' lang='lat' dir='ltr'><strong>quod</strong></span> <span class='ocrx_word' id='word_1_701' title='bbox 2897 2569 3001 2627; x_wconf 81' lang='lat' dir='ltr'><strong>noti</strong></span> <span class='ocrx_word' id='word_1_702' title='bbox 3035 2573 3195 2630; x_wconf 83' lang='lat' dir='ltr'><strong>habet</strong></span> <span class='ocrx_word' id='word_1_703' title='bbox 3224 2573 3422 2640; x_wconf 84' lang='lat' dir='ltr'><strong>Filius;</strong></span> <span class='ocrx_word' id='word_1_704' title='bbox 3454 2585 3606 2634; x_wconf 88' lang='lat' dir='ltr'><strong>mett-</strong></span> 
     </span>
    </p>
   </div>
   <div class='ocr_carea' id='block_1_85' title="bbox 2015 2661 3611 2737">
    <p class='ocr_par' dir='ltr' id='par_1_85' title="bbox 2015 2661 3611 2737">
     <span class='ocr_line' id='line_1_85' title="bbox 2015 2661 3611 2737; baseline 0.004 -20"><span class='ocrx_word' id='word_1_705' title='bbox 2015 2662 2144 2717; x_wconf 87' lang='lat' dir='ltr'><strong>titur</strong></span> <span class='ocrx_word' id='word_1_706' title='bbox 2170 2661 2338 2718; x_wconf 79' lang='lat' dir='ltr'><strong>Filius</strong></span> <span class='ocrx_word' id='word_1_707' title='bbox 2359 2703 2374 2730; x_wconf 91' lang='lat'><strong>,</strong></span> <span class='ocrx_word' id='word_1_708' title='bbox 2416 2663 2508 2735; x_wconf 90' lang='lat' dir='ltr'><strong>qui</strong></span> <span class='ocrx_word' id='word_1_709' title='bbox 2535 2663 2694 2729; x_wconf 55' lang='lat' dir='ltr'><strong>dicit;</strong></span> <span class='ocrx_word' id='word_1_710' title='bbox 2739 2663 2926 2720; x_wconf 82' lang='lat' dir='ltr'><strong>Omnia</strong></span> <span class='ocrx_word' id='word_1_711' title='bbox 2951 2679 3066 2737; x_wconf 69' lang='lat' dir='ltr'><strong>quin</strong></span> <span class='ocrx_word' id='word_1_712' title='bbox 3094 2663 3239 2720; x_wconf 76' lang='lat' dir='ltr'><strong>habet</strong></span> <span class='ocrx_word' id='word_1_713' title='bbox 3265 2665 3422 2722; x_wconf 82' lang='lat' dir='ltr'><strong>Pater</strong></span> <span class='ocrx_word' id='word_1_714' title='bbox 3439 2705 3455 2735; x_wconf 91' lang='lat'><strong>,</strong></span> <span class='ocrx_word' id='word_1_715' title='bbox 3498 2679 3611 2723; x_wconf 75' lang='lat' dir='ltr'><strong>mea</strong></span> 
     </span>
    </p>
   </div>
   <div class='ocr_carea' id='block_1_86' title="bbox 2013 2755 3708 2828">
    <p class='ocr_par' dir='ltr' id='par_1_86' title="bbox 2013 2755 3708 2828">
     <span class='ocr_line' id='line_1_86' title="bbox 2013 2755 3708 2828; baseline 0.004 -19"><span class='ocrx_word' id='word_1_716' title='bbox 2013 2765 2134 2810; x_wconf 76' lang='lat' dir='ltr'><strong>sunt</strong></span> <span class='ocrx_word' id='word_1_717' title='bbox 2158 2755 2272 2825; x_wconf 77' lang='lat' dir='ltr'><strong>(Id.</strong></span> <span class='ocrx_word' id='word_1_718' title='bbox 2292 2797 2306 2821; x_wconf 88' lang='lat'><strong>,</strong></span> <span class='ocrx_word' id='word_1_719' title='bbox 2335 2772 2446 2823; x_wconf 82' lang='lat' dir='ltr'><strong>xvi,</strong></span> <span class='ocrx_word' id='word_1_720' title='bbox 2474 2757 2585 2828; x_wconf 74' lang='grc'><strong>15).</strong></span> <span class='ocrx_word' id='word_1_721' title='bbox 2626 2756 2786 2811; x_wconf 79' lang='lat' dir='ltr'><strong>Multa</strong></span> <span class='ocrx_word' id='word_1_722' title='bbox 2813 2766 2868 2812; x_wconf 89' lang='lat' dir='ltr'><strong>et</strong></span> <span class='ocrx_word' id='word_1_723' title='bbox 2889 2757 3293 2814; x_wconf 78' lang='lat' dir='ltr'><strong>ittttunterabilia</strong></span> <span class='ocrx_word' id='word_1_724' title='bbox 3317 2767 3439 2814; x_wconf 83' lang='lat' dir='ltr'><strong>sunt</strong></span> <span class='ocrx_word' id='word_1_725' title='bbox 3461 2762 3612 2815; x_wconf 85' lang='lat' dir='ltr'><strong>testl-</strong></span> <span class='ocrx_word' id='word_1_726' title='bbox 3686 2781 3708 2792; x_wconf 64' lang='grc' dir='ltr'><em>υ</em></span> 
     </span>
    </p>
   </div>
   <div class='ocr_carea' id='block_1_87' title="bbox 2013 2847 3610 2919">
    <p class='ocr_par' dir='ltr' id='par_1_87' title="bbox 2013 2847 3610 2919">
     <span class='ocr_line' id='line_1_87' title="bbox 2013 2847 3610 2919; baseline 0.003 -18"><span class='ocrx_word' id='word_1_727' title='bbox 2013 2847 2191 2902; x_wconf 76' lang='lat' dir='ltr'><strong>nonin</strong></span> <span class='ocrx_word' id='word_1_728' title='bbox 2221 2848 2413 2917; x_wconf 85' lang='lat' dir='ltr'><strong>quibus</strong></span> <span class='ocrx_word' id='word_1_729' title='bbox 2444 2848 2695 2918; x_wconf 82' lang='lat' dir='ltr'><strong>probetur</strong></span> <span class='ocrx_word' id='word_1_730' title='bbox 2723 2849 2844 2919; x_wconf 83' lang='lat' dir='ltr'><strong>quia</strong></span> <span class='ocrx_word' id='word_1_731' title='bbox 2877 2849 3040 2904; x_wconf 77' lang='lat' dir='ltr'><strong>Pilius</strong></span> <span class='ocrx_word' id='word_1_732' title='bbox 3067 2863 3226 2904; x_wconf 75' lang='lat' dir='ltr'><strong>verus</strong></span> <span class='ocrx_word' id='word_1_733' title='bbox 3255 2850 3350 2905; x_wconf 85' lang='lat' dir='ltr'><strong>Dei</strong></span> <span class='ocrx_word' id='word_1_734' title='bbox 3375 2850 3396 2884; x_wconf 85' lang='grc'><strong><em>³</em></strong></span> <span class='ocrx_word' id='word_1_735' title='bbox 3437 2851 3610 2906; x_wconf 80' lang='lat' dir='ltr'><strong>Patris</strong></span> 
     </span>
    </p>
   </div>
   <div class='ocr_carea' id='block_1_88' title="bbox 2013 2939 3606 3013">
    <p class='ocr_par' dir='ltr' id='par_1_88' title="bbox 2013 2939 3606 3013">
     <span class='ocr_line' id='line_1_88' title="bbox 2013 2939 3606 3013; baseline 0.001 -15"><span class='ocrx_word' id='word_1_736' title='bbox 2013 2950 2100 2998; x_wconf 73' lang='lat' dir='ltr'><strong>est</strong></span> <span class='ocrx_word' id='word_1_737' title='bbox 2125 2939 2308 3007; x_wconf 84' lang='lat' dir='ltr'><strong>Filius,</strong></span> <span class='ocrx_word' id='word_1_738' title='bbox 2337 2950 2392 2996; x_wconf 90' lang='lat' dir='ltr'><strong>et</strong></span> <span class='ocrx_word' id='word_1_739' title='bbox 2418 2941 2576 2995; x_wconf 82' lang='lat' dir='ltr'><strong>Pater</strong></span> <span class='ocrx_word' id='word_1_740' title='bbox 2603 2941 2742 2996; x_wconf 86' lang='lat' dir='ltr'><strong>Deus</strong></span> <span class='ocrx_word' id='word_1_741' title='bbox 2769 2955 2952 2996; x_wconf 81' lang='lat' dir='ltr'><strong>verum</strong></span> <span class='ocrx_word' id='word_1_742' title='bbox 2981 2942 3163 3013; x_wconf 85' lang='lat' dir='ltr'><strong>genuit</strong></span> <span class='ocrx_word' id='word_1_743' title='bbox 3191 2942 3385 2998; x_wconf 84' lang='lat' dir='ltr'><strong>Filium</strong></span> <span class='ocrx_word' id='word_1_744' title='bbox 3416 2943 3606 3012; x_wconf 87' lang='lat' dir='ltr'><strong>Deum,</strong></span> 
     </span>
    </p>
   </div>
   <div class='ocr_carea' id='block_1_89' title="bbox 2013 3029 2993 3091">
    <p class='ocr_par' dir='ltr' id='par_1_89' title="bbox 2013 3029 2993 3091">
     <span class='ocr_line' id='line_1_89' title="bbox 2013 3029 2993 3091; baseline -0.003 0"><span class='ocrx_word' id='word_1_745' title='bbox 2013 3043 2069 3091; x_wconf 88' lang='lat' dir='ltr'><strong>et</strong></span> <span class='ocrx_word' id='word_1_746' title='bbox 2099 3029 2255 3089; x_wconf 75' lang='lat' dir='ltr'><strong>Pater</strong></span> <span class='ocrx_word' id='word_1_747' title='bbox 2282 3042 2336 3088; x_wconf 89' lang='lat' dir='ltr'><strong>et</strong></span> <span class='ocrx_word' id='word_1_748' title='bbox 2361 3033 2529 3088; x_wconf 83' lang='lat' dir='ltr'><strong>Filius</strong></span> <span class='ocrx_word' id='word_1_749' title='bbox 2555 3045 2694 3088; x_wconf 85' lang='lat' dir='ltr'><strong>unus</strong></span> <span class='ocrx_word' id='word_1_750' title='bbox 2723 3043 2805 3088; x_wconf 87' lang='lat' dir='ltr'><strong>est</strong></span> <span class='ocrx_word' id='word_1_751' title='bbox 2835 3035 2993 3089; x_wconf 84' lang='lat' dir='ltr'><strong>Deus.</strong></span> 
     </span>
    </p>
   </div>
   <div class='ocr_carea' id='block_1_90' title="bbox 2085 3117 3610 3185">
    <p class='ocr_par' dir='ltr' id='par_1_90' title="bbox 2085 3117 3610 3185">
     <span class='ocr_line' id='line_1_90' title="bbox 2085 3117 3610 3185; baseline 0.003 -4"><span class='ocrx_word' id='word_1_752' title='bbox 2085 3125 2313 3181; x_wconf 60' lang='lat' dir='ltr'><strong>CﬁPUT</strong></span> <span class='ocrx_word' id='word_1_753' title='bbox 2345 3124 2437 3182; x_wconf 73' lang='lat' dir='ltr'>&#39;lll.</span> <span class='ocrx_word' id='word_1_754' title='bbox 2460 3155 2532 3166; x_wconf 88' lang='lat'><strong>—</strong></span> <span class='ocrx_word' id='word_1_755' title='bbox 2553 3125 2608 3181; x_wconf 80' lang='lat'><strong>6.</strong></span> <span class='ocrx_word' id='word_1_756' title='bbox 2645 3117 2766 3179; x_wconf 73' lang='lat' dir='ltr'><strong>Filii</strong></span> <span class='ocrx_word' id='word_1_757' title='bbox 2795 3125 2889 3179; x_wconf 82' lang='lat' dir='ltr'><strong>Dei</strong></span> <span class='ocrx_word' id='word_1_758' title='bbox 2909 3127 3144 3181; x_wconf 78' lang='lat' dir='ltr'><strong>nativitns</strong></span> <span class='ocrx_word' id='word_1_759' title='bbox 3173 3128 3395 3183; x_wconf 73' lang='lat' dir='ltr'><strong>humana</strong></span> <span class='ocrx_word' id='word_1_760' title='bbox 3419 3136 3484 3184; x_wconf 64' lang='lat' dir='ltr'><strong>ei:</strong></span> <span class='ocrx_word' id='word_1_761' title='bbox 3507 3127 3610 3185; x_wconf 71' lang='lat' dir='ltr'><strong>uiti-</strong></span> 
     </span>
    </p>
   </div>
   <div class='ocr_carea' id='block_1_91' title="bbox 2015 3213 3606 3291">
    <p class='ocr_par' dir='ltr' id='par_1_91' title="bbox 2015 3213 3606 3291">
     <span class='ocr_line' id='line_1_91' title="bbox 2015 3213 3606 3291; baseline 0.004 -20"><span class='ocrx_word' id='word_1_762' title='bbox 2015 3220 2150 3291; x_wconf 80' lang='lat' dir='ltr'><strong>gine.</strong></span> <span class='ocrx_word' id='word_1_763' title='bbox 2184 3218 2364 3272; x_wconf 73' lang='lat' dir='ltr'><strong>Passio</strong></span> <span class='ocrx_word' id='word_1_764' title='bbox 2384 3219 2474 3272; x_wconf 73' lang='lat' dir='ltr'><strong>suo</strong></span> <span class='ocrx_word' id='word_1_765' title='bbox 2504 3218 2719 3288; x_wconf 63' lang='lat' dir='ltr'><strong>pra’side</strong></span> <span class='ocrx_word' id='word_1_766' title='bbox 2741 3217 2932 3272; x_wconf 72' lang='lat' dir='ltr'><strong>Pilato.</strong></span> <span class='ocrx_word' id='word_1_767' title='bbox 2965 3217 3220 3274; x_wconf 74' lang='lat' dir='ltr'><strong>Nalivitus</strong></span> <span class='ocrx_word' id='word_1_768' title='bbox 3247 3219 3434 3275; x_wconf 72' lang='lat' dir='ltr'><strong>Christi</strong></span> <span class='ocrx_word' id='word_1_769' title='bbox 3453 3213 3606 3276; x_wconf 72' lang='lat' dir='ltr'><strong>tt-te&#39;r-</strong></span> 
     </span>
    </p>
   </div>
   <div class='ocr_carea' id='block_1_92' title="bbox 2015 3309 3604 3381">
    <p class='ocr_par' dir='ltr' id='par_1_92' title="bbox 2015 3309 3604 3381">
     <span class='ocr_line' id='line_1_92' title="bbox 2015 3309 3604 3381; baseline 0.002 -16"><span class='ocrx_word' id='word_1_770' title='bbox 2015 3323 2083 3366; x_wconf 72' lang='grc' dir='ltr'><strong>ιω</strong></span> <span class='ocrx_word' id='word_1_771' title='bbox 2111 3311 2174 3364; x_wconf 80' lang='lat' dir='ltr'><strong>tle</strong></span> <span class='ocrx_word' id='word_1_772' title='bbox 2200 3309 2376 3364; x_wconf 82' lang='lat' dir='ltr'><strong>Patre.</strong></span> <span class='ocrx_word' id='word_1_773' title='bbox 2395 3311 2571 3364; x_wconf 79' lang='lat' dir='ltr'><strong>Crticis</strong></span> <span class='ocrx_word' id='word_1_774' title='bbox 2601 3311 2905 3381; x_wconf 68' lang='grc' dir='ltr'><strong>ειηηιιὲεἱιιιη</strong></span> <span class='ocrx_word' id='word_1_775' title='bbox 2944 3325 3035 3364; x_wconf 78' lang='lat' dir='ltr'><strong>cur</strong></span> <span class='ocrx_word' id='word_1_776' title='bbox 3079 3309 3291 3366; x_wconf 74' lang='lat' dir='ltr'><strong>electum</strong></span> <span class='ocrx_word' id='word_1_777' title='bbox 3315 3329 3346 3365; x_wconf 82' lang='grc' dir='ltr'>(ι</span> <span class='ocrx_word' id='word_1_778' title='bbox 3381 3312 3604 3368; x_wconf 76' lang='lat' dir='ltr'><strong>Christo.</strong></span> 
     </span>
    </p>
   </div>
   <div class='ocr_carea' id='block_1_93' title="bbox 2019 3397 3608 3474">
    <p class='ocr_par' dir='ltr' id='par_1_93' title="bbox 2019 3397 3608 3474">
     <span class='ocr_line' id='line_1_93' title="bbox 2019 3397 3608 3474; baseline 0.001 -17"><span class='ocrx_word' id='word_1_779' title='bbox 2019 3399 2286 3458; x_wconf 73' lang='lat' dir='ltr'><strong>Patientia:</strong></span> <span class='ocrx_word' id='word_1_780' title='bbox 2309 3417 2498 3457; x_wconf 74' lang='lat' dir='ltr'><strong>utet-cer</strong></span> <span class='ocrx_word' id='word_1_781' title='bbox 2513 3397 2612 3456; x_wconf 73' lang='lat' dir='ltr'><strong>non</strong></span> <span class='ocrx_word' id='word_1_782' title='bbox 2639 3401 2932 3472; x_wconf 75' lang='lat' dir='ltr'><strong>temporalis</strong></span> <span class='ocrx_word' id='word_1_783' title='bbox 2956 3401 3006 3455; x_wconf 82' lang='lat' dir='ltr'><strong>in</strong></span> <span class='ocrx_word' id='word_1_784' title='bbox 3032 3404 3288 3474; x_wconf 60' lang='lat' dir='ltr'><strong>pruenti,</strong></span> <span class='ocrx_word' id='word_1_785' title='bbox 3316 3405 3403 3457; x_wconf 73' lang='lat' dir='ltr'><strong>sed</strong></span> <span class='ocrx_word' id='word_1_786' title='bbox 3420 3401 3608 3458; x_wconf 77' lang='lat' dir='ltr'><strong>trtcrtiu</strong></span> 
     </span>
    </p>
   </div>
   <div class='ocr_carea' id='block_1_94' title="bbox 2016 3492 3607 3566">
    <p class='ocr_par' dir='ltr' id='par_1_94' title="bbox 2016 3492 3607 3566">
     <span class='ocr_line' id='line_1_94' title="bbox 2016 3492 3607 3566; baseline 0.001 -17"><span class='ocrx_word' id='word_1_787' title='bbox 2016 3502 2242 3566; x_wconf 80' lang='lat' dir='ltr'><strong>speretur</strong></span> <span class='ocrx_word' id='word_1_788' title='bbox 2283 3494 2338 3547; x_wconf 79' lang='lat' dir='ltr'><strong>in</strong></span> <span class='ocrx_word' id='word_1_789' title='bbox 2373 3497 2546 3564; x_wconf 60' lang='lat' dir='ltr'><strong>[ituro</strong></span> <span class='ocrx_word' id='word_1_790' title='bbox 2575 3493 2779 3546; x_wconf 62' lang='lat' dir='ltr'><strong>serrato.</strong></span> <span class='ocrx_word' id='word_1_791' title='bbox 2815 3492 2919 3548; x_wconf 86' lang='lat' dir='ltr'><strong>Sed</strong></span> <span class='ocrx_word' id='word_1_792' title='bbox 2957 3493 3057 3548; x_wconf 85' lang='lat' dir='ltr'><strong>iste</strong></span> <span class='ocrx_word' id='word_1_793' title='bbox 3087 3493 3252 3550; x_wconf 86' lang='lat' dir='ltr'><strong>Filius</strong></span> <span class='ocrx_word' id='word_1_794' title='bbox 3295 3495 3482 3550; x_wconf 81' lang='lat' dir='ltr'><strong>unicus</strong></span> <span class='ocrx_word' id='word_1_795' title='bbox 3513 3496 3607 3551; x_wconf 85' lang='lat' dir='ltr'><strong>Dei</strong></span> 
     </span>
    </p>
   </div>
   <div class='ocr_carea' id='block_1_95' title="bbox 2016 3581 3603 3657">
    <p class='ocr_par' dir='ltr' id='par_1_95' title="bbox 2016 3581 3603 3657">
     <span class='ocr_line' id='line_1_95' title="bbox 2016 3581 3603 3657; baseline 0.001 -15"><span class='ocrx_word' id='word_1_796' title='bbox 2016 3587 2190 3642; x_wconf 86' lang='lat' dir='ltr'><strong>Patris</strong></span> <span class='ocrx_word' id='word_1_797' title='bbox 2207 3585 2229 3618; x_wconf 73' lang='grc'><strong>⁵</strong></span> <span class='ocrx_word' id='word_1_798' title='bbox 2247 3587 2628 3657; x_wconf 86' lang='lat' dir='ltr'><strong>omnipotentis</strong></span> <span class='ocrx_word' id='word_1_799' title='bbox 2651 3581 2927 3642; x_wconf 86' lang='lat' dir='ltr'><strong>videamus</strong></span> <span class='ocrx_word' id='word_1_800' title='bbox 2951 3586 3075 3656; x_wconf 85' lang='lat' dir='ltr'><strong>quid</strong></span> <span class='ocrx_word' id='word_1_801' title='bbox 3103 3585 3225 3641; x_wconf 78' lang='lat' dir='ltr'><strong>fecit</strong></span> <span class='ocrx_word' id='word_1_802' title='bbox 3251 3597 3464 3657; x_wconf 84' lang='lat' dir='ltr'><strong>propter</strong></span> <span class='ocrx_word' id='word_1_803' title='bbox 3485 3597 3603 3656; x_wconf 81' lang='lat' dir='ltr'><strong>nos,</strong></span> 
     </span>
    </p>
   </div>
   <div class='ocr_carea' id='block_1_96' title="bbox 2017 3675 3608 3750">
    <p class='ocr_par' dir='ltr' id='par_1_96' title="bbox 2017 3675 3608 3750">
     <span class='ocr_line' id='line_1_96' title="bbox 2017 3675 3608 3750; baseline 0.001 -16"><span class='ocrx_word' id='word_1_804' title='bbox 2017 3679 2143 3750; x_wconf 89' lang='lat' dir='ltr'><strong>quid</strong></span> <span class='ocrx_word' id='word_1_805' title='bbox 2171 3675 2357 3750; x_wconf 82' lang='lat' dir='ltr'><strong>passus</strong></span> <span class='ocrx_word' id='word_1_806' title='bbox 2379 3686 2463 3734; x_wconf 86' lang='lat' dir='ltr'><strong>est</strong></span> <span class='ocrx_word' id='word_1_807' title='bbox 2484 3687 2700 3749; x_wconf 88' lang='lat' dir='ltr'><strong>propter</strong></span> <span class='ocrx_word' id='word_1_808' title='bbox 2719 3689 2838 3732; x_wconf 76' lang='lat' dir='ltr'><strong>nos.</strong></span> <span class='ocrx_word' id='word_1_809' title='bbox 2854 3677 3016 3732; x_wconf 78' lang='lat' dir='ltr'><strong>Nnttt&#39;s</strong></span> <span class='ocrx_word' id='word_1_810' title='bbox 3034 3677 3099 3734; x_wconf 88' lang='lat' dir='ltr'><strong>de</strong></span> <span class='ocrx_word' id='word_1_811' title='bbox 3117 3678 3319 3749; x_wconf 89' lang='lat' dir='ltr'><strong>Splrltn</strong></span> <span class='ocrx_word' id='word_1_812' title='bbox 3339 3687 3525 3734; x_wconf 77' lang='lat' dir='ltr'><strong>sancto</strong></span> <span class='ocrx_word' id='word_1_813' title='bbox 3551 3689 3608 3735; x_wconf 78' lang='lat' dir='ltr'><strong>et</strong></span> 
     </span>
    </p>
   </div>
   <div class='ocr_carea' id='block_1_97' title="bbox 2016 3765 3610 3844">
    <p class='ocr_par' dir='ltr' id='par_1_97' title="bbox 2016 3765 3610 3844">
     <span class='ocr_line' id='line_1_97' title="bbox 2016 3765 3610 3844; baseline 0 -15"><span class='ocrx_word' id='word_1_814' title='bbox 2016 3773 2222 3844; x_wconf 80' lang='lat' dir='ltr'><strong>virgine</strong></span> <span class='ocrx_word' id='word_1_815' title='bbox 2241 3771 2424 3827; x_wconf 86' lang='lat' dir='ltr'><strong>Maria.</strong></span> <span class='ocrx_word' id='word_1_816' title='bbox 2453 3771 2544 3828; x_wconf 86' lang='lat' dir='ltr'><strong>Ille</strong></span> <span class='ocrx_word' id='word_1_817' title='bbox 2567 3765 2705 3826; x_wconf 79' lang='lat' dir='ltr'><strong>Deus</strong></span> <span class='ocrx_word' id='word_1_818' title='bbox 2727 3767 2903 3825; x_wconf 81' lang='lat' dir='ltr'><strong>tantus</strong></span> <span class='ocrx_word' id='word_1_819' title='bbox 2928 3771 3146 3842; x_wconf 73' lang='lat' dir='ltr'><strong>aequalis”</strong></span> <span class='ocrx_word' id='word_1_820' title='bbox 3174 3771 3337 3836; x_wconf 76' lang='lat' dir='ltr'><strong>Patri,</strong></span> <span class='ocrx_word' id='word_1_821' title='bbox 3357 3767 3513 3826; x_wconf 74' lang='lat' dir='ltr'><strong>natus</strong></span> <span class='ocrx_word' id='word_1_822' title='bbox 3538 3772 3610 3829; x_wconf 80' lang='lat' dir='ltr'><strong>de</strong></span> 
     </span>
    </p>
   </div>
   <div class='ocr_carea' id='block_1_98' title="bbox 2017 3861 3610 3936">
    <p class='ocr_par' dir='ltr' id='par_1_98' title="bbox 2017 3861 3610 3936">
     <span class='ocr_line' id='line_1_98' title="bbox 2017 3861 3610 3936; baseline -0.001 -16"><span class='ocrx_word' id='word_1_823' title='bbox 2017 3863 2216 3936; x_wconf 81' lang='lat' dir='ltr'><strong>Spiritu</strong></span> <span class='ocrx_word' id='word_1_824' title='bbox 2251 3873 2438 3920; x_wconf 85' lang='lat' dir='ltr'><strong>sancto</strong></span> <span class='ocrx_word' id='word_1_825' title='bbox 2475 3873 2528 3920; x_wconf 88' lang='lat' dir='ltr'><strong>et</strong></span> <span class='ocrx_word' id='word_1_826' title='bbox 2565 3863 2766 3935; x_wconf 84' lang='lat' dir='ltr'><strong>virgine</strong></span> <span class='ocrx_word' id='word_1_827' title='bbox 2790 3861 2952 3919; x_wconf 81' lang='lat' dir='ltr'><strong>Maria</strong></span> <span class='ocrx_word' id='word_1_828' title='bbox 2971 3863 3204 3931; x_wconf 88' lang='lat' dir='ltr'><strong>ltumllis,</strong></span> <span class='ocrx_word' id='word_1_829' title='bbox 3235 3862 3374 3918; x_wconf 78' lang='lat' dir='ltr'><strong>Unde</strong></span> <span class='ocrx_word' id='word_1_830' title='bbox 3394 3871 3610 3922; x_wconf 72' lang='lat' dir='ltr'><strong>sanaret</strong></span> 
     </span>
    </p>
   </div>
   <div class='ocr_carea' id='block_1_99' title="bbox 2017 3951 3610 4027">
    <p class='ocr_par' dir='ltr' id='par_1_99' title="bbox 2017 3951 3610 4027">
     <span class='ocr_line' id='line_1_99' title="bbox 2017 3951 3610 4027; baseline 0 -15"><span class='ocrx_word' id='word_1_831' title='bbox 2017 3957 2298 4027; x_wconf 72' lang='lat' dir='ltr'><strong>superbos.</strong></span> <span class='ocrx_word' id='word_1_832' title='bbox 2321 3955 2581 4011; x_wconf 81' lang='lat' dir='ltr'><strong>Exaltavit</strong></span> <span class='ocrx_word' id='word_1_833' title='bbox 2607 3963 2666 4010; x_wconf 82' lang='lat' dir='ltr'><strong>so</strong></span> <span class='ocrx_word' id='word_1_834' title='bbox 2689 3956 2869 4022; x_wconf 91' lang='lat' dir='ltr'><strong>homo,</strong></span> <span class='ocrx_word' id='word_1_835' title='bbox 2899 3965 2952 4010; x_wconf 91' lang='lat' dir='ltr'><strong>et</strong></span> <span class='ocrx_word' id='word_1_836' title='bbox 2979 3955 3204 4011; x_wconf 84' lang='lat' dir='ltr'><strong>cecidit:</strong></span> <span class='ocrx_word' id='word_1_837' title='bbox 3229 3955 3526 4011; x_wconf 77' lang='lat' dir='ltr'><strong>itttmlliarlt</strong></span> <span class='ocrx_word' id='word_1_838' title='bbox 3550 3951 3610 4012; x_wconf 69' lang='lat' dir='ltr'><strong>se</strong></span> 
     </span>
    </p>
   </div>
   <div class='ocr_carea' id='block_1_100' title="bbox 2019 4043 3612 4120">
    <p class='ocr_par' dir='ltr' id='par_1_100' title="bbox 2019 4043 3612 4120">
     <span class='ocr_line' id='line_1_100' title="bbox 2019 4043 3612 4120; baseline -0.001 -14"><span class='ocrx_word' id='word_1_839' title='bbox 2019 4043 2179 4116; x_wconf 75' lang='lat' dir='ltr'><strong>Deus,</strong></span> <span class='ocrx_word' id='word_1_840' title='bbox 2197 4050 2448 4106; x_wconf 76' lang='lat' dir='ltr'><strong>etet-exit.</strong></span> <span class='ocrx_word' id='word_1_841' title='bbox 2467 4047 2746 4104; x_wconf 80' lang='lat' dir='ltr'><strong>ilumilittts</strong></span> <span class='ocrx_word' id='word_1_842' title='bbox 2760 4047 2954 4104; x_wconf 86' lang='lat' dir='ltr'><strong>Christi</strong></span> <span class='ocrx_word' id='word_1_843' title='bbox 2971 4048 3095 4120; x_wconf 84' lang='lat' dir='ltr'><strong>quid</strong></span> <span class='ocrx_word' id='word_1_844' title='bbox 3108 4049 3450 4105; x_wconf 64' lang='lat' dir='ltr'><strong>botularium</strong></span> <span class='ocrx_word' id='word_1_845' title='bbox 3471 4050 3612 4106; x_wconf 76' lang='lat' dir='ltr'><strong>Dbtls</strong></span> 
     </span>
    </p>
   </div>
   <div class='ocr_carea' id='block_1_101' title="bbox 2019 4129 3608 4214">
    <p class='ocr_par' dir='ltr' id='par_1_101' title="bbox 2019 4129 3608 4214">
     <span class='ocr_line' id='line_1_101' title="bbox 2019 4129 3608 4214; baseline -0.003 -14"><span class='ocrx_word' id='word_1_846' title='bbox 2019 4145 2219 4200; x_wconf 80' lang='lat' dir='ltr'><strong>humtnt</strong></span> <span class='ocrx_word' id='word_1_847' title='bbox 2234 4143 2428 4214; x_wconf 67' lang='lat' dir='ltr'><strong>iacenti</strong></span> <span class='ocrx_word' id='word_1_848' title='bbox 2448 4141 2702 4212; x_wconf 84' lang='lat' dir='ltr'><strong>porrexit.</strong></span> <span class='ocrx_word' id='word_1_849' title='bbox 2722 4141 2827 4196; x_wconf 77' lang='lat' dir='ltr'><strong>Nos</strong></span> <span class='ocrx_word' id='word_1_850' title='bbox 2855 4141 3165 4209; x_wconf 72' lang='lat' dir='ltr'><strong>cecidimus,</strong></span> <span class='ocrx_word' id='word_1_851' title='bbox 3189 4141 3277 4196; x_wconf 88' lang='lat' dir='ltr'><strong>ille</strong></span> <span class='ocrx_word' id='word_1_852' title='bbox 3294 4129 3570 4197; x_wconf 70' lang='lat' dir='ltr'><strong>desebittlll</strong></span> <span class='ocrx_word' id='word_1_853' title='bbox 3596 4161 3608 4195; x_wconf 92' lang='lat'><strong>:</strong></span> 
     </span>
    </p>
   </div>
   <div class='ocr_carea' id='block_1_102' title="bbox 2019 4225 3612 4306">
    <p class='ocr_par' dir='ltr' id='par_1_102' title="bbox 2019 4225 3612 4306">
     <span class='ocr_line' id='line_1_102' title="bbox 2019 4225 3612 4306; baseline -0.002 -16"><span class='ocrx_word' id='word_1_854' title='bbox 2019 4245 2118 4290; x_wconf 86' lang='lat' dir='ltr'><strong>nos</strong></span> <span class='ocrx_word' id='word_1_855' title='bbox 2138 4235 2470 4306; x_wconf 76' lang='lat' dir='ltr'><strong>jacebamus,</strong></span> <span class='ocrx_word' id='word_1_856' title='bbox 2499 4234 2584 4289; x_wconf 89' lang='lat' dir='ltr'><strong>ille</strong></span> <span class='ocrx_word' id='word_1_857' title='bbox 2601 4249 2660 4289; x_wconf 88' lang='lat' dir='ltr'><strong>se</strong></span> <span class='ocrx_word' id='word_1_858' title='bbox 2682 4233 2978 4289; x_wconf 79' lang='lat' dir='ltr'><strong>inclinavit.</strong></span> <span class='ocrx_word' id='word_1_859' title='bbox 3001 4233 3332 4289; x_wconf 78' lang='lat' dir='ltr'><strong>Prendamtts</strong></span> <span class='ocrx_word' id='word_1_860' title='bbox 3348 4239 3402 4290; x_wconf 80' lang='lat' dir='ltr'><strong>et</strong></span> <span class='ocrx_word' id='word_1_861' title='bbox 3427 4225 3612 4303; x_wconf 74' lang='lat' dir='ltr'><strong>surgit-</strong></span> 
     </span>
    </p>
   </div>
   <div class='ocr_carea' id='block_1_103' title="bbox 2018 4324 3612 4396">
    <p class='ocr_par' dir='ltr' id='par_1_103' title="bbox 2018 4324 3612 4396">
     <span class='ocr_line' id='line_1_103' title="bbox 2018 4324 3612 4396; baseline -0.003 -13"><span class='ocrx_word' id='word_1_862' title='bbox 2018 4339 2160 4396; x_wconf 86' lang='lat' dir='ltr'><strong>mus,</strong></span> <span class='ocrx_word' id='word_1_863' title='bbox 2211 4335 2272 4382; x_wconf 88' lang='lat' dir='ltr'><strong>ut</strong></span> <span class='ocrx_word' id='word_1_864' title='bbox 2313 4335 2420 4382; x_wconf 80' lang='lat' dir='ltr'><strong>nun</strong></span> <span class='ocrx_word' id='word_1_865' title='bbox 2463 4326 2515 4381; x_wconf 87' lang='lat' dir='ltr'><strong>in</strong></span> <span class='ocrx_word' id='word_1_866' title='bbox 2563 4333 2775 4396; x_wconf 68' lang='lat' dir='ltr'><strong>poenam</strong></span> <span class='ocrx_word' id='word_1_867' title='bbox 2825 4325 3095 4381; x_wconf 77' lang='lat' dir='ltr'><strong>eudamus.</strong></span> <span class='ocrx_word' id='word_1_868' title='bbox 3147 4324 3288 4395; x_wconf 65' lang='lat' dir='ltr'><strong>Et‘g&#39;o</strong></span> <span class='ocrx_word' id='word_1_869' title='bbox 3339 4325 3612 4380; x_wconf 77' lang='lat' dir='ltr'><strong>inclinatio</strong></span> 
     </span>
    </p>
   </div>
   <div class='ocr_carea' id='block_1_104' title="bbox 2021 4408 3612 4492">
    <p class='ocr_par' dir='ltr' id='par_1_104' title="bbox 2021 4408 3612 4492">
     <span class='ocr_line' id='line_1_104' title="bbox 2021 4408 3612 4492; baseline -0.003 -17"><span class='ocrx_word' id='word_1_870' title='bbox 2021 4419 2186 4492; x_wconf 86' lang='lat' dir='ltr'><strong>ipsius</strong></span> <span class='ocrx_word' id='word_1_871' title='bbox 2217 4421 2332 4474; x_wconf 75' lang='lat' dir='ltr'><strong>inec</strong></span> <span class='ocrx_word' id='word_1_872' title='bbox 2360 4411 2460 4485; x_wconf 73' lang='lat' dir='ltr'><strong>est,</strong></span> <span class='ocrx_word' id='word_1_873' title='bbox 2491 4417 2654 4473; x_wconf 77' lang='lat' dir='ltr'><strong>Nattts</strong></span> <span class='ocrx_word' id='word_1_874' title='bbox 2679 4418 2852 4473; x_wconf 84' lang='lat' dir='ltr'><strong>estde</strong></span> <span class='ocrx_word' id='word_1_875' title='bbox 2871 4417 3070 4486; x_wconf 86' lang='lat' dir='ltr'><strong>Spiritu</strong></span> <span class='ocrx_word' id='word_1_876' title='bbox 3097 4421 3284 4473; x_wconf 81' lang='lat' dir='ltr'><strong>salicto</strong></span> <span class='ocrx_word' id='word_1_877' title='bbox 3309 4423 3363 4472; x_wconf 88' lang='lat' dir='ltr'><strong>et</strong></span> <span class='ocrx_word' id='word_1_878' title='bbox 3406 4408 3612 4487; x_wconf 61' lang='lat' dir='ltr'><strong>iugum</strong></span> 
     </span>
    </p>
   </div>
   <div class='ocr_carea' id='block_1_105' title="bbox 2019 4507 3610 4583">
    <p class='ocr_par' dir='ltr' id='par_1_105' title="bbox 2019 4507 3610 4583">
     <span class='ocr_line' id='line_1_105' title="bbox 2019 4507 3610 4583; baseline -0.003 -15"><span class='ocrx_word' id='word_1_879' title='bbox 2019 4513 2200 4569; x_wconf 80' lang='lat' dir='ltr'><strong>Maria.</strong></span> <span class='ocrx_word' id='word_1_880' title='bbox 2231 4507 2296 4568; x_wconf 85' lang='lat' dir='ltr'><strong>Et</strong></span> <span class='ocrx_word' id='word_1_881' title='bbox 2321 4513 2434 4583; x_wconf 84' lang='lat' dir='ltr'><strong>ipsa</strong></span> <span class='ocrx_word' id='word_1_882' title='bbox 2461 4512 2714 4566; x_wconf 84' lang='lat' dir='ltr'><strong>nativitas</strong></span> <span class='ocrx_word' id='word_1_883' title='bbox 2743 4510 2996 4578; x_wconf 71' lang='lat' dir='ltr'><strong>humana,</strong></span> <span class='ocrx_word' id='word_1_884' title='bbox 3030 4510 3247 4566; x_wconf 77' lang='lat' dir='ltr'><strong>huntilis</strong></span> <span class='ocrx_word' id='word_1_885' title='bbox 3283 4515 3336 4566; x_wconf 84' lang='lat' dir='ltr'><strong>et</strong></span> <span class='ocrx_word' id='word_1_886' title='bbox 3375 4509 3610 4566; x_wconf 65' lang='lat' dir='ltr'><strong>exectis.</strong></span> 
     </span>
    </p>
   </div>
   <div class='ocr_carea' id='block_1_106' title="bbox 2022 4602 3605 4672">
    <p class='ocr_par' dir='ltr' id='par_1_106' title="bbox 2022 4602 3605 4672">
     <span class='ocr_line' id='line_1_106' title="bbox 2022 4602 3605 4672; baseline -0.005 -9"><span class='ocrx_word' id='word_1_887' title='bbox 2022 4605 2172 4663; x_wconf 83' lang='lat' dir='ltr'><strong>Unde</strong></span> <span class='ocrx_word' id='word_1_888' title='bbox 2213 4603 2468 4660; x_wconf 85' lang='lat' dir='ltr'><strong>humilis?</strong></span> <span class='ocrx_word' id='word_1_889' title='bbox 2505 4603 2637 4672; x_wconf 89' lang='lat' dir='ltr'><strong>Quia</strong></span> <span class='ocrx_word' id='word_1_890' title='bbox 2670 4603 2830 4659; x_wconf 85' lang='lat' dir='ltr'><strong>homo</strong></span> <span class='ocrx_word' id='word_1_891' title='bbox 2873 4609 3030 4658; x_wconf 83' lang='lat' dir='ltr'><strong>natus</strong></span> <span class='ocrx_word' id='word_1_892' title='bbox 3069 4609 3153 4659; x_wconf 68' lang='lat' dir='ltr'><strong>ett</strong></span> <span class='ocrx_word' id='word_1_893' title='bbox 3179 4619 3244 4658; x_wconf 81' lang='lat' dir='ltr'><strong>ex</strong></span> <span class='ocrx_word' id='word_1_894' title='bbox 3275 4602 3605 4658; x_wconf 74' lang='lat' dir='ltr'><strong>nominibus.</strong></span> 
     </span>
    </p>
   </div>
   <div class='ocr_carea' id='block_1_107' title="bbox 2018 4687 3608 4768">
    <p class='ocr_par' dir='ltr' id='par_1_107' title="bbox 2018 4687 3608 4768">
     <span class='ocr_line' id='line_1_107' title="bbox 2018 4687 3608 4768; baseline -0.004 -12"><span class='ocrx_word' id='word_1_895' title='bbox 2018 4699 2174 4758; x_wconf 79' lang='lat' dir='ltr'><strong>Unde</strong></span> <span class='ocrx_word' id='word_1_896' title='bbox 2193 4687 2597 4766; x_wconf 65' lang='lat' dir='ltr'><strong>excelsaiQuia</strong></span> <span class='ocrx_word' id='word_1_897' title='bbox 2625 4697 2691 4752; x_wconf 80' lang='lat' dir='ltr'><strong>d&#39;e</strong></span> <span class='ocrx_word' id='word_1_898' title='bbox 2720 4695 2948 4768; x_wconf 87' lang='lat' dir='ltr'><strong>virgine.</strong></span> <span class='ocrx_word' id='word_1_899' title='bbox 2973 4696 3135 4767; x_wconf 64' lang='lat' dir='ltr'><strong>Virgo</strong></span> <span class='ocrx_word' id='word_1_900' title='bbox 3163 4696 3426 4766; x_wconf 63' lang='lat' dir='ltr'><strong>concepit,</strong></span> <span class='ocrx_word' id='word_1_901' title='bbox 3460 4695 3608 4765; x_wconf 71' lang='lat' dir='ltr'><strong>virgo</strong></span> 
     </span>
    </p>
   </div>
   <div class='ocr_carea' id='block_1_108' title="bbox 2018 4779 3224 4865">
    <p class='ocr_par' dir='ltr' id='par_1_108' title="bbox 2018 4779 3224 4865">
     <span class='ocr_line' id='line_1_108' title="bbox 2018 4779 3224 4865; baseline -0.007 -16"><span class='ocrx_word' id='word_1_902' title='bbox 2018 4789 2247 4865; x_wconf 79' lang='lat' dir='ltr'><strong>peperit,</strong></span> <span class='ocrx_word' id='word_1_903' title='bbox 2281 4799 2332 4846; x_wconf 83' lang='lat' dir='ltr'><strong>et</strong></span> <span class='ocrx_word' id='word_1_904' title='bbox 2353 4799 2472 4862; x_wconf 85' lang='lat' dir='ltr'><strong>post</strong></span> <span class='ocrx_word' id='word_1_905' title='bbox 2503 4793 2710 4861; x_wconf 77' lang='lat' dir='ltr'><strong>partum</strong></span> <span class='ocrx_word' id='word_1_906' title='bbox 2738 4779 2888 4862; x_wconf 62' lang='lat' dir='ltr'><strong>virgo</strong></span> <span class='ocrx_word' id='word_1_907' title='bbox 2911 4788 3224 4858; x_wconf 75' lang='lat' dir='ltr'><strong>permansit.</strong></span> 
     </span>
    </p>
   </div>
   <div class='ocr_carea' id='block_1_109' title="bbox 2091 4867 3603 4952">
    <p class='ocr_par' dir='ltr' id='par_1_109' title="bbox 2091 4867 3603 4952">
     <span class='ocr_line' id='line_1_109' title="bbox 2091 4867 3603 4952; baseline -0.005 -12"><span class='ocrx_word' id='word_1_908' title='bbox 2091 4885 2144 4940; x_wconf 80' lang='grc' dir='ltr'><strong>τ.</strong></span> <span class='ocrx_word' id='word_1_909' title='bbox 2174 4883 2310 4952; x_wconf 85' lang='lat' dir='ltr'><strong>Quid</strong></span> <span class='ocrx_word' id='word_1_910' title='bbox 2333 4867 2560 4940; x_wconf 81' lang='lat' dir='ltr'><strong>deinde?</strong></span> <span class='ocrx_word' id='word_1_911' title='bbox 2595 4883 2790 4940; x_wconf 82' lang='lat' dir='ltr'><strong>Passus</strong></span> <span class='ocrx_word' id='word_1_912' title='bbox 2819 4882 2918 4938; x_wconf 88' lang='lat' dir='ltr'><strong>sub</strong></span> <span class='ocrx_word' id='word_1_913' title='bbox 2964 4881 3155 4938; x_wconf 78' lang='lat' dir='ltr'><strong>Pontio</strong></span> <span class='ocrx_word' id='word_1_914' title='bbox 3181 4879 3387 4936; x_wconf 61' lang='lat' dir='ltr'><strong>riuis.</strong></span> <span class='ocrx_word' id='word_1_915' title='bbox 3412 4869 3603 4934; x_wconf 57' lang='lat' dir='ltr'><strong>Piresi-</strong></span> 
     </span>
    </p>
   </div>
   <div class='ocr_carea' id='block_1_110' title="bbox 2019 4969 3608 5052">
    <p class='ocr_par' dir='ltr' id='par_1_110' title="bbox 2019 4969 3608 5052">
     <span class='ocr_line' id='line_1_110' title="bbox 2019 4969 3608 5052; baseline -0.006 -15"><span class='ocrx_word' id='word_1_916' title='bbox 2019 4977 2202 5037; x_wconf 80' lang='lat' dir='ltr'><strong>datum</strong></span> <span class='ocrx_word' id='word_1_917' title='bbox 2244 4979 2453 5052; x_wconf 79' lang='lat' dir='ltr'><strong>agebat,</strong></span> <span class='ocrx_word' id='word_1_918' title='bbox 2484 4987 2540 5035; x_wconf 87' lang='lat' dir='ltr'><strong>et</strong></span> <span class='ocrx_word' id='word_1_919' title='bbox 2585 4978 2750 5050; x_wconf 77' lang='lat' dir='ltr'><strong>judex</strong></span> <span class='ocrx_word' id='word_1_920' title='bbox 2807 4985 2920 5034; x_wconf 89' lang='lat' dir='ltr'><strong>erat</strong></span> <span class='ocrx_word' id='word_1_921' title='bbox 2968 4975 3081 5046; x_wconf 67' lang='lat' dir='ltr'><strong>ipt‘xe</strong></span> <span class='ocrx_word' id='word_1_922' title='bbox 3127 4973 3348 5031; x_wconf 74' lang='lat' dir='ltr'><strong>Pontius</strong></span> <span class='ocrx_word' id='word_1_923' title='bbox 3385 4969 3608 5040; x_wconf 80' lang='lat' dir='ltr'><strong>Pilatus,</strong></span> 
     </span>
    </p>
   </div>
   <div class='ocr_carea' id='block_1_111' title="bbox 2019 5064 3610 5144">
    <p class='ocr_par' dir='ltr' id='par_1_111' title="bbox 2019 5064 3610 5144">
     <span class='ocr_line' id='line_1_111' title="bbox 2019 5064 3610 5144; baseline -0.004 -17"><span class='ocrx_word' id='word_1_924' title='bbox 2019 5069 2232 5144; x_wconf 85' lang='lat' dir='ltr'><strong>quando</strong></span> <span class='ocrx_word' id='word_1_925' title='bbox 2259 5071 2449 5140; x_wconf 83' lang='lat' dir='ltr'><strong>passus</strong></span> <span class='ocrx_word' id='word_1_926' title='bbox 2477 5079 2559 5126; x_wconf 90' lang='lat' dir='ltr'><strong>est</strong></span> <span class='ocrx_word' id='word_1_927' title='bbox 2603 5068 2866 5124; x_wconf 82' lang='lat' dir='ltr'><strong>Christus.</strong></span> <span class='ocrx_word' id='word_1_928' title='bbox 2915 5065 3116 5123; x_wconf 74' lang='lat' dir='ltr'><strong>Iudicis</strong></span> <span class='ocrx_word' id='word_1_929' title='bbox 3157 5066 3375 5120; x_wconf 80' lang='lat' dir='ltr'><strong>nomine</strong></span> <span class='ocrx_word' id='word_1_930' title='bbox 3403 5064 3610 5141; x_wconf 77' lang='lat' dir='ltr'><strong>signata</strong></span> 
     </span>
    </p>
   </div>
   <div class='ocr_carea' id='block_1_112' title="bbox 2018 5145 3612 5236">
    <p class='ocr_par' dir='ltr' id='par_1_112' title="bbox 2018 5145 3612 5236">
     <span class='ocr_line' id='line_1_112' title="bbox 2018 5145 3612 5236; baseline -0.004 -17"><span class='ocrx_word' id='word_1_931' title='bbox 2018 5171 2142 5220; x_wconf 88' lang='lat' dir='ltr'><strong>stmt</strong></span> <span class='ocrx_word' id='word_1_932' title='bbox 2172 5173 2428 5236; x_wconf 87' lang='lat' dir='ltr'><strong>tempora,</strong></span> <span class='ocrx_word' id='word_1_933' title='bbox 2459 5159 2670 5234; x_wconf 82' lang='lat' dir='ltr'><strong>quando</strong></span> <span class='ocrx_word' id='word_1_934' title='bbox 2699 5165 2886 5232; x_wconf 68' lang='lat' dir='ltr'><strong>paSsu‘s</strong></span> <span class='ocrx_word' id='word_1_935' title='bbox 2914 5145 3026 5225; x_wconf 77' lang='lat' dir='ltr'><strong>est;</strong></span> <span class='ocrx_word' id='word_1_936' title='bbox 3056 5147 3159 5214; x_wconf 68' lang='lat' dir='ltr'><strong>sub</strong></span> <span class='ocrx_word' id='word_1_937' title='bbox 3181 5145 3374 5214; x_wconf 81' lang='lat' dir='ltr'><strong>Pontio</strong></span> <span class='ocrx_word' id='word_1_938' title='bbox 3401 5157 3612 5226; x_wconf 85' lang='lat' dir='ltr'><strong>Pilato;</strong></span> 
     </span>
    </p>
   </div>
   <div class='ocr_carea' id='block_1_113' title="bbox 2017 5241 3611 5330">
    <p class='ocr_par' dir='ltr' id='par_1_113' title="bbox 2017 5241 3611 5330">
     <span class='ocr_line' id='line_1_113' title="bbox 2017 5241 3611 5330; baseline -0.002 -19"><span class='ocrx_word' id='word_1_939' title='bbox 2017 5256 2232 5330; x_wconf 82' lang='lat' dir='ltr'><strong>quando</strong></span> <span class='ocrx_word' id='word_1_940' title='bbox 2273 5263 2464 5329; x_wconf 83' lang='lat' dir='ltr'><strong>passus</strong></span> <span class='ocrx_word' id='word_1_941' title='bbox 2487 5263 2601 5322; x_wconf 79' lang='lat' dir='ltr'><strong>est,</strong></span> <span class='ocrx_word' id='word_1_942' title='bbox 2643 5241 2946 5321; x_wconf 78' lang='lat' dir='ltr'><strong>c&#39;ru&#39;cliixus,</strong></span> <span class='ocrx_word' id='word_1_943' title='bbox 2988 5245 3284 5320; x_wconf 73' lang='lat' dir='ltr'><strong>niiirtuus&#39;;</strong></span> <span class='ocrx_word' id='word_1_944' title='bbox 3331 5253 3387 5308; x_wconf 83' lang='lat' dir='ltr'><strong>et</strong></span> <span class='ocrx_word' id='word_1_945' title='bbox 3428 5251 3611 5322; x_wconf 75' lang='lat' dir='ltr'><strong>septi!-</strong></span> 
     </span>
    </p>
   </div>
   <div class='ocr_carea' id='block_1_114' title="bbox 1995 5433 2556 5497">
    <p class='ocr_par' dir='ltr' id='par_1_114' title="bbox 1995 5433 2556 5497">
     <span class='ocr_line' id='line_1_114' title="bbox 1995 5433 2556 5497; baseline -0.004 -11"><span class='ocrx_word' id='word_1_946' title='bbox 1995 5461 1998 5466; x_wconf 95' lang='lat'><strong><em>-</em></strong></span> <span class='ocrx_word' id='word_1_947' title='bbox 2081 5438 2103 5471; x_wconf 79' lang='grc' dir='ltr'>ί</span> <span class='ocrx_word' id='word_1_948' title='bbox 2135 5441 2186 5486; x_wconf 81' lang='lat' dir='ltr'><strong>in</strong></span> <span class='ocrx_word' id='word_1_949' title='bbox 2206 5439 2334 5497; x_wconf 61' lang='lat' dir='ltr'><strong>uss,</strong></span> <span class='ocrx_word' id='word_1_950' title='bbox 2359 5433 2556 5487; x_wconf 71' lang='lat' dir='ltr'><strong>dicitur.</strong></span> 
     </span>
    </p>
   </div>
   <div class='ocr_carea' id='block_1_115' title="bbox 2080 5493 3610 5572">
    <p class='ocr_par' dir='ltr' id='par_1_115' title="bbox 2080 5493 3610 5572">
     <span class='ocr_line' id='line_1_115' title="bbox 2080 5493 3610 5572; baseline 0.001 -22"><span class='ocrx_word' id='word_1_951' title='bbox 2080 5503 2100 5534; x_wconf 75' lang='grc'>³</span> <span class='ocrx_word' id='word_1_952' title='bbox 2133 5506 2274 5572; x_wconf 59' lang='lat' dir='ltr'><strong>iuxta</strong></span> <span class='ocrx_word' id='word_1_953' title='bbox 2291 5493 2366 5550; x_wconf 71' lang='lat' dir='ltr'><strong>Er.</strong></span> <span class='ocrx_word' id='word_1_954' title='bbox 2390 5498 2537 5561; x_wconf 79' lang='lat' dir='ltr'><strong>Lugd.</strong></span> <span class='ocrx_word' id='word_1_955' title='bbox 2559 5505 2677 5568; x_wconf 85' lang='lat' dir='ltr'><strong>ven.</strong></span> <span class='ocrx_word' id='word_1_956' title='bbox 2693 5501 2825 5558; x_wconf 74' lang='grc' dir='ltr'><strong>ιον..</strong></span> <span class='ocrx_word' id='word_1_957' title='bbox 2840 5493 2991 5552; x_wconf 76' lang='lat' dir='ltr'><strong>Filius</strong></span> <span class='ocrx_word' id='word_1_958' title='bbox 3013 5493 3106 5552; x_wconf 62' lang='grc' dir='ltr'><strong>αἱ</strong></span> <span class='ocrx_word' id='word_1_959' title='bbox 3123 5508 3215 5550; x_wconf 76' lang='lat' dir='ltr'><strong>non</strong></span> <span class='ocrx_word' id='word_1_960' title='bbox 3231 5494 3406 5552; x_wconf 77' lang='lat' dir='ltr'><strong>crescit</strong></span> <span class='ocrx_word' id='word_1_961' title='bbox 3425 5509 3444 5564; x_wconf 83' lang='lat'><strong><em>;</em></strong></span> <span class='ocrx_word' id='word_1_962' title='bbox 3461 5496 3610 5552; x_wconf 79' lang='lat' dir='ltr'><strong>omis-</strong></span> 
     </span>
    </p>
   </div>
   <div class='ocr_carea' id='block_1_116' title="bbox 2013 5568 2429 5682">
    <p class='ocr_par' dir='ltr' id='par_1_116' title="bbox 2013 5568 2429 5682">
     <span class='ocr_line' id='line_1_116' title="bbox 2013 5568 2291 5614; baseline -0.022 0"><span class='ocrx_word' id='word_1_963' title='bbox 2013 5575 2069 5614; x_wconf 92' lang='lat' dir='ltr'><strong>so</strong></span> <span class='ocrx_word' id='word_1_964' title='bbox 2109 5568 2168 5613; x_wconf 78' lang='lat' dir='ltr'><strong>si.</strong></span> <span class='ocrx_word' id='word_1_965' title='bbox 2233 5568 2291 5610; x_wconf 76' lang='lat' dir='ltr'><strong>nl.</strong></span> 
     </span>
     <span class='ocr_line' id='line_1_117' title="bbox 2073 5597 2429 5682; baseline -0.008 -8"><span class='ocrx_word' id='word_1_966' title='bbox 2073 5597 2103 5658; x_wconf 56' lang='grc' dir='ltr'>ἲ</span> <span class='ocrx_word' id='word_1_967' title='bbox 2131 5629 2262 5682; x_wconf 66' lang='lat' dir='ltr'><strong>uss,</strong></span> <span class='ocrx_word' id='word_1_968' title='bbox 2288 5629 2429 5674; x_wconf 72' lang='lat' dir='ltr'><strong>Deus.</strong></span> 
     </span>
    </p>
   </div>
   <div class='ocr_carea' id='block_1_117' title="bbox 2080 5682 3612 5752">
    <p class='ocr_par' dir='ltr' id='par_1_117' title="bbox 2080 5682 3612 5752">
     <span class='ocr_line' id='line_1_118' title="bbox 2080 5682 3612 5752; baseline 0.001 -16"><span class='ocrx_word' id='word_1_969' title='bbox 2080 5686 2103 5722; x_wconf 70' lang='grc' dir='ltr'>δ</span> <span class='ocrx_word' id='word_1_970' title='bbox 2134 5693 2267 5748; x_wconf 81' lang='lat' dir='ltr'><strong>Lov.,</strong></span> <span class='ocrx_word' id='word_1_971' title='bbox 2291 5694 2420 5746; x_wconf 73' lang='lat' dir='ltr'><strong>Deus</strong></span> <span class='ocrx_word' id='word_1_972' title='bbox 2444 5683 2535 5739; x_wconf 76' lang='lat' dir='ltr'><strong>Dei</strong></span> <span class='ocrx_word' id='word_1_973' title='bbox 2563 5682 2741 5745; x_wconf 68' lang='lat' dir='ltr'><strong>Panis.</strong></span> <span class='ocrx_word' id='word_1_974' title='bbox 2765 5687 2861 5736; x_wconf 77' lang='lat' dir='ltr'><strong>etc.</strong></span> <span class='ocrx_word' id='word_1_975' title='bbox 2887 5684 3056 5748; x_wconf 70' lang='lat' dir='ltr'><strong>Abest,</strong></span> <span class='ocrx_word' id='word_1_976' title='bbox 3080 5693 3227 5750; x_wconf 75' lang='lat' dir='ltr'><strong>petis,</strong></span> <span class='ocrx_word' id='word_1_977' title='bbox 3253 5686 3318 5746; x_wconf 80' lang='lat' dir='ltr'><strong>ab</strong></span> <span class='ocrx_word' id='word_1_978' title='bbox 3339 5686 3485 5742; x_wconf 84' lang='lat' dir='ltr'><strong>editis</strong></span> <span class='ocrx_word' id='word_1_979' title='bbox 3501 5683 3612 5752; x_wconf 73' lang='lat' dir='ltr'><strong>aliis</strong></span> 
     </span>
    </p>
   </div>
   <div class='ocr_carea' id='block_1_118' title="bbox 2019 5760 3652 5882">
    <p class='ocr_par' dir='ltr' id='par_1_118' title="bbox 2019 5760 3652 5882">
     <span class='ocr_line' id='line_1_119' title="bbox 2019 5760 3652 5882; baseline 0.013 -31"><span class='ocrx_word' id='word_1_980' title='bbox 2019 5760 2363 5878; x_wconf 55' lang='grc' dir='ltr'><strong>θίυδίῗςέτυιιω,</strong></span> <span class='ocrx_word' id='word_1_981' title='bbox 2383 5807 2621 5874; x_wconf 56' lang='lat' dir='ltr'><strong>mea,</strong></span> <span class='ocrx_word' id='word_1_982' title='bbox 2642 5809 2733 5862; x_wconf 80' lang='lat' dir='ltr'><strong>hoc</strong></span> <span class='ocrx_word' id='word_1_983' title='bbox 2755 5813 2806 5861; x_wconf 87' lang='lat' dir='ltr'><strong>et</strong></span> <span class='ocrx_word' id='word_1_984' title='bbox 2819 5809 3048 5882; x_wconf 60' lang='lat' dir='ltr'><strong>prosum</strong></span> <span class='ocrx_word' id='word_1_985' title='bbox 3065 5811 3177 5866; x_wconf 76' lang='grc' dir='ltr'><strong>ιοω</strong></span> <span class='ocrx_word' id='word_1_986' title='bbox 3191 5812 3339 5872; x_wconf 67' lang='lat' dir='ltr'><strong>abest</strong></span> <span class='ocrx_word' id='word_1_987' title='bbox 3356 5819 3513 5870; x_wconf 61' lang='lat' dir='ltr'><strong>ius.</strong></span> 
     </span>
    </p>
   </div>
   <div class='ocr_carea' id='block_1_119' title="bbox 4038 4915 4042 5588">
    <p class='ocr_par' dir='ltr' id='par_1_119' title="bbox 4039 4915 4041 5004">
     <span class='ocr_line' id='line_1_120' title="bbox 4039 4915 4041 5004; baseline 0 -7"><span class='ocrx_word' id='word_1_988' title='bbox 4039 4915 4041 5004; x_wconf 57' lang='grc' dir='ltr'>ἵ</span> 
     </span>
    </p>
   </div>
  </div>
