4102 6336
446 288 546 351 651

444 419 552 466 tus.
574 406 742 478 Quis?
767 405 934 479 quid?
960 399 1056 477 pro
1079 404 1311 478 quibus?
1333 402 1501 473 Quis?
1522 400 1687 457 Filius
1711 401 1806 457 Dei
1829 400 2035 467 unicus,

447 500 706 557 Dominus
725 508 926 555 noster.
950 497 1122 566 Quid?
1143 496 1465 559 Cruciﬁxus,
1494 505 1758 560 mortuus,
1782 501 1837 547 et
1864 489 2039 562 sepul-

449 603 555 651 tus.
586 593 691 649 Pro
716 592 947 664 quibus?
991 593 1095 646 Pro
1137 591 1312 661 impiis
1340 598 1396 644 et
1437 587 1820 659 peccatoribus.
1850 584 2038 655 Magna

449 684 715 757 dignatio!
746 697 936 754 magna
969 682 1176 754 gratia!
1217 681 1353 749 Quid
1380 680 1653 734 retribuam
1678 677 1917 736 Domino.
1947 691 2037 733 vro

452 778 681 832 omnibus
706 791 819 848 qua:
844 775 1071 830 retribuit
1093 774 1219 828 mihi
1244 772 1417 843 (Psal.
1446 788 1568 837 cxv,
1590 771 1723 842 i2)?

523 872 578 925 8.
604 868 771 923 Natus
799 877 881 924 est
907 877 1032 922 ante
1060 866 1240 921 omnia
1271 873 1512 935 tempora
1533 905 1549 931 ,
1583 872 1740 918 natus
1771 869 1895 917 ante
1918 876 2038 917 om-

457 963 547 1017 nia
573 961 789 1018 saecula.
815 959 981 1016 Natus
994 967 1137 1014 ante.
1167 959 1308 1013 Ante
1337 956 1484 1027 quid,
1518 955 1606 1010 ubi
1636 970 1744 1010 non
1771 964 1854 1010 est
1880 955 2040 1010 ante?

452 1054 683 1110 Prorsus
706 1052 870 1106 nolite
895 1052 1128 1122 cogitare
1154 1049 1369 1121 aliquod
1410 1057 1623 1118 tempus
1645 1054 1769 1102 ante
1796 1046 2041 1102 nativita-

457 1155 566 1199 tem
588 1142 810 1209 Christi,
836 1159 939 1213 qua
967 1151 1122 1196 natus
1146 1149 1229 1196 est
1253 1139 1320 1195 de
1344 1140 1501 1194 Patre
1529 1156 1542 1192 :
1567 1138 1636 1193 de
1663 1139 1774 1208 ipsa
1797 1137 2042 1191 nativita-

454 1244 508 1292 te
541 1237 749 1307 loquor,
773 1250 875 1305 qua
898 1245 981 1290 est
1007 1233 1175 1288 Filius
1197 1232 1294 1288 Dei
1320 1230 1700 1302 omnipotentis
1727 1230 1911 1284 unicus
1931 1229 2041 1283 Do-

452 1328 632 1382 minus
658 1337 877 1391 nOSIer;
907 1325 975 1381 de
1012 1325 1126 1395 ipsa
1156 1323 1304 1395 prius
1351 1323 1559 1394 loquor.
1608 1320 1785 1375 Nolite
1809 1321 2043 1391 cogitare

456 1421 508 1476 in
548 1419 650 1474 hac
679 1418 958 1473 nativitate
1004 1416 1211 1471 initium
1255 1414 1545 1483 temporis;
1594 1412 1761 1468 nolite
1809 1415 2043 1482 cogitare

455 1510 625 1565 ullum
649 1511 878 1581 spatium
903 1507 1239 1581 aeternitatis,
1264 1505 1479 1577 quando
1504 1513 1618 1559 erat
1647 1504 1805 1559 Pater
1845 1511 1900 1558 et
1938 1519 2044 1558 non

455 1610 575 1657 erat
600 1602 786 1657 Filius.
812 1601 893 1657 Ex
911 1615 1018 1671 quo
1044 1598 1223 1664 Pater,
1255 1613 1322 1654 ex
1346 1612 1413 1653 eo
1458 1595 1646 1651 Filius.
1674 1595 1744 1650 Et
1779 1594 1905 1665 quid
1937 1603 2039 1657 est.

465 1712 531 1752 ex
559 1712 689 1768 quo,
718 1697 805 1752 ubi
835 1711 940 1751 non
966 1702 1051 1749 est
1074 1692 1319 1748 initium?
1344 1692 1485 1761 Ergo
1510 1704 1726 1759 semper
1746 1689 1904 1744 Pater
1929 1688 2045 1743 sine

457 1789 612 1844 initio
629 1831 644 1855 ,
660 1803 881 1859 semper
899 1786 1064 1842 Filius
1085 1786 1200 1840 sine
1230 1784 1400 1840 initio.
1420 1784 1487 1838 Et
1501 1782 1790 1854 quomodo,
1816 1782 2044 1852 inquies,

454 1889 613 1937 natus
638 1889 743 1947 est,
772 1880 815 1935 si
844 1895 949 1935 non
995 1879 1157 1934 habet
1180 1876 1431 1933 initium?
1475 1876 1549 1931 De
1590 1885 1791 1931 mterno
1827 1885 2049 1930 coaeter-

454 1990 575 2030 nus.
598 1974 877 2044 Nunquam
914 1973 1012 2029 fuit
1041 1973 1196 2028 Pater
1222 1981 1273 2027 et
1302 1986 1408 2026 non
1434 1977 1554 2026 erat
1575 1970 1763 2036 Filius,
1789 1978 1841 2025 et
1870 1977 2048 2024 tamen

374 2076 381 2081 '
455 2066 625 2123 Filius
649 2082 679 2121 a
705 2067 864 2122 Patre
885 2075 967 2121 est
1001 2065 1232 2136 genitus.
1273 2063 1426 2120 Unde
1469 2063 1625 2117 datur
1651 2061 2049 2132 qualiscumque
2090 2058 2098 2065 ’

459 2158 788 2214 similitudo?
811 2158 868 2213 ln
895 2158 1058 2213 rebus
1087 2158 1315 2213 terrenis
1339 2172 1545 2222 sumus,
1578 2156 1629 2210 in
1661 2163 1900 2210 creatura
1926 2153 2055 2209 visi-

459 2249 553 2305 bili
590 2264 793 2306 sumus.
828 2250 928 2305 Det
969 2249 1095 2304 mihi
1136 2248 1535 2303 similitudinem
1574 2257 1712 2303 terra
1744 2264 1759 2300 :
1790 2261 1896 2301 non
1937 2245 2049 2303 dat.

458 2343 560 2398 Det
603 2342 734 2396 mihi
780 2342 1008 2411 aliquam
1060 2339 1460 2396 similitudinem
1505 2338 1763 2393 undarum
1819 2337 2057 2393 elemen-

460 2440 615 2488 tum:
645 2448 751 2487 non
796 2432 955 2488 habet
998 2433 1157 2489 unde.
1198 2432 1298 2486 Det
1343 2431 1471 2486 mihi
1510 2428 1912 2485 similitudinem
1952 2430 2054 2484 ali-

460 2524 603 2595 quod
643 2525 837 2579 animal
871 2540 884 2578 :
917 2539 1017 2579 nec
1054 2523 1158 2578 hoc
1195 2531 1387 2593 potest.
1439 2521 1647 2578 Animal
1695 2520 1921 2595 quidem
1958 2536 2051 2590 ge-

466 2592 641 2680 nerat,
670 2626 724 2672 et
755 2616 895 2686 quod
924 2624 1163 2687 generat,
1188 2592 1243 2670 et
1269 2614 1413 2685 quod
1444 2622 1761 2685 generatur:
1784 2612 1880 2668 sed
1910 2592 2054 2682 prior

462 2719 547 2766 est
571 2720 744 2780 pater,
788 2719 843 2765 et
868 2717 1053 2779 postea
1080 2711 1316 2766 nascitur
1341 2708 1500 2761 ﬁlius.
1542 2705 1878 2760 lnveniamus
1911 2718 2053 2759 core-

461 2816 610 2863 vum,
639 2809 694 2855 et
715 2800 996 2855 credamus
1016 2807 1366 2855 comternum.
1394 2798 1447 2853 Si
1470 2797 1799 2867 potuerimus
1815 2794 2055 2850 invenire

463 2902 670 2964 patrem
697 2906 934 2947 coaevum
967 2890 1074 2945 ﬁlio
1102 2905 1221 2956 suo,
1252 2888 1487 2944 etﬁlium
1508 2902 1747 2943 coaevum
1771 2885 2052 2956 patrisuo;

465 2984 749 3041 credamus
779 2984 942 3038 Deum
974 2983 1184 3038 Patrem
1208 2996 1449 3036 corevum
1483 2979 1618 3034 Filio
1643 2993 1741 3033 suo
1760 3019 1774 3043 ,
1810 2985 1867 3032 et
1890 2976 2054 3032 Deum

466 3076 662 3131 Filiqu
701 3084 1026 3130 coaaternum
1067 3073 1211 3128 Patri
1238 3086 1355 3127 suo.
1392 3071 1450 3125 ln
1477 3079 1615 3125 terra
1646 3082 1929 3139 possumus
1972 3067 2056 3121 in-

468 3168 651 3224 venire
708 3167 937 3237 aliquem
982 3180 1261 3231 oorevum,
1302 3178 1407 3218 non
1475 3176 1757 3233 possumus
1820 3157 2060 3214 invenire

466 3260 698 3330 aliquem
754 3268 1099 3313 comternum.
1148 3255 1487 3310 lntendamns
1526 3268 1762 3308 comvum
1788 3295 1804 3320 ,
1847 3260 1902 3307 et
1938 3266 2059 3307 cre-

469 3352 659 3409 damus
696 3361 1041 3406 cozeternum.
1085 3350 1321 3406 Intentus
1364 3364 1459 3404 vos
1499 3348 1660 3404 faciet
1696 3346 1833 3402 forte
1869 3346 2061 3417 aliquis

468 3453 527 3502 et
550 3445 725 3502 dicet‘
752 3462 765 3498 :
796 3445 1020 3512 Quando
1046 3451 1223 3514 potest
1251 3442 1475 3497 inveniri
1513 3448 1663 3511 pater
1701 3454 1912 3494 coazvus
1952 3438 2061 3493 lilio

471 3553 603 3605 suo,
635 3546 726 3592 ant
772 3537 914 3592 ﬁlius
954 3551 1168 3591 corevus
1198 3534 1335 3605 patri
1372 3534 1513 3589 suo?
1542 3532 1611 3588 Ut
1637 3539 1859 3603 generet
1887 3538 2058 3601 pater,

473 3630 744 3687 antecedit
794 3638 987 3693 aetate;
1037 3636 1097 3682 ut
1126 3634 1373 3682 nascatur
1403 3626 1564 3691 ﬁlius,
1596 3625 1835 3694 sequitur
1858 3631 2014 3676 aetate
2045 3639 2059 3674 :

474 3721 572 3777 sed
602 3721 688 3775 hic
714 3734 929 3773 cernvus
957 3726 1108 3788 pater
1137 3717 1267 3782 ﬁlio,
1299 3716 1383 3770 vel
1421 3715 1559 3768 illius
1584 3713 1742 3784 patri,
1793 3710 2064 3782 quomodo

474 3819 655 3883 potest
677 3811 830 3866 esse?
859 3809 1116 3865 Occurrat
1146 3808 1300 3863 vobis
1325 3808 1460 3877 ignis
1489 3814 1659 3876 pater,
1691 3803 1946 3874 splendor
1997 3803 2064 3856 ﬁ-

475 3905 613 3969 lius;
640 3918 766 3959 ecce
788 3903 1087 3958 invenimus
1114 3915 1345 3957 coaevos.
1387 3900 1466 3954 Ex
1492 3914 1598 3969 quo
1618 3898 1757 3969 ignis
1785 3911 1906 3953 esse
1955 3911 2065 3954 cte-

475 3995 575 4066 pit,
598 3995 851 4050 continuo
877 3993 1213 4065 splendorem
1235 3992 1402 4064 gignit
1427 4010 1440 4047 :
1465 4005 1565 4045 nec
1584 3990 1720 4060 ignis
1741 3997 1865 4044 ante
1888 3989 2067 4058 splen-

475 4084 684 4152 dorem,
712 4100 811 4141 nec
831 4084 1081 4154 splendor
1110 4093 1229 4154 post
1251 4086 1448 4152 ignem.
1478 4083 1547 4138 Et
1569 4083 1615 4137 si
1647 4082 2061 4152 interrogemus,

478 4176 600 4248 quis
620 4191 780 4247 quem
807 4185 1050 4246 generat,
1083 4176 1218 4245 ignis
1264 4173 1625 4244 splendorem,
1676 4182 1767 4227 aut
1815 4172 2069 4243 splendor

479 4267 659 4339 ignem
683 4284 698 4332 ;
749 4267 1003 4323 continuo
1027 4266 1179 4321 vobis
1206 4265 1440 4320 occurrit
1469 4279 1628 4319 sensu
1658 4264 1903 4327 naturali,
1947 4280 2070 4333 prn-

478 4358 660 4415 dentia
686 4358 843 4413 insita
869 4357 1136 4414 mentibus
1165 4357 1375 4423 vestris,
1403 4371 1590 4411 omnes
1618 4355 1859 4409 clamatis
1884 4373 1896 4408 :
1930 4353 2070 4425 Ignis

481 4448 858 4521 splendorem,
890 4464 996 4504 non
1036 4449 1291 4520 splendor
1323 4449 1522 4519 ignem.
1565 4447 1703 4503 Ecce
1746 4456 1897 4517 pater
1934 4447 2070 4502 inci-

482 4544 657 4613 piens,
689 4557 815 4598 ecce
845 4542 982 4596 ﬁlius
1001 4542 1180 4605 simul,
1203 4556 1302 4597 nec
1323 4540 1663 4605 antecedens,
1693 4554 1792 4594 nec
1818 4553 2067 4609 sequens.

483 4637 622 4692 Ecce
647 4651 776 4708 ergo
796 4644 947 4705 pater
973 4635 1253 4705 incipiens,
1279 4648 1403 4688 ecce
1433 4632 1572 4687 ﬁlius
1596 4631 1755 4687 simul
1790 4630 2069 4700 incipiens.

483 4729 540 4786 Si
566 4728 774 4784 ostendi
803 4728 954 4783 vobis
982 4735 1189 4798 patrem
1218 4727 1557 4796 incipientem
1578 4766 1593 4791 ,
1623 4733 1678 4780 et
1714 4723 1879 4779 lilium
1917 4724 2074 4778 simul

487 4822 828 4891 incipientem
848 4836 863 4885 ;
886 4819 1089 4874 credite
1114 4818 1324 4873 Patrem
1352 4833 1459 4871 non
1484 4816 1845 4886 incipientem,
1879 4824 2074 4869 etcum

486 4914 579 4970 illo
609 4914 802 4969 Filium
842 4928 941 4968 nec
981 4913 1154 4982 ipsum
1197 4911 1567 4980 incipientem;
1612 4910 1757 4963 illum
1795 4918 2071 4974 aeternum,

489 5009 639 5063 illum
664 5018 1011 5062 coaeternum.
1043 5004 1101 5060 Si
1129 5004 1409 5075 proﬁcitis,
1438 5002 1732 5073 intelligitis
1760 5019 1774 5056 :
1804 5002 1926 5055 date
1952 5016 2078 5070 ope-

489 5116 600 5155 ram
631 5100 912 5170 proticere.
934 5097 1093 5153 Nasci
1115 5096 1345 5162 habetis,
1368 5094 1460 5150 sed
1491 5103 1546 5150 et
1570 5108 1816 5148 crescere
1840 5093 2076 5156 debetis;

489 5192 609 5266 quia
658 5206 817 5246 nemo
861 5191 1048 5261 incipit
1086 5204 1117 5243 a
1160 5187 1418 5259 perfecto.
1456 5187 1550 5242 Dei
1590 5185 1725 5240 Filio
1754 5185 1901 5239 licuit
1931 5184 2080 5239 nasci

492 5284 820 5354 perlectum;
866 5276 987 5354 quia
1016 5292 1170 5338 natus
1196 5292 1277 5337 est
1301 5282 1417 5337 sine
1454 5289 1729 5350 tempore,
1783 5287 2080 5334 coaeternus

493 5378 658 5442 Patri,
686 5376 1007 5432 antecedens
1046 5380 1243 5442 omnia,
1287 5390 1391 5429 non
1421 5382 1596 5439 aetate,
1629 5370 1722 5427 sed
1762 5372 2076 5426 aeternitate.

493 5470 602 5527 lste
624 5485 752 5540 ergo
792 5477 947 5524 natus
980 5469 1125 5524 Patri
1151 5476 1471 5533 coaeternus,
1505 5465 1573 5519 de
1613 5478 1712 5533 qua
1739 5462 2083 5533 generatione

496 5561 635 5618 dixit
662 5561 938 5631 propheta,
970 5559 1349 5614 Generationem
1366 5560 1474 5629 ejus
1502 5558 1614 5628 quis
1643 5556 1894 5611 enarrabit
1928 5553 2078 5621 (Isai.

499 5671 605 5721 un,
635 5654 729 5724 8)?
770 5660 923 5707 natus
951 5652 1018 5707 de
1046 5652 1203 5707 Patre
1247 5651 1362 5706 sine
1402 5660 1662 5720 tempore,
1708 5657 1862 5702 natns
1905 5655 2078 5702 estex

562 5772 581 5805 ⁸
612 5777 744 5831 Iss.,
770 5772 973 5821 Intentos
993 5778 1075 5820 vos
1091 5764 1252 5831 fari“.
1279 5770 1418 5817 Forte
1439 5761 1615 5828 aliquis
1637 5759 1775 5815 dicit.

1606 284 1695 341 DE
1732 280 2065 346 SYMBOID,
2105 280 2163 336 S.
2205 277 2569 336 AUGUSTIM

3616 282 3728 345 653

2146 397 2348 466 virgine
2393 397 2444 451 in
2493 396 2820 467 plenitudine
2867 399 3141 469 temporis.
3191 398 3349 456 istam
3390 400 3723 459 nativitatem

2143 499 2541 547 antecesserant
2556 500 2814 561 tempora.
2838 491 3243 563 Opportunitate
3271 497 3524 566 temporis
3550 512 3726 567 quan-

2146 582 2217 639 do
2248 584 2434 652 voluit,
2458 585 2671 654 quando
2698 586 2926 657 sciebat,
2967 595 3092 641 tunc
3121 596 3277 642 natus
3304 596 3388 642 est
3413 605 3426 641 :
3453 603 3557 643 non
3581 590 3725 645 enim

2146 677 2333 731 nolens
2358 686 2511 731 natus
2540 688 2640 732 est.
2660 677 2828 733 Nemo
2846 688 3083 734 nostrum
3106 680 3228 751 quia
3257 680 3368 735 vult
3393 682 3650 747 nascitur,
3670 689 3725 738 et

2145 785 2304 827 nemo
2333 781 2573 827 nostrum
2604 772 2815 842 quando
2847 773 2958 827 vult
2979 774 3239 828 moritur:
3270 774 3357 830 ille
3383 775 3596 845 quando
3628 789 3728 829 vo-

2146 865 2243 919 luit
2265 872 2418 920 natus
2442 872 2542 930 est,
2574 864 2787 936 quando
2822 865 2991 919 voluit
3026 874 3269 921 mortuus
3299 875 3413 931 est;
3460 866 3731 933 quomodo

2146 955 2311 1011 voluit
2335 964 2491 1010 natus
2514 964 2596 1010 est
2624 956 2691 1011 de
2721 956 2941 1026 virgine,
2970 956 3237 1025 quomodo
3275 956 3445 1010 voluit
3488 965 3730 1011 mortuus

2147 1054 2229 1101 est
2257 1046 2312 1100 in
2340 1061 2517 1101 cruce.
2545 1047 2809 1118 Quidquid
2834 1047 3001 1101 voluit
3031 1047 3152 1102 fecit
3182 1065 3194 1100 :
3228 1049 3347 1119 quia
3375 1049 3452 1103 sic
3489 1058 3602 1103 erat
3627 1049 3730 1103 lio-

2146 1152 2255 1202 mo,
2280 1144 2335 1190 ut
2358 1137 2546 1192 lateret
2570 1116 2740 1203 Deus;
2768 1149 3044 1208 susceptor
3064 1139 3224 1205 Dens,
3247 1116 3523 1211 stisceptus
3545 1141 3727 1207 homo,

2147 1245 2284 1285 unus
2312 1231 2556 1286 Christus
2586 1232 2722 1287 Deus
2742 1241 2796 1286 et
2823 1232 3000 1287 homo.

2218 1322 2272 1379 9.
2319 1324 2391 1379 De
2419 1339 2575 1379 cruce
2604 1326 2768 1395 ipsius
2793 1325 2915 1395 quid
2960 1326 3182 1396 loquar?
3218 1325 3344 1396 quid
3369 1325 3580 1380 dicam?
3621 1325 3732 1380 Ex-

2150 1424 2375 1470 tremum
2402 1432 2571 1486 genus
2598 1419 2783 1471 mortis
2807 1418 2990 1488 elegit,
3026 1433 3089 1471 ne
3117 1417 3328 1487 aliquod
3355 1433 3523 1488 genus
3538 1402 3741 1473 mortis.

2149 1508 2263 1579 ejus
2291 1520 2553 1580 martyres
2574 1497 2944 1565 formidarent.
2971 1511 3274 1565 Doctrinam
3305 1510 3537 1564 ostendit
3556 1511 3609 1564 in
3636 1509 3737 1563 lm-

2152 1602 2313 1667 mine,
2337 1603 2638 1672 exemplum
2664 1603 2928 1673 patientiae
2958 1603 3342 1659 demonstravit
3367 1604 3417 1658 in
3444 1619 3624 1659 cruce.
3660 1604 3737 1659 lbi

2150 1709 2303 1765 opus,
2333 1695 2454 1764 quia
2490 1694 2773 1750 cruciﬁxus
2801 1713 2813 1748 :
2846 1697 3149 1766 exemplum
3183 1697 3379 1767 operis,
3416 1713 3575 1763 crux;
3599 1713 3741 1769 prte—

2151 1786 2315 1840 mium
2348 1787 2546 1856 operis,
2595 1790 2936 1842 resurrectio.
2991 1787 3233 1843 Ostendit
3282 1789 3435 1843 nobis
3483 1790 3534 1842 in
3574 1804 3741 1844 crure

2153 1878 2280 1948 quid
2312 1879 2561 1945 tolerare,
2603 1879 2837 1934 ostendit
2866 1880 2917 1934 in
2944 1879 3333 1935 resurrectione
3366 1878 3492 1949 quid
3519 1895 3742 1948 sperare

2152 1970 2461 2025 debeamus.
2523 1972 2750 2026 Prorsus
2815 1981 3063 2041 tanquam
3124 1972 3441 2041 agonotheta
3497 1986 3743 2025 summus

2153 2061 2329 2116 dixit:
2361 2061 2487 2130 Fac,
2517 2070 2571 2118 et
2612 2063 2769 2128 tolle;
2824 2063 2907 2118 fac
2952 2077 3113 2132 opus,
3142 2072 3197 2118 et
3219 2063 3400 2133 accipe
3430 2065 3739 2133 prteminm;

2154 2164 2300 2210 certa
2332 2156 2383 2209 in
2413 2172 2600 2226 agone.
2625 2166 2678 2211 et
2702 2157 3066 2211 coronaberis.
3095 2156 3248 2224 Quod
3269 2166 3350 2210 est
3377 2157 3549 2226 opus?
3596 2156 3745 2211 Ohe-

2154 2246 2373 2303 dientia.
2402 2248 2554 2316 Quod
2581 2257 2663 2303 est
2681 2249 2997 2319 praemium?
3034 2249 3375 2304 Resurrectio
3401 2249 3517 2304 sine
3544 2257 3739 2303 morte.

2154 2340 2329 2409 Quare
2350 2341 2546 2408 addidi,
2590 2343 2705 2397 sine
2735 2344 2945 2399 morte?
2972 2343 3106 2411 Quia
3140 2344 3371 2398 surrexit
3398 2342 3657 2407 Lazarus,
3685 2352 3747 2398 et

2156 2443 2399 2489 mortuus
2426 2444 2511 2489 est
2541 2452 2555 2489 :
2581 2436 2873 2490 resurrexit
2897 2435 3169 2497 Christus.
3202 2436 3314 2507 jam
3357 2452 3458 2489 non
3503 2437 3745 2504 moritur,

2155 2543 2291 2581 mors
2329 2528 2374 2581 ei
2413 2528 2545 2581 ultra
2582 2544 2683 2582 non
2720 2528 3061 2582 dominabitur
3087 2528 3274 2601 (Rom.
3300 2545 3373 2595 vt,
3403 2528 3491 2596 9).

2230 2619 2316 2674 10.
2358 2619 2627 2690 Scriptura
2655 2620 2782 2676 dicit
2811 2639 2825 2673 :
2859 2620 3167 2675 Patientiam
3193 2620 3292 2674 Job
3322 2621 3551 2687 audistis,
3592 2629 3639 2674 et
3681 2621 3753 2689 ﬁ-

2158 2726 2272 2763 nem
2293 2709 2499 2764 Domini
2527 2712 2721 2766 vidistis
2741 2711 2954 2782 (Jacobi,
2975 2729 3030 2780 v,
3076 2710 3187 2783 Η).
3215 2712 3316 2768 Job
3343 2720 3538 2782 quanta
3560 2720 3749 2782 pertu-

2158 2804 2302 2872 lerit,
2332 2819 2450 2859 cum
2480 2805 2673 2877 legitur
2692 2816 2748 2862 et
2765 2806 3099 2871 cxhorretur,
3120 2806 3509 2876 expavescitur,
3528 2814 3750 2860 contre-

2160 2895 2457 2951 miscitnr‘.
2500 2896 2571 2952 Et
2594 2898 2719 2968 quid
2760 2898 2995 2967 recepit?
3038 2898 3206 2968 Dupla
3232 2912 3390 2968 quam
3418 2896 3748 2967 perdiderat:

2163 2988 2305 3057 Ergo
2332 3004 2399 3041 ne
2426 2987 2586 3043 homo
2608 2998 2822 3060 prepter
2835 2989 3049 3061 praemia
3078 2990 3383 3060 temporalia
3404 2989 3753 3044 velithabere

2138 3081 2468 3151 «patientiam
2487 3124 2502 3145 ,
2531 3090 2584 3136 et
2608 3082 2748 3137 dicat
2772 3084 2870 3137 sibi
2906 3101 2919 3136 :
2949 3082 3193 3139 'l‘olerem
3226 3082 3476 3138 damnum
3497 3124 3513 3149 ,
3556 3081 3756 3137 reddet

2164 3174 2292 3228 mihi
2320 3176 2457 3229 Dens
2476 3174 2613 3231 ﬁlios
2627 3175 2838 3245 duplos;
2857 3175 2958 3231 Job
2975 3177 3151 3231 omnia
3165 3176 3327 3246 dupla
3349 3175 3571 3245 recepit,
3590 3183 3645 3229 et
3670 3181 3758 3229 tot

2165 3264 2303 3321 ﬁlios
2316 3267 2519 3337 genuit.
2534 3274 2663 3337 quot
2682 3267 2963 3322 extulerat.
2978 3266 3094 3321 Non
3112 3282 3239 3337 ergo
3256 3266 3413 3336 dupla
3430 3264 3758 3319 sunt?Pror-

2166 3359 2435 3433 sus,dupla
2457 3370 2599 3427 sunt,
2615 3362 2736 3433 quia
2762 3361 2905 3415 etilli
2931 3360 3196 3416 vivebant.
3214 3360 3293 3416 Ne
3308 3360 3429 3430 quis
3452 3358 3611 3424 dicat,
3644 3358 3757 3413 Fe-

2165 3450 2279 3508 rant
2308 3453 2445 3507 mala
2469 3495 2485 3521 ,
2512 3462 2567 3508 et
2594 3453 2781 3509 reddet
2814 3452 2945 3507 mihi
2973 3452 3116 3508 Deus
3143 3450 3587 3523 quemadmodum
3630 3449 3760 3505 red-

2166 3546 2302 3602 didit
2325 3548 2426 3602 Job
2451 3564 2463 3599 :
2488 3557 2546 3601 ut
2569 3547 2678 3617 jam
2706 3561 2812 3601 non
2842 3546 2913 3600 sit
2932 3545 3202 3616 patientia,
3232 3543 3325 3599 sed
3353 3541 3591 3597 avaritia.
3615 3540 3756 3596 Nam

2168 3641 2214 3696 si
2241 3642 2541 3711 patientiam
2586 3641 2674 3696 ille
2702 3649 2919 3696 sanctus
2957 3652 3063 3695 non
3114 3638 3353 3699 haberet.
3384 3650 3485 3691 nec
3525 3649 3587 3690 ea
3633 3648 3760 3704 quae

2168 3733 2549 3803 contingebant
2594 3731 2800 3787 fortiter
2842 3730 3162 3795 sustineret;
3206 3726 3564 3783 testimonium
3609 3722 3759 3793 quod

2169 3827 2218 3880 ei
2252 3825 2507 3881 Dominus
2532 3822 2782 3891 reddidit,
2821 3823 2963 3879 unde
3012 3821 3267 3876 haberet?
3315 3814 3754 3881 Animaduertisti,

2170 3922 2244 3976 ait
2264 3921 2540 3985 Dominus,
2567 3920 2635 3973 ad
2659 3935 2870 3990 puerum
2899 3933 3063 3971 meum
3098 3914 3238 3969 Job?
3270 3912 3391 3967 Non
3422 3916 3553 3966 enim
3578 3917 3652 3963 est
3677 3908 3765 3961 illi

2171 4013 2350 4067 similis
2376 4013 2636 4085 quisquam
2656 4012 2709 4065 in
2740 4011 2906 4077 terris,
2930 4010 3077 4063 homo
3102 4009 3211 4062 sine
3232 4004 3453 4075 querela,
3483 4018 3627 4057 verus
3663 3999 3766 4055 Dei

2172 4108 2353 4163 cultor.
2385 4106 2572 4175 Quale,
2612 4104 2823 4170 fratres,
2859 4102 3221 4159 teStimonium
3250 4100 3335 4156 hic
3364 4106 3579 4154 sanctus
3606 4097 3689 4151 vir
3720 4110 3756 4149 a

2175 4200 2402 4256 Domino
2423 4198 2648 4254 meruit?
2675 4198 2744 4252 Et
2768 4206 2942 4253 tamen
2964 4212 3085 4252 eum
3115 4210 3210 4250 sua
3246 4192 3588 4264 persuasione
3616 4190 3764 4246 mala

2174 4294 2368 4349 mulier
2393 4291 2648 4361 decipere
2671 4290 2856 4356 voluit,
2900 4289 3102 4344 habens
3128 4295 3182 4342 et
3226 4286 3341 4340 haec
3368 4284 3585 4355 ﬁguram
3616 4281 3768 4337 illius

2174 4386 2461 4457 serpentis,
2488 4385 2576 4456 qui
2605 4385 2742 4439 sicut
2767 4384 2817 4438 in
2844 4382 3087 4453 paradiso
3110 4379 3321 4449 decepit
3351 4377 3620 4431 hominem
3653 4376 3771 4444 pri—

2177 4494 2321 4534 mum
2355 4479 2547 4533 factum
2592 4492 2623 4531 a
2670 4477 2777 4531 Deo
2823 4473 2988 4547 (Gen.
3021 4489 3098 4537 ιιι,
3133 4470 3284 4543 Hi),
3332 4470 3402 4523 ita
3429 4468 3587 4523 etiam
3620 4482 3771 4520 nunc

2176 4570 2560 4639 blasphemiam
2598 4566 2930 4639 suggerendo
2954 4565 3155 4635 putavit
3181 4578 3338 4634 posse
3367 4562 3615 4631 decipere
3646 4558 3771 4629 pla-

2177 4672 2385 4719 centem
2431 4654 2700 4717 hominem
2734 4663 2865 4716 Deo.
2913 4660 3119 4728 Quanta
3158 4671 3346 4728 passus
3386 4665 3488 4721 est,
3536 4654 3769 4709 fratres!

2179 4759 2309 4825 Quis
2334 4765 2508 4828 potest
2539 4764 2681 4810 tanta
2712 4756 2820 4825 pati
2850 4755 2904 4809 in
2949 4768 3007 4808 re
3032 4766 3147 4817 sua,
3181 4751 3234 4805 in
3282 4750 3441 4804 domo
3472 4762 3588 4812 sua,
3614 4748 3665 4799 in
3699 4746 3771 4799 ti-

2181 4851 2265 4905 liis
2294 4851 2425 4917 suis,
2456 4851 2505 4903 in
2535 4863 2694 4903 carne
2722 4862 2839 4913 sua,
2885 4847 2936 4899 in
2988 4846 3101 4914 ipsa
3141 4860 3258 4914 qua:
3288 4848 3619 4897 remanserat
3647 4848 3772 4893 leno

2182 4944 2369 4999 tatrice
2394 4958 2558 4998 uxore
2593 4941 2725 4997 sua?
2758 4939 2862 4995 Sed
2884 4939 3043 4993 etiam
3076 4938 3244 5006 ipsam
3272 4950 3389 5005 qum
3415 4940 3773 4994 remanserat,

2184 5039 2309 5091 olim
2369 5037 2620 5102 auferret,
2672 5033 2773 5089 nisi
2819 5031 3132 5101 adjutricem
3161 5029 3260 5084 sibi
3303 5036 3611 5082 servasset:
3642 5025 3775 5094 quia

2185 5132 2414 5202 primum
2445 5129 2712 5184 hominem
2736 5141 2829 5197 per
2859 5125 3022 5180 Evam
3050 5122 3428 5183 debellaverat,
3458 5119 3621 5173 Evam
3652 5130 3780 5170 ser-

2190 5229 2423 5277 vaverat.
2451 5218 2654 5287 Quanta
2675 5233 2802 5288 ergo
2828 5231 3015 5287 passus
3043 5216 3152 5269 est!
3179 5210 3417 5268 Perdidit
3444 5207 3622 5264 omnia
3652 5222 3782 5276 quae

2189 5316 2437 5381 habebat,
2464 5314 2655 5369 domus
2694 5312 2859 5383 ipsius
2884 5310 3107 5375 cecidit;
3139 5308 3342 5362 utinam
3371 5304 3510 5360 sola!
3545 5316 3782 5372 oppres-

2187 5411 2258 5466 sit
2281 5419 2335 5465 et
2364 5408 2518 5463 ﬁlios.
2552 5407 2617 5461 Et
2639 5405 2762 5476 quia
2790 5409 2843 5460 in
2893 5403 2983 5458 illo
3012 5400 3266 5472 patientia
3310 5410 3561 5468 magnum
3595 5394 3784 5449 locum

2256 5569 2271 5601 ι
2305 5568 2378 5615 sic
2407 5563 2673 5628 legendum
2690 5564 2828 5628 juxta
2848 5563 2924 5606 Er.
2946 5556 3095 5619 Lugd.
3123 5561 3176 5605 et
3196 5562 3339 5628 Viam,
3468 5552 3785 5628 Rei:-

2190 5629 2370 5687 tnlerit,
2413 5617 2584 5692 legitur
2622 5631 2667 5674 et
2690 5617 2945 5692 "horretur,
2980 5617 3781 5692 eipavescitur,”

2191 5672 2595 5755 311161091?in
2627 5672 2804 5749 quanta
2834 5672 3085 5755 pertulerit
3108 5692 3219 5732 cum
3249 5672 3444 5741 legitur,
3468 5672 3791 5729 alienatur,

2192 5752 2540 5821 expavescunt;
2566 5750 2959 5803 cwttrenusct'tur.
3024 5750 3084 5802 at.
