4102 6336
263 475 527 533 tenuerat,
546 463 675 538 quid
694 457 1034 532 responderit
1057 455 1170 521 ille,
1185 450 1400 508 audite:
1420 447 1669 503 Dominus
1683 442 1847 508 dedit,

265 562 513 619 Dominus
540 556 781 621 abstulit;
808 553 937 608 sicut
956 548 1176 605 Domino
1203 544 1415 615 placuit,
1436 541 1511 595 ita
1533 543 1724 610 factum
1741 543 1813 589 est
1830 549 1850 588 .'

264 657 327 712 sit
384 668 570 708 nomen
611 647 819 704 Domini
862 642 1196 701 benedictum.
1243 635 1475 693 Abstulit
1521 647 1640 702 quae
1681 628 1848 694 dedit,

266 743 520 815 numquid
565 740 723 811 periit
750 737 839 808 qui
865 733 1049 791 dedit?
1095 729 1326 787 Abstulit
1358 741 1477 797 quae
1514 723 1681 779 dedit.
1706 720 1853 807 Tan:

265 788 426 910 quaml
447 788 688 891 diceret:
717 788 956 885 Abstulit
979 824 1178 890 omnia,
1209 788 1414 876 auferat
1433 816 1631 882 omnia,
1656 788 1862 869 nuduni

266 902 495 984 dimittat
551 939 660 987 me,
716 932 771 978 et
818 926 993 976 servet
1036 915 1170 971 mihi
1220 927 1299 969 se.
1342 908 1479 978 Quid
1532 907 1677 964 enim
1724 902 1856 959 mihi

264 1021 458 1082 deerit,
486 1018 530 1071 si
560 1017 725 1071 Deum
754 1009 1032 1067 habuero?
1053 1017 1144 1061 aut
1167 1003 1295 1076 quid
1321 1000 1452 1057 mihi
1476 999 1580 1054 alia
1607 1002 1851 1067 prosunt,

263 1116 305 1165 si
336 1110 508 1165 Deum
540 1122 645 1161 non
669 1102 937 1158 habuero?
967 1102 1259 1154 Accessum
1284 1101 1367 1149 est
1390 1090 1456 1147 ad
1478 1102 1717 1152 carnem,
1743 1099 1859 1155 per-

266 1214 457 1255 cussus
486 1206 572 1255 est
601 1197 822 1252 vulnere
865 1209 894 1246 a
926 1190 1101 1260 capite
1144 1201 1316 1258 usque
1368 1183 1436 1238 ad
1487 1181 1682 1252 pedes;
1709 1177 1859 1234 sanie

263 1290 564 1356 diffluebat,
594 1286 868 1342 vermibus
891 1281 1170 1337 scatebat:
1210 1286 1263 1332 et
1308 1289 1367 1331 se
1394 1276 1446 1329 in
1479 1273 1593 1327 Deo
1618 1284 1716 1326 suo
1753 1268 1857 1323 im-

264 1384 522 1439 mobilem
561 1375 968 1435 demonstrabat
997 1382 1155 1442 atque
1181 1367 1395 1439 figebat.
1425 1362 1603 1419 Voluit
1632 1360 1707 1416 illi
1736 1374 1858 1414 mu-

266 1475 382 1540 lier,
406 1470 605 1527 diaboli
633 1468 887 1539 adjutrix,
914 1480 1022 1520 non
1049 1460 1227 1518 mariti
1264 1455 1606 1519 consolatrix,
1638 1464 1860 1524 persua-

264 1567 392 1623 dere
422 1561 812 1633 blasphemiam
838 1576 851 1612 :
901 1554 1177 1623 Quamdiu,
1210 1550 1401 1620 inquit,
1433 1548 1531 1603 ista
1560 1554 1607 1600 et
1646 1545 1742 1599 ista
1764 1558 1859 1612 pa-

264 1656 428 1712 teris?
476 1654 572 1708 Dic
618 1651 825 1721 aliquod
867 1648 1072 1703 uerbum
1111 1646 1164 1699 in
1214 1641 1507 1703 Dominum,
1548 1647 1596 1691 et
1643 1648 1857 1690 morere.

266 1750 410 1819 Ergo
448 1747 573 1818 quia
607 1743 919 1799 humiliatus
955 1746 1104 1804 erat,
1136 1732 1449 1791 exaltandus
1474 1738 1613 1786 erat.
1641 1728 1707 1782 Et
1732 1724 1863 1781 fecit

267 1818 372 1895 hoc
422 1836 698 1901 Dominus,
746 1842 805 1888 ut
846 1829 1154 1886 ostenderet
1201 1824 1548 1880 hominibus:
1579 1834 1700 1875 nam
1745 1818 1863 1887 ipse

264 1946 424 1987 servo
450 1944 552 1984 suo
574 1928 627 1982 in
667 1925 806 1981 cmlo
848 1922 1050 1993 majora
1078 1917 1332 1975 servavit.
1360 1915 1502 1985 Ergo
1531 1910 1863 1966 humiliatum

266 2025 372 2081 Job
415 2020 691 2085 exaltavit,
747 2018 950 2073 elatum
999 2011 1271 2069 diabolum
1325 2004 1622 2062 humiliavit
1672 2021 1685 2059 :
1740 2000 1863 2071 quia

265 2119 401 2172 hunc
430 2113 696 2178 humiliat,
746 2120 791 2166 et
821 2110 954 2163 hunc
994 2106 1185 2161 exultat
1231 2101 1402 2175 (Psal.
1451 2093 1740 2167 Lxxtv,8).
1787 2092 1865 2149 Ne

266 2211 390 2280 quis
412 2217 589 2262 autem
614 2246 633 2273 ,
663 2202 856 2259 fratres
885 2197 1209 2262 charissimi,
1242 2192 1456 2265 quando
1481 2191 1685 2260 aliquas
1719 2185 1864 2256 ejus-

268 2279 414 2358 modi
441 2300 637 2371 patitur
668 2294 1055 2355 tribulationes,
1086 2290 1174 2345 hic
1209 2294 1486 2357 exspectet
1512 2279 1814 2338 mercedem
1846 2295 1861 2332 :

274 2398 427 2453 verbi
456 2394 649 2466 gratia,
682 2391 726 2446 si
772 2389 967 2443 damna
1011 2386 1187 2454 aliqua
1243 2381 1491 2451 patiatur,
1522 2390 1588 2431 ne
1637 2374 1772 2429 forte
1801 2386 1867 2427 eo

268 2463 640 2546 animo‘dicat,
675 2480 921 2536 Dominus
952 2475 1107 2538 dedit,
1162 2472 1413 2527 Dominus
1455 2465 1698 2529 abstult't,’
1738 2463 1870 2517 sicut

274 2582 498 2637 Domino
530 2576 740 2649 placuit,
765 2575 836 2627 ita
858 2576 1049 2640 factum
1073 2576 1175 2622 est:
1201 2565 1267 2621 sit
1287 2578 1469 2618 nomen
1494 2557 1698 2613 Domini
1722 2555 1869 2609 bene-

271 2674 485 2737 dictum,
517 2646 573 2724 ut
599 2667 819 2738 duplum
849 2664 1095 2731 accipiat.
1146 2655 1404 2713 Patientia
1451 2652 1618 2707 Deum
1665 2646 1866 2713 laudet,

276 2783 387 2822 non
412 2762 654 2819 avaritia.
683 2759 738 2814 Si
768 2774 828 2812 ea
857 2770 977 2826 quae
1004 2751 1299 2824 perdidisti,
1327 2746 1485 2816 dupla
1513 2743 1709 2814 qmeris
1736 2739 1872 2795 reci-

271 2873 425 2929 pere,
456 2866 511 2909 et
536 2852 656 2908 ideo
677 2851 846 2905 Deum
866 2845 1086 2909 laudas;
1120 2842 1188 2897 de
1212 2838 1499 2909 cupiditate
1524 2833 1731 2895 laudas,
1757 2845 1864 2885 non

268 2950 338 3006 dc
386 2945 672 3003 charitate.
724 2940 838 2995 Non
894 2938 988 2992 tibi
1036 2942 1281 2990 occurrat
1339 2930 1504 3000 ipsius
1546 2924 1715 2981 sancti
1773 2922 1872 2977 viri

269 3038 611 3108 exemplum:
633 3033 766 3088 fallis
792 3038 865 3086 te.
897 3026 1121 3096 Quando
1143 3024 1244 3081 Job
1264 3021 1442 3077 omnia
1472 3016 1755 3078 tolerabat,
1776 3012 1873 3067 du-

271 3137 364 3207 pla
390 3148 496 3188 non
526 3127 795 3200 sperabat.
827 3125 893 3180 Et
915 3124 965 3178 in
993 3123 1164 3193 prima
1196 3117 1312 3187 ejus
1331 3111 1674 3170 confessione
1701 3122 1873 3179 quan-

271 3200 344 3282 do
370 3226 566 3280 damna
591 3218 809 3292 pertulit
831 3224 886 3271 et
920 3214 1057 3269 filios
1084 3210 1301 3273 extulit,
1327 3216 1381 3262 et
1410 3207 1463 3260 in
1491 3200 1725 3260 secunda
1750 3213 1872 3254 cum

268 3318 382 3391 jam
420 3322 685 3371 tormenta
727 3311 1003 3365 vulnerum
1054 3310 1324 3374 pateretur
1365 3298 1418 3353 in
1458 3310 1643 3359 carne,
1687 3300 1866 3363 potest

271 3408 482 3466 adverti
501 3404 644 3477 quod
672 3402 813 3457 dico.
840 3396 1045 3456 Prioris
1077 3395 1193 3463 ejus
1227 3386 1580 3446 confessionis
1605 3384 1719 3438 hare
1748 3396 1872 3435 ver-

272 3502 341 3558 ba
373 3470 541 3556 sunt;
575 3496 820 3550 Dominus
861 3491 1021 3553 dedit,
1066 3486 1311 3542 Dominus
1338 3479 1586 3542 abstulit;
1608 3478 1735 3533 sicut
1766 3470 1877 3527 Do-

273 3596 413 3649 mino
443 3588 658 3661 placuit,
681 3588 753 3640 ita
778 3588 972 3657 factum
1012 3589 1084 3634 est
1127 3596 1140 3632 :
1181 3576 1246 3630 sit
1291 3589 1473 3628 nomen
1503 3569 1707 3623 Domini
1734 3566 1881 3619 bene-

273 3659 491 3742 dictum.
542 3683 761 3737 Poterat
810 3676 1043 3731 dicere:
1094 3670 1352 3726 Dominus
1405 3664 1571 3730 dedit,
1620 3659 1880 3716 Dominus

276 3776 536 3841 abstulit;
559 3780 739 3845 potest
764 3771 956 3825 iterum
986 3765 1116 3819 dare
1145 3763 1235 3832 qui
1257 3758 1499 3823 abstulit,
1527 3762 1705 3827 potest
1730 3753 1880 3822 plura

280 3882 546 3927 revocare
562 3843 733 3936 quam
767 3860 904 3915 tulit.
934 3857 1053 3912 Non
1075 3855 1179 3910 hoc
1207 3852 1360 3918 dixit,
1388 3848 1505 3915 sed,
1536 3848 1667 3903 sicut
1698 3843 1880 3898 Domi-

275 3978 345 4017 no
376 3934 603 4032 placuit,
628 3954 818 4024 inquit,
846 3952 917 4004 ita
939 3953 1129 4021 factum
1167 3953 1239 3999 est
1270 3959 1287 3996 :
1313 3941 1434 4011 quia
1466 3939 1515 3993 ei
1547 3938 1741 4008 placet,
1770 3934 1884 4004 pla-

279 4026 406 4109 cea't
430 4050 594 4114 mihi;
626 4044 768 4117 quod
796 4040 995 4114 placuit
1020 4039 1163 4094 bono
1196 4032 1444 4098 Domino,
1474 4044 1579 4084 non
1607 4026 1886 4097 displiceat

280 4142 503 4201 subdito
528 4152 722 4200 servo;
763 4132 904 4205 quod
948 4129 1147 4202 placuit
1189 4123 1419 4188 medico,
1469 4135 1577 4175 non
1609 4117 1887 4188 displiceat

282 4243 514 4308 aegroto.
558 4231 733 4287 Aliam
762 4228 927 4298 ipsius
967 4221 1093 4278 audi
1125 4216 1517 4274 confessionem
1552 4230 1565 4267 :
1598 4209 1790 4264 Locuta
1810 4224 1883 4275 es,

284 4332 461 4400 inquit
478 4325 637 4383 uxori
664 4338 797 4388 suae,
822 4329 1059 4390 tanquam
1081 4331 1183 4368 una
1206 4329 1269 4367 ex
1286 4305 1638 4379 insipientibus
1664 4302 1888 4358 mulieri-

287 4397 403 4477 bus.
434 4421 494 4477 Si
519 4420 651 4473 bona
685 4413 995 4486 percepimus
1032 4408 1093 4462 de
1122 4422 1275 4461 manu
1317 4400 1538 4463 Domini,
1570 4397 1705 4451 mala
1732 4410 1890 4465 quare

286 4530 393 4568 non
414 4485 765 4567 sustinebimus
794 4502 932 4575 (Job.
970 4517 987 4555 ι
1032 4507 1085 4555 ει
1128 4495 1234 4568 tt)?
1265 4493 1379 4549 Non
1411 4488 1635 4551 addidit,
1666 4485 1806 4558 quod
1831 4485 1876 4538 si

292 4608 525 4667 diceret,
554 4614 739 4656 verum
770 4596 991 4659 diceret,
1024 4591 1217 4645 Potens
1242 4593 1327 4642 est
1354 4582 1614 4639 Dominus
1639 4588 1693 4633 et
1714 4589 1887 4631 meam

291 4712 514 4753 carnem
548 4695 604 4748 in
631 4690 911 4762 pristinum
941 4697 1213 4746 revocare,
1255 4687 1309 4733 et
1355 4674 1495 4747 quod
1524 4672 1677 4727 nobis
1706 4670 1893 4723 abstu-

294 4795 362 4846 lit
388 4787 746 4858 multiplicare
780 4800 793 4835 :
824 4796 892 4836 ne
920 4780 1019 4834 ista
1049 4791 1143 4845 spe
1182 4774 1270 4829 illa
1317 4771 1573 4825 tolerasse
1597 4764 1888 4820 videretur.

290 4885 399 4938 Ista
432 4855 733 4941 non—dixit,
761 4876 861 4928 ista
887 4887 991 4926 non
1023 4866 1275 4939 Speravit.
1304 4862 1410 4919 Sed
1445 4868 1505 4914 ut
1542 4874 1639 4914 nos
1666 4855 1893 4911 docerev

293 4991 421 5029 mur
441 5015 456 5039 ,
494 4987 599 5026 non
628 4965 864 5037 speranti
893 4963 1149 5018 Dominus
1181 4954 1448 5028 praestitit,
1476 4966 1581 5022 quo
1612 4962 1709 5004 nos
1729 4946 1893 5001 doce-

293 5072 505 5130 remur,
539 5064 663 5134 quia
692 5061 831 5114 Deus
871 5056 946 5111 illi
973 5051 1143 5107 adfuit
1173 5067 1187 5103 :
1235 5047 1355 5119 quia
1394 5046 1438 5099 si
1467 5052 1522 5100 et
1559 5042 1644 5096 illa
1684 5040 1761 5093 illi
1789 5053 1895 5093 nott

297 5159 578 5223 redderet,
609 5152 874 5208 occultam
918 5158 1172 5202 coronam
1197 5140 1311 5210 ejus
1338 5136 1521 5191 videre
1548 5132 1767 5187 minime
1800 5144 1895 5200 po-

298 5264 564 5307 teramus.
596 5249 664 5303 Et
687 5246 805 5301 ideo
822 5240 943 5315 quid
961 5240 1033 5294 ait
1052 5236 1324 5306 Scriptura
1341 5231 1545 5295 divina,
1567 5223 1899 5283 exhortando

295 5346 368 5397 εισι
427 5342 736 5414 patientiam
785 5347 838 5391 et
861 5349 1010 5405 spem
1063 5330 1383 5390 futurorum,
1438 5338 1545 5377 non
1596 5317 1898 5375 mercedem

296 5409 691 5508 praesentium?
718 5426 1025 5482 Patientiam
1048 5422 1148 5476 Job
1177 5419 1409 5482 audistis,
1432 5425 1479 5471 et
1514 5414 1664 5484 liuent
1696 5409 1901 5463 Domini

295 5499 521 5584 uidistis.
536 5529 713 5596 Quare
734 5520 1025 5593 patientiam
1044 5515 1164 5578 Job,
1188 5523 1385 5575 etnon,
1409 5509 1593 5564 Finem
1615 5504 1780 5575 ipsius
1800 5499 1902 5557 Job

295 5594 577 5678 Vidistis?‘
609 5619 812 5673 Fauces
870 5610 1108 5682 aperires
1153 5606 1220 5662 ad
1268 5603 1459 5673 dupla;
1516 5599 1752 5659 diceres,
1791 5594 1904 5648 Deo

296 5716 529 5789 gratias,
560 5710 872 5771 sustineam,
906 5703 1126 5773 duplum
1154 5697 1353 5769 recipio
1382 5694 1519 5749 sicut
1538 5690 1658 5745 Job.
1688 5685 1899 5740 Patien-

306 5780 449 5865 tiam
469 5780 567 5862 Job
586 5846 604 5874 ,
634 5804 789 5874 ﬁnem
820 5796 1043 5853 Domini.
1076 5790 1391 5849 Patientiam
1420 5785 1518 5842 Job
1548 5780 1821 5848 novimus,
1850 5784 1907 5833 et

1440 325 1671 386 SERMO
1707 322 1799 381 AD
1835 316 2403 379 CATECHUMENOS.

1959 438 2118 495 linem
2150 436 2358 494 Domini
2383 434 2647 491 novimus.
2686 431 2855 500 Quem
2894 433 3054 486 linem
3097 429 3341 487 Domini?
3369 429 3532 500 Deus,

1959 531 2098 587 Deus
2112 547 2273 597 meus,
2291 537 2346 583 ut
2361 527 2482 598 quid
2497 543 2577 582 me
2595 524 2903 595 dereliquisti
2923 521 3092 595 (Psal.
3120 538 3238 589 ιιι,
3250 522 3337 595 2)?
3362 523 3539 580 Verba

1961 632 2085 680 sunt
2126 622 2332 678 Domini
2362 618 2642 692 pendentis
2687 617 2739 671 in
2768 616 2932 685 ligno.
2972 612 3135 681 Quasi
3160 615 3372 684 reliquit
3391 615 3540 669 illum

1961 718 2027 773 ad
2075 724 2390 787 praesentem
2440 712 2768 775 felicitatem,
2815 707 2907 763 sed
2955 722 3061 763 non
3092 722 3212 761 eum
3242 707 3454 777 reliquit
3477 707 3543 762 ad

1961 818 2214 863 aeternam
2262 804 2732 860 immortalitatem.
2769 800 2840 855 lbi
2889 809 2972 854 est
3017 798 3138 853 finis
3188 798 3416 852 Domini.
3448 798 3550 852 Te-

1962 909 2092 958 nent
2117 899 2308 965 Judazi,
2339 897 2594 952 insultant
2616 893 2806 959 Judazi,
2840 893 3004 963 ligant
3038 889 3231 954 Judaei,
3266 891 3433 961 ερίιιὶε
3460 906 3551 943 co-

1963 1001 2187 1057 ronant,
2245 991 2416 1061 sputis
2458 987 2847 1052 debonestant,
2902 983 3198 1054 ﬂagellant,
3250 984 3550 1053 opprobriis

1964 1089 2216 1153 obruunt,
2249 1085 2391 1155 ligno
2435 1080 2786 1151 suspendunt,
2814 1077 2995 1132 lancea
3028 1076 3255 1141 fodiunt,
3281 1062 3549 1144 postrema

1963 1179 2229 1249 sepeliunt
2260 1194 2273 1228 :
2305 1174 2455 1245 quasi
2509 1172 2726 1228 relictus
2774 1177 2878 1225 est.
2904 1167 3010 1224 Sed
3054 1166 3283 1237 quibus?
3312 1166 3421 1219 Illis
3471 1166 3520 1218 in

1964 1270 2305 1327 sultantibus.
2326 1267 2449 1322 Ideo
2472 1281 2601 1336 ergo
2633 1263 2828 1318 habeto
2848 1261 3176 1332 patientiam,
3209 1270 3265 1313 ut
3305 1273 3493 1327 resurg
3516 1283 3555 1311 .s

1964 1372 2020 1419 et
2065 1377 2171 1417 non
2224 1359 2491 1421 moriaris,
2536 1356 2587 1411 id
2634 1364 2739 1420 est,
2784 1368 3054 1423 nunquam
3098 1352 3365 1413 moriaris,
3417 1352 3553 1403 sicut

1964 1456 2225 1510 Christus.
2257 1453 2347 1508 Sic
2370 1452 2510 1507 enim
2545 1450 2769 1521 legimus
2793 1466 2805 1502 :
2841 1447 3071 1501 Christus
3091 1462 3301 1518 surgens
3329 1463 3392 1500 ex
3419 1462 3553 1499 mor-
3598 1460 3613 1477 ·

1967 1551 2085 1615 tuis,
2103 1550 2218 1620 jam
2241 1564 2342 1602 non
2365 1546 2575 1600 moritur
2605 1543 2781 1616 (Rom.
2808 1558 2883 1608 v1,
2907 1540 2986 1610 9).

2037 1639 2262 1697 CAPUT
2285 1638 2373 1693 iV.
2395 1667 2466 1678 —
2493 1637 2579 1692 ΙΙ.
2614 1634 2801 1691 Sedere
2828 1633 2894 1686 ad
2920 1632 3177 1687 dexteram
3211 1629 3399 1696 Patris,
3434 1628 3556 1700 quid

1966 1734 2052 1789 sit.
2100 1732 2320 1787 Dextera
2367 1730 2566 1795 Patris,
2607 1727 2883 1782 beatitudo.
2933 1725 3189 1781 Ascendit
3225 1725 3277 1779 in
3319 1724 3554 1779 caelum:

1967 1824 2190 1882 credite.
2218 1822 2382 1880 Sedet
2403 1821 2471 1877 ad
2500 1820 2773 1876 dexteram
2801 1818 2973 1873 Patris
3006 1835 3020 1873 :
3050 1816 3273 1872 credite.
3314 1815 3516 1871 Sedere
3540 1856 3555 1880 ,

1970 1918 2246 1988 intelligite
2269 1914 2509 1971 habitare
2541 1931 2553 1968 :
2586 1911 2853 1983 quomodo
2872 1910 3099 1964 dicimus
3124 1908 3192 1963 de
3219 1922 3560 1978 quocumque

1970 1998 2208 2076 homine,
2243 2008 2298 2063 In
2327 2008 2413 2063 illa
2442 2006 2610 2077 patria
2638 2004 2776 2060 sedit
2806 2019 2901 2073 per
2929 2012 3035 2057 tres
3062 2014 3252 2055 annos.
3274 2000 3410 2054 Dicit
3431 1999 3560 2053 illud

1970 2116 2025 2163 et
2082 2104 2376 2174 Scriptura.
2425 2102 2628 2157 sedisse
2674 2098 2955 2171 quemdam
2997 2098 3049 2152 in
3096 2096 3308 2150 civitate
3354 2102 3562 2148 tantum

1972 2206 2181 2268 tempus
2225 2194 2326 2266 (ΙΙΙ
2366 2193 2491 2265 Reg.
2519 2209 2577 2257 tt,
2608 2193 2699 2257 58,
2726 2207 2823 2246 sec.
2859 2189 3049 2258 LXX).
3080 2185 3343 2256 Numquid
3374 2185 3514 2242 sedit
3544 2225 3560 2251 ,

1972 2300 2027 2346 et
2074 2303 2343 2359 nunquam
2389 2285 2662 2341 surrexit?
2716 2284 2840 2338 Ideo
2889 2282 3163 2336 hominum
3212 2280 3564 2334 habitationes

1972 2382 2131 2439 sedes
2173 2381 2420 2436 dicuntur
2457 2378 2556 2450 (a).
2600 2377 2700 2434 Ubi
2755 2377 3017 2431 habentur
3068 2373 3255 2438 sedes,
3308 2370 3564 2442 numquid

1974 2492 2188 2547 semper
2237 2474 2492 2531 sedetur?
2531 2487 2636 2528 non
2680 2471 2945 2542 surgitur,
2975 2484 3080 2524 non
3110 2467 3431 2533 ambulatur,
3460 2480 3567 2521 non

1972 2570 2217 2644 jacetur?
2255 2578 2310 2625 ει
2341 2577 2517 2623 tamen
2561 2565 2718 2622 sedes
2761 2571 3042 2620 vocantur.
3080 2560 3170 2618 Sic
3208 2574 3336 2631 ergo
3364 2558 3569 2615 credite

1977 2664 2217 2718 habitare
2245 2660 2513 2718 Christum
2540 2660 2599 2713 in
2625 2658 2851 2714 dextera
2871 2656 2962 2711 Dei
2984 2655 3157 2709 Patris
3186 2672 3200 2708 :
3228 2652 3303 2707 ibi
3328 2660 3429 2707 est.
3456 2650 3568 2707 Nec

1976 2754 2116 2811 dicat
2144 2753 2296 2808 vobis
2320 2767 2415 2808 cor
2444 2760 2710 2816 vestrum,
2751 2747 2888 2818 Quid
2934 2746 3080 2817 agit?
3123 2745 3300 2811 Nolite
3328 2757 3569 2814 quatrere

1976 2845 2119 2917 quod
2149 2859 2253 2899 non
2280 2843 2403 2898 licet
2434 2840 2673 2896 invenire
2707 2857 2722 2894 :
2751 2837 2822 2893 ibi
2851 2846 2966 2899 est;
3008 2835 3207 2891 sufficit
3230 2832 3403 2889 vobis.
3439 2833 3573 2887 Bea-
3674 2896 3679 2901 ,

1980 2949 2063 2995 tus
2089 2947 2193 3005 est,
2221 2946 2276 2993 et
2300 2951 2331 2991 a
2361 2932 2712 2998 beatitudine,
2740 2946 2859 3002 qua:
2884 2929 3101 2984 dextera
3131 2925 3302 2983 Patris
3328 2933 3568 2988 vocatur,

1979 3032 2146 3102 ipsius
2171 3027 2512 3084 beatitudinis
2536 3039 2729 3080 nomen
2760 3031 2876 3089 est,
2904 3021 3129 3076 dextera
3156 3019 3348 3074 Patris.
3372 3017 3502 3073 Nam
3526 3018 3571 3073 si

1978 3122 2265 3179 carnaliter
2301 3119 2699 3188 acceperimus;
2732 3115 2851 3185 quia
2897 3111 3047 3166 sedet
3072 3110 3136 3166 ad
3166 3110 3438 3165 dexteram
3469 3108 3573 3162 Pa.

1982 3215 2098 3281 tris,
2132 3213 2220 3268 ille
2241 3212 2344 3268 erit
2368 3210 2435 3264 ad
2463 3210 2755 3264 sinistram.
2785 3204 3051 3274 Numquid
3074 3203 3151 3258 fas
3168 3212 3250 3257 est
3269 3211 3323 3257 ut
3350 3203 3426 3257 sic
3456 3202 3574 3256 illos

1980 3321 2386 3380 componamus,
2437 3304 2630 3365 Filium
2679 3301 2745 3356 ad
2793 3300 3103 3364 dexteram,
3143 3298 3354 3353 Patrem
3396 3296 3462 3350 ad
3494 3297 3571 3349 si-

1982 3402 2240 3459 nistram?
2286 3398 2360 3455 lbi
2399 3395 2576 3453 omnis
2615 3393 2842 3450 dextera
2872 3400 2989 3457 est,
3039 3389 3161 3461 quia
3204 3387 3349 3444 nulla
3390 3387 3462 3443 ibi
3492 3396 3575 3442 est

1983 3495 2221 3553 miseria.

2057 3589 2143 3644 12.
2167 3586 2296 3643 lnde
2323 3593 2577 3641 venturus
2598 3581 2838 3654 judicare
2859 3580 3005 3635 vivos
3030 3585 3085 3633 et
3110 3584 3371 3631 mortuos.
3390 3572 3572 3639 Vivos,

1983 3681 2074 3753 qui
2102 3677 2494 3750 superfuerint;
2524 3685 2786 3739 mortuos,
2828 3672 2920 3743 qui
2950 3668 3338 3742 praecesserint.
3392 3666 3577 3722 Potest

1985 3783 2038 3827 et
2093 3773 2169 3827 sic
2212 3770 2431 3841 intelligi
2479 3787 2492 3824 :
2543 3767 2732 3833 Vives,
2784 3764 2986 3834 iustos;
3038 3768 3297 3825 mortuos,
3330 3759 3576 3827 injustos.

1987 3863 2254 3934 Utrosque
2286 3861 2427 3917 enim
2450 3859 2655 3930 judicat
2678 3898 2693 3922 ,
2723 3871 2818 3912 sua
2847 3854 3036 3924 cuique
3065 3850 3382 3907 relribuens.
3412 3848 3579 3904 Justis

1987 3956 2226 4011 dicturus
2253 3960 2335 4008 est
2364 3952 2414 4006 in
2437 3950 2640 4021 judicio
2674 3966 2689 4005 :
2727 3945 2922 4014 Venite,
2954 3943 3197 3998 benedicti
3236 3939 3412 3995 Patris
3443 3940 3576 4007 mei,

1990 4046 2228 4119 percipite
2282 4060 2496 4115 regnum
2544 4040 2681 4113 quod
2728 4038 2869 4094 vobis
2919 4044 3152 4108 paratum
3199 4040 3272 4088 cst
3322 4033 3385 4086 ab
3434 4031 3580 4084 initio

1990 4138 2186 4193 mundi.
2237 4135 2319 4190 Ad
2361 4136 2462 4191 hoc
2504 4146 2599 4188 vos
2642 4139 2842 4202 parate,
2878 4129 2994 4185 haec
3030 4134 3263 4197 sperate,
3293 4132 3579 4195 propterea

1991 4230 2173 4296 vivite,
2204 4236 2260 4283 et
2286 4227 2362 4283 sic
2390 4226 2573 4291 vivite,
2608 4232 2893 4295 propterea
2917 4219 3143 4285 credite,
3174 4226 3453 4288 propterea
3483 4215 3580 4269 ba—

1992 4321 2288 4394 ptizamini,
2321 4327 2378 4375 ut
2418 4319 2586 4389 possit
2627 4316 2777 4370 vobis
2799 4314 2902 4369 dici
2935 4330 2948 4367 :
2992 4310 3184 4376 Venite,
3214 4308 3456 4363 benedicti
3478 4304 3583 4359 Pa-

1995 4416 2085 4469 tris
2114 4413 2211 4468 mei
2232 4454 2246 4477 ,
2278 4411 2519 4483 percipite
2561 4423 2772 4479 regnum
2810 4403 2947 4475 quod
2999 4403 3134 4456 vobis
3186 4410 3417 4471 paratum
3451 4407 3524 4453 est
3553 4414 3584 4449 η

1994 4505 2344 4562 constitutione
2373 4501 2569 4555 mundi.
2595 4498 2835 4555 Sinistris
2860 4495 3026 4568 quid?
3056 4493 3137 4548 Ite
3163 4495 3215 4547 in
3241 4495 3407 4564 ignent
3432 4501 3583 4546 mter-

1995 4620 2136 4668 num,
2165 4602 2250 4671 qui
2278 4606 2484 4670 paratus
2510 4605 2582 4651 est
2604 4592 2807 4649 diabolo
2833 4603 2880 4646 et
2899 4586 3439 4663 angelisejus(Mattlt.
3460 4602 3582 4651 xxv,

1998 4699 2088 4765 54,
2130 4695 2243 4765 ΙΙ).
2287 4693 2376 4748 Sic
2412 4689 2791 4761 judicabuntur
2823 4703 2854 4741 a
2887 4683 3099 4741 Christo
3132 4680 3236 4735 vivi
3274 4688 3327 4732 et
3369 4678 3581 4731 mortui.

2000 4790 2147 4847 Dicta
2187 4795 2269 4843 est
2304 4785 2472 4857 prima
2514 4782 2630 4837 sine
2659 4790 2899 4850 tempore
2925 4776 3173 4831 nativitas
3199 4769 3416 4831 Christi,
3448 4769 3584 4821 dicta

1998 4893 2079 4939 est
2110 4882 2213 4936 alia
2254 4880 2306 4934 in
2348 4874 2678 4948 plenitudine
2715 4870 2972 4942 temporis
2999 4869 3065 4923 de
3095 4867 3300 4935 virgine
3341 4861 3587 4916 nativitas

1999 4974 2223 5039 Christi,
2253 4972 2393 5027 dicta
2420 4979 2502 5025 est
2531 4967 2705 5039 passio
2730 4961 2961 5027 Christi,
2990 4959 3187 5013 dictum
3215 4963 3297 5010 est
3329 4951 3586 5023 judicium

2001 5069 2217 5125 Christi.
2245 5065 2438 5121 Totum
2478 5062 2676 5118 dictum
2718 5067 2822 5122 est,
2869 5052 3013 5126 quod
3057 5048 3343 5105 dicendum
3382 5054 3499 5100 erat
3522 5045 3588 5098 de

2000 5162 2217 5220 Christo
2238 5202 2256 5228 ,
2307 5157 2440 5213 Filio
2475 5154 2570 5210 Dei
2599 5151 2758 5208 unico
2776 5191 2791 5215 ,
2825 5147 3048 5204 Domino
3073 5148 3255 5198 nostro
3284 5157 3298 5193 :
3336 5136 3432 5194 sed
3456 5151 3590 5192 non-

2003 5256 2130 5312 dum
2156 5250 2389 5323 perfecta
2420 5256 2502 5302 est
2528 5243 2779 5300 Trinitas.

2076 5319 2302 5402 CAPUT
2332 5341 2397 5397 ν.
2416 5369 2483 5382 --
2506 5338 2592 5393 15.
2619 5334 2868 5405 Spiritum
2896 5336 3121 5385 sanctum
3148 5340 3254 5379 esse
3281 5323 3461 5377 Deum.
3488 5319 3589 5375 Se-

2008 5441 2187 5512 quitur
2212 5439 2263 5492 in
2295 5430 2571 5507 Symbolo,
2601 5429 2666 5483 Et
2689 5428 2739 5481 in
2770 5423 3024 5494 Spiritum
3047 5427 3311 5475 sanctum.
3347 5416 3446 5469 Ista
3473 5412 3594 5467 Tri-

2010 5534 2150 5588 nitas
2183 5506 2538 5589 unusilleus,
2590 5533 2693 5574 una
2739 5523 2926 5571 natura
2949 5554 2962 5577 ,
2994 5526 3093 5565 una
3140 5506 3455 5571 substantia,
3489 5518 3592 5558 una

2012 5622 2246 5697 potentia
2271 5661 2287 5687 ,
2336 5630 2541 5672 summa
2580 5608 2880 5681 tequalitas,
2912 5604 3056 5660 nulla
3082 5601 3293 5669 divisio,
3321 5598 3465 5655 nulla
3507 5595 3591 5652 di.

2073 5779 2147 5844 (a)
2167 5773 2337 5827 Confer
2355 5782 2505 5823 serat.
2529 5767 2640 5831 214,
2663 5781 2715 5818 n.
2739 5764 2789 5827 8,
2813 5768 2930 5814 tom.
2952 5761 3002 5814 5.
