4102 6336
1078 282 1175 293 i..¢—¢<
1206 280 1217 287 ν

480 355 589 417 6‘59

477 472 663 528 videre
690 470 964 528 desideras
994 468 1222 527 :Currus
1253 467 1540 523 Pharaonis
1586 475 1632 528 et
1659 484 1857 523 omnem
1895 469 2057 524 virtu—

479 526 715 623 tem—eius
735 526 1019 623 projecitiin
1038 559 1177 623 mere
1207 541 1400 623 (Exod.
1428 556 1516 623 xv,
1545 526 1625 623 ὥς
1846 610 1859 623 _
2001 611 2011 623 δ

552 610 784 670 4.⁷Αιὶιἰε
811 610 1051 669 fortassis
1084 610 1272 667 theatri
1314 619 1517 665 amator
1562 610 1929 665 admonendus
1970 611 2056 677 sit,

480 687 606 756 quid
651 686 831 752 fugiat,
864 696 917 740 et
981 699 1083 755 quo
1120 684 1433 756 delectetur;
1490 697 1554 756 ac_
1603 682 1678 756 sic
1736 683 2061 756 voluntatem

481 752 885 828 spectandiuou
918 752 1122 828 perdat,
1165 753 1494 828 Scd_tnttt_et_.
1536 752 1591 806 In
1639 752 1860 828 theatris
1914 753 2061 808 labes

484 823 714 890 morum,
742 823 945 882 discere
978 827 1166 894 turpia,
1197 823 1380 879 audire
1408 824 1705 889 inhonesta,
1735 824 1918 878 videre
1937 840 2060 893 per-

484 901 703 953 niciosa.
738 899 839 953 Sed
869 898 1150 963 adjuvante
1182 896 1405 949 Domino
1451 910 1512 948 ea
1555 910 1623 950 ex
1675 895 1923 949 cordibus
1963 911 2058 949 ve-

483 972 610 1023 stris
639 970 860 1022 firmiter
887 968 1228 1036 repellamus.
1258 967 1476 1035 Singula
1514 966 1733 1047 singulis
1778 980 2058 1047 compare-

483 1058 618 1094 mus.
653 1041 762 1093 Illic
803 1042 1074 1092 intuentur
1120 1046 1445 1107 spectatores
1500 1041 1828 1106 propositum
1882 1041 2060 1091 nescio

480 1128 635 1181 quem
658 1109 938 1166 conﬁctam
968 1110 1125 1181 deum
1156 1108 1362 1174 Jovem,
1389 1107 1873 1181 etiadulterantem,
1897 1116 1949 1160 et
1977 1116 2057 1161 to-

484 1176 695 1235 uantem
732 1198 743 1233 :
774 1183 857 1234 hic
886 1180 1197 1248 respicimus
1229 1195 1411 1234 verum
1442 1180 1603 1233 Deum
1646 1176 1935 1243 Christum,
1968 1192 2060 1231 ca-

479 1256 709 1305 stitatem
732 1253 1035 1318 docentem,
1075 1250 1459 1304 immunditiam
1491 1249 1878 1313 destruentem,
1919 1249 2061 1302 salu-

481 1323 591 1375 bria
617 1323 1011 1401 prredicautem.
1046 1323 1158 1376 lllic
1186 1324 1398 1391 ﬁngitur
1427 1321 1570 1401 quod
1606 1320 1742 1401 idem
1773 1318 2057 1401 ἔθνὴ-τιυ-

479 1389 673 1448 nonem
706 1395 892 1448 habeat
935 1408 1177 1449 sororem
1222 1389 1280 1448 et
1321 1389 1600 1460 coniugem
1635 1408 1648 1443 :
1684 1392 1770 1447 hic
1803 1389 2060 1459 pra-dica-

481 1478 599 1518 mus
619 1474 854 1518 sanctam
886 1465 1099 1519 Mariam
1129 1473 1350 1518 matrem
1380 1463 1541 1517 simul
1571 1472 1623 1515 et
1643 1463 1922 1531 virginem.
1953 1460 2060 1515 lllic

481 1542 668 1605 stupor
698 1536 951 1604 ingeritur
971 1537 1126 1601 visui,
1155 1552 1221 1590 ex
1252 1550 1346 1589 usu
1375 1534 1642 1588 hominem
1664 1534 1715 1587 in
1735 1535 1855 1586 fune
1874 1532 2059 1585 ambu-

482 1606 677 1676 lantem
705 1624 717 1658 :
754 1607 838 1659 hic
867 1622 1110 1676 nniguum
1158 1605 1495 1676 miraculum,
1526 1605 1755 1676 Petrum.
1778 1618 1923 1657 mare
1943 1674 1949 1676 _
1971 1617 2062 1676 pe-

483 1675 641 1730 dibus
669 1674 1027 1731 transeuntem
1074 1676 1285 1747 (Matth.
1323 1693 1433 1741 xiv,
1465 1675 1581 1746 29).
1605 1676 1711 1747 Illic
1749 1690 1843 1743 per
1883 1674 2058 1726 mimi-

483 1762 600 1817 cam
634 1748 1014 1817 turpitudinem
1052 1746 1269 1805 castitas
1298 1748 1522 1800 violatur
1551 1765 1562 1799 :
1598 1746 1681 1801 hic
1709 1761 1803 1815 per
1857 1754 2056 1817 castam

479 1815 775 1888 Susannain
830 1828 1138 1888 castumque
1207 1818 1405 1885 Jnseph
1453 1817 1613 1871 libido
1690 1815 2059 1888 comprimitur

485 1887 638 1959 (Gen.
671 1906 860 1956 χχχιιι,
891 1900 935 1944 et
971 1887 1103 1943 Dan.
1136 1890 1271 1958 xm),
1303 1904 1446 1942 mors
1494 1887 1870 1951 contemnitur,
1923 1888 2061 1940 Deus

480 1970 707 2025 amatur,
742 1962 956 2015 castilas
987 1961 1269 2014 exaltatum
1293 1959 1501 2012 Chorus
1530 1960 1636 2013 illic
1656 1968 1709 2012 et
1736 1960 1910 2011 cantio
1938 1972 2061 2026 pau-

484 2032 685 2084 tomimi
713 2033 854 2085 illicit
877 2033 1134 2095 auditum,
1152 2032 1243 2085 sed
1266 2041 1531 2100 expugnat
1557 2045 1744 2083 sanum
1767 2028 2011 2100 affectum
2042 2044 2055 2080 :

485 2101 680 2170 etquid
714 2102 817 2157 tale
841 2113 1025 2157 nostro
1050 2104 1259 2157 cantico
1279 2099 1695 2169 comparandum
1741 2101 1831 2163 sit,
1866 2099 1916 2152 in
1954 2113 2059 2167 quo

481 2171 607 2226 dicit
634 2174 721 2241 qui
754 2184 895 2227 amat
921 2184 973 2227 et
993 2183 1192 2238 cantat,
1227 2170 1577 2225 Nurraveruut
1621 2171 1745 2224 mihi
1775 2178 2059 2241 peccatores

481 2240 831 2298 delectationes
871 2261 1010 2303 suas,
1038 2245 1125 2297 sed
1179 2260 1277 2295 non
1316 2244 1387 2294 ita
1435 2252 1489 2294 ut
1539 2242 1619 2295 (ex
1662 2252 1767 2307 tua,
1814 2240 2059 2304 Domine;

482 2313 653 2384 omnia
681 2313 920 2367 mandata
942 2324 1028 2367 tua
1048 2315 1227 2367 veritas
1254 2312 1420 2384 (Psal.
1437 2327 1619 2378 cxvm,
1640 2312 1708 2367 85
1724 2324 1769 2365 et
1788 2310 1905 2377 86)?
1926 2310 2058 2384 Nam

488 2382 599 2453 illic
628 2385 869 2440 universa
897 2384 1044 2453 ﬁngit
1072 2382 1295 2438 vanitas.
1332 2383 1780 2438 Scandalistarum
1808 2384 1926 2452 quis
1954 2382 2061 2453 illic

481 2451 621 2508 forte
644 2455 883 2523 peritiam
913 2451 1223 2516 admiretur,
1250 2454 1429 2509 videre
1452 2454 1696 2522 parvulos
1728 2454 1779 2507 in
1831 2451 1956 2506 area
1982 2452 2060 2504 lu-

483 2523 695 2593 dentes,
722 2525 959 2581 divers’as
993 2525 1243 2580 historias
1269 2525 1600 2580 exhibentes.
1631 2523 1735 2578 Sed
1754 2523 1927 2576 videte
1967 2537 2061 2577 no-

482 2603 717 2649 strorum
743 2596 888 2651 lusus
916 2595 1197 2651 infantum.
1230 2596 1284 2650 In
1326 2604 1477 2649 utero
1510 2596 1762 2649 Rebecca:
1790 2594 1893 2649 duo
1934 2608 2055 2647 cer-

481 2672 596 2737 tant
642 2665 872 2723 infantes
904 2687 919 2722 :
948 2667 1267 2737 procedente
1337 2667 1561 2734 majore,
1617 2665 1838 2737 minoris
1898 2678 2059 2717 manu

480 2736 676 2806 emissa
721 2752 787 2792 ex
835 2735 1006 2799 utero,
1074 2740 1246 2806 planta
1301 2737 1516 2806 majoris
1595 2735 1927 2805 apprehensa
1979 2742 2062 2788 est

474 2804 635 2930 (Gen.
669 2823 792 2868 xxv,
815 2807 906 2874 Ἡ,
935 2808 1048 2879 25).
1076 2804 1130 2862 ln
1159 2804 1397 2879 quorum
1416 2804 1706 2861 certamine
1749 2806 1923 2873 magni
1975 2820 2061 2859 sa-

516 2879 741 2930 ramenti
769 2879 934 2930 ﬁgura
961 2887 1249 2930 monstrata
1272 2887 1374 2930 est.
1406 2887 1463 2930 ut
1497 2878 1670 2930 minor
1694 2877 2061 2930 supplantaret

516 2879 741 2948 ramenti
769 2879 934 2948 ﬁgura
961 2877 1249 2934 monstrata
1272 2887 1374 2944 est,
1406 2887 1463 2931 ut
1497 2878 1670 2930 minor
1694 2877 2061 2945 supplantaret

486 2946 764 3027 majorem,
809 2946 973 3019 'eique
1003 2949 1339 3027 postmodum
1377 2949 1659 3027 primatum
1699 2956 1857 3027 atque
1896 2949 2059 3027 bene-

485 3016 773 3090 dictionem
805 3016 1055 3074 auferret.
1091 3021 1143 3073 lu
1166 3021 1357 3090 quibus
1384 3019 1615 3089 parvulis
1641 3019 1801 3090 quasi
1834 3016 2060 3090 ludenti-

485 3088 605 3153 bus,
633 3099 685 3143 et
702 3101 1114 3156 sacramentum,
1143 3087 1198 3145 ut
1221 3090 1352 3155 dixi,
1382 3087 1631 3159 magnum
1663 3087 2056 3159 exhibeutibus,

485 3168 541 3212 et
571 3160 778 3228 reprobi
816 3161 866 3215 iu
898 3161 1036 3215 Esau
1058 3157 1491 3216 demonstrantur
1526 3159 1716 3223 Judaei,
1761 3168 1816 3213 et
1858 3157 2062 3227 praede-

482 3229 663 3286 stinati
686 3231 735 3283 in
763 3231 927 3286 Jacob
957 3242 1214 3302 apparent
1241 3230 1551 3287 Christiani.
1588 3230 1679 3285 llle
1708 3230 1856 3302 enim
1896 3228 2061 3302 Jacob

483 3314 620 3353 unus
643 3302 893 3370 parvulus
920 3300 1284 3373 sic-garriens,
1333 3302 1527 3373 multos
1557 3302 1607 3355 in
1639 3316 1696 3355 se
1718 3300 2057 3373 praedestina-

486 3380 569 3425 tos
589 3374 746 3450 etiam
772 3375 1017 3450 parvulos
1030 3370 1431 3450 demonstrabat
1447 3370 1693 3450 infantes,
1717 3371 1806 3439 qui
1827 3386 1889 3424 ex
1910 3378 2060 3450 utero

484 3443 670 3496 matris
719 3444 1079 3513 suscipiuntur
1129 3444 1373 3498 manibus
1400 3442 1657 3507 ﬁdelium,
1714 3455 1811 3513 nec
1848 3456 1943 3513 eos
1986 3442 2063 3513 sic

483 3515 779 3576 excutiunt,
804 3511 932 3569 utin
957 3530 1080 3569 aere
1108 3514 1391 3583 pendeant,
1419 3513 1512 3568 sed
1554 3521 1611 3566 ut
1646 3512 1816 3583 renati
1845 3512 1896 3564 in
1922 3511 2061 3565 coelo

482 3584 682 3638 vivant.
708 3584 800 3662 His
827 3586 983 3662 igitur
1002 3582 1413 3662 oblectamentis
1439 3598 1590 3662 mens
1616 3582 1935 3662 delectetur,
1965 3595 2059 3649 pa-

488 3663 669 3709 scatur
693 3655 870 3710 anima
901 3656 1224 3722 christiana;
1260 3656 1395 3709 hanc
1437 3655 1781 3709 sobrietatem
1826 3655 2063 3706 retinens

486 3727 699 3796 mentis,
737 3725 902 3796 fugiat
921 3728 1232 3781 ebrietatem
1260 3725 1478 3796 diaboli.

557 3796 611 3873 5_.
653 3793 1166 3873 Necamphitheatri
1191 3795 1480 3873 certamina
1510 3793 1895 3873 seducantuut
1935 3806 2062 3860 per-

486 3865 703 3945 trahant
725 3861 1105 3945 christianum:
1135 3861 1908 3945 quoAquidemﬂtantojavidius
1935 3876 2063 3945 cur:

485 3937 641 4003 ritur,
688 3947 884 4005 quanto
913 3939 1114 3994 tardius
1144 3931 1442 3993 exhibetur.
1482 3937 1585 3991 Sed
1625 3936 1784 3990 etiam
1826 3934 1896 3988 ibi
1937 3931 2063 4002 quid

486 4020 593 4060 non
611 4009 965 4115 periculosum
992 4009 1247 4080 ingeritur
1263 4008 1582 4077 aspectibus,
1606 4005 1732 4075 quid
1750 4019 1853 4058 non
1876 4019 2067 4059 cruen-

487 4083 597 4115 lnm
664 4078 748 4115 nhi
818 4079 950 4115 cimn
997 4084 1063 4115 σιὶι
1107 4079 1440 4115 Μαιίαείιηιια
1478 4076 1769 4115 nuru-ianum
1820 4076 2065 4115 vnlnnlnc

487 4076 634 4158 tum?
664 4078 798 4158 ubi,_
818 4079 955 4158 sicut
996 4076 1080 4158 ait.
1107 4076 1460 4158 beatissimus
1478 4076 1792 4158 Cyprianus,
1820 4076 2065 4158 voluntas

490 4147 645 4201 noxia
675 4149 740 4202 a‘d
773 4148 910 4204 feras
943 4150 1182 4202 homines
1214 4150 1358 4203 nullo
1388 4144 1610 4202 crimine
1639 4146 1853 4200 damnat
1883 4144 2061 4214 (Cypr.

485 4219 541 4295 in
561 4219 712 4295 epist.
739 4219 775 4273 2
795 4222 869 4295 ad
889 4216 1118 4295 υοηαι.)ἒ
1136 4217 1261 4295 ﬁcu
1294 4235 1422 4295 ergo
1451 4234 1543 4295 vos
1562 4257 1578 4283 ,
1616 4216 1968 4295 dilectissimi,
2000 4216 2065 4295 il-

489 4288 575 4359 lud
604 4291 962 4359 spectaculum
992 4288 1205 4344 crudele
1245 4288 1427 4343 invitet
1465 4288 1679 4353 intueri,
1711 4302 1901 4359 novem
1929 4288 2066 4339 ursis

487 4358 965 4416 duos’altercantes
994 4369 1302 4415 venatores:
1329 4361 1419 4414 sed
1447 4359 1674 4414 delectet
1704 4358 1881 4411 videre
1903 4371 2066 4410 unum

490 4439 730 4501 uestrum
762 4431 1029 4485 Danielem
1051 4431 1250 4485 orando
1276 4439 1612 4501 superantem
1636 4437 1837 4501 septem
1861 4427 2063 4482 leones.

488 4499 744 4555 Discerne
768 4502 1056 4569 spiritualis
1077 4511 1284 4556 amator
1307 4498 1594 4557 certamina
1617 4518 1629 4552 :
1659 4500 1777 4553 vide
1802 4498 1935 4552 duos
1966 4514 2062 4551 no-

488 4571 606 4624 xios
656 4572 928 4627 voluntate
969 4572 1007 4634 ¹,
1044 4572 1164 4626 vide
1204 4588 1365 4627 unum
1398 4574 1736 4626 innocentem
1764 4584 1824 4625 ac
1854 4570 2065 4637 plenum

492 4643 611 4695 fide.
647 4642 778 4697 Vide
810 4643 928 4696 illos
968 4657 1063 4712 pro
1090 4644 1309 4711 praemio
1338 4654 1547 4698 terreno
1577 4658 1699 4696 suas
1730 4641 1931 4695 animas
1973 4641 2066 4712 be-

491 4712 607 4766 stiis
634 4714 887 4768 obtulisse
914 4731 926 4768 :
957 4708 1076 4767 vide
1091 4708 1255 4767 istum
1280 4714 1330 4767 in
1356 4715 1596 4767 oratione
1625 4714 1963 4773 clamantem,
1987 4708 2069 4762 Ne

490 4784 759 4838 tradideris
804 4784 970 4837 bestiis
1000 4785 1196 4837 animus
1221 4787 1509 4852 conﬁtentes
1544 4783 1628 4835 tibi
1655 4781 1825 4849 (Psal.
1873 4796 2061 4845 Lxxm,

493 4853 802 4933 l9)._ln_il.lo
831 4855 1132 4933 spectaculo
1174 4857 1516 4933 contristatur
1558 4853 1747 4933 editor,
1779 4853 1821 4933 si
1849 4859 2070 4933 venatur

488 4925 677 4978 evadat
704 4926 919 4989 illaesus,
948 4927 1035 4995 qui
1066 4927 1113 4979 ei
1139 4927 1314 4995 plures
1343 4926 1537 4980 bestias
1565 4924 1863 4995 interemit:
1892 4924 1944 4975 in
1967 4924 2069 4975 isto

492 5007 674 5066 uostro
724 4998 838 5051 sine
886 4993 1027 5051 ferro
1058 4993 1339 5066 pugnatur,
1374 5010 1469 5049 nec
1498 4995 1681 5049 Daniel
1713 4993 1939 5056 laeditur,
1971 5006 2069 5046 nec

492 5064 602 5120 fera
635 5068 919 5130 occiditur;
962 5075 1016 5121 et
1053 5064 1151 5121 sic_
1173 5068 1417 5129 vincitur,
1447 5074 1505 5118 ut
1529 5081 1623 5119 rex
1668 5066 1887 5117 miretur
1910 5072 2069 5131 atque

492 5147 743 5203 mutetur,
775 5150 827 5193 et
849 5138 1026 5207 pepuli
1050 5139 1445 5206 pertimescant,
1470 5144 1522 5190 et
1548 5135 1745 5189 inimici
1768 5135 2070 5203 dispeream

493 5207 653 5284 (Dan.
688 5206 1034 5284 ambo—12).
1067 5209 1402 5284 Admirabile
1422 5206 1781 5284 spectaculum
1805 5213 2066 5284 nostrum,

492 5278 645 5346 plane
665 5280 929 5355 mirabile,
964 5276 1013 5333 in
1036 5295 1140 5350 quo
1166 5281 1301 5333 [)eus
1322 5279 1554 5355 adjuvat,
1587 5276 1715 5355 ﬁdes
1736 5277 1876 5329 vires
1898 5276 2069 5355 impe-

495 5357 615 5407 trat,
665 5351 962 5404 innocentia
1009 5348 1222 5420 pugnat,
1264 5349 1515 5403 sanctitas
1562 5348 1743 5420 vincit,
1793 5348 2071 5420 praemium

492 5422 833 5492 consequitur
862 5422 985 5486 tale,
1009 5416 1159 5492 'qu'nd
1200 5431 1254 5475 et
1285 5421 1371 5475 ille
1401 5421 1486 5490 qui
1518 5418 1703 5492 vicerit
1742 5416 2072 5492 accipiettet

493 5491 580 5556 qui
610 5486 886 5568 donaverit
909 5486 1281 5568 nihil'amittet.
1310 5486 1724 5568 Ista'spiritualia
1748 5486 2068 5568 munerafu)

492 5561 868 5640 concupiscite,
894 5563 965 5640 ad
989 5563 1101 5617 hmc
1127 5564 1376 5640 intuenda
1398 5558 1590 5616 etcum
1617 5560 1762 5640 omni
1784 5558 2070 5640 securitate

492 5633 779 5699 spectanda
808 5634 1056 5687 alacriter
1080 5634 1144 5689 ad
1172 5635 1451 5690 ecclesiam
1490 5632 1788 5697 convenite,
1830 5629 1898 5685 ab
1925 5629 2073 5685 omni

557 5786 574 5850 ξ
599 5791 674 5835 Er.
694 5792 754 5850 _et
774 5792 899 5845 mss,
926 5784 1180 5850 voluntate.

554 5848 632 5920 (a)
661 5847 710 5899 Id
732 5855 809 5901 est
831 5847 1121 5914 spectacula.

1892 350 1983 410 DE
2011 349 2330 411 SYMBOLO
2722 376 2725 377 ν
2837 362 2849 393 τ

3655 361 3763 421 ϐω

2174 467 2460 543 cupiditate
2481 468 2680 524 carnali
2707 470 3034 543 propositum
3055 471 3233 528 cordis
3246 482 3513 543 revocate,
3535 490 3759 534 omnem

2171 539 2577 613 sollicitudinem
2602 539 2831 596 vestram
2856 542 2963 596 Deo
2982 544 3377 613 gubernandam
3401 539 3717 605 committite
3738 566 3759 605 :

2171 619 2228 664 ut
2269 611 2604 665 adversarius
2647 611 3148 678 revereaturfnibil
3190 616 3242 670 in
3285 616 3437 671 vobis
3479 618 3761 675 inveniens

2170 696 2358 764 suum;
2389 696 2587 752 vosque
2623 682 2767 736 illum
2798 684 3168 769 repudianies,
3190 687 3409 769 ejusque
3440 690 3645 769 pompis
3672 706 3761 769 re-

2170 753 2494 824 nuntiantes,
2540 761 2878 822 posteaquam
2925 756 2991 809 ab
3016 755 3130 824 ejus
3155 753 3361 812 insidiis
3390 753 3581 813 ve'stra'
3597 760 3760 817 fuerit

2168 832 2317 877 eruta
2344 823 2581 901 libertas,
2612 838 2816 901 ne_vos
2861 826 3090 879 inveniat
3119 843 3315 883 vacuos
3365 829 3456 884 ille
3494 830 3757 901 nefarius,

2168 895 2607 969 quemmoviinus
2638 895 2798 950 etiam
2831 911 2933 969 non
2966 912 3091 953 suos
3118 907 3302 953 tenere
3325 901 3652 969 cupientem.

2239 964 2463 1040 CAPUT
2502 964 2585 1018 Ill.
2630 995 2701 1040 -_-
2748 967 3250 1040 ti.__0m_nipotentig
3282 969 3373 1024 Dei
3399 964 3658 1040 'probatur
3696 990 3762 1029 ea;

2167 1038 2419 1113 qeatione
2445 1052 2614 1113 rerum
2640 1037 2703 1089 de
2723 1037 2903 1091 nihilo.
2939 1037 3177 1093 Trinitas.
3202 1038 3396 1094 Filium
3419 1037 3623 1113 quoque
3649 1061 3761 1097 esse

2167 1104 2333 1181 Deum
2361 1108 2771 1181 omnipotentem,
2816 1118 3060 1181 internum
3101 1120 3147 1163 et
3181 1104 3622 1181 wqualem'Paii-i.
3665 1114 3760 1167 Fi-

2167 1175 2359 1232 deliter
2386 1178 2586 1252 credite
2610 1181 2661 1232 in
2686 1179 2851 1252 Deum
2877 1179 3085 1236 Patrem
3115 1175 3554 1252 omnipotentem.
3573 1185 3759 1240 Omni-

2168 1257 2439 1317 potentem
2471 1249 2632 1321 Deum
2664 1250 2951 1316 credimus,
2998 1254 3085 1321 qui
3117 1249 3296 1307 omnia
3338 1253 3538 1310 faciens
3581 1255 3754 1310 factus

2167 1333 2271 1373 non
2300 1327 2413 1373 est:
2444 1327 2497 1373 et
2526 1320 2643 1392 ideo
2672 1320 3141 1391 omnipotens’est,
3172 1325 3292 1392 quia
3324 1325 3390 1380 de
3432 1327 3596 1380 nihilo
3627 1327 3757 1381 fecit

2166 1404 2511 1463 quaecumque
2540 1390 2683 1463 fecit.
2713 1390 2833 1446 Non
2858 1393 2997 1446 enim
3022 1408 3142 1449 eum
3175 1390 3348 1463 aliqua
3376 1398 3627 1453 materies
3656 1397 3756 1450 ad-

2160 1459 2334 1536 juvit,_
2357 1459 2551 1536 exqua
2582 1461 2971 1536 demonstraret
2997 1465 3127 1518 artis
3157 1459 3276 1519 sua!
3296 1469 3584 1536 potentiam
3612 1485 3625 1520 :
3657 1466 3756 1521 sed

2165 1546 2229 1584 ex
2263 1531 2450 1597 nihilo,
2477 1542 2532 1586 ut
2573 1532 2709 1599 dixi,
2739 1544 2926 1588 cuncta
2958 1536 3180 1590 creavit.
3212 1531 3324 1591 Hoc
3348 1547 3432 1591 est
3458 1539 3598 1592 enim
3630 1552 3756 1593 esse

2166 1602 2615 1677 omnipotentetn,
2642 1616 2832 1677 utnon
2864 1605 3036 1677 solum
3069 1605 3266 1661 fabrica
3300 1609 3432 1677 ipsa,
3468 1609 3561 1663 sed
3590 1610 3758 1663 etiam

2166 1675 2415 1747 materies
2452 1674 2520 1727 ab
2565 1674 2655 1727 illo
2695 1676 2996 1747 inveniatur
3022 1692 3159 1741 eSSe,
3190 1679 3279 1747 qui
3305 1674 3409 1733 non
3443 1680 3626 1733 habuit
3656 1680 3760 1732 iui-

2167 1742 2297 1816 ti_um
2328 1753 2392 1816 ut
2410 1753 2582 1809 esset;
2612 1754 2665 1798 et
2692 1745 2736 1799 is
2762 1748 2849 1815 qui
2878 1742 3235 1816 sempiternus
3265 1758 3367 1815 est,
3393 1759 3621 1812 crearet.
3646 1766 3759 1804 non

2166 1813 2217 1888 id
2256 1814 2396 1888 quod
2424 1816 2539 1888 ipse
2568 1826 2731 1888 esset,
2762 1813 2854 1871 sed
2895 1828 2956 1888 ιιι
2996 1813 3062 1872 ab
3095 1819 3185 1871 illo
3214 1813 3396 1874 essent
3435 1822 3543 1888 jam
3591 1836 3756 1875 acce-

2167 1885 2365 1953 pisse‘.
2408 1884 2573 1940 Omne
2599 1887 2739 1941 enim
2770 1887 2908 1955 quod
2936 1897 3037 1951 est,
3068 1889 3134 1942 ah
3163 1891 3253 1944 illo
3282 1900 3399 1945 est:
3426 1884 3537 1955 ipse
3573 1902 3755 1946 autem

2166 1970 2196 2033 a
2225 1957 2400 2024 seipse
2427 1969 2527 2033 est,
2570 1957 2659 2025 qui
2684 1974 2787 2011 non
2808 1960 2876 2033 ab
2900 1959 3075 2026 aliquo
3103 1959 3270 2015 factus
3309 1974 3410 2015 est.
3444 1957 3593 2016 Fecit
3621 1977 3753 2033 ergo

2167 2025 2301 2099 facta
2332 2044 2433 2099 non
2467 2027 2655 2091 factus,
2700 2029 2898 2083 creavit
2924 2025 3220 2085 creaturam
3259 2048 3363 2085 non
3395 2025 3758 2099 creatus:q'ui

2166 2098 2324 2151 etiam
2375 2098 2474 2173 ipsi
2518 2109 2774 2173 creaturae
2804 2101 3241 2173 convenientibus
3266 2102 3518 2173 gradibus
3546 2119 3642 2172 per
3668 2098 3757 2157 di-

2165 2168 2722 2243 versasordinatioues
2738 2171 3011 2224 constituit
3029 2168 3337 2239 potestates.
3358 2168 3757 2243 Potestquippe

2166 2239 2456 2314 secundum
2485 2239 2659 2294 datam
2694 2250 3015 2314 potestatem
3037 2243 3507 2314 quilibetangelus
3537 2239 3619 2299 vel
3650 2239 3755 2298 bo-

2166 2325 2254 2383 r_no
2278 2309 2381 2363 dici
2396 2319 2618 2383 potens;
2641 2312 2733 2365 sed
2765 2312 3017 2381 numquid
3046 2309 3220 2381 potest
3248 2309 3755 2383 dicibmnipotens?

2166 2379 2351 2454 Potest
2378 2380 2482 2434 dici
2514 2396 2603 2435 rex
2634 2383 2715 2435 vel
2750 2379 3060 2454 imperator,
3101 2384 3244 2454 quod
3288 2386 3455 2440 multa
3480 2379 3599 2454 qua:
3626 2386 3761 2439 velit

2167 2451 2366 2519 possit:
2402 2466 2504 2525 non
2537 2461 2713 2506 tamen
2741 2451 2862 2507 eum
2893 2452 2980 2523 qui
3013 2451 3199 2508 sanum
3232 2459 3389 2525 sapit,
3419 2451 3638 2510 audebit
3660 2456 3758 2509 di-

2165 2536 2287 2575 cere
2317 2522 2763 2591 omuipotentem;
2796 2522 2919 2577 nam
2960 2525 3002 2577 si
3048 2522 3440 2581 voluerit'eum
3487 2526 3758 2581 adulando

2164 2591 2235 2645 ita
2264 2592 2499 2664 laudare,
2526 2592 2709 2664 incipit
2732 2603 2785 2647 et
2812 2595 2957 2647 illum
2986 2603 3040 2649 et
3064 2610 3121 2649 se
3147 2596 3320 2664 ipsum
3352 2596 3582 2652 fallendo
3610 2596 3758 2651 deci-

2166 2676 2311 2732 pere.
2344 2661 2790 2737 Quomodojenim
2830 2664 3045 2737 audebit
3086 2661 3266 2721 dicere
3309 2669 3753 2737 omnipotentem,

2165 2748 2322 2802 quem
2353 2733 2495 2787 videt
2530 2734 2754 2787 multum
2782 2735 2918 2789 velle
2943 2736 3124 2791 vivere
3151 2747 3205 2791 et
3230 2737 3390 2792 vitam
3422 2733 3751 2794 succedente

2165 2813 2337 2858 morte
2361 2804 2545 2858 ﬁnire?
2562 2803 2616 2860 Si
2634 2806 2971 2874 omnipotens
2987 2816 3090 2870 est,
3112 2822 3217 2861 non
3237 2810 3515 2875 moriatur,
3535 2825 3563 2862 a
3582 2818 3759 2863 morte

2164 2875 2477 2929 excludatur
2493 2875 2534 2926 ⁸.
2560 2874 2615 2930 Si
2638 2887 2814 2930 autem
2838 2877 2885 2930 ei
2907 2892 3053 2931 mors
3074 2879 3360 2932 terminum
3386 2879 3550 2943 dabit,
3576 2880 3757 2933 omni-

2203 2953 2437 3016 otentem
2485 2960 2605 2999 eum
2638 2962 2742 3000 non
2791 2947 2952 3001 fuisse
2998 2947 3110 3016 ipsa
3157 2963 3301 3003 mors
3343 2949 3756 3006 demonstrabit.

2212 3031 2280 3098 ou
2306 3032 2434 3098 ergo
2457 3016 2719 3098 quispiam
2742 3017 2955 3071 audebit
2976 3019 3268 3098 quamlibet
3292 3030 3612 3098 creaturam,
3638 3021 3758 3098 sive

2165 3087 2437 3141 ccelestem
2464 3087 2576 3141 sive
2605 3096 2935 3154 terrestrem,
2959 3087 3139 3144 dicere
3164 3092 3604 3157 omnipotentem,
3644 3090 3755 3144 nisi

2165 3158 2333 3231 solam
2366 3156 2711 3222 Trinitatem;
2736 3159 2945 3213 Patrem
2974 3160 3201 3228 scilicet,
3230 3171 3281 3215 et
3302 3156 3513 3228 Filimn,
3542 3171 3597 3216 et
3620 3157 3753 3231 Spi-

2164 3229 2325 3283 ritum
2357 3235 2620 3283 sanctum.

2238 3300 2291 3354 7.
2331 3298 2444 3352 Non
2487 3300 2651 3366 enim,
2701 3314 2822 3354 cum
2862 3299 3087 3355 dicimus
3112 3316 3209 3357 nos
3235 3302 3454 3358 credere
3483 3303 3540 3357 in
3588 3302 3758 3358 Deum

2165 3368 2377 3443 Patrem
2397 3369 2837 3443 omnipotentem,
2857 3371 2994 3443 sicut
3010 3371 3244 3428 hatretici
3271 3374 3475 3437 Ariani,
3500 3388 3759 3443 negamus

2166 3438 2359 3513 Filium
2388 3441 2828 3513 omnipotentem,
2850 3450 2942 3495 aut
2965 3441 3218 3510 Spiritum
3236 3455 3476 3498 sanctum
3501 3438 3759 3513 negamus

2166 3512 2607 3585 omnipotentem.
2626 3511 2679 3565 Si
2701 3511 2890 3585 Filium
2915 3515 3190 3585 negaveris
3208 3511 3649 3585 omnipotentem,
3668 3529 3760 3569 ne-

2166 3580 2313 3704 gabis
2327 3592 2381 3634 et
2393 3581 2599 3635 Patrem
2614 3580 3056 3651 omnipotentem.
3071 3584 3176 3639 Sed
3189 3600 3271 3639 ma
3273 3580 3473 3654 jor'est,
3490 3586 3755 3655 inquiunt.

2209 3659 2344 3704 ater.
2362 3651 2535 3704 minor
2550 3662 2631 3704 est
2648 3653 2833 3704 Filius.
2853 3654 2963 3704 Hoc
2981 3655 3032 3704 in
3052 3656 3377 3704 hominibus-
3401 3658 3572 3704 hocin
3591 3656 3755 3704 omni-

2209 3659 2344 3717 ater,
2362 3651 2535 3706 minor
2550 3662 2631 3707 est
2648 3653 2833 3707 Filius.
2853 3654 2963 3708 lloc
2981 3655 3032 3708 in
3052 3651 3377 3721 hominibus,
3400 3658 3500 3712 hoc
3519 3651 3580 3711 in
3591 3656 3759 3709 omni-

2169 3721 2285 3784 bus,
2318 3732 2371 3793 et
2401 3730 2456 3775 tu
2495 3724 2545 3776 in
2576 3724 2821 3777 omnibus
2854 3725 3200 3793 perturberis.
3238 3727 3476 3781 Divinam
3508 3736 3757 3781 naturam

2166 3791 2466 3859 considera,
2507 3794 2669 3868 Deum
2709 3791 2945 3868 attende,
2975 3798 3357 3865 sempiternum
3389 3799 3559 3868 cogita
3587 3816 3600 3851 :
3633 3811 3761 3850 nam

2168 3877 2302 3917 vane
2330 3864 2683 3937 conturbaris.
2703 3864 3139 3937 Sjrsempiternu’s
3158 3877 3241 3922 est
3264 3869 3440 3934 Pater,
3459 3864 3759 3937 sempiter-

2168 3947 2270 3988 nus
2293 3943 2375 4008 est
2416 3934 2600 4008 utique
2628 3944 2681 4008 et
2704 3934 2907 4008 Filius.
2957 3937 3012 3993 Si
3054 3939 3193 3991 enim
3226 3938 3320 3993 fuit
3348 3938 3514 3993 Filius
3542 3934 3759 4008 quando

2170 4018 2274 4058 non
2294 4003 2612 4079 _fui_tAFilius,
2647 4005 2742 4060 fuit
2772 4008 3030 4079 etWPater
3055 4009 3266 4079 quando
3292 4026 3397 4064 non
3433 4009 3528 4064 fuit
3554 4003 3711 4064 Pater
3742 4025 3758 4062 :

2170 4074 2310 4144 quod
2337 4076 2380 4129 si
2412 4075 2821 4145 fuitaliquando
2842 4074 3135 4133 Pater‘non
3164 4079 3340 4146 Pater,
3373 4097 3475 4134 non
3510 4080 3608 4134 fuit
3644 4094 3765 4133 om-

2170 4146 2453 4221 nipotens_;
2485 4146 2828 4221 minusueuim
2848 4148 3041 4221 habuit
3063 4150 3205 4221 in_eo
3231 4150 3371 4221 quod
3414 4160 3597 4220 postea
3625 4150 3762 4205 ell'e-

2170 4224 2285 4268 ctus
2313 4224 2395 4269 est
2421 4216 2597 4272 Pater.
2628 4216 2682 4273 Si
2711 4218 2806 4271 das
2846 4218 3051 4274 initium
3099 4216 3261 4285 Filio,
3302 4216 3654 4275 das’initium
3705 4227 3764 4275 et

2170 4285 2334 4339 Patri.
2369 4286 2526 4341 Pater
2552 4288 2694 4360 enim
2720 4304 2748 4340 a
2776 4288 2907 4342 Filio
2931 4290 3228 4360 appellatus
3252 4300 3336 4346 est
3362 4291 3537 4347 Pater.
3574 4292 3629 4346 Si
3660 4306 3762 4345 au—

2172 4364 2279 4429 tem
2305 4371 2517 4429 semper
2544 4357 2640 4410 fuit
2681 4359 2855 4423 Pater,
2902 4357 3113 4429 semper
3161 4360 3257 4416 fuit
3284 4371 3338 4416 et
3365 4362 3550 4416 Filius.
3602 4361 3669 4415 Et
3710 4363 3759 4415 si

2175 4426 2314 4480 Deus
2356 4437 2438 4481 est
2481 4427 2655 4493 Pater,
2709 4431 2843 4483 Deus
2880 4440 2963 4483 est
2990 4426 3044 4484 et
3071 4431 3268 4486 Filius:
3295 4448 3398 4486 non
3445 4435 3585 4487 enim
3617 4432 3764 4486 aliud

2170 4498 2343 4571 potuit
2369 4498 2658 4566 procedere
2696 4499 2762 4553 de
2814 4499 2935 4571 Deo
2965 4517 3124 4571 quam
3172 4503 3328 4557 lleus.
3363 4504 3513 4571 Quod
3544 4504 3588 4557 si
3624 4504 3765 4557 Deus

2173 4576 2256 4645 est
2284 4568 2461 4633 Pater,
2498 4571 2634 4645 l)_cus
2676 4578 2837 4624 estet
2864 4568 3059 4645 Filius;
3106 4581 3155 4626 et
3201 4574 3247 4627 si
3276 4568 3634 4645 sempiternus
3679 4584 3765 4627 est

2175 4637 2350 4701 Pater,
2376 4641 2733 4713 sempiternus
2758 4650 2839 4695 est
2865 4650 2919 4695 et
2947 4641 3144 4696 Filius:
3172 4660 3326 4713 quem
3358 4637 3460 4699 ιιῖιιι
3489 4646 3767 4713 prin-cessit

2173 4717 2329 4784 aetate
2348 4724 2445 4763 nec
2460 4709 2736 4784 dignitate,
2764 4726 2867 4784 non
2890 4728 3013 4784 eum
3032 4713 3051 4743 ³
3076 4709 3264 4767 mimiit
3279 4709 3596 4784 :equalitate.
3620 4717 3770 4784 Apo-

2174 4779 2368 4853 s_to_lum
2397 4780 2519 4853 audi
2550 4780 2675 4853 quid
2702 4783 2768 4835 de
2799 4782 2904 4836 Deo
2948 4782 3084 4836 Filio
3130 4784 3303 4839 dicat:
3333 4779 3458 4853 Cum
3502 4786 3554 4837 in
3593 4779 3766 4853 for-ma

2176 4847 2659 4925 Deiﬁessettinquit,
2686 4868 2785 4906 non
2802 4853 3036 4925 rapinam
3061 4852 3339 4909 arbitratus
3359 4867 3431 4909 est
3458 4872 3563 4909 esse
3586 4847 3768 4925 inqua-

2175 4918 2372 4997 tis_Deo
2402 4918 2659 4997 (Philipp.
2700 4918 2874 4997 11,6).
2902 4923 3251 4997 Non_rapuit.
3285 4928 3408 4997 quia
3450 4918 3769 4981 naturaliter

2176 4988 2804 5065 habuitLOmnipjttentia
2827 4988 3004 5063 itaque
3034 4988 3208 5051 Patris
3240 4988 3484 5057 in'Filio.
3515 4999 3767 5065 omnipo-

2176 5062 2340 5137 t_e_u_tia
2364 5061 2480 5115 Filii
2511 5063 2562 5116 in
2593 5061 3130 5137 Patre;qui_ancque
3154 5068 3437 5137 aliquando
3472 5069 3627 5122 Pater
3648 5061 3771 5121 sine

2177 5130 2333 5202 Filio,
2364 5148 2536 5202 neque
2560 5130 2842 5202 aliquando
2871 5130 3181 5193 Filius-sine
3211 5130 3387 5193 Patre.
3420 5140 3666 5194 Divinam
3701 5140 3768 5191 il-

2177 5201 2281 5254 lam
2332 5201 2661 5276 nativitatem
2706 5220 2807 5276 qua
2858 5206 3022 5261 Filius
3069 5209 3328 5276 processit
3358 5226 3421 5265 ex
3456 5210 3631 5271 Patre,
3662 5226 3769 5276 qua

2178 5281 2333 5327 natus
2357 5274 2696 5349 est‘Deusde
2726 5274 2854 5349 Deo,
2883 5278 2997 5349 sine
3019 5274 3189 5344 initio,
3214 5281 3329 5333 sine
3363 5290 3626 5349 tempore,
3652 5274 3773 5335 sine

2178 5352 2369 5415 matre,
2421 5345 2537 5399 sine
2576 5346 2750 5415 aliqua
2786 5345 3083 5415 fragilitate,
3117 5352 3232 5403 sine
3278 5351 3381 5404 ulla
3419 5345 3497 5404 sui
3530 5352 3769 5404 diminu-

2181 5414 2341 5491 tione,
2364 5431 2467 5491 non
2494 5414 2773 5491 possumus
2790 5414 3055 5486 explicare
3073 5437 3093 5491 :7
3107 5419 3431 5473 Nativitatem
3448 5433 3615 5475 autent
3636 5425 3770 5491 ejus,

2178 5485 2251 5539 ait
2279 5488 2558 5556 pr0pheta,
2599 5488 2711 5558 quis
2750 5485 3000 5542 enarrablt
3045 5490 3197 5560 (Isai.
3238 5507 3346 5552 ιιιι.
3372 5492 3466 5564 8)?
3492 5494 3555 5547 Et
3583 5485 3770 5549 revera

2243 5598 2260 5629 ¹
2462 5597 2744 5671 perplexas,
2765 5602 2814 5649 in
2837 5615 2935 5671 quo
2955 5600 3245 5653 Fuliensium
3267 5603 3421 5654 codex
3452 5605 3646 5665 amtttit,
3687 5604 3774 5657 sed

2178 5664 2232 5711 υε
2246 5659 2313 5727 _ab
2339 5659 2423 5711 illo
2454 5659 2625 5719 essent,
2641 5661 2751 5723 jam
2772 5659 3026 5727 accepisse.

2242 5725 2262 5753 ³
2300 5731 2423 5782 Mss,
2448 5736 2478 5772 a
2498 5729 2645 5772 morte
2661 5736 2755 5773 non
2775 5724 3080 5775 excludatur.

2246 5785 2267 5816 ³
2300 5792 2425 5859 hlss.,
2463 5798 2557 5833 non
2753 5789 2826 5836 Sic
2850 5789 2997 5859 etiam
3019 5788 3167 5840 editio
3202 5794 3278 5843 Er.
3314 5803 3425 5859 qua:
3446 5790 3631 5844 deinde
3666 5791 3773 5845 sola

2180 5848 2506 5913 prosequitur,
2526 5846 2696 5901 mirum
2713 5846 3049 5917 ωφιαιὲιαιεηι.
3331 5846 3347 5859 ’
3534 5894 3540 5899 .
