4102 6336
448 349 552 410 647

448 464 614 520 melos
642 460 860 531 dignare
885 456 1173 514 ascendere
1202 473 1215 509 :
1240 463 1299 511 ut
1322 453 1670 531 congregatiq
1681 453 1859 531 populi
1889 453 2027 531 tide-

450 536 518 591 lis
544 523 892 605 congregetur
932 531 984 605 in
1012 545 1173 584 unum
1207 543 1301 605 per
1325 523 1504 593 ﬁdem,
1528 523 1604 605 :ut
1643 523 1772 605 fides
1801 524 2032 605 deducat

454 621 550 662 eos
578 596 926 673 ad'spéciem.
962 602 1185 673 Ipsaest
1210 596 1382 653 virtus
1406 596 1951 673 omnipotentia:_tu:e,
1977 603 2035 673 ut

487 677 569 732 lus
597 666 767 743 possis
797 676 847 728 in
874 666 1003 743 ipsis
1029 668 1523 745 ﬁdelibusquando
1558 666 1753 722 absens
1779 666 1846 721 ab
1871 668 1951 720 eis
1980 666 2031 745 in

489 694 569 732 IIIS
597 694 767 743 pOSSIS
797 694 847 728 In
874 694 1003 743 Ipsm
1029 694 1523 738 nummumquauuu
1558 694 1753 722 ausclta
1779 694 1846 721 au
1871 694 1951 720 cra
1980 694 2031 719 ιιι

453 694 667 803 homine
722 747 807 799 illo
862 752 1114 810 suscepto
1163 741 1400 796 sentiris.
1446 740 1709 794 (laterum
1751 736 2031 807 priesentia

455 831 557 873 tuae
580 815 871 886 majestatis
898 814 966 869 de
991 812 1250 886 cordibus
1270 810 1507 886 ﬁdelium
1527 819 1735 886 tuorum
1766 822 2032 886 nunquam

453 877 703 943 discedis.
744 886 927 940 Videte
954 894 1154 946 autem,
1183 881 1549 945 dilectissimi,
1588 879 1712 949 quid
1755 877 2035 933 donaverit

455 962 554 1015 iste
579 959 667 1028 qui
712 957 950 1011 ascendit
979 956 1031 1028 in
1067 955 1253 1028 altum,
1284 953 1551 1028 captivam
1578 950 1729 1005 duxit
1755 950 2034 1028 captivita-

458 1020 777 1094 temfdedit
832 1027 969 1079 dona
1021 1024 1324 1079 hominibus
1354 1020 1547 1094 ’(Psal.
1595 1036 1776 1094 _t_.xvtt,
1834 1020 2034 1094 l9,g_et

461 1090 648 1170 liphes.
693 1114 765 1163 tv,
783 1097 877 1170 8);
912 1094 1085 1170 videte
1108 1094 1233 1170 quid
1253 1090 1561 1170 donaverit.
1594 1091 1751 1169 Venit
1776 1090 2033 1170 mirabili-

457 1162 556 1236 ter,
585 1171 753 1226 crevit
783 1162 1382 1228 mirabiliterfexhibuit
1413 1167 1572 1236 multa
1613 1162 1887 1227 miracula,
1915 1176 2034 1236 quae

456 1232 700 1311 superius
758 1237 1342 1311 commemoravimus,
1386 1235 1528 1289 salus
1592 1242 1792 1288 aeterna
1855 1232 2036 1311 multis

459 1304 702 1382 [ινῖιεςιιιιι
728 1310 972 1364 salutem.
1010 1307 1109 1382 Qui
1151 1305 1485 1382 inﬁrmitates
1530 1314 1741 1382 nostras
1778 1304 2031 1382 suscepit,

460 1373 651 1436 inultas
702 1381 979 1448 variasque
1018 1373 1352 1431 inﬁrmitates
1393 1376 1617 1448 curavit.
1664 1373 2036 1448 Circumdatus

459 1455 617 1506 etiam
642 1462 766 1506 tunc
788 1443 1251 1504 fuit‘multitudine
1275 1446 1612 1516 populorum,
1639 1460 1772 1516 quos
1796 1443 2038 1516 adduxe-

463 1534 543 1577 rat
572 1539 674 1577 non
709 1522 857 1582 lides,
902 1520 995 1575 sed
1031 1514 1309 1573 curiositas
1336 1514 1630 1571 oculorum.
1662 1515 1897 1584 Denique
1926 1514 2035 1567 visa

462 1594 711 1648 miracula
743 1593 890 1646 multi
915 1591 1217 1650 laudabant,
1246 1589 1333 1642 alii
1364 1587 1734 1641 detrahebant.
1761 1585 1890 1639 Nam
1915 1584 2037 1639 inde

462 1675 545 1719 est
590 1664 716 1717 illud
763 1662 1106 1716 detractionis
1153 1659 1370 1713 verbum
1419 1656 1747 1720 dicentium,
1803 1654 1941 1725 quod
1985 1655 2036 1709 in

464 1734 757 1789 Beelzebub
796 1732 1031 1802 principe
1078 1730 1463 1784 daemoniorum
1510 1728 1733 1802 eji_ceret_
1775 1725 2037 1802 daemonia

463 1805 614 1873 (Luc.
669 1796 885 1872 111,13).
921 1796 1056 1857 (lum
1109 1810 1251 1873 tanta
1296 1809 1471 1873 tamen
1518 1796 1768 1873 miracula
1822 1796 2034 1862 faceret,

462 1868 800 1943 contemptus
827 1868 909 1927 est
934 1890 952 1943 7:
986 1887 1090 1926 non
1123 1872 1295 1943 solum
1334 1870 1490 1940 digne
1536 1868 1756 1943 habitus
1784 1884 1888 1920 non
1932 1876 2036 1933 est,

463 1947 556 2001 sed
587 1938 803 2013 insuper
831 1942 1037 1997 occisus
1075 1951 1176 1996 est.
1209 1938 1411 2013 Quare'
1432 1955 1537 2013 non
1577 1948 1703 1992 tunc
1735 1938 1929 2013 factum
1959 1946 2043 2013 est

465 2027 522 2071 ut
546 2018 661 2083 ejus
687 2007 1255 2086 praisentiainumerns
1289 2012 1374 2066 ille
1402 2012 1759 2086 colligeretur,
1790 2007 2039 2086 nisi_quia

465 2077 744 2160 oportebat
784 2085 992 2160 impleri
1020 2085 1196 2160 omnia
1235 2098 1352 2151 qua}
1393 2082 1459 2160 de
1497 2077 1770 2160 «ao-“erant-
1802 2077 2040 2147 scripta?

465 2150 672 2213 E'tenim
700 2150 911 2226 quando
944 2156 1029 2208 illa
1069 2150 1378 2223 agi-bantur,
1422 2152 1530 2220 jam
1560 2152 1630 2204 illi
1662 2150 1729 2203 ab
1760 2152 1876 2226 ipse
1900 2164 2041 2217 pra:-

465 2219 805 2298 parahantiir,
830 2228 942 2295 jam
968 2219 1247 2298 captivitas
1269 2219 1456 2298 eorum
1484 2233 1644 2298 capta
1671 2232 1802 2274 erat.
1837 2219 2042 2298 Esspe-

468 2290 711 2352 'ctahatur
749 2306 805 2351 ut
831 2290 1159 2349 ascenderet
1194 2295 1458 2357 Salvator,
1509 2303 1563 2345 et
1613 2290 1838 2345 donaret
1879 2290 2039 2343 dona.

466 2368 595 2436 Qua:
620 2367 795 2421 dona?
823 2368 968 2421 Dona
1004 2382 1119 2434 qua:
1151 2373 1471 2432 acceperunt
1502 2361 1772 2436 discipuli;
1800 2376 1918 2430 qua:
1949 2376 2042 2436 ac-

467 2431 607 2510 cepit
653 2438 860 2503 Petrus,
908 2446 963 2490 ut
1007 2431 1303 2489 moreretur
1337 2450 1429 2501 pro
1476 2434 1724 2510 absente,
1757 2447 1914 2510 quem
1938 2431 2040 2510 _de-

468 2500 731 2578 spérando
786 2500 1068 2578 negaverat
1116 2500 1856 2578 priesentetn._)lidetequid
1902 2500 2042 2578 idem

467 2573 657 2635 Petrus
683 2578 824 2633 dicat
857 2573 918 2631 in
974 2573 1205 2644 Epistula
1235 2591 1351 2637 sua,
1386 2573 1511 2643 quid
1540 2573 1771 2627 ell'uudat
1808 2590 1873 2628 ex
1904 2573 2044 2627 dono

469 2651 562 2705 illo
602 2650 770 2705 sancti
815 2648 1044 2717 Spiritus
1078 2665 1090 2700 :
1121 2645 1404 2717 Credentes.
1439 2644 1625 2717 inquit,
1660 2644 1870 2717 Δᾖηῃιειιηι
1898 2659 2046 2717 quem

470 2738 572 2774 non
616 2720 811 2783 videtis,
838 2712 1051 2790 gaudete
1087 2715 1410 2790 inenarrabili
1435 2712 1618 2784 gaudio
1645 2713 1687 2785 (Ι
1713 2712 1857 2790 Patr:
1887 2730 1925 2778 ι,
1962 2714 2041 2784 8).

470 2790 808 2846 Gaudeamus
823 2784 877 2843 et
890 2806 984 2842 nos
1000 2787 1266 2841 credendo
1280 2787 1327 2839 iu
1342 2801 1461 2839 eum
1480 2802 1636 2854 quem
1653 2784 1754 2838 non
1774 2784 2049 2854 videmus;

469 2870 530 2915 ut
548 2861 724 2916 securi
747 2861 891 2914 illum
910 2859 1202 2921 videamus,
1222 2873 1340 2909 cum
1353 2857 1418 2910 ad
1436 2856 1607 2925 ipsum
1627 2856 2046 2925 pervenerimus.

471 2930 664 2987 Veniet
691 2944 863 2985 autem
885 2941 934 2984 et
956 2929 1327 2999 ipse.5edinon
1356 2927 1474 2980 talis
1502 2927 1680 2999 qualis
1697 2936 1851 2999 antea
1876 2925 2043 2999 venit.

541 3001 765 3058 CAPUT
808 3000 937 3056 Vlll.
964 2996 1034 3040 Σ-
1061 3001 1145 3053 17.
1176 2997 1403 3052 Christus
1458 2996 1526 3050 ad
1562 2996 1818 3068 judicium
1868 2996 1921 3049 in
1948 3011 2048 3068 qua

473 3078 639 3145 forma
667 3074 842 3145 veniet.
874 3072 1139 3126 Venturos
1165 3080 1245 3145 est
1272 3070 1413 3145 enim
1446 3067 1594 3145 vivos
1617 3079 1671 3145 et
1700 3067 2047 3145 mortuosju-
2086 3081 2091 3087 '

471 3136 671 3199 dicare.
709 3143 889 3198 Veniet
913 3152 1087 3195 autem
1116 3150 1173 3194 ut
1195 3140 1395 3208 judieet
1421 3138 1511 3207 qui
1548 3139 1694 3192 stetit
1719 3138 1817 3191 sub
1838 3136 2046 3206 judice;

472 3216 651 3271 veniet
675 3215 729 3269 in
750 3229 811 3267 ea
840 3214 1003 3267 forma
1037 3213 1089 3266 in
1116 3227 1216 3280 qua
1238 3210 1514 3280 judicatus
1533 3220 1636 3275 est,
1664 3218 1724 3263 ut
1754 3208 1968 3263 videant
1997 3208 2049 3262 in

472 3301 629 3356 quem
662 3295 1010 3355 pupugerunt.
1050 3278 1385 3356 cognoscant
1421 3278 1589 3335 Judaei
1632 3295 1791 3349 quem
1823 3294 2052 3356 negave-

472 3352 598 3411 runt
626 3373 638 3408 :
664 3352 949 3410 convincat
990 3369 1082 3408 eos
1113 3353 1201 3406 ille
1243 3354 1401 3404 homo
1445 3360 1745 3419 susceptus,
1772 3357 1829 3404 et
1865 3352 1932 3403 ab
1974 3352 2051 3404 eis

474 3427 777 3482 cruciﬁxus.
828 3424 1105 3488 Fortasse,
1153 3422 1504 3486 dilectissimi,
1554 3422 1803 3490 quoniam
1855 3420 2052 3473 veritas

474 3497 777 3567 evangelica
824 3511 928 3550 non
960 3496 1131 3567 tacuit
1143 3508 1271 3567 eum
1302 3507 1423 3548 cum
1453 3492 1788 3567 cicatricibus
1816 3504 2053 3567 resurre-

475 3560 639 3631 xisse',
663 3567 751 3637 qui
776 3574 955 3635 posset
980 3564 1025 3619 si
1055 3564 1215 3637 vellet
1242 3562 1313 3637 de
1336 3576 1559 3637 corpore
1584 3562 1839 3637 suscitato
1869 3569 1924 3637 et
1944 3560 2051 3613 cla-

476 3629 915 3693 rilicato'ouinem
949 3635 1206 3688 maculam
1234 3629 1515 3701 cujuslibet
1552 3633 1814 3687 cicatricis
1842 3629 2051 3684 abster-

476 3724 602 3777 gere
642 3707 755 3780 (sed
800 3708 999 3780 sciebat
1019 3721 1179 3780 quare
1202 3704 1474 3780 cicatrices
1501 3702 1550 3754 in
1573 3716 1921 3780 corporesuo
1942 3715 2055 3780 ser-

478 3770 731 3843 varet,'ut
769 3778 985 3831 vulnera
1010 3770 1351 3830 dubitationis
1392 3776 1441 3826 iu
1482 3770 2052 3843 cordibus‘discipnlo-

480 3841 856 3919 rumisanaret)
883 3866 896 3902 :
920 3847 1142 3919 fortasse
1161 3860 1309 3919 ergo.
1330 3850 1390 3919 ιιι
1413 3842 1543 3908 dixi,
1567 3845 1702 3897 sicut
1722 3841 2056 3919 demonstra-

479 3920 555 3972 vit
582 3910 959 3981 Thomaeﬁnon
982 3910 1345 3971 credenti'tiisi
1389 3923 1626 3982 tangeret
1651 3921 1703 3966 et
1731 3910 1959 3976 videret,
1983 3912 2054 3965 ita

479 3990 636 4043 etiam
666 3988 894 4042 inimicis
923 3988 1034 4042 suis
1072 3988 1289 4041 vulnera
1321 3986 1782 4039 demonstraturus
1818 3992 1899 4036 est
1937 3998 2051 4035 sua.

482 4060 704 4126 PrOpter
723 4059 863 4127 quod
884 4058 1087 4127 dictum,
1116 4066 1199 4111 est
1226 4071 1320 4125 per
1347 4054 1679 4123 prephetam,
1732 4052 1977 4127 Videbunt
2003 4053 2057 4106 in

480 4124 992 4205 quemliupugerunne
1029 4126 1209 4205 (lucri.
1238 4142 1331 4184 xu.
1486 4140 1650 4205 alt-ton
1692 4133 1750 4177 ut
1777 4124 2053 4205 eis‘dinela‘t,

481 4192 868 4263 sicutThotn'at,
894 4192 1228 4262 Ωιιὶιιίηάὶδιὶ,
1242 4192 1495 4249 credidisti
1517 4194 1693 4265 (Joan.
1717 4210 1809 4257 xx,
1831 4192 2053 4265 35-29);

481 4271 575 4326 sed
607 4280 663 4324 ut
704 4272 1024 4324 convinccns
1048 4283 1141 4322 eos
1168 4266 1376 4321 Veritas
1404 4264 1567 4330 dicat,
1605 4266 1745 4319 Ecce
1789 4264 2054 4317 hominem

483 4356 643 4409 quem
672 4340 1024 4403 cruciﬁxtstis,
1053 4354 1178 4409 ecce
1230 4337 1390 4409 Deum
1418 4345 1472 4391 et
1511 4336 2057 4409 hominem‘inquem

482 4406 701 4466 credere
743 4410 1007 4465 noluistis.
1053 4408 1255 4463 Videtis
1306 4407 1525 4462 vulnera
1554 4422 1675 4477 quae
1727 4406 2055 4470 iullixistis‘,

484 4482 769 4552 agnoscitis
794 4482 929 4536 latus
957 4480 1097 4551 quod
1129 4479 1423 4551 pupugistis
1452 4496 1465 4533 :
1497 4477 1746 4552 quoniam
1776 4487 1828 4531 et
1850 4490 1944 4545 per
1967 4491 2058 4530 vos

485 4549 540 4608 ei
575 4561 789 4622 propter
824 4567 917 4606 vas
957 4549 1341 4622 apertum‘est,
1380 4565 1485 4622 (nec
1524 4549 2057 4622 tamen‘intrarevo-

486 4618 687 4678 luistisi
708 4623 806 4691 Qui
839 4638 940 4676 non
971 4618 1100 4676 estis
1133 4620 1393 4689 redempti
1422 4621 1589 4690 pretio
1623 4618 1727 4673 mei
1764 4618 2055 4691 sanguinis,

486 4710 590 4748 non
631 4690 759 4749 estis
798 4695 936 4760 mei;
985 4692 1222 4747 discedite
1246 4709 1278 4744 a
1307 4707 1383 4743 me
1408 4691 1461 4743 in
1490 4691 1655 4761 ignem
1679 4699 1940 4754 wternuut,
1960 4690 2058 4761 Aqui

520 4775 694 4819 oratus
727 4774 796 4819 est
831 4764 1030 4817 diabolo
1060 4773 1103 4817 et
1140 4762 1331 4830 angelis
1377 4762 1485 4832 ejus
1512 4759 1732 4832 (Matth.
1768 4775 1909 4832 xxv,
1944 4759 2057 4832 4t).

520 4783 694 4819 aratas
727 4783 796 4819 est
831 4783 1030 4817 ataaow
1060 4783 1103 4817 et
1140 4783 1331 4830 augens
1377 4783 1485 4831 ejus
1524 4783 1732 4832 (mauu.
1770 4783 1909 4824 xxv,
1944 4783 2057 4829 ei).

485 4783 590 4890 ἕω
620 4836 830 4889 illorum
864 4850 1006 4890 mors
1058 4832 1299 4903 proliciat
1337 4831 1403 4885 ad
1434 4840 1669 4886 nostram
1715 4831 1962 4903 salutem.
2005 4831 2061 4885 Si

486 4906 560 4960 illi
601 4902 1183 4975 contempserunt,’uos
1216 4904 1497 4957 timeamus
1527 4917 1648 4957 eum
1678 4902 1766 4971 qui
1807 4904 1885 4955 sic
1928 4915 2059 4975 ven-

487 4990 635 5031 turus
664 4988 747 5032 est
783 4972 1041 5046 judicare.
1086 4974 1327 5046 Festinet,
1360 4974 1723 5043 unusquisque
1764 4986 1884 5046 cum
1910 4972 2060 5039 vivit,

488 5059 543 5102 ut
565 5050 701 5102 vivat
726 5066 739 5116 ;
767 5043 1038 5114 currat,ut
1060 5046 1174 5114 ejus
1201 5045 1431 5114 pretioso
1449 5043 2022 5116 sanguine_redimatnr
2046 5061 2060 5098 :

488 5135 551 5173 ne
580 5134 700 5174 cum
728 5114 839 5173 non
868 5118 1023 5173 fuerit
1044 5118 1290 5171 inventus
1317 5118 1367 5169 in
1393 5130 1613 5185 numero
1640 5114 2059 5185 redemptorum,

487 5188 538 5241 iu
567 5206 788 5245 numero
816 5198 1024 5244 maneat
1056 5188 1403 5259 perditorum.
1434 5186 1549 5250 llic,
1582 5184 1671 5259 hic
1694 5184 2060 5259 dumvivitur,

489 5260 675 5330 melior
701 5261 924 5330 eligatur
942 5255 1107 5314 locus.
1138 5260 1231 5313 Hic
1256 5267 1339 5312 est
1365 5266 1574 5330 tempus
1605 5256 1747 5330 lidei.
1773 5255 2060 5330 Craterum,

486 5326 553 5381 In
582 5326 801 5401 inferno,
851 5333 924 5383 ait
956 5330 1229 5399 propheta,
1270 5329 1397 5401 (quis
1427 5326 1741 5401 conﬁtebitur
1780 5328 1868 5379 tibi
1891 5326 2061 5399 (Psal.

486 5414 560 5464 vt,
589 5398 679 5460 6)?
722 5401 819 5468 Qui
856 5398 968 5455 vult
995 5416 1207 5469 semper
1233 5400 1430 5467 vivere,
1457 5409 1506 5453 et
1546 5414 1648 5453 non
1688 5398 1876 5452 timere
1916 5412 2063 5451 mor-

488 5476 617 5534 tem,
650 5479 825 5526 teneat
845 5474 1027 5537 vitam,
1057 5482 1111 5523 ut
1143 5487 1286 5525 mors
1313 5480 1591 5540 supeietur
1620 5485 1649 5522 a
1682 5470 1807 5521 vita.
1831 5470 1928 5536 Qui
1958 5483 2063 5521 non

487 5540 599 5592 vult
630 5541 813 5593 timere
834 5544 1032 5610 justum
1061 5541 1290 5610 judicem
1318 5542 1666 5610 judicantem,
1706 5541 1878 5609 ipsum
1926 5553 2066 5593 nunc

489 5610 588 5664 sibi
621 5610 867 5664 adhibeat
896 5612 1249 5667 defensorem.

558 5681 797 5755 CAPUT
836 5681 923 5733 IX.
975 5713 1045 5755 -—_
1088 5683 1173 5735 18.
1220 5683 1296 5735 De
1345 5681 1543 5755 Spiritu
1578 5692 1775 5755 sancto.
1817 5682 2068 5737 Adversus

488 5751 703 5810 Arianos
747 5752 962 5806 dicentis
1009 5752 1214 5806 Patrem
1252 5751 1525 5825 majorem,
1567 5754 1764 5810 Filium
1790 5756 2064 5825 minorem,

549 5862 1169 5948 laneum-Julianus.
1852 5884 1908 5905 ιν
1949 5881 1959 5891 ·

1832 335 1923 395 DE
1959 332 2278 396 SYMBOLO

2082 5886 2144 5898 ...α

3620 333 3728 393 648

2140 454 2649 524 SpiritumAsanctum
2677 451 2834 507 multo
2862 451 3170 522 inferiorem.
3202 451 3527 524 Refellmttur
3552 450 3725 507 adhuc

2137 522 2335 580 Ariani.
2381 522 2658 579 Credimus
2701 531 2751 578 et
2798 524 2849 577 in
2890 524 3140 593 Spiritum
3177 535 3445 593 sanctum.
3468 522 3725 593 Spiritum

2138 605 2380 651 sanctum
2412 597 2573 650 Deum
2597 594 2866 650 credimus
2887 592 3141 663 aequalem
3167 594 3307 649 Patri
3334 603 3388 648 et
3411 592 3578 659 Filio,
3602 594 3729 662 quia

2137 667 2297 721 simul
2323 677 2404 721 est
2429 675 2483 722 et
2510 667 2565 721 in
2596 666 2750 721 Patre
2778 676 2832 720 et
2862 668 2912 719 in
2940 665 3092 721 Filio.
3120 665 3400 733 Quomodo
3428 674 3511 719 est
3542 665 3593 718 in
3620 664 3729 720 Pa-

2141 738 2261 793 tre?
2306 736 2497 792 Filium
2540 736 2662 791 audi
2715 755 2727 791 :
2777 736 3039 807 Spiritus,
3086 738 3287 805 inquit,
3330 736 3416 807 qui
3444 737 3731 807 proceditis

2139 807 2328 874 Patre,
2374 810 2482 877 ipse
2518 807 2799 861 introducet
2823 804 2920 862 ’vos
2958 809 3010 861 in
3037 804 3235 863 omnem
3258 804 3515 862 veritatem
3542 804 3727 875 (Joan.

2137 895 2236 945 xv,
2276 876 2403 943 26,7
2426 890 2473 933 et
2504 895 2613 943 xw,
2646 880 2754 947 13).
2785 878 3063 947 Quomodo
3090 887 3175 935 est
3202 882 3254 933 in
3286 876 3459 933 Filio?
3489 877 3603 947 Ipse
3639 878 3731 932 Fi-

2138 950 2241 1005 lius
2270 960 2389 1019 post
2417 949 2861 1005 resurrectionem
2889 951 3105 1005 mittens
3129 949 3421 1018 discipulos
3443 964 3568 1003 suos
3590 964 3733 1016 prae-

2139 1020 2320 1076 dicare
2347 1019 2687 1087 Evangelium
2711 1062 2723 1083 ,
2757 1020 3042 1075 insnftlavit
3077 1022 3130 1075 in
3161 1020 3345 1074 faciem
3376 1019 3609 1085 ipsorum
3633 1061 3647 1082 ,
3680 1028 3733 1074 et

2140 1093 2215 1145 ait
2263 1092 2370 1145 illis
2417 1108 2429 1144 :
2483 1091 2704 1160 Accipite
2752 1090 3002 1160 Spiritum
3048 1102 3279 1146 sanctum
3323 1089 3432 1157 (Id.
3476 1106 3577 1152 xx,
3614 1088 3732 1161 2‘2).

2141 1161 2419 1229 Quomodo
2442 1172 2525 1215 est
2550 1162 2776 1230 Spiritus
2802 1163 3011 1216 Patris?
3039 1163 3155 1230 Ipse
3185 1162 3444 1216 Dominus
3471 1161 3523 1214 in
3552 1161 3731 1214 Evan—

2140 1233 2281 1303 gelia
2322 1250 2335 1286 :
2380 1231 2501 1286 Non
2538 1234 2671 1285 enim
2697 1248 2782 1303 nos
2809 1234 2925 1286 estis
2950 1233 3036 1302 qni
3062 1233 3358 1303 loquimini,
3388 1232 3477 1285 sed
3502 1230 3734 1303 Spiritus

2144 1300 2318 1383 Patris
2367 1303 2535 1383 _vestri
2570 1303 2655 1371 qui
2687 1301 2924 1383 loquitur
2959 1300 3207 1383 inuenitis
3247 1302 3581 1383 (Maltinus,
3616 1300 3735 1383 20).
3772 1344 3777 1347 .

2141 1374 2419 1441 Quomodo
2462 1382 2544 1428 est
2591 1383 2644 1426 et
2686 1371 2912 1439 Spiritus
2956 1371 3118 1428 Filii?
3155 1374 3438 1443 Apostolus
3462 1373 3635 1443 dicit;
3672 1372 3735 1427 Si

2141 1446 2253 1515 quis
2279 1445 2527 1569 Sgiritum
2550 1443 2734 1498 Christi
2762 1460 2862 1498 non
2890 1444 3064 1510 habet,
3094 1445 3174 1497 hic
3202 1442 3303 1498 non
3329 1453 3399 1498 est
3420 1446 3529 1513 ejus
3552 1442 3734 1511 (Rom.

2144 1531 2271 1569 vni.
2358 1520 2392 1569 ι.
2436 1514 2717 1569 Ouomodo
2755 1515 2894 1569 idem
2937 1515 3051 1569 inse
3088 1516 3316 1569 Spiritus
3341 1514 3509 1569 Patris
3537 1525 3589 1568 et
3615 1512 3734 1567 Filii

2144 1512 2271 1580 vni,
2314 1512 2392 1581 9).
2436 1514 2717 1580 Quomodo
2755 1515 2894 1569 idem
2937 1515 3051 1584 ipse
3088 1516 3316 1584 Spiritus
3341 1512 3509 1571 Patris
3537 1525 3589 1568 et
3615 1512 3740 1567 Filii

2145 1586 2437 1657 procedens
2480 1600 2509 1639 a
2558 1585 2713 1657 Patre
2755 1595 2806 1639 et
2848 1586 2985 1640 Filio
3022 1595 3305 1642 attestatur
3332 1584 3519 1657 Filium
3552 1599 3739 1657 susce-

2145 1655 2285 1739 pisse
2322 1656 2584 1739 carnem?
2622 1655 2855 1739 Joannes
2890 1658 3231 1739 evangelista.
3258 1657 3388 1711 dicit
3419 1674 3431 1709 :
3463 1656 3736 1739 Spiritus,

2146 1726 2347 1797 inquit,
2396 1727 2619 1798 nondum
2660 1730 2769 1780 erat
2813 1728 2996 1791 datus,
3040 1726 3160 1798 quia
3196 1726 3347 1783 Jesus
3377 1726 3599 1798 nondum
3625 1734 3740 1780 erat

2144 1796 2452 1865 cla’riﬁcatus
2482 1796 2661 1868 (Joan.
2683 1812 2755 1851 vn
2776 1838 2791 1863 ,
2820 1798 2935 1867 59).
2965 1796 3188 1865 Quando
3211 1807 3389 1853 autem
3412 1797 3739 1851 clarilicatus

2144 1878 2227 1923 est
2268 1868 2463 1940 Filius,
2511 1869 2643 1940 ipse,
2665 1868 2792 1923 dicit
2824 1871 3043 1940 :_Aperti
3061 1879 3223 1940 sunt,
3254 1870 3366 1934 ait,
3395 1868 3540 1940 creti,
3572 1878 3617 1920 et
3645 1869 3740 1940 de-

2144 1937 2813 2010 scenditsuperbaptisatum
2835 1937 3011 1993 Iesum
3038 1939 3262 2010 Spiritus
3287 1948 3488 2010 sanctus
3504 1939 3557 1991 in
3572 1938 3744 2007 specie

2147 2007 2418 2075 columbae,
2442 2007 2635 2077 voxque
2649 2010 2784 2077 facta
2812 2021 2884 2063 est
2910 2007 3129 2064 dicens:
3160 2009 3260 2063 Hic
3290 2020 3359 2064 est
3389 2007 3439 2062 F
3440 2009 3557 2062 ilius
3597 2025 3742 2061 meus

2147 2080 2357 2151 dilectus
2378 2122 2391 2142 ,
2420 2081 2472 2133 in
2495 2096 2591 2147 quo
2614 2080 2738 2151 bene
2763 2081 3045 2149 complacui
3082 2080 3292 2151 (Matth.
3324 2097 3378 2151 ιιι
3400 2122 3415 2143 ,
3442 2080 3507 2133 l6
3534 2088 3584 2151 (et
3618 2080 3736 2151 17).

2220 2150 2308 2206 l9.
2339 2151 2463 2205 Ιιςρε
2489 2160 2577 2215 ιιι,
2612 2150 2861 2205 hazretice
2886 2149 3098 2214 ariane,
3130 2167 3251 2206 cum
3280 2150 3431 2205 audis
3463 2150 3543 2204 vel
3567 2149 3739 2218 legis,

2148 2220 2340 2277 Filium
2378 2220 2756 2286 clarilieatum,
2800 2221 3054 2291 Spiritum
3085 2232 3326 2276 sanctum
3359 2222 3411 2275 in
3443 2221 3624 2291 specie
3646 2235 3743 2274 co-

2150 2293 2343 2347 lumbae
2381 2291 2449 2347 de
2488 2292 2637 2346 caelis
2675 2306 2795 2346 esse
2837 2289 3207 2347 transmissum
3239 2311 3251 2345 :
3285 2292 3389 2346 hac
3427 2289 3744 2345 auctoritate

2148 2364 2378 2418 carnalis
2418 2372 2501 2416 tua
2534 2362 2820 2433 cogitatio,
2854 2373 2907 2416 et
2938 2363 3212 2431 phantasia
3241 2363 3462 2433 spiritus
3491 2363 3616 2416 mali
3646 2360 3742 2431 qui

2150 2444 2397 2503 operatur
2421 2434 2472 2486 in
2498 2432 2617 2487 [iliis
2641 2431 2967 2503 difﬁdentiae,
2997 2434 3206 2489 Patrem
3230 2431 3431 2489 inducit
3450 2432 3707 2502 majorem
3724 2472 3742 2498 ,

2150 2502 2271 2574 quia
2311 2505 2455 2558 visus
2499 2518 2604 2574 non
2646 2512 2765 2568 est;
2800 2502 2989 2558 Filium
3020 2506 3311 2568 minorem,
3344 2504 3466 2574 quia
3492 2508 3637 2557 visus
3662 2514 3747 2557 est

2151 2573 2205 2630 in
2238 2575 2483 2639 homine;
2512 2573 2765 2643 Spiritum
2793 2585 3034 2629 sanctum
3058 2575 3192 2631 Filio
3218 2575 3388 2629 multo
3412 2573 3743 2639 inferiorem,

2151 2647 2274 2717 quia
2315 2647 2367 2700 in
2399 2644 2576 2717 specie
2602 2645 3161 2717 apparuiticolumbaz.
3180 2645 3332 2717 Dicis
3358 2646 3513 2717 enim
3535 2645 3626 2717 tibi
3646 2686 3671 2717 ,_
3691 2653 3750 2699 et

2152 2715 2404 2787 perverse
2431 2715 2765 2787 rati0cinaris
2795 2734 2806 2769 :
2832 2716 3106 2787 Quantum
3137 2716 3298 2771 distat
3323 2716 3548 2771 visibilis
3567 2715 3636 2769 ab
3660 2715 3749 2787 in-

2152 2785 2347 2842 visibili
2366 2829 2380 2849 ,
2412 2794 2615 2840 tantum
2644 2786 2803 2857 distat
2830 2786 2995 2841 Filius
3022 2803 3053 2842 a
3079 2786 3276 2854 Patre;
3303 2796 3358 2843 et
3380 2794 3636 2857 quantum
3659 2785 3745 2840 di-

2152 2868 2257 2913 stat
2275 2857 2481 2927 species
2507 2856 2737 2927 hominis
2761 2858 2827 2912 ab
2847 2859 3024 2927 specie
3038 2858 3327 2924 columbae,
3357 2856 3559 2912 tantum
3581 2856 3749 2911 distat

2154 2925 2328 2983 honor
2368 2926 2486 2981 Filii
2524 2926 2592 2980 ab
2633 2925 2840 2982 honore
2876 2925 3105 2997 Spiritus
3139 2929 3329 2985 sancti.
3361 2928 3487 2984 Hzec
3508 2927 3753 2998 cogitans

2153 2999 2226 3054 illi
2252 3000 2521 3069 proximus
2550 3012 2609 3052 es
2634 2999 2925 3067 praecipitio
2953 3001 3153 3054 erroris
3184 3000 3224 3053 ί.
3254 2999 3434 3069 Neque
3458 2997 3600 3054 enim
3638 2997 3747 3069 de-

2153 3069 2371 3125 fuerunt
2392 3070 2482 3138 qui
2506 3068 2607 3139 hoc
2632 3068 2895 3123 sentirent
2923 3069 2989 3124 de
3011 3071 3185 3125 anima
3218 3068 3445 3125 humana
3468 3112 3482 3133 ,
3513 3068 3658 3139 quod
3688 3078 3751 3125 tu

2155 3141 2235 3195 vis
2264 3154 2507 3195 asserere
2535 3138 2601 3193 de
2626 3140 2918 3194 substantia
2942 3139 3141 3195 divina.
3168 3138 3578 3196 lntroduxerunt
3600 3140 3752 3195 enim

2154 3211 2398 3280 quidam,
2435 3226 2528 3279 pro
2559 3211 2761 3264 meritis
2790 3211 2996 3264 animas
3021 3211 3135 3266 dari
3160 3211 3474 3278 corporibus
3496 3252 3511 3275 ,
3545 3219 3599 3265 et
3625 3226 3753 3267 esse

2155 3282 2520 3336 revolutiones
2552 3293 2607 3351 et
2641 3280 2889 3336 circulos.
2929 3280 3192 3351 Pr0pheta
3224 3282 3385 3336 David
3412 3281 3590 3336 divina
3618 3296 3753 3337 voce

2156 3351 2495 3423 disrumpens
2517 3392 2532 3416 ,
2562 3350 2627 3404 In
2656 3352 2871 3423 circuitu
2896 3392 2910 3417 ,
2946 3350 3149 3423 inquit,
3178 3354 3322 3423 impii
3342 3352 3625 3405 ambulant.
3648 3352 3753 3418 Qui

2158 3422 2280 3476 talia
2321 3422 2544 3477 credunt
2587 3421 2668 3475 vel
2700 3421 3031 3491 praedicant,
3058 3424 3203 3492 impii
3230 3421 3371 3477 sunt.
3403 3424 3470 3478 Et
3498 3433 3751 3491 tanquam

2157 3493 2206 3547 ei
2272 3493 2408 3565 Deus
2448 3493 2651 3547 diceret
2671 3492 2873 3565 ,__Quid
2925 3502 2981 3565 tu
3023 3492 3089 3549 de
3146 3494 3434 3565 prOpagine
3477 3494 3753 3547 hominum

2158 3564 2368 3617 sentis?
2398 3573 2610 3617 secutus
2637 3562 2876 3632 adjuuxit
2898 3603 2913 3625 ,
2946 3562 3580 3618 Secundum—altitudinem
3611 3574 3754 3617 tuam

2159 3634 2507 3703 multiplicasti
2553 3634 2688 3702 ﬁlios
2734 3634 2995 3687 hominum
3041 3633 3215 3703 (Psal.
3259 3651 3347 3700 χι,
3389 3634 3466 3701 9).
3507 3634 3610 3691 Sed
3638 3634 3754 3690 hinc

2158 3704 2259 3775 alia
2308 3706 2543 3775 quaestio
2578 3713 2696 3766 est,
2751 3705 2801 3757 in
2845 3720 2947 3774 qua
2987 3720 3125 3759 nunc
3151 3722 3255 3760 non
3284 3721 3418 3775 opus
3448 3716 3528 3760 est
3554 3706 3754 3759 diutius

2159 3774 2449 3847 immorari.
2506 3773 2882 3828 Verumtamen
2929 3776 3049 3847 quia
3096 3776 3165 3831 de
3208 3773 3386 3847 Specie
3427 3776 3658 3830 hominis
3696 3784 3755 3831 et

2159 3844 2421 3916 columbae
2469 3852 2649 3916 nostra
2692 3854 2903 3911 tecum,
2951 3844 3355 3912 liaeretice,'est
3392 3846 3753 3916 disceptatio:

2161 3916 2213 3987 in
2264 3915 2366 3970 hoc
2408 3916 2549 3987 enim
2599 3914 2791 3970 Filium
2837 3918 3152 3987 ampliorem
3193 3934 3311 3972 esse
3340 3914 3756 3987 Spirituisaucto

2160 3986 2329 4057 dicis,
2374 3986 2498 4057 quia
2540 4002 2640 4057 pro
2679 3986 2937 4057 dignitate
2980 3988 3173 4056 gradus
3206 3988 3322 4054 sui,
3365 3990 3502 4042 sicut
3526 3988 3754 4043 multum

2162 4056 2323 4111 distat
2370 4056 2506 4112 inter
2544 4056 2792 4112 naturam
2843 4058 3072 4112 hominis
3114 4069 3167 4113 et
3209 4059 3506 4124 columbae,
3552 4068 3753 4113 tantam

2161 4127 2465 4198 distantiam
2509 4128 2588 4182 vis
2626 4143 2747 4183 esse
2791 4128 2912 4183 Filii
2951 4137 3004 4184 et
3040 4129 3267 4198 Spiritus
3302 4130 3467 4184 sancti
3498 4148 3511 4183 :
3538 4145 3755 4198 possein

2160 4198 2374 4266 quidem
2419 4197 2511 4251 tibi
2543 4199 2866 4268 respondere
2886 4240 2902 4265 ,
2928 4200 3063 4269 quia
3083 4197 3437 4255 innocentiam
3463 4197 3621 4269 quam
3654 4200 3756 4255 ha-

2162 4269 2252 4323 bet
2291 4270 2534 4323 columba
2558 4310 2571 4330 ,
2615 4284 2718 4323 non
2769 4270 2927 4325 habet
2966 4269 3126 4325 homo
3171 4289 3184 4323 :
3233 4271 3325 4325 sed
3369 4286 3472 4325 non
3504 4270 3658 4334 dico;
3686 4272 3757 4327 de

2162 4339 2257 4411 illo
2283 4338 2433 4394 ‘enim
2474 4338 2691 4395 homine
2715 4348 2920 4410 agimus
2949 4342 3037 4410 qui
3068 4342 3210 4395 venit
3235 4343 3348 4396 sine
3378 4351 3616 4411 peccato.
3646 4340 3756 4397 Sed

2163 4410 2207 4463 si
2249 4410 2347 4481 hoc
2379 4419 2428 4465 te
2456 4420 2667 4475 movet,
2699 4413 2819 4480 quia
2851 4411 3015 4465 Filius
3045 4412 3311 4467 hominem
3342 4410 3605 4481 suscepit,
3636 4412 3758 4481 Spi-

2152 4481 2298 4539 ritus
2339 4480 2391 4534 in
2436 4481 2679 4535 columba
2713 4482 2990 4551 apparuit;
3023 4498 3237 4537 movere
3268 4492 3319 4537 te
3345 4493 3399 4538 ct
3425 4480 3525 4536 hoc
3551 4480 3713 4537 debet
3733 4522 3753 4549 ,

2163 4551 2285 4675 quia
2329 4561 2379 4605 et
2412 4551 2524 4620 ipse
2555 4553 2712 4606 homo
2740 4568 2770 4607 a
2798 4552 2931 4606 Filio
2960 4554 3051 4609 Dei
3092 4564 3371 4622 susceptus
3412 4570 3438 4606 a
3477 4553 3756 4621 Scriptura

2204 4621 2340 4675 ivina
2377 4621 2550 4675 dictus
2575 4632 2657 4675 est
2686 4638 2873 4675 agnus.
2907 4622 3038 4675 Nam
3068 4633 3122 4675 et
3149 4624 3383 4675 Joannes
3406 4625 3639 4675 Baptista
3668 4624 3755 4675 di-

2204 4621 2550 4692 ivinaudictus
2575 4632 2657 4677 est
2686 4638 2873 4692 agnus.
2907 4622 3038 4677 Nam
3068 4633 3122 4678 et
3149 4621 3383 4679 Joannes
3406 4625 3639 4692 Baptista
3668 4624 3755 4678 di-

2165 4691 2236 4764 cit
2282 4709 2295 4744 :
2341 4690 2473 4746 Ecce
2514 4693 2686 4763 Agnus
2724 4690 2822 4747 Dei
2840 4735 2854 4759 ,
2886 4711 2997 4748 ecce
3022 4696 3105 4764 qui
3137 4695 3266 4748 tollit
3298 4690 3551 4763 peccatum
3576 4695 3757 4749 mundi

2170 4762 2346 4847 (Joan:
2390 4778 2443 4847 1,.
2474 4764 2592 4847 29)ζ
2622 4764 2687 4847 Et
2715 4764 2877 4847 lsnias
2905 4762 3162 4847 propheta
3189 4762 3315 4819 dicit
3343 4783 3355 4818 :
3385 4766 3529 4847 Sicut
3553 4766 3657 4847 ovis
3686 4764 3758 4817 ad

2165 4834 2529 4887 immolandum
2558 4834 2736 4888 ductus
2764 4845 2836 4888 est
2855 4876 2868 4898 ,
2901 4846 2945 4888 et
2972 4834 3101 4906 sicut
3128 4852 3288 4906 agnus
3317 4852 3486 4890 coram
3512 4836 3755 4906 tondente

2166 4921 2219 4959 se
2244 4946 2258 4969 ,
2290 4906 2365 4977 sic
2392 4920 2493 4958 non
2521 4906 2716 4977 aperuit
2742 4922 2961 4977 ossuum
2988 4905 3139 4977 (Isai.
3162 4921 3259 4977 tm
3284 4949 3299 4971 ,
3333 4908 3406 4973 7).
3433 4906 3501 4960 Et
3520 4905 3758 4960 Joannes

2167 4976 2454 5048 apostolus,
2484 4977 2534 5028 in
2584 4975 2899 5048 Apocalypsi
2939 4975 3068 5031 dieit
3109 4996 3121 5030 :
3160 4975 3275 5030 Vidi
3312 4977 3512 5048 Agnunt
3540 4986 3759 5030 stantem

2167 5047 2311 5116 quasi
2353 5046 2569 5099 occisum
2612 5045 2796 5116 (Apoc.
2842 5063 2909 5112 v,
2955 5048 3032 5117 6).
3064 5048 3157 5102 Dic
3186 5045 3416 5109 mihifsi
3441 5048 3671 5101 valueris
3703 5059 3758 5102 tu

2169 5131 2437 5189 exponere
2457 5157 2471 5180 ,
2515 5132 2679 5185 quare
2719 5118 2787 5189 sit
2812 5116 2999 5172 dictus
3023 5133 3189 5189 agnus
3218 5118 3384 5189 Filius
3421 5119 3512 5173 Dei
3544 5136 3556 5170 :
3586 5133 3759 5189 expc:

2171 5187 2292 5242 nam
2337 5188 2428 5241 tibi
2457 5195 2510 5241 et
2537 5202 2636 5256 ego
2662 5187 2924 5242 columbae
2955 5187 3184 5258 speciem
3216 5188 3448 5258 Spiritus
3475 5190 3665 5244 sancti.
3699 5188 3761 5243 Si

2170 5258 2299 5330 mihi
2331 5259 2558 5322 dixeris,
2593 5258 2969 5330 Agnuerilius
2995 5261 3084 5314 Dei
3116 5271 3329 5330 propter
3360 5261 3714 5315 innocentiam
3740 5277 3756 5314 :

2169 5328 2273 5383 hoc
2316 5339 2369 5382 et
2405 5344 2504 5398 ego
2547 5329 2639 5383 tibi
2681 5329 2748 5385 de
2778 5329 2981 5399 Spiritu
3011 5328 3194 5384 sancto
3216 5328 3448 5384 referam
3470 5371 3486 5397 ,
3517 5330 3639 5385 Ideo
3665 5346 3762 5384 co-

2170 5399 2346 5454 lmnba
2380 5399 2610 5468 Spiritus
2630 5411 2844 5456 sanctus
2870 5411 3085 5469 propter
3110 5402 3484 5456 innocentiam.
3519 5401 3573 5456 Si
3601 5400 3765 5456 Chri-

2170 5481 2284 5526 stus
2328 5487 2494 5541 agnus
2531 5481 2744 5540 propter
2778 5473 3134 5525 innocentiam
3157 5514 3170 5534 ,
3203 5481 3258 5526 et
3286 5472 3514 5541 Spiritus
3541 5483 3763 5527 sanctus

2171 5543 2412 5596 colmnba
2432 5552 2642 5611 propter
2658 5543 3011 5596 innocentiam
3031 5561 3041 5595 :
3059 5545 3313 5595 custodiet
3329 5553 3380 5595 tn
3399 5544 3763 5609 innocentiam,

2178 5623 2223 5667 et
2248 5614 2357 5667 vide
2378 5615 2660 5683 (equitatem
2693 5612 2859 5683 (Psal.
2891 5629 3074 5679 χχχιιι,
3105 5616 3216 5682 '57).
3244 5614 3401 5668 Vides
3428 5615 3762 5682 :eqnitatem,

2173 5685 2218 5741 si
2246 5685 2415 5739 Patris
2441 5694 2494 5739 et
2520 5684 2638 5740 Filii
2667 5693 2723 5738 et
2755 5685 2985 5755 Spiritus
3006 5686 3171 5739 sancti
3197 5685 3445 5754 intelligis
3476 5687 3762 5740 unitatem.

2244 5756 2334 5811 20.
2379 5756 2484 5811 Sed
2528 5755 2701 5811 adhuc
2740 5771 2901 5810 vanas
2946 5765 3063 5810 tuas
3106 5756 3379 5810 machinas
3413 5756 3765 5826 diversasque

2242 5873 2258 5904 ι
2292 5877 2423 5935 uss,
2440 5877 2555 5922 meo
2577 5867 2791 5934 cogitans
2809 5866 2910 5935 ille,
2929 5866 3252 5924 maximusest
3271 5865 3542 5931 prwcipitio
3558 5879 3765 5929 errans,
